  <div class='ocr_page' id='page_1' title='image "/cluster/home/n/w/nwhite01/storage/ocr_20150623/20/hvd.32044096580469/074.png"; bbox 0 0 4200 6180; ppageno 0'>
   <div class='ocr_carea' id='block_1_1' title="bbox 342 258 447 316">
    <p class='ocr_par' dir='ltr' id='par_1_1' title="bbox 342 258 447 316">
     <span class='ocr_line' id='line_1_1' title="bbox 342 258 447 316; baseline -0.01 0"><span class='ocrx_word' id='word_1_1' title='bbox 342 258 447 316; x_wconf 76' lang='lat' dir='ltr'><strong>I57</strong></span> 
     </span>
    </p>
   </div>
   <div class='ocr_carea' id='block_1_2' title="bbox 1562 245 2453 315">
    <p class='ocr_par' dir='ltr' id='par_1_2' title="bbox 1562 245 2453 315">
     <span class='ocr_line' id='line_1_2' title="bbox 1562 245 2453 315; baseline -0.009 -3"><span class='ocrx_word' id='word_1_2' title='bbox 1562 255 1889 315; x_wconf 79' lang='lat' dir='ltr'><strong>HISTORIA</strong></span> <span class='ocrx_word' id='word_1_3' title='bbox 1925 248 2173 311; x_wconf 80' lang='lat' dir='ltr'><strong>SACRA.</strong></span> <span class='ocrx_word' id='word_1_4' title='bbox 2216 245 2345 308; x_wconf 83' lang='lat' dir='ltr'><strong>LIB.</strong></span> <span class='ocrx_word' id='word_1_5' title='bbox 2387 251 2453 308; x_wconf 90' lang='lat' dir='ltr'><strong>ll.</strong></span> 
     </span>
    </p>
   </div>
   <div class='ocr_carea' id='block_1_3' title="bbox 3559 262 3658 322">
    <p class='ocr_par' dir='ltr' id='par_1_3' title="bbox 3559 262 3658 322">
     <span class='ocr_line' id='line_1_3' title="bbox 3559 262 3658 322; baseline 0.03 -3"><span class='ocrx_word' id='word_1_6' title='bbox 3559 262 3658 322; x_wconf 78' lang='lat' dir='ltr'><strong>l38</strong></span> 
     </span>
    </p>
   </div>
   <div class='ocr_carea' id='block_1_4' title="bbox 336 363 3666 443">
    <p class='ocr_par' dir='ltr' id='par_1_4' title="bbox 336 363 3666 443">
     <span class='ocr_line' id='line_1_4' title="bbox 336 363 3666 443; baseline 0.002 -18"><span class='ocrx_word' id='word_1_7' title='bbox 336 369 590 440; x_wconf 99' lang='lat' dir='ltr'><strong>regnavit</strong></span> <span class='ocrx_word' id='word_1_8' title='bbox 622 383 797 428; x_wconf 90' lang='lat' dir='ltr'><strong>annos</strong></span> <span class='ocrx_word' id='word_1_9' title='bbox 824 368 967 427; x_wconf 89' lang='lat' dir='ltr'><strong>duos</strong></span> <span class='ocrx_word' id='word_1_10' title='bbox 993 375 1051 426; x_wconf 92' lang='lat' dir='ltr'><strong>et</strong></span> <span class='ocrx_word' id='word_1_11' title='bbox 1078 368 1398 441; x_wconf 76' lang='lat' dir='ltr'><strong>sexaginta,</strong></span> <span class='ocrx_word' id='word_1_12' title='bbox 1447 368 1737 443; x_wconf 82' lang='lat' dir='ltr'><strong>eidemque</strong></span> <span class='ocrx_word' id='word_1_13' title='bbox 1774 370 1957 427; x_wconf 85' lang='lat' dir='ltr'><strong>Ochus</strong></span> <span class='ocrx_word' id='word_1_14' title='bbox 1984 371 2037 429; x_wconf 82' lang='lat' dir='ltr'><strong>A</strong></span> <span class='ocrx_word' id='word_1_15' title='bbox 2062 365 2129 419; x_wconf 84' lang='lat' dir='ltr'><strong>ad</strong></span> <span class='ocrx_word' id='word_1_16' title='bbox 2179 365 2444 435; x_wconf 81' lang='lat' dir='ltr'><strong>templum</strong></span> <span class='ocrx_word' id='word_1_17' title='bbox 2490 363 2803 437; x_wconf 87' lang='lat' dir='ltr'><strong>frequentes</strong></span> <span class='ocrx_word' id='word_1_18' title='bbox 2851 378 3203 425; x_wconf 85' lang='lat' dir='ltr'><strong>concurrunt.</strong></span> <span class='ocrx_word' id='word_1_19' title='bbox 3260 368 3336 427; x_wconf 90' lang='lat' dir='ltr'><strong>lbi</strong></span> <span class='ocrx_word' id='word_1_20' title='bbox 3389 378 3666 433; x_wconf 88' lang='lat' dir='ltr'><strong>communi</strong></span> 
     </span>
    </p>
   </div>
   <div class='ocr_carea' id='block_1_5' title="bbox 339 462 636 519">
    <p class='ocr_par' dir='ltr' id='par_1_5' title="bbox 339 462 636 519">
     <span class='ocr_line' id='line_1_5' title="bbox 339 462 636 519; baseline 0 -1"><span class='ocrx_word' id='word_1_21' title='bbox 339 462 636 519; x_wconf 82' lang='lat' dir='ltr'><strong>successit.</strong></span> 
     </span>
    </p>
   </div>
   <div class='ocr_carea' id='block_1_6' title="bbox 418 554 1954 614">
    <p class='ocr_par' dir='ltr' id='par_1_6' title="bbox 418 554 1954 614">
     <span class='ocr_line' id='line_1_6' title="bbox 418 554 1954 614; baseline 0.002 -4"><span class='ocrx_word' id='word_1_22' title='bbox 418 554 563 611; x_wconf 79' lang='lat' dir='ltr'><strong>XIV.</strong></span> <span class='ocrx_word' id='word_1_23' title='bbox 607 554 744 612; x_wconf 80' lang='lat' dir='ltr'><strong>Huic</strong></span> <span class='ocrx_word' id='word_1_24' title='bbox 770 571 955 613; x_wconf 88' lang='lat' dir='ltr'><strong>rerum</strong></span> <span class='ocrx_word' id='word_1_25' title='bbox 979 556 1161 614; x_wconf 89' lang='lat' dir='ltr'><strong>ordini</strong></span> <span class='ocrx_word' id='word_1_26' title='bbox 1186 566 1337 614; x_wconf 88' lang='lat' dir='ltr'><strong>recte</strong></span> <span class='ocrx_word' id='word_1_27' title='bbox 1360 556 1547 614; x_wconf 83' lang='lat' dir='ltr'><strong>Judith</strong></span> <span class='ocrx_word' id='word_1_28' title='bbox 1575 568 1733 614; x_wconf 90' lang='lat' dir='ltr'><strong>actus</strong></span> <span class='ocrx_word' id='word_1_29' title='bbox 1758 572 1954 613; x_wconf 82' lang='lat' dir='ltr'><strong>conse-</strong></span> 
     </span>
    </p>
   </div>
   <div class='ocr_carea' id='block_1_7' title="bbox 343 649 1958 723">
    <p class='ocr_par' dir='ltr' id='par_1_7' title="bbox 343 649 1958 723">
     <span class='ocr_line' id='line_1_7' title="bbox 343 649 1958 723; baseline 0.001 -18"><span class='ocrx_word' id='word_1_30' title='bbox 343 662 489 713; x_wconf 86' lang='lat' dir='ltr'><strong>ram,</strong></span> <span class='ocrx_word' id='word_1_31' title='bbox 515 649 746 705; x_wconf 91' lang='lat' dir='ltr'><strong>traditur</strong></span> <span class='ocrx_word' id='word_1_32' title='bbox 768 650 916 705; x_wconf 90' lang='lat' dir='ltr'><strong>enim</strong></span> <span class='ocrx_word' id='word_1_33' title='bbox 942 659 1066 722; x_wconf 90' lang='lat' dir='ltr'><strong>post</strong></span> <span class='ocrx_word' id='word_1_34' title='bbox 1089 651 1457 723; x_wconf 81' lang='lat' dir='ltr'><strong>captivitatem</strong></span> <span class='ocrx_word' id='word_1_35' title='bbox 1487 650 1688 718; x_wconf 86' lang='lat' dir='ltr'><strong>fuisse;</strong></span> <span class='ocrx_word' id='word_1_36' title='bbox 1717 651 1810 706; x_wconf 90' lang='lat' dir='ltr'><strong>sed</strong></span> <span class='ocrx_word' id='word_1_37' title='bbox 1836 651 1958 719; x_wconf 82' lang='lat' dir='ltr'><strong>quis</strong></span> 
     </span>
    </p>
   </div>
   <div class='ocr_carea' id='block_1_8' title="bbox 345 743 1957 815">
    <p class='ocr_par' dir='ltr' id='par_1_8' title="bbox 345 743 1957 815">
     <span class='ocr_line' id='line_1_8' title="bbox 345 743 1957 815; baseline 0 -16"><span class='ocrx_word' id='word_1_38' title='bbox 345 756 416 799; x_wconf 85' lang='lat' dir='ltr'><strong>eo</strong></span> <span class='ocrx_word' id='word_1_39' title='bbox 469 754 717 813; x_wconf 89' lang='lat' dir='ltr'><strong>tempore</strong></span> <span class='ocrx_word' id='word_1_40' title='bbox 755 743 945 800; x_wconf 83' lang='lat' dir='ltr'><strong>Persis</strong></span> <span class='ocrx_word' id='word_1_41' title='bbox 974 746 1309 815; x_wconf 90' lang='lat' dir='ltr'><strong>regnaverit,</strong></span> <span class='ocrx_word' id='word_1_42' title='bbox 1357 744 1591 800; x_wconf 86' lang='lat' dir='ltr'><strong>historia</strong></span> <span class='ocrx_word' id='word_1_43' title='bbox 1634 744 1817 800; x_wconf 88' lang='lat' dir='ltr'><strong>divina</strong></span> <span class='ocrx_word' id='word_1_44' title='bbox 1850 759 1957 799; x_wconf 92' lang='lat' dir='ltr'><strong>non</strong></span> 
     </span>
    </p>
   </div>
   <div class='ocr_carea' id='block_1_9' title="bbox 348 836 1958 910">
    <p class='ocr_par' dir='ltr' id='par_1_9' title="bbox 348 836 1958 910">
     <span class='ocr_line' id='line_1_9' title="bbox 348 836 1958 910; baseline 0 -18"><span class='ocrx_word' id='word_1_45' title='bbox 348 836 526 892; x_wconf 84' lang='lat' dir='ltr'><strong>edidit</strong></span> <span class='ocrx_word' id='word_1_46' title='bbox 554 854 568 890; x_wconf 87' lang='lat'><strong>:</strong></span> <span class='ocrx_word' id='word_1_47' title='bbox 604 851 785 908; x_wconf 88' lang='lat' dir='ltr'><strong>regem</strong></span> <span class='ocrx_word' id='word_1_48' title='bbox 815 845 999 893; x_wconf 88' lang='lat' dir='ltr'><strong>tamen</strong></span> <span class='ocrx_word' id='word_1_49' title='bbox 1030 837 1133 893; x_wconf 88' lang='lat' dir='ltr'><strong>sub</strong></span> <span class='ocrx_word' id='word_1_50' title='bbox 1161 854 1271 910; x_wconf 88' lang='lat' dir='ltr'><strong>quo</strong></span> <span class='ocrx_word' id='word_1_51' title='bbox 1297 838 1390 893; x_wconf 90' lang='lat' dir='ltr'><strong>illa</strong></span> <span class='ocrx_word' id='word_1_52' title='bbox 1416 848 1565 909; x_wconf 88' lang='lat' dir='ltr'><strong>gesta</strong></span> <span class='ocrx_word' id='word_1_53' title='bbox 1604 838 1711 893; x_wconf 92' lang='lat' dir='ltr'><strong>sint</strong></span> <span class='ocrx_word' id='word_1_54' title='bbox 1731 880 1746 904; x_wconf 95' lang='lat'><strong>,</strong></span> <span class='ocrx_word' id='word_1_55' title='bbox 1773 837 1958 892; x_wconf 78' lang='lat' dir='ltr'><strong>Nabu-</strong></span> 
     </span>
    </p>
   </div>
   <div class='ocr_carea' id='block_1_10' title="bbox 350 928 1959 1004">
    <p class='ocr_par' dir='ltr' id='par_1_10' title="bbox 350 928 1959 1004">
     <span class='ocr_line' id='line_1_10' title="bbox 350 928 1959 1004; baseline 0 -19"><span class='ocrx_word' id='word_1_56' title='bbox 350 928 699 986; x_wconf 87' lang='lat' dir='ltr'><strong>chodonosor</strong></span> <span class='ocrx_word' id='word_1_57' title='bbox 728 942 1026 1002; x_wconf 90' lang='lat' dir='ltr'><strong>nuncupat,</strong></span> <span class='ocrx_word' id='word_1_58' title='bbox 1056 947 1163 988; x_wconf 92' lang='lat' dir='ltr'><strong>non</strong></span> <span class='ocrx_word' id='word_1_59' title='bbox 1194 933 1382 1004; x_wconf 88' lang='lat' dir='ltr'><strong>utique</strong></span> <span class='ocrx_word' id='word_1_60' title='bbox 1408 948 1533 989; x_wconf 91' lang='lat' dir='ltr'><strong>eum</strong></span> <span class='ocrx_word' id='word_1_61' title='bbox 1557 934 1648 1004; x_wconf 87' lang='lat' dir='ltr'><strong>qui</strong></span> <span class='ocrx_word' id='word_1_62' title='bbox 1676 931 1959 1002; x_wconf 81' lang='lat' dir='ltr'><strong>Jerosoly-</strong></span> 
     </span>
    </p>
   </div>
   <div class='ocr_carea' id='block_1_11' title="bbox 350 1022 1963 1094">
    <p class='ocr_par' dir='ltr' id='par_1_11' title="bbox 350 1022 1963 1094">
     <span class='ocr_line' id='line_1_11' title="bbox 350 1022 1963 1094; baseline 0.002 -18"><span class='ocrx_word' id='word_1_63' title='bbox 350 1036 493 1076; x_wconf 87' lang='lat' dir='ltr'><strong>mam</strong></span> <span class='ocrx_word' id='word_1_64' title='bbox 524 1023 761 1092; x_wconf 84' lang='lat' dir='ltr'><strong>ceperit,</strong></span> <span class='ocrx_word' id='word_1_65' title='bbox 792 1022 891 1079; x_wconf 91' lang='lat' dir='ltr'><strong>sed</strong></span> <span class='ocrx_word' id='word_1_66' title='bbox 921 1022 1130 1079; x_wconf 89' lang='lat' dir='ltr'><strong>nullum</strong></span> <span class='ocrx_word' id='word_1_67' title='bbox 1158 1023 1262 1079; x_wconf 90' lang='lat' dir='ltr'><strong>hoc</strong></span> <span class='ocrx_word' id='word_1_68' title='bbox 1289 1026 1511 1081; x_wconf 91' lang='lat' dir='ltr'><strong>nomine</strong></span> <span class='ocrx_word' id='word_1_69' title='bbox 1535 1035 1656 1094; x_wconf 92' lang='lat' dir='ltr'><strong>post</strong></span> <span class='ocrx_word' id='word_1_70' title='bbox 1677 1023 1963 1094; x_wconf 87' lang='lat' dir='ltr'><strong>captivita-</strong></span> 
     </span>
    </p>
   </div>
   <div class='ocr_carea' id='block_1_12' title="bbox 350 1113 1965 1188">
    <p class='ocr_par' dir='ltr' id='par_1_12' title="bbox 350 1113 1965 1188">
     <span class='ocr_line' id='line_1_12' title="bbox 350 1113 1965 1188; baseline -0.001 -17"><span class='ocrx_word' id='word_1_71' title='bbox 350 1124 457 1171; x_wconf 87' lang='lat' dir='ltr'><strong>tem</strong></span> <span class='ocrx_word' id='word_1_72' title='bbox 488 1114 633 1185; x_wconf 90' lang='lat' dir='ltr'><strong>apud</strong></span> <span class='ocrx_word' id='word_1_73' title='bbox 665 1113 862 1171; x_wconf 66' lang='lat' dir='ltr'><strong>PeI&#39;Sas</strong></span> <span class='ocrx_word' id='word_1_74' title='bbox 891 1131 1154 1187; x_wconf 87' lang='lat' dir='ltr'><strong>regnasse</strong></span> <span class='ocrx_word' id='word_1_75' title='bbox 1184 1118 1422 1188; x_wconf 89' lang='lat' dir='ltr'><strong>reperio,</strong></span> <span class='ocrx_word' id='word_1_76' title='bbox 1456 1116 1563 1172; x_wconf 90' lang='lat' dir='ltr'><strong>nisi</strong></span> <span class='ocrx_word' id='word_1_77' title='bbox 1604 1116 1650 1171; x_wconf 92' lang='lat' dir='ltr'><strong>si</strong></span> <span class='ocrx_word' id='word_1_78' title='bbox 1691 1117 1761 1172; x_wconf 93' lang='lat' dir='ltr'><strong>ob</strong></span> <span class='ocrx_word' id='word_1_79' title='bbox 1791 1117 1965 1186; x_wconf 66' lang='lat' dir='ltr'><strong>impa»</strong></span> 
     </span>
    </p>
   </div>
   <div class='ocr_carea' id='block_1_13' title="bbox 352 1206 1961 1280">
    <p class='ocr_par' dir='ltr' id='par_1_13' title="bbox 352 1206 1961 1280">
     <span class='ocr_line' id='line_1_13' title="bbox 352 1206 1961 1280; baseline -0.001 -17"><span class='ocrx_word' id='word_1_80' title='bbox 352 1206 597 1263; x_wconf 87' lang='lat' dir='ltr'><strong>tientiam</strong></span> <span class='ocrx_word' id='word_1_81' title='bbox 649 1216 707 1263; x_wconf 90' lang='lat' dir='ltr'><strong>et</strong></span> <span class='ocrx_word' id='word_1_82' title='bbox 752 1207 955 1279; x_wconf 91' lang='lat' dir='ltr'><strong>pariles</strong></span> <span class='ocrx_word' id='word_1_83' title='bbox 998 1216 1258 1276; x_wconf 86' lang='lat' dir='ltr'><strong>conatus,</strong></span> <span class='ocrx_word' id='word_1_84' title='bbox 1310 1210 1639 1280; x_wconf 90' lang='lat' dir='ltr'><strong>quicumque</strong></span> <span class='ocrx_word' id='word_1_85' title='bbox 1690 1209 1780 1264; x_wconf 92' lang='lat' dir='ltr'><strong>ille</strong></span> <span class='ocrx_word' id='word_1_86' title='bbox 1833 1224 1961 1273; x_wconf 86' lang='lat' dir='ltr'><strong>rex,</strong></span> 
     </span>
    </p>
   </div>
   <div class='ocr_carea' id='block_1_14' title="bbox 353 1298 1965 1371">
    <p class='ocr_par' dir='ltr' id='par_1_14' title="bbox 353 1298 1965 1371">
     <span class='ocr_line' id='line_1_14' title="bbox 353 1298 1965 1371; baseline 0.001 -17"><span class='ocrx_word' id='word_1_87' title='bbox 353 1298 863 1355; x_wconf 80' lang='lat' dir='ltr'><strong>Nabuchodonosor</strong></span> <span class='ocrx_word' id='word_1_88' title='bbox 913 1316 943 1355; x_wconf 90' lang='lat' dir='ltr'><strong>a</strong></span> <span class='ocrx_word' id='word_1_89' title='bbox 990 1300 1195 1356; x_wconf 68' lang='lat' dir='ltr'><strong>Judzeis</strong></span> <span class='ocrx_word' id='word_1_90' title='bbox 1241 1301 1510 1357; x_wconf 79' lang='lat' dir='ltr'><strong>Vocitatus</strong></span> <span class='ocrx_word' id='word_1_91' title='bbox 1557 1310 1663 1357; x_wconf 90' lang='lat' dir='ltr'><strong>est.</strong></span> <span class='ocrx_word' id='word_1_92' title='bbox 1712 1300 1965 1371; x_wconf 80' lang='lat' dir='ltr'><strong>Plerique</strong></span> 
     </span>
    </p>
   </div>
   <div class='ocr_carea' id='block_1_15' title="bbox 356 1391 1965 1465">
    <p class='ocr_par' dir='ltr' id='par_1_15' title="bbox 356 1391 1965 1465">
     <span class='ocr_line' id='line_1_15' title="bbox 356 1391 1965 1465; baseline -0.001 -16"><span class='ocrx_word' id='word_1_93' title='bbox 356 1402 538 1449; x_wconf 89' lang='lat' dir='ltr'><strong>tamen</strong></span> <span class='ocrx_word' id='word_1_94' title='bbox 567 1392 896 1464; x_wconf 83' lang='lat' dir='ltr'><strong>Cambysem</strong></span> <span class='ocrx_word' id='word_1_95' title='bbox 919 1392 1046 1465; x_wconf 86' lang='lat' dir='ltr'><strong>Cyri</strong></span> <span class='ocrx_word' id='word_1_96' title='bbox 1081 1394 1222 1465; x_wconf 88' lang='lat' dir='ltr'><strong>regis</strong></span> <span class='ocrx_word' id='word_1_97' title='bbox 1248 1394 1414 1448; x_wconf 90' lang='lat' dir='ltr'><strong>lilium</strong></span> <span class='ocrx_word' id='word_1_98' title='bbox 1440 1404 1631 1464; x_wconf 89' lang='lat' dir='ltr'><strong>putant</strong></span> <span class='ocrx_word' id='word_1_99' title='bbox 1651 1407 1797 1459; x_wconf 91' lang='lat' dir='ltr'><strong>esse,</strong></span> <span class='ocrx_word' id='word_1_100' title='bbox 1820 1391 1965 1463; x_wconf 91' lang='lat' dir='ltr'><strong>quod</strong></span> 
     </span>
    </p>
   </div>
   <div class='ocr_carea' id='block_1_16' title="bbox 355 1485 1966 1559">
    <p class='ocr_par' dir='ltr' id='par_1_16' title="bbox 355 1485 1966 1559">
     <span class='ocr_line' id='line_1_16' title="bbox 355 1485 1966 1559; baseline -0.001 -16"><span class='ocrx_word' id='word_1_101' title='bbox 355 1488 531 1544; x_wconf 87' lang='lat' dir='ltr'><strong>victor</strong></span> <span class='ocrx_word' id='word_1_102' title='bbox 562 1486 858 1559; x_wconf 66' lang='lat' dir='ltr'><strong>Egyptum</strong></span> <span class='ocrx_word' id='word_1_103' title='bbox 892 1497 1053 1557; x_wconf 90' lang='lat' dir='ltr'><strong>atque</strong></span> <span class='ocrx_word' id='word_1_104' title='bbox 1073 1486 1413 1558; x_wconf 61' lang='lat' dir='ltr'><strong>Ethiopian)</strong></span> <span class='ocrx_word' id='word_1_105' title='bbox 1436 1488 1843 1559; x_wconf 88' lang='lat' dir='ltr'><strong>penetraverit;</strong></span> <span class='ocrx_word' id='word_1_106' title='bbox 1871 1485 1966 1541; x_wconf 88' lang='lat' dir='ltr'><strong>sed</strong></span> 
     </span>
    </p>
   </div>
   <div class='ocr_carea' id='block_1_17' title="bbox 360 1581 1966 1653">
    <p class='ocr_par' dir='ltr' id='par_1_17' title="bbox 360 1581 1966 1653">
     <span class='ocr_line' id='line_1_17' title="bbox 360 1581 1966 1653; baseline -0.002 -15"><span class='ocrx_word' id='word_1_107' title='bbox 360 1584 488 1639; x_wconf 85' lang='lat' dir='ltr'><strong>huic</strong></span> <span class='ocrx_word' id='word_1_108' title='bbox 516 1582 766 1653; x_wconf 91' lang='lat' dir='ltr'><strong>opinioni</strong></span> <span class='ocrx_word' id='word_1_109' title='bbox 791 1583 989 1639; x_wconf 87' lang='lat' dir='ltr'><strong>eadem</strong></span> <span class='ocrx_word' id='word_1_110' title='bbox 1019 1598 1175 1638; x_wconf 90' lang='lat' dir='ltr'><strong>sacra</strong></span> <span class='ocrx_word' id='word_1_111' title='bbox 1212 1581 1445 1639; x_wconf 81' lang='lat' dir='ltr'><strong>historia</strong></span> <span class='ocrx_word' id='word_1_112' title='bbox 1485 1590 1756 1653; x_wconf 88' lang='lat' dir='ltr'><strong>repugnat</strong></span> <span class='ocrx_word' id='word_1_113' title='bbox 1789 1598 1801 1634; x_wconf 89' lang='lat'><strong>:</strong></span> <span class='ocrx_word' id='word_1_114' title='bbox 1843 1596 1966 1635; x_wconf 90' lang='lat' dir='ltr'><strong>nam</strong></span> 
     </span>
    </p>
   </div>
   <div class='ocr_carea' id='block_1_18' title="bbox 358 1673 1965 1747">
    <p class='ocr_par' dir='ltr' id='par_1_18' title="bbox 358 1673 1965 1747">
     <span class='ocr_line' id='line_1_18' title="bbox 358 1673 1965 1747; baseline -0.004 -15"><span class='ocrx_word' id='word_1_115' title='bbox 358 1674 686 1732; x_wconf 89' lang='lat' dir='ltr'><strong>duodecimo</strong></span> <span class='ocrx_word' id='word_1_116' title='bbox 726 1675 870 1747; x_wconf 89' lang='lat' dir='ltr'><strong>regis</strong></span> <span class='ocrx_word' id='word_1_117' title='bbox 902 1674 1048 1730; x_wconf 91' lang='lat' dir='ltr'><strong>illius</strong></span> <span class='ocrx_word' id='word_1_118' title='bbox 1078 1690 1223 1730; x_wconf 92' lang='lat' dir='ltr'><strong>anno</strong></span> <span class='ocrx_word' id='word_1_119' title='bbox 1249 1673 1433 1731; x_wconf 87' lang='lat' dir='ltr'><strong>Judith</strong></span> <span class='ocrx_word' id='word_1_120' title='bbox 1468 1673 1641 1730; x_wconf 89' lang='lat' dir='ltr'><strong>fuisse</strong></span> <span class='ocrx_word' id='word_1_121' title='bbox 1676 1674 1923 1745; x_wconf 81' lang='lat' dir='ltr'><strong>signatur</strong></span> <span class='ocrx_word' id='word_1_122' title='bbox 1952 1690 1965 1725; x_wconf 89' lang='lat'>:</span> 
     </span>
    </p>
   </div>
   <div class='ocr_carea' id='block_1_19' title="bbox 2058 458 3665 532">
    <p class='ocr_par' dir='ltr' id='par_1_19' title="bbox 2058 458 3665 532">
     <span class='ocr_line' id='line_1_19' title="bbox 2058 458 3665 532; baseline 0.004 -17"><span class='ocrx_word' id='word_1_123' title='bbox 2058 460 2262 532; x_wconf 86' lang='lat' dir='ltr'><strong>gemitu</strong></span> <span class='ocrx_word' id='word_1_124' title='bbox 2307 460 2691 530; x_wconf 88' lang='lat' dir='ltr'><strong>permixtoque</strong></span> <span class='ocrx_word' id='word_1_125' title='bbox 2736 458 2943 515; x_wconf 85' lang='lat' dir='ltr'><strong>ululatu</strong></span> <span class='ocrx_word' id='word_1_126' title='bbox 2975 460 3225 517; x_wconf 88' lang='lat' dir='ltr'><strong>divinum</strong></span> <span class='ocrx_word' id='word_1_127' title='bbox 3264 465 3523 521; x_wconf 84' lang='lat' dir='ltr'><strong>auxilium</strong></span> <span class='ocrx_word' id='word_1_128' title='bbox 3564 469 3665 522; x_wconf 90' lang='lat' dir='ltr'><strong>im-</strong></span> 
     </span>
    </p>
   </div>
   <div class='ocr_carea' id='block_1_20' title="bbox 2060 550 3663 625">
    <p class='ocr_par' dir='ltr' id='par_1_20' title="bbox 2060 550 3663 625">
     <span class='ocr_line' id='line_1_20' title="bbox 2060 550 3663 625; baseline 0.005 -20"><span class='ocrx_word' id='word_1_129' title='bbox 2060 550 2320 623; x_wconf 73' lang='lat' dir='ltr'><strong>plerant:</strong></span> <span class='ocrx_word' id='word_1_130' title='bbox 2370 551 2516 607; x_wconf 88' lang='lat' dir='ltr'><strong>Satis</strong></span> <span class='ocrx_word' id='word_1_131' title='bbox 2556 566 2616 607; x_wconf 91' lang='lat' dir='ltr'><strong>se</strong></span> <span class='ocrx_word' id='word_1_132' title='bbox 2655 550 2886 607; x_wconf 91' lang='lat' dir='ltr'><strong>Domino</strong></span> <span class='ocrx_word' id='word_1_133' title='bbox 2924 551 2996 608; x_wconf 94' lang='lat' dir='ltr'><strong>ob</strong></span> <span class='ocrx_word' id='word_1_134' title='bbox 3038 562 3261 625; x_wconf 86' lang='lat' dir='ltr'><strong>peccata</strong></span> <span class='ocrx_word' id='word_1_135' title='bbox 3304 556 3386 612; x_wconf 80' lang='lat' dir='ltr'><strong>vel</strong></span> <span class='ocrx_word' id='word_1_136' title='bbox 3435 556 3663 613; x_wconf 88' lang='lat' dir='ltr'><strong>crimina</strong></span> 
     </span>
    </p>
   </div>
   <div class='ocr_carea' id='block_1_21' title="bbox 2059 646 3666 724">
    <p class='ocr_par' dir='ltr' id='par_1_21' title="bbox 2059 646 3666 724">
     <span class='ocr_line' id='line_1_21' title="bbox 2059 646 3666 724; baseline 0.004 -21"><span class='ocrx_word' id='word_1_137' title='bbox 2059 646 2278 703; x_wconf 89' lang='lat' dir='ltr'><strong>dedisse</strong></span> <span class='ocrx_word' id='word_1_138' title='bbox 2313 662 2596 717; x_wconf 61' lang='lat' dir='ltr'><strong>poenarum</strong></span> <span class='ocrx_word' id='word_1_139' title='bbox 2634 665 2648 701; x_wconf 90' lang='lat'><strong>:</strong></span> <span class='ocrx_word' id='word_1_140' title='bbox 2682 647 2931 718; x_wconf 84' lang='lat' dir='ltr'><strong>reliquiis</strong></span> <span class='ocrx_word' id='word_1_141' title='bbox 2976 651 3175 705; x_wconf 85' lang='lat' dir='ltr'><strong>saltem</strong></span> <span class='ocrx_word' id='word_1_142' title='bbox 3218 652 3443 707; x_wconf 90' lang='lat' dir='ltr'><strong>servitio</strong></span> <span class='ocrx_word' id='word_1_143' title='bbox 3489 668 3666 724; x_wconf 88' lang='lat' dir='ltr'><strong>nuper</strong></span> 
     </span>
    </p>
   </div>
   <div class='ocr_carea' id='block_1_22' title="bbox 2060 738 3665 809">
    <p class='ocr_par' dir='ltr' id='par_1_22' title="bbox 2060 738 3665 809">
     <span class='ocr_line' id='line_1_22' title="bbox 2060 738 3665 809; baseline 0.003 -14"><span class='ocrx_word' id='word_1_144' title='bbox 2060 738 2340 807; x_wconf 80' lang='lat' dir='ltr'><strong>exemptis</strong></span> <span class='ocrx_word' id='word_1_145' title='bbox 2382 747 2652 809; x_wconf 88' lang='lat' dir='ltr'><strong>parceret.</strong></span> <span class='ocrx_word' id='word_1_146' title='bbox 2701 739 2918 795; x_wconf 84' lang='lat' dir='ltr'><strong>Interea</strong></span> <span class='ocrx_word' id='word_1_147' title='bbox 2958 739 3288 798; x_wconf 83' lang='lat' dir='ltr'><strong>Holofernes</strong></span> <span class='ocrx_word' id='word_1_148' title='bbox 3330 742 3582 800; x_wconf 82' lang='lat' dir='ltr'><strong>Moabilis</strong></span> <span class='ocrx_word' id='word_1_149' title='bbox 3611 745 3665 801; x_wconf 91' lang='lat' dir='ltr'><strong>in</strong></span> 
     </span>
    </p>
   </div>
   <div class='ocr_carea' id='block_1_23' title="bbox 2061 833 3668 905">
    <p class='ocr_par' dir='ltr' id='par_1_23' title="bbox 2061 833 3668 905">
     <span class='ocr_line' id='line_1_23' title="bbox 2061 833 3668 905; baseline 0.003 -16"><span class='ocrx_word' id='word_1_150' title='bbox 2061 833 2398 889; x_wconf 84' lang='lat' dir='ltr'><strong>deditionem</strong></span> <span class='ocrx_word' id='word_1_151' title='bbox 2426 834 2663 902; x_wconf 89' lang='lat' dir='ltr'><strong>acceptis</strong></span> <span class='ocrx_word' id='word_1_152' title='bbox 2686 875 2703 901; x_wconf 94' lang='lat'><strong>,</strong></span> <span class='ocrx_word' id='word_1_153' title='bbox 2734 846 2897 905; x_wconf 88' lang='lat' dir='ltr'><strong>atque</strong></span> <span class='ocrx_word' id='word_1_154' title='bbox 2928 834 3217 891; x_wconf 89' lang='lat' dir='ltr'><strong>adversum</strong></span> <span class='ocrx_word' id='word_1_155' title='bbox 3248 836 3467 894; x_wconf 68' lang='lat' dir='ltr'><strong>Iudaeos</strong></span> <span class='ocrx_word' id='word_1_156' title='bbox 3496 839 3547 893; x_wconf 89' lang='lat' dir='ltr'><strong>in</strong></span> <span class='ocrx_word' id='word_1_157' title='bbox 3579 855 3668 894; x_wconf 89' lang='lat' dir='ltr'><strong>so-</strong></span> 
     </span>
    </p>
   </div>
   <div class='ocr_carea' id='block_1_24' title="bbox 2062 924 3670 1002">
    <p class='ocr_par' dir='ltr' id='par_1_24' title="bbox 2062 924 3670 1002">
     <span class='ocr_line' id='line_1_24' title="bbox 2062 924 3670 1002; baseline 0.005 -22"><span class='ocrx_word' id='word_1_158' title='bbox 2062 925 2313 980; x_wconf 89' lang='lat' dir='ltr'><strong>cietatem</strong></span> <span class='ocrx_word' id='word_1_159' title='bbox 2344 924 2473 979; x_wconf 89' lang='lat' dir='ltr'><strong>belli</strong></span> <span class='ocrx_word' id='word_1_160' title='bbox 2498 926 2827 995; x_wconf 88' lang='lat' dir='ltr'><strong>assumptis;</strong></span> <span class='ocrx_word' id='word_1_161' title='bbox 2859 941 2983 982; x_wconf 91' lang='lat' dir='ltr'><strong>cum</strong></span> <span class='ocrx_word' id='word_1_162' title='bbox 3011 927 3079 981; x_wconf 86' lang='lat' dir='ltr'><strong>ab</strong></span> <span class='ocrx_word' id='word_1_163' title='bbox 3108 943 3298 984; x_wconf 90' lang='lat' dir='ltr'><strong>eorum</strong></span> <span class='ocrx_word' id='word_1_164' title='bbox 3329 930 3670 1002; x_wconf 79' lang='lat' dir='ltr'><strong>principibus</strong></span> 
     </span>
    </p>
   </div>
   <div class='ocr_carea' id='block_1_25' title="bbox 2064 1020 3672 1091">
    <p class='ocr_par' dir='ltr' id='par_1_25' title="bbox 2064 1020 3672 1091">
     <span class='ocr_line' id='line_1_25' title="bbox 2064 1020 3672 1091; baseline 0.004 -16"><span class='ocrx_word' id='word_1_165' title='bbox 2064 1020 2386 1091; x_wconf 86' lang='lat' dir='ltr'><strong>inquireret,</strong></span> <span class='ocrx_word' id='word_1_166' title='bbox 2414 1020 2743 1091; x_wconf 87' lang='lat' dir='ltr'><strong>quibusnam</strong></span> <span class='ocrx_word' id='word_1_167' title='bbox 2768 1021 2976 1077; x_wconf 90' lang='lat' dir='ltr'><strong>viribus</strong></span> <span class='ocrx_word' id='word_1_168' title='bbox 3006 1022 3129 1078; x_wconf 88' lang='lat' dir='ltr'><strong>freti</strong></span> <span class='ocrx_word' id='word_1_169' title='bbox 3159 1023 3374 1080; x_wconf 56' lang='lat' dir='ltr'><strong>Hebraei</strong></span> <span class='ocrx_word' id='word_1_170' title='bbox 3404 1023 3672 1082; x_wconf 86' lang='lat' dir='ltr'><strong>deditioni</strong></span> 
     </span>
    </p>
   </div>
   <div class='ocr_carea' id='block_1_26' title="bbox 2064 1113 3664 1190">
    <p class='ocr_par' dir='ltr' id='par_1_26' title="bbox 2064 1113 3664 1190">
     <span class='ocr_line' id='line_1_26' title="bbox 2064 1113 3664 1190; baseline 0.004 -23"><span class='ocrx_word' id='word_1_171' title='bbox 2064 1114 2277 1168; x_wconf 87' lang='lat' dir='ltr'><strong>animos</strong></span> <span class='ocrx_word' id='word_1_172' title='bbox 2324 1130 2429 1169; x_wconf 92' lang='lat' dir='ltr'><strong>non</strong></span> <span class='ocrx_word' id='word_1_173' title='bbox 2480 1113 2804 1179; x_wconf 79' lang='lat' dir='ltr'><strong>dedissent;</strong></span> <span class='ocrx_word' id='word_1_174' title='bbox 2859 1113 3064 1169; x_wconf 86' lang='lat' dir='ltr'><strong>Achior</strong></span> <span class='ocrx_word' id='word_1_175' title='bbox 3110 1118 3328 1185; x_wconf 88' lang='lat' dir='ltr'><strong>quidam</strong></span> <span class='ocrx_word' id='word_1_176' title='bbox 3370 1128 3664 1190; x_wconf 86' lang='lat' dir='ltr'><strong>comperta</strong></span> 
     </span>
    </p>
   </div>
   <div class='ocr_carea' id='block_1_27' title="bbox 2066 1209 3671 1280">
    <p class='ocr_par' dir='ltr' id='par_1_27' title="bbox 2066 1209 3671 1280">
     <span class='ocr_line' id='line_1_27' title="bbox 2066 1209 3671 1280; baseline 0.002 -15"><span class='ocrx_word' id='word_1_177' title='bbox 2066 1209 2322 1265; x_wconf 78' lang='lat' dir='ltr'><strong>edisserit</strong></span> <span class='ocrx_word' id='word_1_178' title='bbox 2355 1226 2369 1265; x_wconf 90' lang='lat'>:</span> <span class='ocrx_word' id='word_1_179' title='bbox 2399 1209 2615 1265; x_wconf 71' lang='lat' dir='ltr'><strong>Judmos</strong></span> <span class='ocrx_word' id='word_1_180' title='bbox 2648 1209 2745 1265; x_wconf 86' lang='lat' dir='ltr'><strong>Dei</strong></span> <span class='ocrx_word' id='word_1_181' title='bbox 2776 1209 3019 1265; x_wconf 88' lang='lat' dir='ltr'><strong>cultores</strong></span> <span class='ocrx_word' id='word_1_182' title='bbox 3041 1252 3055 1277; x_wconf 92' lang='lat'><strong>,</strong></span> <span class='ocrx_word' id='word_1_183' title='bbox 3102 1213 3189 1280; x_wconf 90' lang='lat' dir='ltr'><strong>pio</strong></span> <span class='ocrx_word' id='word_1_184' title='bbox 3218 1227 3247 1265; x_wconf 92' lang='lat' dir='ltr'><strong>a</strong></span> <span class='ocrx_word' id='word_1_185' title='bbox 3280 1211 3536 1269; x_wconf 86' lang='lat' dir='ltr'><strong>Patribus</strong></span> <span class='ocrx_word' id='word_1_186' title='bbox 3566 1214 3671 1269; x_wconf 89' lang='lat' dir='ltr'><strong>ritu</strong></span> 
     </span>
    </p>
   </div>
   <div class='ocr_carea' id='block_1_28' title="bbox 2068 1301 3668 1373">
    <p class='ocr_par' dir='ltr' id='par_1_28' title="bbox 2068 1301 3668 1373">
     <span class='ocr_line' id='line_1_28' title="bbox 2068 1301 3668 1373; baseline 0 -17"><span class='ocrx_word' id='word_1_187' title='bbox 2068 1302 2347 1357; x_wconf 78' lang='lat' dir='ltr'><strong>inStitntos</strong></span> <span class='ocrx_word' id='word_1_188' title='bbox 2394 1320 2406 1354; x_wconf 90' lang='lat'>:</span> <span class='ocrx_word' id='word_1_189' title='bbox 2454 1303 2582 1356; x_wconf 92' lang='lat' dir='ltr'><strong>olim</strong></span> <span class='ocrx_word' id='word_1_190' title='bbox 2620 1302 2673 1356; x_wconf 88' lang='lat' dir='ltr'><strong>itt</strong></span> <span class='ocrx_word' id='word_1_191' title='bbox 2709 1301 2947 1373; x_wconf 60' lang='lat' dir='ltr'><strong>:Egypto</strong></span> <span class='ocrx_word' id='word_1_192' title='bbox 2978 1302 3305 1373; x_wconf 89' lang='lat' dir='ltr'><strong>pependisse</strong></span> <span class='ocrx_word' id='word_1_193' title='bbox 3336 1306 3622 1360; x_wconf 84' lang='lat' dir='ltr'><strong>servitium</strong></span> <span class='ocrx_word' id='word_1_194' title='bbox 3657 1322 3668 1356; x_wconf 93' lang='lat'>:</span> 
     </span>
    </p>
   </div>
   <div class='ocr_carea' id='block_1_29' title="bbox 2068 1394 3676 1468">
    <p class='ocr_par' dir='ltr' id='par_1_29' title="bbox 2068 1394 3676 1468">
     <span class='ocr_line' id='line_1_29' title="bbox 2068 1394 3676 1468; baseline 0.003 -20"><span class='ocrx_word' id='word_1_195' title='bbox 2068 1395 2197 1450; x_wconf 89' lang='lat' dir='ltr'><strong>inde</strong></span> <span class='ocrx_word' id='word_1_196' title='bbox 2220 1394 2404 1450; x_wconf 88' lang='lat' dir='ltr'><strong>divino</strong></span> <span class='ocrx_word' id='word_1_197' title='bbox 2435 1410 2659 1451; x_wconf 90' lang='lat' dir='ltr'><strong>munere</strong></span> <span class='ocrx_word' id='word_1_198' title='bbox 2687 1395 2938 1460; x_wconf 84' lang='lat' dir='ltr'><strong>eductos,</strong></span> <span class='ocrx_word' id='word_1_199' title='bbox 2968 1412 3033 1451; x_wconf 88' lang='lat' dir='ltr'><strong>ac</strong></span> <span class='ocrx_word' id='word_1_200' title='bbox 3055 1399 3314 1452; x_wconf 85' lang='lat' dir='ltr'><strong>siccatum</strong></span> <span class='ocrx_word' id='word_1_201' title='bbox 3348 1413 3498 1454; x_wconf 90' lang='lat' dir='ltr'><strong>mare</strong></span> <span class='ocrx_word' id='word_1_202' title='bbox 3527 1399 3676 1468; x_wconf 89' lang='lat' dir='ltr'><strong>pedi-</strong></span> 
     </span>
    </p>
   </div>
   <div class='ocr_carea' id='block_1_30' title="bbox 2070 1488 3674 1558">
    <p class='ocr_par' dir='ltr' id='par_1_30' title="bbox 2070 1488 3674 1558">
     <span class='ocr_line' id='line_1_30' title="bbox 2070 1488 3674 1558; baseline 0.001 -15"><span class='ocrx_word' id='word_1_203' title='bbox 2070 1489 2170 1543; x_wconf 90' lang='lat' dir='ltr'><strong>bus</strong></span> <span class='ocrx_word' id='word_1_204' title='bbox 2200 1504 2455 1545; x_wconf 89' lang='lat' dir='ltr'><strong>emensos</strong></span> <span class='ocrx_word' id='word_1_205' title='bbox 2490 1506 2502 1541; x_wconf 93' lang='lat'>:</span> <span class='ocrx_word' id='word_1_206' title='bbox 2540 1496 2815 1557; x_wconf 84' lang='lat' dir='ltr'><strong>postremo</strong></span> <span class='ocrx_word' id='word_1_207' title='bbox 2843 1488 3099 1543; x_wconf 91' lang='lat' dir='ltr'><strong>omnibus</strong></span> <span class='ocrx_word' id='word_1_208' title='bbox 3129 1488 3385 1558; x_wconf 84' lang='lat' dir='ltr'><strong>gentibus</strong></span> <span class='ocrx_word' id='word_1_209' title='bbox 3412 1489 3674 1553; x_wconf 86' lang='lat' dir='ltr'><strong>devictis.</strong></span> 
     </span>
    </p>
   </div>
   <div class='ocr_carea' id='block_1_31' title="bbox 2070 1581 3678 1653">
    <p class='ocr_par' dir='ltr' id='par_1_31' title="bbox 2070 1581 3678 1653">
     <span class='ocr_line' id='line_1_31' title="bbox 2070 1581 3678 1653; baseline 0 -15"><span class='ocrx_word' id='word_1_210' title='bbox 2070 1583 2346 1638; x_wconf 87' lang='lat' dir='ltr'><strong>habitatas</strong></span> <span class='ocrx_word' id='word_1_211' title='bbox 2372 1582 2671 1653; x_wconf 88' lang='lat' dir='ltr'><strong>majoribus</strong></span> <span class='ocrx_word' id='word_1_212' title='bbox 2702 1591 2876 1637; x_wconf 85' lang='lat' dir='ltr'><strong>terras</strong></span> <span class='ocrx_word' id='word_1_213' title='bbox 2903 1581 3181 1652; x_wconf 89' lang='lat' dir='ltr'><strong>recepisse</strong></span> <span class='ocrx_word' id='word_1_214' title='bbox 3213 1600 3225 1635; x_wconf 94' lang='lat'>:</span> <span class='ocrx_word' id='word_1_215' title='bbox 3255 1584 3378 1637; x_wconf 82' lang='lat' dir='ltr'><strong>exin</strong></span> <span class='ocrx_word' id='word_1_216' title='bbox 3406 1584 3560 1638; x_wconf 90' lang='lat' dir='ltr'><strong>vario</strong></span> <span class='ocrx_word' id='word_1_217' title='bbox 3590 1598 3678 1639; x_wconf 89' lang='lat' dir='ltr'><strong>re-</strong></span> 
     </span>
    </p>
   </div>
   <div class='ocr_carea' id='block_1_32' title="bbox 2072 1675 3676 1747">
    <p class='ocr_par' dir='ltr' id='par_1_32' title="bbox 2072 1675 3676 1747">
     <span class='ocr_line' id='line_1_32' title="bbox 2072 1675 3676 1747; baseline 0.001 -16"><span class='ocrx_word' id='word_1_218' title='bbox 2072 1692 2191 1731; x_wconf 91' lang='lat' dir='ltr'><strong>rum</strong></span> <span class='ocrx_word' id='word_1_219' title='bbox 2236 1685 2393 1731; x_wconf 73' lang='lat' dir='ltr'><strong>statu‘</strong></span> <span class='ocrx_word' id='word_1_220' title='bbox 2422 1676 2705 1742; x_wconf 82' lang='lat' dir='ltr'><strong>ﬂoruisse,</strong></span> <span class='ocrx_word' id='word_1_221' title='bbox 2745 1683 2841 1730; x_wconf 89' lang='lat' dir='ltr'><strong>aut</strong></span> <span class='ocrx_word' id='word_1_222' title='bbox 2886 1675 3227 1743; x_wconf 84' lang='lat' dir='ltr'><strong>concidisse,</strong></span> <span class='ocrx_word' id='word_1_223' title='bbox 3268 1686 3433 1747; x_wconf 89' lang='lat' dir='ltr'><strong>atque</strong></span> <span class='ocrx_word' id='word_1_224' title='bbox 3477 1678 3676 1732; x_wconf 89' lang='lat' dir='ltr'><strong>iterum</strong></span> 
     </span>
    </p>
   </div>
   <div class='ocr_carea' id='block_1_33' title="bbox 361 1755 3681 1842">
    <p class='ocr_par' dir='ltr' id='par_1_33' title="bbox 361 1755 3681 1842">
     <span class='ocr_line' id='line_1_33' title="bbox 361 1755 3681 1842; baseline -0.001 -17"><span class='ocrx_word' id='word_1_225' title='bbox 361 1785 527 1841; x_wconf 88' lang='lat' dir='ltr'><strong>porro</strong></span> <span class='ocrx_word' id='word_1_226' title='bbox 544 1768 839 1842; x_wconf 88' lang='lat' dir='ltr'><strong>Cambyses</strong></span> <span class='ocrx_word' id='word_1_227' title='bbox 862 1784 972 1824; x_wconf 89' lang='lat' dir='ltr'><strong>non</strong></span> <span class='ocrx_word' id='word_1_228' title='bbox 995 1769 1131 1823; x_wconf 92' lang='lat' dir='ltr'><strong>ultra</strong></span> <span class='ocrx_word' id='word_1_229' title='bbox 1151 1784 1343 1825; x_wconf 88' lang='lat' dir='ltr'><strong>novem</strong></span> <span class='ocrx_word' id='word_1_230' title='bbox 1367 1782 1547 1823; x_wconf 84' lang='lat' dir='ltr'><strong>annos</strong></span> <span class='ocrx_word' id='word_1_231' title='bbox 1569 1782 1751 1823; x_wconf 89' lang='lat' dir='ltr'><strong>rerum</strong></span> <span class='ocrx_word' id='word_1_232' title='bbox 1773 1767 1972 1835; x_wconf 88' lang='lat' dir='ltr'><strong>potitus</strong></span> <span class='ocrx_word' id='word_1_233' title='bbox 2001 1762 2050 1824; x_wconf 90' lang='lat' dir='ltr'><strong>B</strong></span> <span class='ocrx_word' id='word_1_234' title='bbox 2078 1772 2236 1827; x_wconf 91' lang='lat' dir='ltr'><strong>malis</strong></span> <span class='ocrx_word' id='word_1_235' title='bbox 2258 1771 2573 1837; x_wconf 88' lang='lat' dir='ltr'><strong>emersisse,</strong></span> <span class='ocrx_word' id='word_1_236' title='bbox 2602 1755 2900 1825; x_wconf 73' lang='lat' dir='ltr'><strong>secundum</strong></span> <span class='ocrx_word' id='word_1_237' title='bbox 2929 1770 3117 1825; x_wconf 90' lang='lat' dir='ltr'><strong>merita</strong></span> <span class='ocrx_word' id='word_1_238' title='bbox 3149 1770 3345 1824; x_wconf 90' lang='lat' dir='ltr'><strong>iratum</strong></span> <span class='ocrx_word' id='word_1_239' title='bbox 3376 1780 3469 1824; x_wconf 88' lang='lat' dir='ltr'><strong>aut</strong></span> <span class='ocrx_word' id='word_1_240' title='bbox 3497 1770 3681 1839; x_wconf 81' lang='lat' dir='ltr'><strong>placa-</strong></span> 
     </span>
    </p>
   </div>
   <div class='ocr_carea' id='block_1_34' title="bbox 363 1859 1972 1933">
    <p class='ocr_par' dir='ltr' id='par_1_34' title="bbox 363 1859 1972 1933">
     <span class='ocr_line' id='line_1_34' title="bbox 363 1859 1972 1933; baseline -0.002 -15"><span class='ocrx_word' id='word_1_241' title='bbox 363 1871 468 1918; x_wconf 89' lang='lat' dir='ltr'><strong>est.</strong></span> <span class='ocrx_word' id='word_1_242' title='bbox 507 1862 683 1929; x_wconf 84' lang='lat' dir='ltr'><strong>Unde,</strong></span> <span class='ocrx_word' id='word_1_243' title='bbox 706 1864 750 1917; x_wconf 91' lang='lat' dir='ltr'><strong>si</strong></span> <span class='ocrx_word' id='word_1_244' title='bbox 781 1862 837 1917; x_wconf 90' lang='lat' dir='ltr'><strong>in</strong></span> <span class='ocrx_word' id='word_1_245' title='bbox 860 1862 1092 1918; x_wconf 88' lang='lat' dir='ltr'><strong>historia</strong></span> <span class='ocrx_word' id='word_1_246' title='bbox 1122 1862 1332 1933; x_wconf 88' lang='lat' dir='ltr'><strong>opinari</strong></span> <span class='ocrx_word' id='word_1_247' title='bbox 1361 1862 1510 1927; x_wconf 88' lang='lat' dir='ltr'><strong>licet,</strong></span> <span class='ocrx_word' id='word_1_248' title='bbox 1540 1860 1642 1916; x_wconf 88' lang='lat' dir='ltr'><strong>sub</strong></span> <span class='ocrx_word' id='word_1_249' title='bbox 1671 1859 1821 1915; x_wconf 90' lang='lat' dir='ltr'><strong>Ocho</strong></span> <span class='ocrx_word' id='word_1_250' title='bbox 1845 1873 1972 1929; x_wconf 85' lang='lat' dir='ltr'><strong>rege</strong></span> 
     </span>
    </p>
   </div>
   <div class='ocr_carea' id='block_1_35' title="bbox 363 1955 1972 2028">
    <p class='ocr_par' dir='ltr' id='par_1_35' title="bbox 363 1955 1972 2028">
     <span class='ocr_line' id='line_1_35' title="bbox 363 1955 1972 2028; baseline -0.001 -19"><span class='ocrx_word' id='word_1_251' title='bbox 363 1957 453 2028; x_wconf 92' lang='lat' dir='ltr'><strong>qui</strong></span> <span class='ocrx_word' id='word_1_252' title='bbox 486 1968 611 2027; x_wconf 89' lang='lat' dir='ltr'><strong>post</strong></span> <span class='ocrx_word' id='word_1_253' title='bbox 639 1958 998 2013; x_wconf 77' lang='lat' dir='ltr'><strong>Artaxerxem</strong></span> <span class='ocrx_word' id='word_1_254' title='bbox 1028 1956 1333 2012; x_wconf 89' lang='lat' dir='ltr'><strong>secundum</strong></span> <span class='ocrx_word' id='word_1_255' title='bbox 1365 1955 1500 2021; x_wconf 88' lang='lat' dir='ltr'><strong>fttit,</strong></span> <span class='ocrx_word' id='word_1_256' title='bbox 1532 1955 1647 2009; x_wconf 85' lang='lat' dir='ltr'><strong>haec</strong></span> <span class='ocrx_word' id='word_1_257' title='bbox 1672 1963 1827 2026; x_wconf 90' lang='lat' dir='ltr'><strong>gesta</strong></span> <span class='ocrx_word' id='word_1_258' title='bbox 1854 1967 1972 2008; x_wconf 84' lang='lat' dir='ltr'><strong>cre-</strong></span> 
     </span>
    </p>
   </div>
   <div class='ocr_carea' id='block_1_36' title="bbox 363 2047 1971 2120">
    <p class='ocr_par' dir='ltr' id='par_1_36' title="bbox 363 2047 1971 2120">
     <span class='ocr_line' id='line_1_36' title="bbox 363 2047 1971 2120; baseline -0.001 -15"><span class='ocrx_word' id='word_1_259' title='bbox 363 2047 596 2106; x_wconf 90' lang='lat' dir='ltr'><strong>diderim</strong></span> <span class='ocrx_word' id='word_1_260' title='bbox 619 2068 635 2116; x_wconf 92' lang='lat'><strong>;</strong></span> <span class='ocrx_word' id='word_1_261' title='bbox 659 2048 821 2120; x_wconf 89' lang='lat' dir='ltr'><strong>idque</strong></span> <span class='ocrx_word' id='word_1_262' title='bbox 846 2050 930 2105; x_wconf 87' lang='lat' dir='ltr'><strong>vel</strong></span> <span class='ocrx_word' id='word_1_263' title='bbox 960 2066 1024 2106; x_wconf 84' lang='lat' dir='ltr'><strong>ex</strong></span> <span class='ocrx_word' id='word_1_264' title='bbox 1050 2050 1153 2106; x_wconf 90' lang='lat' dir='ltr'><strong>hoc</strong></span> <span class='ocrx_word' id='word_1_265' title='bbox 1172 2050 1430 2119; x_wconf 89' lang='lat' dir='ltr'><strong>conjicio,</strong></span> <span class='ocrx_word' id='word_1_266' title='bbox 1454 2049 1598 2120; x_wconf 91' lang='lat' dir='ltr'><strong>quod</strong></span> <span class='ocrx_word' id='word_1_267' title='bbox 1625 2047 1766 2103; x_wconf 91' lang='lat' dir='ltr'><strong>idem</strong></span> <span class='ocrx_word' id='word_1_268' title='bbox 1789 2047 1971 2103; x_wconf 89' lang='lat' dir='ltr'><strong>Ochus</strong></span> 
     </span>
    </p>
   </div>
   <div class='ocr_carea' id='block_1_37' title="bbox 370 2139 1971 2215">
    <p class='ocr_par' dir='ltr' id='par_1_37' title="bbox 370 2139 1971 2215">
     <span class='ocr_line' id='line_1_37' title="bbox 370 2139 1971 2215; baseline -0.001 -17"><span class='ocrx_word' id='word_1_269' title='bbox 370 2142 467 2215; x_wconf 92' lang='lat' dir='ltr'><strong>(ut</strong></span> <span class='ocrx_word' id='word_1_270' title='bbox 505 2143 561 2198; x_wconf 92' lang='lat' dir='ltr'><strong>in</strong></span> <span class='ocrx_word' id='word_1_271' title='bbox 590 2144 943 2200; x_wconf 71' lang='lat' dir='ltr'><strong>smcularihus</strong></span> <span class='ocrx_word' id='word_1_272' title='bbox 969 2142 1296 2214; x_wconf 89' lang='lat' dir='ltr'><strong>quibusdam</strong></span> <span class='ocrx_word' id='word_1_273' title='bbox 1329 2141 1551 2213; x_wconf 88' lang='lat' dir='ltr'><strong>scriptis</strong></span> <span class='ocrx_word' id='word_1_274' title='bbox 1580 2140 1684 2212; x_wconf 87' lang='lat' dir='ltr'><strong>legi</strong></span> <span class='ocrx_word' id='word_1_275' title='bbox 1715 2139 1736 2212; x_wconf 96' lang='lat'><strong>)</strong></span> <span class='ocrx_word' id='word_1_276' title='bbox 1780 2151 1971 2196; x_wconf 88' lang='lat' dir='ltr'><strong>natura</strong></span> 
     </span>
    </p>
   </div>
   <div class='ocr_carea' id='block_1_38' title="bbox 368 2233 1970 2307">
    <p class='ocr_par' dir='ltr' id='par_1_38' title="bbox 368 2233 1970 2307">
     <span class='ocr_line' id='line_1_38' title="bbox 368 2233 1970 2307; baseline 0 -18"><span class='ocrx_word' id='word_1_277' title='bbox 368 2233 601 2291; x_wconf 86' lang='lat' dir='ltr'><strong>immitis</strong></span> <span class='ocrx_word' id='word_1_278' title='bbox 628 2236 961 2307; x_wconf 84' lang='lat' dir='ltr'><strong>cupidusque</strong></span> <span class='ocrx_word' id='word_1_279' title='bbox 982 2236 1253 2293; x_wconf 89' lang='lat' dir='ltr'><strong>bellorum</strong></span> <span class='ocrx_word' id='word_1_280' title='bbox 1280 2235 1514 2290; x_wconf 88' lang='lat' dir='ltr'><strong>traditur</strong></span> <span class='ocrx_word' id='word_1_281' title='bbox 1541 2252 1555 2288; x_wconf 92' lang='lat'><strong>:</strong></span> <span class='ocrx_word' id='word_1_282' title='bbox 1584 2250 1708 2290; x_wconf 89' lang='lat' dir='ltr'><strong>nam</strong></span> <span class='ocrx_word' id='word_1_283' title='bbox 1739 2245 1795 2289; x_wconf 92' lang='lat' dir='ltr'><strong>et</strong></span> <span class='ocrx_word' id='word_1_284' title='bbox 1822 2251 1970 2290; x_wconf 89' lang='lat' dir='ltr'><strong>arma</strong></span> 
     </span>
    </p>
   </div>
   <div class='ocr_carea' id='block_1_39' title="bbox 368 2326 1973 2401">
    <p class='ocr_par' dir='ltr' id='par_1_39' title="bbox 368 2326 1973 2401">
     <span class='ocr_line' id='line_1_39' title="bbox 368 2326 1973 2401; baseline 0 -19"><span class='ocrx_word' id='word_1_285' title='bbox 368 2326 619 2383; x_wconf 88' lang='lat' dir='ltr'><strong>ﬁnitimis</strong></span> <span class='ocrx_word' id='word_1_286' title='bbox 640 2328 840 2396; x_wconf 89' lang='lat' dir='ltr'><strong>intulit,</strong></span> <span class='ocrx_word' id='word_1_287' title='bbox 865 2338 921 2385; x_wconf 91' lang='lat' dir='ltr'><strong>et</strong></span> <span class='ocrx_word' id='word_1_288' title='bbox 942 2328 1262 2401; x_wconf 66' lang='lat' dir='ltr'><strong>Egyptum,</strong></span> <span class='ocrx_word' id='word_1_289' title='bbox 1284 2343 1405 2400; x_wconf 64' lang='lat' dir='ltr'><strong>quae</strong></span> <span class='ocrx_word' id='word_1_290' title='bbox 1427 2337 1556 2383; x_wconf 91' lang='lat' dir='ltr'><strong>ante</strong></span> <span class='ocrx_word' id='word_1_291' title='bbox 1573 2327 1780 2383; x_wconf 91' lang='lat' dir='ltr'><strong>multos</strong></span> <span class='ocrx_word' id='word_1_292' title='bbox 1799 2341 1973 2382; x_wconf 89' lang='lat' dir='ltr'><strong>annos</strong></span> 
     </span>
    </p>
   </div>
   <div class='ocr_carea' id='block_1_40' title="bbox 366 2417 1970 2490">
    <p class='ocr_par' dir='ltr' id='par_1_40' title="bbox 366 2417 1970 2490">
     <span class='ocr_line' id='line_1_40' title="bbox 366 2417 1970 2490; baseline -0.001 -15"><span class='ocrx_word' id='word_1_293' title='bbox 366 2417 692 2487; x_wconf 85' lang='lat' dir='ltr'><strong>desciverat,</strong></span> <span class='ocrx_word' id='word_1_294' title='bbox 744 2420 890 2477; x_wconf 88' lang='lat' dir='ltr'><strong>bello</strong></span> <span class='ocrx_word' id='word_1_295' title='bbox 934 2420 1301 2490; x_wconf 88' lang='lat' dir='ltr'><strong>recuperavit.</strong></span> <span class='ocrx_word' id='word_1_296' title='bbox 1352 2419 1471 2487; x_wconf 85' lang='lat' dir='ltr'><strong>Quo</strong></span> <span class='ocrx_word' id='word_1_297' title='bbox 1517 2430 1761 2490; x_wconf 89' lang='lat' dir='ltr'><strong>tempore</strong></span> <span class='ocrx_word' id='word_1_298' title='bbox 1805 2419 1970 2474; x_wconf 88' lang='lat' dir='ltr'><strong>etiam</strong></span> 
     </span>
    </p>
   </div>
   <div class='ocr_carea' id='block_1_41' title="bbox 368 2510 1976 2584">
    <p class='ocr_par' dir='ltr' id='par_1_41' title="bbox 368 2510 1976 2584">
     <span class='ocr_line' id='line_1_41' title="bbox 368 2510 1976 2584; baseline -0.001 -16"><span class='ocrx_word' id='word_1_299' title='bbox 368 2527 522 2568; x_wconf 89' lang='lat' dir='ltr'><strong>sacra</strong></span> <span class='ocrx_word' id='word_1_300' title='bbox 564 2528 780 2579; x_wconf 90' lang='lat' dir='ltr'><strong>eorum,</strong></span> <span class='ocrx_word' id='word_1_301' title='bbox 829 2521 887 2571; x_wconf 93' lang='lat' dir='ltr'><strong>et</strong></span> <span class='ocrx_word' id='word_1_302' title='bbox 929 2514 1069 2582; x_wconf 86' lang='lat' dir='ltr'><strong>Apin</strong></span> <span class='ocrx_word' id='word_1_303' title='bbox 1110 2516 1163 2568; x_wconf 92' lang='lat' dir='ltr'><strong>in</strong></span> <span class='ocrx_word' id='word_1_304' title='bbox 1203 2514 1375 2569; x_wconf 90' lang='lat' dir='ltr'><strong>Deum</strong></span> <span class='ocrx_word' id='word_1_305' title='bbox 1417 2522 1698 2584; x_wconf 88' lang='lat' dir='ltr'><strong>receptum</strong></span> <span class='ocrx_word' id='word_1_306' title='bbox 1736 2510 1976 2567; x_wconf 90' lang='lat' dir='ltr'><strong>irrisisse</strong></span> 
     </span>
    </p>
   </div>
   <div class='ocr_carea' id='block_1_42' title="bbox 371 2605 1974 2680">
    <p class='ocr_par' dir='ltr' id='par_1_42' title="bbox 371 2605 1974 2680">
     <span class='ocr_line' id='line_1_42' title="bbox 371 2605 1974 2680; baseline -0.002 -18"><span class='ocrx_word' id='word_1_307' title='bbox 371 2607 644 2663; x_wconf 81' lang='lat' dir='ltr'><strong>traditur:</strong></span> <span class='ocrx_word' id='word_1_308' title='bbox 687 2606 837 2680; x_wconf 88' lang='lat' dir='ltr'><strong>quod</strong></span> <span class='ocrx_word' id='word_1_309' title='bbox 879 2616 1068 2678; x_wconf 88' lang='lat' dir='ltr'><strong>postea</strong></span> <span class='ocrx_word' id='word_1_310' title='bbox 1107 2605 1316 2678; x_wconf 82' lang='lat' dir='ltr'><strong>Bagoas</strong></span> <span class='ocrx_word' id='word_1_311' title='bbox 1354 2605 1526 2675; x_wconf 89' lang='lat' dir='ltr'><strong>spado</strong></span> <span class='ocrx_word' id='word_1_312' title='bbox 1569 2606 1709 2675; x_wconf 87' lang='lat' dir='ltr'><strong>ejus,</strong></span> <span class='ocrx_word' id='word_1_313' title='bbox 1755 2605 1974 2660; x_wconf 88' lang='lat' dir='ltr'><strong>natione</strong></span> 
     </span>
    </p>
   </div>
   <div class='ocr_carea' id='block_1_43' title="bbox 372 2696 1975 2779">
    <p class='ocr_par' dir='ltr' id='par_1_43' title="bbox 372 2696 1975 2779">
     <span class='ocr_line' id='line_1_43' title="bbox 372 2696 1975 2779; baseline -0.003 -22"><span class='ocrx_word' id='word_1_314' title='bbox 372 2697 699 2772; x_wconf 68' lang='lat' dir='ltr'><strong>Egyptius,</strong></span> <span class='ocrx_word' id='word_1_315' title='bbox 754 2699 1094 2769; x_wconf 86' lang='lat' dir='ltr'><strong>indignatus,</strong></span> <span class='ocrx_word' id='word_1_316' title='bbox 1142 2699 1532 2779; x_wconf 83' lang='lat' dir='ltr'><strong>contumeliam</strong></span> <span class='ocrx_word' id='word_1_317' title='bbox 1577 2696 1756 2769; x_wconf 71' lang='lat' dir='ltr'><strong>gentis</strong></span> <span class='ocrx_word' id='word_1_318' title='bbox 1799 2704 1975 2752; x_wconf 86' lang='lat' dir='ltr'><strong>morte</strong></span> 
     </span>
    </p>
   </div>
   <div class='ocr_carea' id='block_1_44' title="bbox 370 2790 1974 2866">
    <p class='ocr_par' dir='ltr' id='par_1_44' title="bbox 370 2790 1974 2866">
     <span class='ocr_line' id='line_1_44' title="bbox 370 2790 1974 2866; baseline -0.004 -16"><span class='ocrx_word' id='word_1_319' title='bbox 370 2795 517 2866; x_wconf 82' lang='lat' dir='ltr'><strong>regis</strong></span> <span class='ocrx_word' id='word_1_320' title='bbox 544 2795 688 2850; x_wconf 88' lang='lat' dir='ltr'><strong>ultus</strong></span> <span class='ocrx_word' id='word_1_321' title='bbox 712 2805 817 2851; x_wconf 86' lang='lat' dir='ltr'><strong>est.</strong></span> <span class='ocrx_word' id='word_1_322' title='bbox 847 2793 1093 2850; x_wconf 84' lang='lat' dir='ltr'><strong>Meminit</strong></span> <span class='ocrx_word' id='word_1_323' title='bbox 1121 2800 1304 2849; x_wconf 86' lang='lat' dir='ltr'><strong>autem</strong></span> <span class='ocrx_word' id='word_1_324' title='bbox 1337 2792 1498 2863; x_wconf 82' lang='lat' dir='ltr'><strong>hujus</strong></span> <span class='ocrx_word' id='word_1_325' title='bbox 1524 2792 1719 2863; x_wconf 76' lang='lat' dir='ltr'><strong>Bagua:</strong></span> <span class='ocrx_word' id='word_1_326' title='bbox 1750 2790 1974 2845; x_wconf 88' lang='lat' dir='ltr'><strong>historia</strong></span> 
     </span>
    </p>
   </div>
   <div class='ocr_carea' id='block_1_45' title="bbox 373 2882 1975 2955">
    <p class='ocr_par' dir='ltr' id='par_1_45' title="bbox 373 2882 1975 2955">
     <span class='ocr_line' id='line_1_45' title="bbox 373 2882 1975 2955; baseline -0.003 -11"><span class='ocrx_word' id='word_1_327' title='bbox 373 2887 556 2944; x_wconf 88' lang='lat' dir='ltr'><strong>divina</strong></span> <span class='ocrx_word' id='word_1_328' title='bbox 587 2905 601 2941; x_wconf 88' lang='lat'><strong>:</strong></span> <span class='ocrx_word' id='word_1_329' title='bbox 639 2903 765 2943; x_wconf 89' lang='lat' dir='ltr'><strong>nam</strong></span> <span class='ocrx_word' id='word_1_330' title='bbox 804 2902 926 2943; x_wconf 90' lang='lat' dir='ltr'><strong>cum</strong></span> <span class='ocrx_word' id='word_1_331' title='bbox 972 2885 1294 2943; x_wconf 87' lang='lat' dir='ltr'><strong>Holoferues</strong></span> <span class='ocrx_word' id='word_1_332' title='bbox 1326 2886 1484 2955; x_wconf 89' lang='lat' dir='ltr'><strong>jussu</strong></span> <span class='ocrx_word' id='word_1_333' title='bbox 1528 2886 1675 2955; x_wconf 87' lang='lat' dir='ltr'><strong>regis</strong></span> <span class='ocrx_word' id='word_1_334' title='bbox 1713 2882 1975 2939; x_wconf 88' lang='lat' dir='ltr'><strong>adversus</strong></span> 
     </span>
    </p>
   </div>
   <div class='ocr_carea' id='block_1_46' title="bbox 373 2975 1976 3049">
    <p class='ocr_par' dir='ltr' id='par_1_46' title="bbox 373 2975 1976 3049">
     <span class='ocr_line' id='line_1_46' title="bbox 373 2975 1976 3049; baseline -0.004 -11"><span class='ocrx_word' id='word_1_335' title='bbox 373 2980 596 3038; x_wconf 57' lang='lat' dir='ltr'><strong>Judxos</strong></span> <span class='ocrx_word' id='word_1_336' title='bbox 617 2981 846 3036; x_wconf 88' lang='lat' dir='ltr'><strong>duxerat</strong></span> <span class='ocrx_word' id='word_1_337' title='bbox 868 2980 1194 3045; x_wconf 90' lang='lat' dir='ltr'><strong>exercitum,</strong></span> <span class='ocrx_word' id='word_1_338' title='bbox 1218 2978 1456 3049; x_wconf 87' lang='lat' dir='ltr'><strong>Baguam</strong></span> <span class='ocrx_word' id='word_1_339' title='bbox 1481 2978 1534 3033; x_wconf 91' lang='lat' dir='ltr'><strong>in</strong></span> <span class='ocrx_word' id='word_1_340' title='bbox 1560 2976 1752 3032; x_wconf 89' lang='lat' dir='ltr'><strong>iisdem</strong></span> <span class='ocrx_word' id='word_1_341' title='bbox 1779 2975 1976 3032; x_wconf 87' lang='lat' dir='ltr'><strong>castris</strong></span> 
     </span>
    </p>
   </div>
   <div class='ocr_carea' id='block_1_47' title="bbox 373 3072 1977 3141">
    <p class='ocr_par' dir='ltr' id='par_1_47' title="bbox 373 3072 1977 3141">
     <span class='ocr_line' id='line_1_47' title="bbox 373 3072 1977 3141; baseline -0.006 -9"><span class='ocrx_word' id='word_1_342' title='bbox 373 3075 544 3132; x_wconf 79' lang='lat' dir='ltr'><strong>fuisse</strong></span> <span class='ocrx_word' id='word_1_343' title='bbox 576 3074 901 3131; x_wconf 75' lang='lat' dir='ltr'><strong>memoravit</strong></span> <span class='ocrx_word' id='word_1_344' title='bbox 928 3091 941 3128; x_wconf 92' lang='lat'><strong>:</strong></span> <span class='ocrx_word' id='word_1_345' title='bbox 973 3073 1118 3130; x_wconf 89' lang='lat' dir='ltr'><strong>unde</strong></span> <span class='ocrx_word' id='word_1_346' title='bbox 1152 3088 1261 3128; x_wconf 91' lang='lat' dir='ltr'><strong>non</strong></span> <span class='ocrx_word' id='word_1_347' title='bbox 1296 3072 1573 3127; x_wconf 89' lang='lat' dir='ltr'><strong>immerito</strong></span> <span class='ocrx_word' id='word_1_348' title='bbox 1605 3073 1656 3126; x_wconf 93' lang='lat' dir='ltr'><strong>in</strong></span> <span class='ocrx_word' id='word_1_349' title='bbox 1687 3085 1977 3141; x_wconf 90' lang='lat' dir='ltr'><strong>argumen-</strong></span> 
     </span>
    </p>
   </div>
   <div class='ocr_carea' id='block_1_48' title="bbox 2077 1863 3681 1934">
    <p class='ocr_par' dir='ltr' id='par_1_48' title="bbox 2077 1863 3681 1934">
     <span class='ocr_line' id='line_1_48' title="bbox 2077 1863 3681 1934; baseline 0 -14"><span class='ocrx_word' id='word_1_350' title='bbox 2077 1876 2193 1921; x_wconf 90' lang='lat' dir='ltr'><strong>tum</strong></span> <span class='ocrx_word' id='word_1_351' title='bbox 2246 1866 2412 1920; x_wconf 86' lang='lat' dir='ltr'><strong>Deum</strong></span> <span class='ocrx_word' id='word_1_352' title='bbox 2461 1863 2835 1920; x_wconf 88' lang='lat' dir='ltr'><strong>vicissitudine</strong></span> <span class='ocrx_word' id='word_1_353' title='bbox 2876 1874 3158 1934; x_wconf 90' lang='lat' dir='ltr'><strong>expertos;</strong></span> <span class='ocrx_word' id='word_1_354' title='bbox 3204 1863 3334 1918; x_wconf 92' lang='lat' dir='ltr'><strong>dum</strong></span> <span class='ocrx_word' id='word_1_355' title='bbox 3387 1873 3681 1934; x_wconf 86' lang='lat' dir='ltr'><strong>peccantes</strong></span> 
     </span>
    </p>
   </div>
   <div class='ocr_carea' id='block_1_49' title="bbox 2078 1956 3683 2026">
    <p class='ocr_par' dir='ltr' id='par_1_49' title="bbox 2078 1956 3683 2026">
     <span class='ocr_line' id='line_1_49' title="bbox 2078 1956 3683 2026; baseline -0.002 -11"><span class='ocrx_word' id='word_1_356' title='bbox 2078 1959 2483 2015; x_wconf 81' lang='lat' dir='ltr'><strong>incursionibus</strong></span> <span class='ocrx_word' id='word_1_357' title='bbox 2511 1958 2746 2014; x_wconf 88' lang='lat' dir='ltr'><strong>hostium</strong></span> <span class='ocrx_word' id='word_1_358' title='bbox 2774 1967 2868 2012; x_wconf 90' lang='lat' dir='ltr'><strong>aut</strong></span> <span class='ocrx_word' id='word_1_359' title='bbox 2895 1956 3305 2026; x_wconf 83' lang='lat' dir='ltr'><strong>captivitatibus</strong></span> <span class='ocrx_word' id='word_1_360' title='bbox 3331 1967 3683 2024; x_wconf 89' lang='lat' dir='ltr'><strong>coercentur,</strong></span> 
     </span>
    </p>
   </div>
   <div class='ocr_carea' id='block_1_50' title="bbox 2077 2048 3681 2123">
    <p class='ocr_par' dir='ltr' id='par_1_50' title="bbox 2077 2048 3681 2123">
     <span class='ocr_line' id='line_1_50' title="bbox 2077 2048 3681 2123; baseline -0.002 -16"><span class='ocrx_word' id='word_1_361' title='bbox 2077 2054 2313 2123; x_wconf 87' lang='lat' dir='ltr'><strong>prepitio</strong></span> <span class='ocrx_word' id='word_1_362' title='bbox 2353 2050 2576 2106; x_wconf 89' lang='lat' dir='ltr'><strong>numine</strong></span> <span class='ocrx_word' id='word_1_363' title='bbox 2616 2064 2834 2119; x_wconf 81' lang='lat' dir='ltr'><strong>semper</strong></span> <span class='ocrx_word' id='word_1_364' title='bbox 2869 2048 3055 2103; x_wconf 89' lang='lat' dir='ltr'><strong>invicti</strong></span> <span class='ocrx_word' id='word_1_365' title='bbox 3095 2065 3107 2101; x_wconf 92' lang='lat'>:</span> <span class='ocrx_word' id='word_1_366' title='bbox 3148 2062 3405 2104; x_wconf 70' lang='lat' dir='ltr'><strong>eicterum</strong></span> <span class='ocrx_word' id='word_1_367' title='bbox 3450 2048 3494 2102; x_wconf 91' lang='lat' dir='ltr'><strong>si</strong></span> <span class='ocrx_word' id='word_1_368' title='bbox 3540 2062 3681 2118; x_wconf 81' lang='lat' dir='ltr'><strong>prae-</strong></span> 
     </span>
    </p>
   </div>
   <div class='ocr_carea' id='block_1_51' title="bbox 2076 2141 3686 2213">
    <p class='ocr_par' dir='ltr' id='par_1_51' title="bbox 2076 2141 3686 2213">
     <span class='ocr_line' id='line_1_51' title="bbox 2076 2141 3686 2213; baseline -0.001 -13"><span class='ocrx_word' id='word_1_369' title='bbox 2076 2146 2215 2200; x_wconf 90' lang='lat' dir='ltr'><strong>senti</strong></span> <span class='ocrx_word' id='word_1_370' title='bbox 2250 2154 2497 2212; x_wconf 89' lang='lat' dir='ltr'><strong>tempore</strong></span> <span class='ocrx_word' id='word_1_371' title='bbox 2526 2141 2735 2212; x_wconf 91' lang='lat' dir='ltr'><strong>absque</strong></span> <span class='ocrx_word' id='word_1_372' title='bbox 2762 2150 2989 2213; x_wconf 87' lang='lat' dir='ltr'><strong>peccato</strong></span> <span class='ocrx_word' id='word_1_373' title='bbox 3018 2141 3129 2195; x_wconf 88' lang='lat' dir='ltr'><strong>sint</strong></span> <span class='ocrx_word' id='word_1_374' title='bbox 3154 2182 3168 2207; x_wconf 94' lang='lat'><strong>,</strong></span> <span class='ocrx_word' id='word_1_375' title='bbox 3213 2141 3362 2197; x_wconf 90' lang='lat' dir='ltr'><strong>nullo</strong></span> <span class='ocrx_word' id='word_1_376' title='bbox 3394 2141 3558 2197; x_wconf 90' lang='lat' dir='ltr'><strong>modo</strong></span> <span class='ocrx_word' id='word_1_377' title='bbox 3589 2157 3686 2198; x_wconf 85' lang='lat' dir='ltr'><strong>eos</strong></span> 
     </span>
    </p>
   </div>
   <div class='ocr_carea' id='block_1_52' title="bbox 2077 2234 3687 2307">
    <p class='ocr_par' dir='ltr' id='par_1_52' title="bbox 2077 2234 3687 2307">
     <span class='ocr_line' id='line_1_52' title="bbox 2077 2234 3687 2307; baseline -0.001 -15"><span class='ocrx_word' id='word_1_378' title='bbox 2077 2251 2240 2307; x_wconf 89' lang='lat' dir='ltr'><strong>posse</strong></span> <span class='ocrx_word' id='word_1_379' title='bbox 2268 2234 2521 2305; x_wconf 89' lang='lat' dir='ltr'><strong>superari</strong></span> <span class='ocrx_word' id='word_1_380' title='bbox 2550 2252 2563 2288; x_wconf 90' lang='lat'><strong>:</strong></span> <span class='ocrx_word' id='word_1_381' title='bbox 2600 2236 2683 2289; x_wconf 92' lang='lat' dir='ltr'><strong>sin</strong></span> <span class='ocrx_word' id='word_1_382' title='bbox 2713 2235 2876 2289; x_wconf 87' lang='lat' dir='ltr'><strong>aliter</strong></span> <span class='ocrx_word' id='word_1_383' title='bbox 2898 2249 2957 2289; x_wconf 87' lang='lat' dir='ltr'><strong>se</strong></span> <span class='ocrx_word' id='word_1_384' title='bbox 2987 2234 3249 2301; x_wconf 88' lang='lat' dir='ltr'><strong>habeant,</strong></span> <span class='ocrx_word' id='word_1_385' title='bbox 3286 2234 3443 2290; x_wconf 80' lang='lat' dir='ltr'><strong>facile</strong></span> <span class='ocrx_word' id='word_1_386' title='bbox 3466 2236 3687 2290; x_wconf 88' lang='lat' dir='ltr'><strong>vincen-</strong></span> 
     </span>
    </p>
   </div>
   <div class='ocr_carea' id='block_1_53' title="bbox 2077 2327 3686 2391">
    <p class='ocr_par' dir='ltr' id='par_1_53' title="bbox 2077 2327 3686 2391">
     <span class='ocr_line' id='line_1_53' title="bbox 2077 2327 3686 2391; baseline -0.003 -5"><span class='ocrx_word' id='word_1_387' title='bbox 2077 2330 2197 2386; x_wconf 90' lang='lat' dir='ltr'><strong>dos.</strong></span> <span class='ocrx_word' id='word_1_388' title='bbox 2229 2329 2310 2385; x_wconf 82' lang='lat' dir='ltr'><strong>Ad</strong></span> <span class='ocrx_word' id='word_1_389' title='bbox 2341 2329 2457 2384; x_wconf 81' lang='lat' dir='ltr'><strong>ha-c</strong></span> <span class='ocrx_word' id='word_1_390' title='bbox 2486 2328 2809 2385; x_wconf 85' lang='lat' dir='ltr'><strong>Holofernes</strong></span> <span class='ocrx_word' id='word_1_391' title='bbox 2841 2327 2993 2391; x_wconf 82' lang='lat' dir='ltr'><strong>ferox</strong></span> <span class='ocrx_word' id='word_1_392' title='bbox 3023 2329 3209 2383; x_wconf 91' lang='lat' dir='ltr'><strong>multis</strong></span> <span class='ocrx_word' id='word_1_393' title='bbox 3236 2327 3516 2391; x_wconf 88' lang='lat' dir='ltr'><strong>victoriis,</strong></span> <span class='ocrx_word' id='word_1_394' title='bbox 3548 2327 3686 2383; x_wconf 89' lang='lat' dir='ltr'><strong>nihil</strong></span> 
     </span>
    </p>
   </div>
   <div class='ocr_carea' id='block_1_54' title="bbox 2076 2423 3683 2494">
    <p class='ocr_par' dir='ltr' id='par_1_54' title="bbox 2076 2423 3683 2494">
     <span class='ocr_line' id='line_1_54' title="bbox 2076 2423 3683 2494; baseline -0.001 -15"><span class='ocrx_word' id='word_1_395' title='bbox 2076 2425 2176 2481; x_wconf 89' lang='lat' dir='ltr'><strong>sibi</strong></span> <span class='ocrx_word' id='word_1_396' title='bbox 2209 2425 2469 2480; x_wconf 88' lang='lat' dir='ltr'><strong>invictum</strong></span> <span class='ocrx_word' id='word_1_397' title='bbox 2502 2433 2676 2491; x_wconf 90' lang='lat' dir='ltr'><strong>ratus,</strong></span> <span class='ocrx_word' id='word_1_398' title='bbox 2711 2423 2789 2478; x_wconf 90' lang='lat' dir='ltr'><strong>ira</strong></span> <span class='ocrx_word' id='word_1_399' title='bbox 2821 2438 3087 2478; x_wconf 86' lang='lat' dir='ltr'><strong>accensos</strong></span> <span class='ocrx_word' id='word_1_400' title='bbox 3114 2439 3211 2477; x_wconf 89' lang='lat' dir='ltr'><strong>cur</strong></span> <span class='ocrx_word' id='word_1_401' title='bbox 3237 2438 3302 2479; x_wconf 84' lang='lat' dir='ltr'><strong>ex</strong></span> <span class='ocrx_word' id='word_1_402' title='bbox 3330 2433 3558 2494; x_wconf 86' lang='lat' dir='ltr'><strong>peccato</strong></span> <span class='ocrx_word' id='word_1_403' title='bbox 3585 2437 3683 2493; x_wconf 89' lang='lat' dir='ltr'><strong>po-</strong></span> 
     </span>
    </p>
   </div>
   <div class='ocr_carea' id='block_1_55' title="bbox 2078 2514 3683 2586">
    <p class='ocr_par' dir='ltr' id='par_1_55' title="bbox 2078 2514 3683 2586">
     <span class='ocr_line' id='line_1_55' title="bbox 2078 2514 3683 2586; baseline 0 -15"><span class='ocrx_word' id='word_1_404' title='bbox 2078 2517 2343 2573; x_wconf 85' lang='lat' dir='ltr'><strong>tissimum</strong></span> <span class='ocrx_word' id='word_1_405' title='bbox 2362 2515 2677 2572; x_wconf 78' lang='lat' dir='ltr'><strong>Judaeorutn</strong></span> <span class='ocrx_word' id='word_1_406' title='bbox 2702 2514 2939 2586; x_wconf 90' lang='lat' dir='ltr'><strong>pendere</strong></span> <span class='ocrx_word' id='word_1_407' title='bbox 2960 2516 3103 2569; x_wconf 91' lang='lat' dir='ltr'><strong>illius</strong></span> <span class='ocrx_word' id='word_1_408' title='bbox 3121 2516 3350 2570; x_wconf 87' lang='lat' dir='ltr'><strong>victoria</strong></span> <span class='ocrx_word' id='word_1_409' title='bbox 3376 2525 3683 2586; x_wconf 89' lang='lat' dir='ltr'><strong>putaretur,</strong></span> 
     </span>
    </p>
   </div>
   <div class='ocr_carea' id='block_1_56' title="bbox 2076 2609 3681 2684">
    <p class='ocr_par' dir='ltr' id='par_1_56' title="bbox 2076 2609 3681 2684">
     <span class='ocr_line' id='line_1_56' title="bbox 2076 2609 3681 2684; baseline -0.001 -17"><span class='ocrx_word' id='word_1_410' title='bbox 2076 2612 2310 2684; x_wconf 88' lang='lat' dir='ltr'><strong>propelli</strong></span> <span class='ocrx_word' id='word_1_411' title='bbox 2341 2611 2547 2666; x_wconf 85' lang='lat' dir='ltr'><strong>Acltior</strong></span> <span class='ocrx_word' id='word_1_412' title='bbox 2578 2611 2631 2665; x_wconf 93' lang='lat' dir='ltr'><strong>in</strong></span> <span class='ocrx_word' id='word_1_413' title='bbox 2663 2618 2839 2664; x_wconf 89' lang='lat' dir='ltr'><strong>castra</strong></span> <span class='ocrx_word' id='word_1_414' title='bbox 2874 2609 3227 2665; x_wconf 70' lang='lat' dir='ltr'><strong>llebrmorum</strong></span> <span class='ocrx_word' id='word_1_415' title='bbox 3256 2610 3434 2679; x_wconf 85' lang='lat' dir='ltr'><strong>jubet,</strong></span> <span class='ocrx_word' id='word_1_416' title='bbox 3470 2620 3527 2665; x_wconf 88' lang='lat' dir='ltr'><strong>ut</strong></span> <span class='ocrx_word' id='word_1_417' title='bbox 3556 2625 3681 2666; x_wconf 92' lang='lat' dir='ltr'><strong>cum</strong></span> 
     </span>
    </p>
   </div>
   <div class='ocr_carea' id='block_1_57' title="bbox 2078 2701 3689 2774">
    <p class='ocr_par' dir='ltr' id='par_1_57' title="bbox 2078 2701 3689 2774">
     <span class='ocr_line' id='line_1_57' title="bbox 2078 2701 3689 2774; baseline 0 -16"><span class='ocrx_word' id='word_1_418' title='bbox 2078 2704 2164 2758; x_wconf 84' lang='lat' dir='ltr'><strong>liis</strong></span> <span class='ocrx_word' id='word_1_419' title='bbox 2194 2704 2428 2773; x_wconf 89' lang='lat' dir='ltr'><strong>periret,</strong></span> <span class='ocrx_word' id='word_1_420' title='bbox 2470 2718 2608 2773; x_wconf 90' lang='lat' dir='ltr'><strong>quos</strong></span> <span class='ocrx_word' id='word_1_421' title='bbox 2648 2702 2790 2757; x_wconf 90' lang='lat' dir='ltr'><strong>vinci</strong></span> <span class='ocrx_word' id='word_1_422' title='bbox 2843 2716 2949 2756; x_wconf 92' lang='lat' dir='ltr'><strong>non</strong></span> <span class='ocrx_word' id='word_1_423' title='bbox 2984 2718 3147 2774; x_wconf 87' lang='lat' dir='ltr'><strong>posse</strong></span> <span class='ocrx_word' id='word_1_424' title='bbox 3186 2701 3579 2769; x_wconf 87' lang='lat' dir='ltr'><strong>affirmaverat,</strong></span> <span class='ocrx_word' id='word_1_425' title='bbox 3624 2718 3689 2758; x_wconf 90' lang='lat' dir='ltr'><strong>ac</strong></span> 
     </span>
    </p>
   </div>
   <div class='ocr_carea' id='block_1_58' title="bbox 2080 2794 3688 2867">
    <p class='ocr_par' dir='ltr' id='par_1_58' title="bbox 2080 2794 3688 2867">
     <span class='ocr_line' id='line_1_58' title="bbox 2080 2794 3688 2867; baseline -0.001 -15"><span class='ocrx_word' id='word_1_426' title='bbox 2080 2806 2191 2853; x_wconf 89' lang='lat' dir='ltr'><strong>tum</strong></span> <span class='ocrx_word' id='word_1_427' title='bbox 2219 2796 2391 2852; x_wconf 66' lang='lat' dir='ltr'><strong>Judaei</strong></span> <span class='ocrx_word' id='word_1_428' title='bbox 2422 2804 2636 2850; x_wconf 90' lang='lat' dir='ltr'><strong>montes</strong></span> <span class='ocrx_word' id='word_1_429' title='bbox 2666 2794 3011 2865; x_wconf 80' lang='lat' dir='ltr'><strong>petiverant:</strong></span> <span class='ocrx_word' id='word_1_430' title='bbox 3045 2795 3139 2863; x_wconf 86' lang='lat' dir='ltr'><strong>ita,</strong></span> <span class='ocrx_word' id='word_1_431' title='bbox 3176 2797 3375 2864; x_wconf 88' lang='lat' dir='ltr'><strong>quibus</strong></span> <span class='ocrx_word' id='word_1_432' title='bbox 3405 2796 3455 2851; x_wconf 92' lang='lat' dir='ltr'><strong>id</strong></span> <span class='ocrx_word' id='word_1_433' title='bbox 3487 2795 3688 2867; x_wconf 83' lang='lat' dir='ltr'><strong>negotii</strong></span> 
     </span>
    </p>
   </div>
   <div class='ocr_carea' id='block_1_59' title="bbox 2078 2889 3687 2960">
    <p class='ocr_par' dir='ltr' id='par_1_59' title="bbox 2078 2889 3687 2960">
     <span class='ocr_line' id='line_1_59' title="bbox 2078 2889 3687 2960; baseline 0.001 -14"><span class='ocrx_word' id='word_1_434' title='bbox 2078 2891 2287 2958; x_wconf 89' lang='lat' dir='ltr'><strong>datum,</strong></span> <span class='ocrx_word' id='word_1_435' title='bbox 2336 2890 2441 2945; x_wconf 91' lang='lat' dir='ltr'><strong>ima</strong></span> <span class='ocrx_word' id='word_1_436' title='bbox 2490 2889 2753 2943; x_wconf 90' lang='lat' dir='ltr'><strong>montium</strong></span> <span class='ocrx_word' id='word_1_437' title='bbox 2800 2904 3140 2954; x_wconf 91' lang='lat' dir='ltr'><strong>successere,</strong></span> <span class='ocrx_word' id='word_1_438' title='bbox 3196 2889 3380 2960; x_wconf 87' lang='lat' dir='ltr'><strong>ibique</strong></span> <span class='ocrx_word' id='word_1_439' title='bbox 3436 2891 3687 2947; x_wconf 88' lang='lat' dir='ltr'><strong>vinctunt</strong></span> 
     </span>
    </p>
   </div>
   <div class='ocr_carea' id='block_1_60' title="bbox 2079 2972 3684 3053">
    <p class='ocr_par' dir='ltr' id='par_1_60' title="bbox 2079 2972 3684 3053">
     <span class='ocr_line' id='line_1_60' title="bbox 2079 2972 3684 3053; baseline -0.002 -14"><span class='ocrx_word' id='word_1_440' title='bbox 2079 2982 2282 3039; x_wconf 84' lang='lat' dir='ltr'><strong>Achior</strong></span> <span class='ocrx_word' id='word_1_441' title='bbox 2297 2982 2661 3053; x_wconf 84' lang='lat' dir='ltr'><strong>reliquerunt.</strong></span> <span class='ocrx_word' id='word_1_442' title='bbox 2682 2972 2836 3049; x_wconf 85' lang='lat' dir='ltr'><strong>Quod</strong></span> <span class='ocrx_word' id='word_1_443' title='bbox 2858 2981 2945 3034; x_wconf 93' lang='lat' dir='ltr'><strong>ubi</strong></span> <span class='ocrx_word' id='word_1_444' title='bbox 2965 2979 3138 3036; x_wconf 78' lang='lat' dir='ltr'><strong>Judaei</strong></span> <span class='ocrx_word' id='word_1_445' title='bbox 3159 2978 3684 3048; x_wconf 85' lang='lat' dir='ltr'><strong>animadverterunt,</strong></span> 
     </span>
    </p>
   </div>
   <div class='ocr_carea' id='block_1_61' title="bbox 2080 3073 3689 3146">
    <p class='ocr_par' dir='ltr' id='par_1_61' title="bbox 2080 3073 3689 3146">
     <span class='ocr_line' id='line_1_61' title="bbox 2080 3073 3689 3146; baseline -0.002 -13"><span class='ocrx_word' id='word_1_446' title='bbox 2080 3085 2395 3146; x_wconf 85' lang='lat' dir='ltr'><strong>exemptum</strong></span> <span class='ocrx_word' id='word_1_447' title='bbox 2437 3074 2676 3130; x_wconf 87' lang='lat' dir='ltr'><strong>vinculis</strong></span> <span class='ocrx_word' id='word_1_448' title='bbox 2717 3076 2771 3129; x_wconf 92' lang='lat' dir='ltr'><strong>in</strong></span> <span class='ocrx_word' id='word_1_449' title='bbox 2806 3074 3001 3129; x_wconf 90' lang='lat' dir='ltr'><strong>collem</strong></span> <span class='ocrx_word' id='word_1_450' title='bbox 3033 3073 3360 3145; x_wconf 83' lang='lat' dir='ltr'><strong>perducunt,</strong></span> <span class='ocrx_word' id='word_1_451' title='bbox 3389 3090 3583 3131; x_wconf 86' lang='lat' dir='ltr'><strong>causas</strong></span> <span class='ocrx_word' id='word_1_452' title='bbox 3609 3073 3689 3132; x_wconf 90' lang='lat' dir='ltr'><strong>rei</strong></span> 
     </span>
    </p>
   </div>
   <div class='ocr_carea' id='block_1_62' title="bbox 375 3154 1977 3243">
    <p class='ocr_par' dir='ltr' id='par_1_62' title="bbox 375 3164 1976 3243">
     <span class='ocr_line' id='line_1_62' title="bbox 375 3164 1976 3243; baseline -0.007 -13"><span class='ocrx_word' id='word_1_453' title='bbox 375 3182 488 3230; x_wconf 90' lang='lat' dir='ltr'><strong>tum</strong></span> <span class='ocrx_word' id='word_1_454' title='bbox 518 3182 721 3229; x_wconf 74' lang='lat' dir='ltr'><strong>nostra:</strong></span> <span class='ocrx_word' id='word_1_455' title='bbox 748 3169 1023 3243; x_wconf 89' lang='lat' dir='ltr'><strong>opinionis</strong></span> <span class='ocrx_word' id='word_1_456' title='bbox 1051 3167 1402 3232; x_wconf 80' lang='lat' dir='ltr'><strong>adduxerim,</strong></span> <span class='ocrx_word' id='word_1_457' title='bbox 1434 3174 1493 3221; x_wconf 94' lang='lat' dir='ltr'><strong>ut</strong></span> <span class='ocrx_word' id='word_1_458' title='bbox 1517 3181 1610 3221; x_wconf 82' lang='lat' dir='ltr'><strong>rex</strong></span> <span class='ocrx_word' id='word_1_459' title='bbox 1646 3166 1762 3231; x_wconf 90' lang='lat' dir='ltr'><strong>ille,</strong></span> <span class='ocrx_word' id='word_1_460' title='bbox 1794 3164 1976 3219; x_wconf 85' lang='lat' dir='ltr'><strong>Nabu-</strong></span> 
     </span>
    </p>
   </div>
   <div class='ocr_carea' id='block_1_63' title="bbox 2080 3154 3690 3243">
    <p class='ocr_par' dir='ltr' id='par_1_63' title="bbox 2080 3170 3690 3243">
     <span class='ocr_line' id='line_1_63' title="bbox 2080 3170 3690 3243; baseline 0 -17"><span class='ocrx_word' id='word_1_461' title='bbox 2080 3170 2473 3242; x_wconf 72' lang='lat' dir='ltr'><strong>quzerentibus.</strong></span> <span class='ocrx_word' id='word_1_462' title='bbox 2505 3179 2658 3241; x_wconf 90' lang='lat' dir='ltr'><strong>gesta</strong></span> <span class='ocrx_word' id='word_1_463' title='bbox 2690 3170 2933 3239; x_wconf 85' lang='lat' dir='ltr'><strong>exponit,</strong></span> <span class='ocrx_word' id='word_1_464' title='bbox 2968 3182 3331 3241; x_wconf 90' lang='lat' dir='ltr'><strong>receptusque</strong></span> <span class='ocrx_word' id='word_1_465' title='bbox 3360 3186 3544 3243; x_wconf 90' lang='lat' dir='ltr'><strong>parem</strong></span> <span class='ocrx_word' id='word_1_466' title='bbox 3574 3171 3690 3226; x_wconf 84' lang='lat' dir='ltr'><strong>exi-</strong></span> 
     </span>
    </p>
   </div>
   <div class='ocr_carea' id='block_1_64' title="bbox 376 3257 1974 3334">
    <p class='ocr_par' dir='ltr' id='par_1_64' title="bbox 376 3257 1974 3334">
     <span class='ocr_line' id='line_1_64' title="bbox 376 3257 1974 3334; baseline -0.006 -12"><span class='ocrx_word' id='word_1_467' title='bbox 376 3265 724 3322; x_wconf 87' lang='lat' dir='ltr'><strong>chodonosor</strong></span> <span class='ocrx_word' id='word_1_468' title='bbox 779 3273 1166 3334; x_wconf 89' lang='lat' dir='ltr'><strong>nuncupatus,</strong></span> <span class='ocrx_word' id='word_1_469' title='bbox 1218 3258 1403 3317; x_wconf 88' lang='lat' dir='ltr'><strong>Oclms</strong></span> <span class='ocrx_word' id='word_1_470' title='bbox 1450 3258 1656 3323; x_wconf 89' lang='lat' dir='ltr'><strong>fuerit,</strong></span> <span class='ocrx_word' id='word_1_471' title='bbox 1709 3257 1811 3313; x_wconf 92' lang='lat' dir='ltr'><strong>suh</strong></span> <span class='ocrx_word' id='word_1_472' title='bbox 1865 3272 1974 3329; x_wconf 93' lang='lat' dir='ltr'><strong>quo</strong></span> 
     </span>
    </p>
   </div>
   <div class='ocr_carea' id='block_1_65' title="bbox 378 3349 1977 3430">
    <p class='ocr_par' dir='ltr' id='par_1_65' title="bbox 378 3349 1977 3430">
     <span class='ocr_line' id='line_1_65' title="bbox 378 3349 1977 3430; baseline -0.006 -15"><span class='ocrx_word' id='word_1_473' title='bbox 378 3358 614 3430; x_wconf 85' lang='lat' dir='ltr'><strong>Baguam</strong></span> <span class='ocrx_word' id='word_1_474' title='bbox 644 3358 811 3413; x_wconf 89' lang='lat' dir='ltr'><strong>fuisse</strong></span> <span class='ocrx_word' id='word_1_475' title='bbox 837 3355 1147 3412; x_wconf 87' lang='lat' dir='ltr'><strong>mundiales</strong></span> <span class='ocrx_word' id='word_1_476' title='bbox 1175 3354 1422 3410; x_wconf 86' lang='lat' dir='ltr'><strong>historici</strong></span> <span class='ocrx_word' id='word_1_477' title='bbox 1449 3352 1828 3425; x_wconf 88' lang='lat' dir='ltr'><strong>prodiderunt.</strong></span> <span class='ocrx_word' id='word_1_478' title='bbox 1858 3349 1977 3407; x_wconf 68' lang='lat' dir='ltr'><strong>Ca:-</strong></span> 
     </span>
    </p>
   </div>
   <div class='ocr_carea' id='block_1_66' title="bbox 377 3443 1975 3519">
    <p class='ocr_par' dir='ltr' id='par_1_66' title="bbox 377 3443 1975 3519">
     <span class='ocr_line' id='line_1_66' title="bbox 377 3443 1975 3519; baseline -0.006 -9"><span class='ocrx_word' id='word_1_479' title='bbox 377 3463 558 3510; x_wconf 86' lang='lat' dir='ltr'><strong>terum</strong></span> <span class='ocrx_word' id='word_1_480' title='bbox 606 3453 740 3509; x_wconf 90' lang='lat' dir='ltr'><strong>illud</strong></span> <span class='ocrx_word' id='word_1_481' title='bbox 794 3451 997 3508; x_wconf 91' lang='lat' dir='ltr'><strong>nemini</strong></span> <span class='ocrx_word' id='word_1_482' title='bbox 1038 3450 1235 3506; x_wconf 90' lang='lat' dir='ltr'><strong>mirum</strong></span> <span class='ocrx_word' id='word_1_483' title='bbox 1288 3463 1413 3505; x_wconf 90' lang='lat' dir='ltr'><strong>esse</strong></span> <span class='ocrx_word' id='word_1_484' title='bbox 1466 3446 1783 3519; x_wconf 89' lang='lat' dir='ltr'><strong>oportebit,</strong></span> <span class='ocrx_word' id='word_1_485' title='bbox 1832 3443 1975 3515; x_wconf 91' lang='lat' dir='ltr'><strong>quod</strong></span> 
     </span>
    </p>
   </div>
   <div class='ocr_carea' id='block_1_67' title="bbox 378 3538 1978 3617">
    <p class='ocr_par' dir='ltr' id='par_1_67' title="bbox 378 3538 1978 3617">
     <span class='ocr_line' id='line_1_67' title="bbox 378 3538 1978 3617; baseline -0.008 -12"><span class='ocrx_word' id='word_1_486' title='bbox 378 3548 688 3617; x_wconf 83' lang='lat' dir='ltr'><strong>scriptores</strong></span> <span class='ocrx_word' id='word_1_487' title='bbox 725 3546 1061 3600; x_wconf 70' lang='lat' dir='ltr'><strong>saecularium</strong></span> <span class='ocrx_word' id='word_1_488' title='bbox 1118 3543 1430 3599; x_wconf 85' lang='lat' dir='ltr'><strong>litterarum</strong></span> <span class='ocrx_word' id='word_1_489' title='bbox 1476 3540 1614 3595; x_wconf 86' lang='lat' dir='ltr'><strong>nihil</strong></span> <span class='ocrx_word' id='word_1_490' title='bbox 1657 3554 1724 3594; x_wconf 87' lang='lat' dir='ltr'><strong>ex</strong></span> <span class='ocrx_word' id='word_1_491' title='bbox 1752 3538 1835 3592; x_wconf 87' lang='lat' dir='ltr'><strong>his</strong></span> <span class='ocrx_word' id='word_1_492' title='bbox 1857 3552 1978 3608; x_wconf 71' lang='lat' dir='ltr'><strong>qua:</strong></span> 
     </span>
    </p>
   </div>
   <div class='ocr_carea' id='block_1_68' title="bbox 382 3628 1980 3706">
    <p class='ocr_par' dir='ltr' id='par_1_68' title="bbox 382 3628 1980 3706">
     <span class='ocr_line' id='line_1_68' title="bbox 382 3628 1980 3706; baseline -0.009 -9"><span class='ocrx_word' id='word_1_493' title='bbox 382 3640 561 3697; x_wconf 87' lang='lat' dir='ltr'><strong>sacris</strong></span> <span class='ocrx_word' id='word_1_494' title='bbox 586 3638 950 3694; x_wconf 84' lang='lat' dir='ltr'><strong>voluminibus</strong></span> <span class='ocrx_word' id='word_1_495' title='bbox 976 3638 1175 3706; x_wconf 86' lang='lat' dir='ltr'><strong>scripta</strong></span> <span class='ocrx_word' id='word_1_496' title='bbox 1207 3642 1355 3699; x_wconf 90' lang='lat' dir='ltr'><strong>sunt,</strong></span> <span class='ocrx_word' id='word_1_497' title='bbox 1383 3634 1678 3703; x_wconf 88' lang='lat' dir='ltr'><strong>attigerunt</strong></span> <span class='ocrx_word' id='word_1_498' title='bbox 1702 3646 1717 3695; x_wconf 91' lang='lat'><strong>;</strong></span> <span class='ocrx_word' id='word_1_499' title='bbox 1748 3628 1844 3684; x_wconf 86' lang='lat' dir='ltr'><strong>Dei</strong></span> <span class='ocrx_word' id='word_1_500' title='bbox 1870 3628 1980 3698; x_wconf 67' lang='lat' dir='ltr'><strong>spi-</strong></span> 
     </span>
    </p>
   </div>
   <div class='ocr_carea' id='block_1_69' title="bbox 382 3725 1981 3803">
    <p class='ocr_par' dir='ltr' id='par_1_69' title="bbox 382 3725 1981 3803">
     <span class='ocr_line' id='line_1_69' title="bbox 382 3725 1981 3803; baseline -0.01 -13"><span class='ocrx_word' id='word_1_501' title='bbox 382 3734 490 3791; x_wconf 88' lang='lat' dir='ltr'><strong>ritu</strong></span> <span class='ocrx_word' id='word_1_502' title='bbox 526 3731 879 3803; x_wconf 65' lang='lat' dir='ltr'><strong>praivalente,</strong></span> <span class='ocrx_word' id='word_1_503' title='bbox 927 3739 983 3785; x_wconf 89' lang='lat' dir='ltr'><strong>ut</strong></span> <span class='ocrx_word' id='word_1_504' title='bbox 1024 3728 1343 3784; x_wconf 88' lang='lat' dir='ltr'><strong>iutaminata</strong></span> <span class='ocrx_word' id='word_1_505' title='bbox 1383 3725 1452 3780; x_wconf 88' lang='lat' dir='ltr'><strong>ab</strong></span> <span class='ocrx_word' id='word_1_506' title='bbox 1499 3740 1595 3779; x_wconf 90' lang='lat' dir='ltr'><strong>ore</strong></span> <span class='ocrx_word' id='word_1_507' title='bbox 1638 3732 1898 3793; x_wconf 91' lang='lat' dir='ltr'><strong>corrupto</strong></span> <span class='ocrx_word' id='word_1_508' title='bbox 1924 3727 1981 3776; x_wconf 87' lang='lat' dir='ltr'><strong>et</strong></span> 
     </span>
    </p>
   </div>
   <div class='ocr_carea' id='block_1_70' title="bbox 382 3816 1982 3889">
    <p class='ocr_par' dir='ltr' id='par_1_70' title="bbox 382 3816 1982 3889">
     <span class='ocr_line' id='line_1_70' title="bbox 382 3816 1982 3889; baseline -0.009 -6"><span class='ocrx_word' id='word_1_509' title='bbox 382 3826 535 3883; x_wconf 78' lang='lat' dir='ltr'><strong>falsis</strong></span> <span class='ocrx_word' id='word_1_510' title='bbox 561 3840 687 3881; x_wconf 88' lang='lat' dir='ltr'><strong>vera</strong></span> <span class='ocrx_word' id='word_1_511' title='bbox 718 3826 1008 3889; x_wconf 89' lang='lat' dir='ltr'><strong>miscente,</strong></span> <span class='ocrx_word' id='word_1_512' title='bbox 1040 3822 1182 3877; x_wconf 90' lang='lat' dir='ltr'><strong>intra</strong></span> <span class='ocrx_word' id='word_1_513' title='bbox 1205 3835 1302 3877; x_wconf 91' lang='lat' dir='ltr'><strong>sua</strong></span> <span class='ocrx_word' id='word_1_514' title='bbox 1325 3827 1536 3876; x_wconf 87' lang='lat' dir='ltr'><strong>tantum</strong></span> <span class='ocrx_word' id='word_1_515' title='bbox 1562 3816 1826 3889; x_wconf 83' lang='lat' dir='ltr'><strong>mysteria</strong></span> <span class='ocrx_word' id='word_1_516' title='bbox 1851 3829 1982 3869; x_wconf 91' lang='lat' dir='ltr'><strong>con-</strong></span> 
     </span>
    </p>
   </div>
   <div class='ocr_carea' id='block_1_71' title="bbox 384 3908 1979 3987">
    <p class='ocr_par' dir='ltr' id='par_1_71' title="bbox 384 3908 1979 3987">
     <span class='ocr_line' id='line_1_71' title="bbox 384 3908 1979 3987; baseline -0.009 -11"><span class='ocrx_word' id='word_1_517' title='bbox 384 3922 653 3978; x_wconf 88' lang='lat' dir='ltr'><strong>tineretur</strong></span> <span class='ocrx_word' id='word_1_518' title='bbox 682 3917 910 3974; x_wconf 86' lang='lat' dir='ltr'><strong>historia</strong></span> <span class='ocrx_word' id='word_1_519' title='bbox 935 3959 951 3981; x_wconf 91' lang='lat'><strong>,</strong></span> <span class='ocrx_word' id='word_1_520' title='bbox 984 3931 1105 3987; x_wconf 75' lang='lat' dir='ltr'><strong>qua:</strong></span> <span class='ocrx_word' id='word_1_521' title='bbox 1135 3924 1387 3986; x_wconf 88' lang='lat' dir='ltr'><strong>separata</strong></span> <span class='ocrx_word' id='word_1_522' title='bbox 1414 3928 1445 3968; x_wconf 92' lang='lat' dir='ltr'><strong>a</strong></span> <span class='ocrx_word' id='word_1_523' title='bbox 1482 3911 1669 3967; x_wconf 89' lang='lat' dir='ltr'><strong>mundi</strong></span> <span class='ocrx_word' id='word_1_524' title='bbox 1712 3908 1943 3980; x_wconf 83' lang='lat' dir='ltr'><strong>negotiis</strong></span> <span class='ocrx_word' id='word_1_525' title='bbox 1962 3950 1979 3975; x_wconf 87' lang='lat'><strong>,</strong></span> 
     </span>
    </p>
   </div>
   <div class='ocr_carea' id='block_1_72' title="bbox 384 4005 1982 4082">
    <p class='ocr_par' dir='ltr' id='par_1_72' title="bbox 384 4005 1982 4082">
     <span class='ocr_line' id='line_1_72' title="bbox 384 4005 1982 4082; baseline -0.009 -10"><span class='ocrx_word' id='word_1_526' title='bbox 384 4026 440 4072; x_wconf 86' lang='lat' dir='ltr'><strong>et</strong></span> <span class='ocrx_word' id='word_1_527' title='bbox 466 4014 635 4071; x_wconf 89' lang='lat' dir='ltr'><strong>sacris</strong></span> <span class='ocrx_word' id='word_1_528' title='bbox 662 4024 872 4069; x_wconf 92' lang='lat' dir='ltr'><strong>tantum</strong></span> <span class='ocrx_word' id='word_1_529' title='bbox 896 4012 1121 4068; x_wconf 86' lang='lat' dir='ltr'><strong>vocibus</strong></span> <span class='ocrx_word' id='word_1_530' title='bbox 1144 4009 1487 4082; x_wconf 89' lang='lat' dir='ltr'><strong>proferenda,</strong></span> <span class='ocrx_word' id='word_1_531' title='bbox 1514 4005 1834 4078; x_wconf 86' lang='lat' dir='ltr'><strong>permisceri</strong></span> <span class='ocrx_word' id='word_1_532' title='bbox 1857 4019 1982 4059; x_wconf 91' lang='lat' dir='ltr'><strong>cum</strong></span> 
     </span>
    </p>
   </div>
   <div class='ocr_carea' id='block_1_73' title="bbox 390 4098 1982 4179">
    <p class='ocr_par' dir='ltr' id='par_1_73' title="bbox 390 4098 1982 4179">
     <span class='ocr_line' id='line_1_73' title="bbox 390 4098 1982 4179; baseline -0.007 -16"><span class='ocrx_word' id='word_1_533' title='bbox 390 4108 512 4164; x_wconf 89' lang='lat' dir='ltr'><strong>aliis</strong></span> <span class='ocrx_word' id='word_1_534' title='bbox 535 4110 686 4164; x_wconf 84' lang='lat' dir='ltr'><strong>velut</strong></span> <span class='ocrx_word' id='word_1_535' title='bbox 706 4106 902 4179; x_wconf 68' lang='lat' dir='ltr'><strong>aequali</strong></span> <span class='ocrx_word' id='word_1_536' title='bbox 922 4115 1072 4161; x_wconf 89' lang='lat' dir='ltr'><strong>sorte</strong></span> <span class='ocrx_word' id='word_1_537' title='bbox 1094 4119 1203 4159; x_wconf 94' lang='lat' dir='ltr'><strong>non</strong></span> <span class='ocrx_word' id='word_1_538' title='bbox 1225 4103 1442 4168; x_wconf 90' lang='lat' dir='ltr'><strong>debuit;</strong></span> <span class='ocrx_word' id='word_1_539' title='bbox 1466 4101 1671 4159; x_wconf 87' lang='lat' dir='ltr'><strong>etenim</strong></span> <span class='ocrx_word' id='word_1_540' title='bbox 1695 4108 1813 4157; x_wconf 90' lang='lat' dir='ltr'><strong>erat</strong></span> <span class='ocrx_word' id='word_1_541' title='bbox 1835 4098 1982 4155; x_wconf 89' lang='lat' dir='ltr'><strong>indi-</strong></span> 
     </span>
    </p>
   </div>
   <div class='ocr_carea' id='block_1_74' title="bbox 384 4194 1981 4275">
    <p class='ocr_par' dir='ltr' id='par_1_74' title="bbox 384 4194 1981 4275">
     <span class='ocr_line' id='line_1_74' title="bbox 384 4194 1981 4275; baseline -0.008 -16"><span class='ocrx_word' id='word_1_542' title='bbox 384 4202 729 4275; x_wconf 86' lang='lat' dir='ltr'><strong>gnissimum,</strong></span> <span class='ocrx_word' id='word_1_543' title='bbox 764 4210 824 4258; x_wconf 93' lang='lat' dir='ltr'><strong>ut</strong></span> <span class='ocrx_word' id='word_1_544' title='bbox 850 4201 956 4256; x_wconf 89' lang='lat' dir='ltr'><strong>alia</strong></span> <span class='ocrx_word' id='word_1_545' title='bbox 986 4199 1298 4271; x_wconf 88' lang='lat' dir='ltr'><strong>agentibus,</strong></span> <span class='ocrx_word' id='word_1_546' title='bbox 1326 4206 1422 4253; x_wconf 90' lang='lat' dir='ltr'><strong>aut</strong></span> <span class='ocrx_word' id='word_1_547' title='bbox 1444 4198 1551 4253; x_wconf 81' lang='lat' dir='ltr'><strong>alia</strong></span> <span class='ocrx_word' id='word_1_548' title='bbox 1577 4194 1981 4267; x_wconf 69' lang='lat' dir='ltr'><strong>quaerentibus,</strong></span> 
     </span>
    </p>
   </div>
   <div class='ocr_carea' id='block_1_75' title="bbox 387 4290 1982 4369">
    <p class='ocr_par' dir='ltr' id='par_1_75' title="bbox 387 4290 1982 4369">
     <span class='ocr_line' id='line_1_75' title="bbox 387 4290 1982 4369; baseline -0.008 -16"><span class='ocrx_word' id='word_1_549' title='bbox 387 4296 502 4353; x_wconf 62' lang='lat' dir='ltr'><strong>lucc</strong></span> <span class='ocrx_word' id='word_1_550' title='bbox 531 4313 750 4369; x_wconf 88' lang='lat' dir='ltr'><strong>quoque</strong></span> <span class='ocrx_word' id='word_1_551' title='bbox 789 4312 913 4353; x_wconf 91' lang='lat' dir='ltr'><strong>cum</strong></span> <span class='ocrx_word' id='word_1_552' title='bbox 944 4294 1170 4365; x_wconf 79' lang='lat' dir='ltr'><strong>reliquis</strong></span> <span class='ocrx_word' id='word_1_553' title='bbox 1200 4293 1585 4350; x_wconf 84' lang='lat' dir='ltr'><strong>miscerentur.</strong></span> <span class='ocrx_word' id='word_1_554' title='bbox 1628 4290 1735 4348; x_wconf 88' lang='lat' dir='ltr'><strong>Sed</strong></span> <span class='ocrx_word' id='word_1_555' title='bbox 1765 4302 1982 4359; x_wconf 86' lang='lat' dir='ltr'><strong>pergam</strong></span> 
     </span>
    </p>
   </div>
   <div class='ocr_carea' id='block_1_76' title="bbox 388 4378 1987 4461">
    <p class='ocr_par' dir='ltr' id='par_1_76' title="bbox 388 4378 1987 4461">
     <span class='ocr_line' id='line_1_76' title="bbox 388 4378 1987 4461; baseline -0.008 -14"><span class='ocrx_word' id='word_1_556' title='bbox 388 4392 454 4448; x_wconf 91' lang='lat' dir='ltr'><strong>ad</strong></span> <span class='ocrx_word' id='word_1_557' title='bbox 483 4402 705 4461; x_wconf 68' lang='lat' dir='ltr'><strong>caetera,</strong></span> <span class='ocrx_word' id='word_1_558' title='bbox 732 4406 797 4447; x_wconf 89' lang='lat' dir='ltr'><strong>ac</strong></span> <span class='ocrx_word' id='word_1_559' title='bbox 823 4405 920 4461; x_wconf 89' lang='lat' dir='ltr'><strong>per</strong></span> <span class='ocrx_word' id='word_1_560' title='bbox 938 4387 1123 4445; x_wconf 83' lang='lat' dir='ltr'><strong>Judith</strong></span> <span class='ocrx_word' id='word_1_561' title='bbox 1144 4396 1322 4459; x_wconf 86' lang='lat' dir='ltr'><strong>gesta,</strong></span> <span class='ocrx_word' id='word_1_562' title='bbox 1350 4394 1408 4441; x_wconf 93' lang='lat' dir='ltr'><strong>ut</strong></span> <span class='ocrx_word' id='word_1_563' title='bbox 1429 4394 1644 4456; x_wconf 88' lang='lat' dir='ltr'><strong>potero,</strong></span> <span class='ocrx_word' id='word_1_564' title='bbox 1675 4382 1864 4454; x_wconf 87' lang='lat' dir='ltr'><strong>paucis</strong></span> <span class='ocrx_word' id='word_1_565' title='bbox 1890 4378 1987 4435; x_wconf 90' lang='lat' dir='ltr'><strong>ab-</strong></span> 
     </span>
    </p>
   </div>
   <div class='ocr_carea' id='block_1_77' title="bbox 390 4486 618 4542">
    <p class='ocr_par' dir='ltr' id='par_1_77' title="bbox 390 4486 618 4542">
     <span class='ocr_line' id='line_1_77' title="bbox 390 4486 618 4542; baseline 0 -2"><span class='ocrx_word' id='word_1_566' title='bbox 390 4486 618 4542; x_wconf 83' lang='lat' dir='ltr'><strong>solvam.</strong></span> 
     </span>
    </p>
   </div>
   <div class='ocr_carea' id='block_1_78' title="bbox 2079 3264 3688 3335">
    <p class='ocr_par' dir='ltr' id='par_1_78' title="bbox 2079 3264 3688 3335">
     <span class='ocr_line' id='line_1_78' title="bbox 2079 3264 3688 3335; baseline 0.001 -16"><span class='ocrx_word' id='word_1_567' title='bbox 2079 3274 2190 3320; x_wconf 92' lang='lat' dir='ltr'><strong>tum</strong></span> <span class='ocrx_word' id='word_1_568' title='bbox 2240 3265 2652 3335; x_wconf 86' lang='lat' dir='ltr'><strong>opperiebatur,</strong></span> <span class='ocrx_word' id='word_1_569' title='bbox 2701 3264 2747 3317; x_wconf 91' lang='lat' dir='ltr'><strong>is</strong></span> <span class='ocrx_word' id='word_1_570' title='bbox 2790 3274 2913 3333; x_wconf 90' lang='lat' dir='ltr'><strong>post</strong></span> <span class='ocrx_word' id='word_1_571' title='bbox 2960 3264 3247 3321; x_wconf 85' lang='lat' dir='ltr'><strong>victoriam</strong></span> <span class='ocrx_word' id='word_1_572' title='bbox 3291 3266 3688 3335; x_wconf 86' lang='lat' dir='ltr'><strong>circumcisus,</strong></span> 
     </span>
    </p>
   </div>
   <div class='ocr_carea' id='block_1_79' title="bbox 2075 3356 3688 3428">
    <p class='ocr_par' dir='ltr' id='par_1_79' title="bbox 2075 3356 3688 3428">
     <span class='ocr_line' id='line_1_79' title="bbox 2075 3356 3688 3428; baseline 0.002 -16"><span class='ocrx_word' id='word_1_573' title='bbox 2075 3356 2295 3413; x_wconf 68' lang='lat' dir='ltr'><strong>Judaaus</strong></span> <span class='ocrx_word' id='word_1_574' title='bbox 2323 3356 2499 3412; x_wconf 83' lang='lat' dir='ltr'><strong>factus</strong></span> <span class='ocrx_word' id='word_1_575' title='bbox 2528 3366 2634 3412; x_wconf 89' lang='lat' dir='ltr'><strong>est.</strong></span> <span class='ocrx_word' id='word_1_576' title='bbox 2679 3357 2845 3428; x_wconf 90' lang='lat' dir='ltr'><strong>lgitur</strong></span> <span class='ocrx_word' id='word_1_577' title='bbox 2876 3357 3221 3425; x_wconf 81' lang='lat' dir='ltr'><strong>liololernes,</strong></span> <span class='ocrx_word' id='word_1_578' title='bbox 3251 3359 3575 3416; x_wconf 84' lang='lat' dir='ltr'><strong>difficultate</strong></span> <span class='ocrx_word' id='word_1_579' title='bbox 3606 3361 3688 3415; x_wconf 85' lang='lat' dir='ltr'><strong>lo-</strong></span> 
     </span>
    </p>
   </div>
   <div class='ocr_carea' id='block_1_80' title="bbox 2077 3451 3683 3526">
    <p class='ocr_par' dir='ltr' id='par_1_80' title="bbox 2077 3451 3683 3526">
     <span class='ocr_line' id='line_1_80' title="bbox 2077 3451 3683 3526; baseline -0.001 -18"><span class='ocrx_word' id='word_1_580' title='bbox 2077 3468 2268 3508; x_wconf 90' lang='lat' dir='ltr'><strong>corum</strong></span> <span class='ocrx_word' id='word_1_581' title='bbox 2308 3451 2586 3522; x_wconf 81' lang='lat' dir='ltr'><strong>comperta</strong></span> <span class='ocrx_word' id='word_1_582' title='bbox 2612 3493 2625 3517; x_wconf 92' lang='lat'><strong>,</strong></span> <span class='ocrx_word' id='word_1_583' title='bbox 2655 3452 2777 3520; x_wconf 82' lang='lat' dir='ltr'><strong>quia</strong></span> <span class='ocrx_word' id='word_1_584' title='bbox 2811 3452 2948 3506; x_wconf 88' lang='lat' dir='ltr'><strong>adiri</strong></span> <span class='ocrx_word' id='word_1_585' title='bbox 2978 3455 3237 3523; x_wconf 79' lang='lat' dir='ltr'><strong>praecelsa</strong></span> <span class='ocrx_word' id='word_1_586' title='bbox 3269 3470 3375 3509; x_wconf 89' lang='lat' dir='ltr'><strong>non</strong></span> <span class='ocrx_word' id='word_1_587' title='bbox 3408 3465 3683 3526; x_wconf 84' lang='lat' dir='ltr'><strong>poterant,</strong></span> 
     </span>
    </p>
   </div>
   <div class='ocr_carea' id='block_1_81' title="bbox 2078 3542 3693 3611">
    <p class='ocr_par' dir='ltr' id='par_1_81' title="bbox 2078 3542 3693 3611">
     <span class='ocr_line' id='line_1_81' title="bbox 2078 3542 3693 3611; baseline 0 -11"><span class='ocrx_word' id='word_1_588' title='bbox 2078 3556 2291 3600; x_wconf 91' lang='lat' dir='ltr'><strong>montes</strong></span> <span class='ocrx_word' id='word_1_589' title='bbox 2318 3543 2580 3598; x_wconf 85' lang='lat' dir='ltr'><strong>militibus</strong></span> <span class='ocrx_word' id='word_1_590' title='bbox 2602 3542 2929 3611; x_wconf 88' lang='lat' dir='ltr'><strong>circumdat,</strong></span> <span class='ocrx_word' id='word_1_591' title='bbox 2958 3554 3014 3599; x_wconf 91' lang='lat' dir='ltr'><strong>et</strong></span> <span class='ocrx_word' id='word_1_592' title='bbox 3037 3559 3246 3599; x_wconf 88' lang='lat' dir='ltr'><strong>summa</strong></span> <span class='ocrx_word' id='word_1_593' title='bbox 3273 3561 3400 3599; x_wconf 92' lang='lat' dir='ltr'><strong>cura</strong></span> <span class='ocrx_word' id='word_1_594' title='bbox 3434 3545 3693 3600; x_wconf 77' lang='lat' dir='ltr'><strong>llebrteos</strong></span> 
     </span>
    </p>
   </div>
   <div class='ocr_carea' id='block_1_82' title="bbox 2078 3635 3690 3710">
    <p class='ocr_par' dir='ltr' id='par_1_82' title="bbox 2078 3635 3690 3710">
     <span class='ocr_line' id='line_1_82' title="bbox 2078 3635 3690 3710; baseline -0.001 -16"><span class='ocrx_word' id='word_1_595' title='bbox 2078 3637 2461 3710; x_wconf 86' lang='lat' dir='ltr'><strong>aquationibns</strong></span> <span class='ocrx_word' id='word_1_596' title='bbox 2490 3635 2745 3706; x_wconf 90' lang='lat' dir='ltr'><strong>prohibet</strong></span> <span class='ocrx_word' id='word_1_597' title='bbox 2780 3654 2793 3690; x_wconf 91' lang='lat'>:</span> <span class='ocrx_word' id='word_1_598' title='bbox 2834 3653 3014 3708; x_wconf 89' lang='lat' dir='ltr'><strong>eoque</strong></span> <span class='ocrx_word' id='word_1_599' title='bbox 3046 3638 3312 3693; x_wconf 90' lang='lat' dir='ltr'><strong>maturius</strong></span> <span class='ocrx_word' id='word_1_600' title='bbox 3344 3638 3690 3693; x_wconf 89' lang='lat' dir='ltr'><strong>obsidionem</strong></span> 
     </span>
    </p>
   </div>
   <div class='ocr_carea' id='block_1_83' title="bbox 2079 3728 3689 3799">
    <p class='ocr_par' dir='ltr' id='par_1_83' title="bbox 2079 3728 3689 3799">
     <span class='ocr_line' id='line_1_83' title="bbox 2079 3728 3689 3799; baseline -0.001 -14"><span class='ocrx_word' id='word_1_601' title='bbox 2079 3743 2323 3787; x_wconf 90' lang='lat' dir='ltr'><strong>sensere.</strong></span> <span class='ocrx_word' id='word_1_602' title='bbox 2356 3728 2542 3797; x_wconf 84' lang='lat' dir='ltr'><strong>Itaque</strong></span> <span class='ocrx_word' id='word_1_603' title='bbox 2566 3728 2694 3782; x_wconf 89' lang='lat' dir='ltr'><strong>victi</strong></span> <span class='ocrx_word' id='word_1_604' title='bbox 2724 3732 2947 3797; x_wconf 89' lang='lat' dir='ltr'><strong>penuria</strong></span> <span class='ocrx_word' id='word_1_605' title='bbox 2971 3744 3147 3798; x_wconf 66' lang='lat' dir='ltr'><strong>aquae,</strong></span> <span class='ocrx_word' id='word_1_606' title='bbox 3175 3729 3241 3783; x_wconf 88' lang='lat' dir='ltr'><strong>ad</strong></span> <span class='ocrx_word' id='word_1_607' title='bbox 3269 3728 3454 3784; x_wconf 85' lang='lat' dir='ltr'><strong>Oziam</strong></span> <span class='ocrx_word' id='word_1_608' title='bbox 3483 3730 3689 3799; x_wconf 81' lang='lat' dir='ltr'><strong>princi-</strong></span> 
     </span>
    </p>
   </div>
   <div class='ocr_carea' id='block_1_84' title="bbox 2080 3821 3691 3895">
    <p class='ocr_par' dir='ltr' id='par_1_84' title="bbox 2080 3821 3691 3895">
     <span class='ocr_line' id='line_1_84' title="bbox 2080 3821 3691 3895; baseline 0 -16"><span class='ocrx_word' id='word_1_609' title='bbox 2080 3839 2204 3895; x_wconf 89' lang='lat' dir='ltr'><strong>pem</strong></span> <span class='ocrx_word' id='word_1_610' title='bbox 2245 3830 2581 3877; x_wconf 90' lang='lat' dir='ltr'><strong>eoneurrunt</strong></span> <span class='ocrx_word' id='word_1_611' title='bbox 2620 3821 2773 3891; x_wconf 90' lang='lat' dir='ltr'><strong>proni</strong></span> <span class='ocrx_word' id='word_1_612' title='bbox 2820 3835 3012 3876; x_wconf 91' lang='lat' dir='ltr'><strong>omnes</strong></span> <span class='ocrx_word' id='word_1_613' title='bbox 3052 3822 3121 3876; x_wconf 89' lang='lat' dir='ltr'><strong>ad</strong></span> <span class='ocrx_word' id='word_1_614' title='bbox 3168 3822 3549 3890; x_wconf 88' lang='lat' dir='ltr'><strong>deditionem;</strong></span> <span class='ocrx_word' id='word_1_615' title='bbox 3600 3824 3691 3879; x_wconf 85' lang='lat' dir='ltr'><strong>ille</strong></span> 
     </span>
    </p>
   </div>
   <div class='ocr_carea' id='block_1_85' title="bbox 2080 3914 3686 3987">
    <p class='ocr_par' dir='ltr' id='par_1_85' title="bbox 2080 3914 3686 3987">
     <span class='ocr_line' id='line_1_85' title="bbox 2080 3914 3686 3987; baseline 0.001 -14"><span class='ocrx_word' id='word_1_616' title='bbox 2080 3934 2212 3974; x_wconf 88' lang='lat' dir='ltr'><strong>vero</strong></span> <span class='ocrx_word' id='word_1_617' title='bbox 2253 3914 2652 3987; x_wconf 90' lang='lat' dir='ltr'><strong>opperiendum</strong></span> <span class='ocrx_word' id='word_1_618' title='bbox 2696 3914 2997 3985; x_wconf 89' lang='lat' dir='ltr'><strong>paulisper,</strong></span> <span class='ocrx_word' id='word_1_619' title='bbox 3038 3924 3093 3970; x_wconf 89' lang='lat' dir='ltr'><strong>ct</strong></span> <span class='ocrx_word' id='word_1_620' title='bbox 3134 3914 3376 3971; x_wconf 89' lang='lat' dir='ltr'><strong>divinum</strong></span> <span class='ocrx_word' id='word_1_621' title='bbox 3421 3917 3686 3973; x_wconf 88' lang='lat' dir='ltr'><strong>auxilium</strong></span> 
     </span>
    </p>
   </div>
   <div class='ocr_carea' id='block_1_86' title="bbox 2082 4006 3694 4080">
    <p class='ocr_par' dir='ltr' id='par_1_86' title="bbox 2082 4006 3694 4080">
     <span class='ocr_line' id='line_1_86' title="bbox 2082 4006 3694 4080; baseline -0.001 -15"><span class='ocrx_word' id='word_1_622' title='bbox 2082 4006 2509 4080; x_wconf 84' lang='lat' dir='ltr'><strong>exspectandum</strong></span> <span class='ocrx_word' id='word_1_623' title='bbox 2553 4006 2925 4076; x_wconf 89' lang='lat' dir='ltr'><strong>respondens,</strong></span> <span class='ocrx_word' id='word_1_624' title='bbox 2958 4006 3153 4077; x_wconf 91' lang='lat' dir='ltr'><strong>quinto</strong></span> <span class='ocrx_word' id='word_1_625' title='bbox 3185 4008 3383 4062; x_wconf 85' lang='lat' dir='ltr'><strong>decimo</strong></span> <span class='ocrx_word' id='word_1_626' title='bbox 3420 4007 3512 4064; x_wconf 91' lang='lat' dir='ltr'><strong>die</strong></span> <span class='ocrx_word' id='word_1_627' title='bbox 3540 4008 3694 4064; x_wconf 92' lang='lat' dir='ltr'><strong>dedi-</strong></span> 
     </span>
    </p>
   </div>
   <div class='ocr_carea' id='block_1_87' title="bbox 2084 4097 2819 4171">
    <p class='ocr_par' dir='ltr' id='par_1_87' title="bbox 2084 4097 2819 4171">
     <span class='ocr_line' id='line_1_87' title="bbox 2084 4097 2819 4171; baseline -0.005 -13"><span class='ocrx_word' id='word_1_628' title='bbox 2084 4103 2249 4158; x_wconf 84' lang='lat' dir='ltr'><strong>tionis</strong></span> <span class='ocrx_word' id='word_1_629' title='bbox 2281 4112 2493 4171; x_wconf 89' lang='lat' dir='ltr'><strong>tempus</strong></span> <span class='ocrx_word' id='word_1_630' title='bbox 2516 4097 2819 4154; x_wconf 85' lang='lat' dir='ltr'><strong>constituit.</strong></span> 
     </span>
    </p>
   </div>
   <div class='ocr_carea' id='block_1_88' title="bbox 2158 4190 3689 4263">
    <p class='ocr_par' dir='ltr' id='par_1_88' title="bbox 2158 4190 3689 4263">
     <span class='ocr_line' id='line_1_88' title="bbox 2158 4190 3689 4263; baseline -0.001 -12"><span class='ocrx_word' id='word_1_631' title='bbox 2158 4192 2299 4251; x_wconf 82' lang='lat' dir='ltr'><strong>XVI.</strong></span> <span class='ocrx_word' id='word_1_632' title='bbox 2342 4192 2497 4261; x_wconf 86' lang='lat' dir='ltr'><strong>Quod</strong></span> <span class='ocrx_word' id='word_1_633' title='bbox 2521 4193 2609 4249; x_wconf 82' lang='lat' dir='ltr'><strong>tibi</strong></span> <span class='ocrx_word' id='word_1_634' title='bbox 2628 4191 2815 4249; x_wconf 85' lang='lat' dir='ltr'><strong>Judith</strong></span> <span class='ocrx_word' id='word_1_635' title='bbox 2836 4200 3178 4262; x_wconf 91' lang='lat' dir='ltr'><strong>compertum</strong></span> <span class='ocrx_word' id='word_1_636' title='bbox 3201 4190 3343 4263; x_wconf 65' lang='lat' dir='ltr'><strong>(quae</strong></span> <span class='ocrx_word' id='word_1_637' title='bbox 3365 4192 3485 4249; x_wconf 90' lang='lat' dir='ltr'><strong>viro</strong></span> <span class='ocrx_word' id='word_1_638' title='bbox 3506 4194 3689 4259; x_wconf 90' lang='lat' dir='ltr'><strong>vidua,</strong></span> 
     </span>
    </p>
   </div>
   <div class='ocr_carea' id='block_1_89' title="bbox 2087 4286 3683 4361">
    <p class='ocr_par' dir='ltr' id='par_1_89' title="bbox 2087 4286 3683 4361">
     <span class='ocr_line' id='line_1_89' title="bbox 2087 4286 3683 4361; baseline -0.001 -16"><span class='ocrx_word' id='word_1_639' title='bbox 2087 4290 2355 4361; x_wconf 60' lang='lat' dir='ltr'><strong>praedives</strong></span> <span class='ocrx_word' id='word_1_640' title='bbox 2383 4287 2599 4359; x_wconf 91' lang='lat' dir='ltr'><strong>opibus,</strong></span> <span class='ocrx_word' id='word_1_641' title='bbox 2630 4286 2859 4357; x_wconf 83' lang='lat' dir='ltr'><strong>insignis</strong></span> <span class='ocrx_word' id='word_1_642' title='bbox 2882 4288 3087 4357; x_wconf 86' lang='lat' dir='ltr'><strong>specie,</strong></span> <span class='ocrx_word' id='word_1_643' title='bbox 3120 4287 3216 4343; x_wconf 88' lang='lat' dir='ltr'><strong>sed</strong></span> <span class='ocrx_word' id='word_1_644' title='bbox 3251 4290 3494 4345; x_wconf 90' lang='lat' dir='ltr'><strong>moribus</strong></span> <span class='ocrx_word' id='word_1_645' title='bbox 3523 4305 3683 4359; x_wconf 86' lang='lat' dir='ltr'><strong>quam</strong></span> 
     </span>
    </p>
   </div>
   <div class='ocr_carea' id='block_1_90' title="bbox 2089 4381 3689 4450">
    <p class='ocr_par' dir='ltr' id='par_1_90' title="bbox 2089 4381 3689 4450">
     <span class='ocr_line' id='line_1_90' title="bbox 2089 4381 3689 4450; baseline 0 -11"><span class='ocrx_word' id='word_1_646' title='bbox 2089 4385 2242 4440; x_wconf 91' lang='lat' dir='ltr'><strong>vultu</strong></span> <span class='ocrx_word' id='word_1_647' title='bbox 2286 4382 2576 4449; x_wconf 89' lang='lat' dir='ltr'><strong>illustrior,</strong></span> <span class='ocrx_word' id='word_1_648' title='bbox 2619 4390 2731 4436; x_wconf 90' lang='lat' dir='ltr'><strong>tum</strong></span> <span class='ocrx_word' id='word_1_649' title='bbox 2768 4381 2820 4436; x_wconf 92' lang='lat' dir='ltr'><strong>in</strong></span> <span class='ocrx_word' id='word_1_650' title='bbox 2858 4382 3054 4437; x_wconf 86' lang='lat' dir='ltr'><strong>castris</strong></span> <span class='ocrx_word' id='word_1_651' title='bbox 3098 4386 3243 4450; x_wconf 90' lang='lat' dir='ltr'><strong>erat)</strong></span> <span class='ocrx_word' id='word_1_652' title='bbox 3267 4383 3435 4438; x_wconf 89' lang='lat' dir='ltr'><strong>arctis</strong></span> <span class='ocrx_word' id='word_1_653' title='bbox 3465 4398 3689 4439; x_wconf 90' lang='lat' dir='ltr'><strong>suorum</strong></span> 
     </span>
    </p>
   </div>
   <div class='ocr_carea' id='block_1_91' title="bbox 2090 4473 3699 4547">
    <p class='ocr_par' dir='ltr' id='par_1_91' title="bbox 2090 4473 3699 4547">
     <span class='ocr_line' id='line_1_91' title="bbox 2090 4473 3699 4547; baseline -0.002 -13"><span class='ocrx_word' id='word_1_654' title='bbox 2090 4477 2253 4534; x_wconf 85' lang='lat' dir='ltr'><strong>rebus</strong></span> <span class='ocrx_word' id='word_1_655' title='bbox 2295 4477 2460 4533; x_wconf 92' lang='lat' dir='ltr'><strong>etiam</strong></span> <span class='ocrx_word' id='word_1_656' title='bbox 2503 4482 2656 4532; x_wconf 87' lang='lat' dir='ltr'><strong>certo</strong></span> <span class='ocrx_word' id='word_1_657' title='bbox 2697 4473 2800 4530; x_wconf 89' lang='lat' dir='ltr'><strong>sibi</strong></span> <span class='ocrx_word' id='word_1_658' title='bbox 2840 4475 3010 4530; x_wconf 83' lang='lat' dir='ltr'><strong>exitio</strong></span> <span class='ocrx_word' id='word_1_659' title='bbox 3047 4475 3361 4530; x_wconf 88' lang='lat' dir='ltr'><strong>audendum</strong></span> <span class='ocrx_word' id='word_1_660' title='bbox 3402 4477 3608 4547; x_wconf 89' lang='lat' dir='ltr'><strong>aliquid</strong></span> <span class='ocrx_word' id='word_1_661' title='bbox 3641 4488 3699 4534; x_wconf 89' lang='lat' dir='ltr'><strong>et</strong></span> 
     </span>
    </p>
   </div>
   <div class='ocr_carea' id='block_1_92' title="bbox 470 4550 3698 4650">
    <p class='ocr_par' dir='ltr' id='par_1_92' title="bbox 470 4550 3698 4650">
     <span class='ocr_line' id='line_1_92' title="bbox 470 4550 3698 4650; baseline -0.009 1"><span class='ocrx_word' id='word_1_662' title='bbox 470 4580 588 4637; x_wconf 66' lang='lat' dir='ltr'><strong>XV-</strong></span> <span class='ocrx_word' id='word_1_663' title='bbox 628 4579 794 4650; x_wconf 71' lang='grc' dir='ltr'><strong>ιείιυτ</strong></span> <span class='ocrx_word' id='word_1_664' title='bbox 838 4576 1101 4644; x_wconf 52' lang='lat' dir='ltr'><strong>reveni“:</strong></span> <span class='ocrx_word' id='word_1_665' title='bbox 1151 4583 1212 4631; x_wconf 74' lang='grc' dir='ltr'><strong>ιιι</strong></span> <span class='ocrx_word' id='word_1_666' title='bbox 1244 4588 1419 4644; x_wconf 27' lang='grc' dir='ltr'><strong>έειιρω</strong></span> <span class='ocrx_word' id='word_1_667' title='bbox 1466 4569 1889 4629; x_wconf 89' lang='lat' dir='ltr'><strong>memoravimus</strong></span> <span class='ocrx_word' id='word_1_668' title='bbox 1932 4550 2068 4623; x_wconf 81' lang='lat' dir='ltr'><strong>inD</strong></span> <span class='ocrx_word' id='word_1_669' title='bbox 2095 4571 2411 4628; x_wconf 86' lang='lat' dir='ltr'><strong>tentandum</strong></span> <span class='ocrx_word' id='word_1_670' title='bbox 2444 4579 2599 4634; x_wconf 89' lang='lat' dir='ltr'><strong>rata,</strong></span> <span class='ocrx_word' id='word_1_671' title='bbox 2642 4574 2807 4637; x_wconf 85' lang='lat' dir='ltr'><strong>caput</strong></span> <span class='ocrx_word' id='word_1_672' title='bbox 2839 4566 3036 4633; x_wconf 90' lang='lat' dir='ltr'><strong>comit,</strong></span> <span class='ocrx_word' id='word_1_673' title='bbox 3077 4567 3225 4621; x_wconf 92' lang='lat' dir='ltr'><strong>vultu</strong></span> <span class='ocrx_word' id='word_1_674' title='bbox 3269 4567 3565 4637; x_wconf 73' lang='lat' dir='ltr'><strong>expolitur,</strong></span> <span class='ocrx_word' id='word_1_675' title='bbox 3602 4583 3698 4625; x_wconf 88' lang='lat' dir='ltr'><strong>co-</strong></span> 
     </span>
    </p>
   </div>
   <div class='ocr_carea' id='block_1_93' title="bbox 393 4663 1988 4746">
    <p class='ocr_par' dir='ltr' id='par_1_93' title="bbox 393 4663 1988 4746">
     <span class='ocr_line' id='line_1_93' title="bbox 393 4663 1988 4746; baseline -0.011 -12"><span class='ocrx_word' id='word_1_676' title='bbox 393 4677 566 4735; x_wconf 80' lang='lat' dir='ltr'><strong>solum</strong></span> <span class='ocrx_word' id='word_1_677' title='bbox 620 4675 853 4746; x_wconf 87' lang='lat' dir='ltr'><strong>patrium</strong></span> <span class='ocrx_word' id='word_1_678' title='bbox 889 4669 1117 4734; x_wconf 73' lang='lat' dir='ltr'><strong>Juda-is,</strong></span> <span class='ocrx_word' id='word_1_679' title='bbox 1166 4667 1399 4724; x_wconf 90' lang='lat' dir='ltr'><strong>necdum</strong></span> <span class='ocrx_word' id='word_1_680' title='bbox 1450 4663 1762 4735; x_wconf 89' lang='lat' dir='ltr'><strong>composito</strong></span> <span class='ocrx_word' id='word_1_681' title='bbox 1808 4677 1988 4718; x_wconf 87' lang='lat' dir='ltr'><strong>rerum</strong></span> 
     </span>
    </p>
   </div>
   <div class='ocr_carea' id='block_1_94' title="bbox 392 4752 1988 4829">
    <p class='ocr_par' dir='ltr' id='par_1_94' title="bbox 392 4752 1988 4829">
     <span class='ocr_line' id='line_1_94' title="bbox 392 4752 1988 4829; baseline -0.012 -2"><span class='ocrx_word' id='word_1_682' title='bbox 392 4781 487 4828; x_wconf 84' lang='lat' dir='ltr'><strong>aut</strong></span> <span class='ocrx_word' id='word_1_683' title='bbox 514 4768 665 4824; x_wconf 89' lang='lat' dir='ltr'><strong>urbis</strong></span> <span class='ocrx_word' id='word_1_684' title='bbox 687 4775 856 4829; x_wconf 88' lang='lat' dir='ltr'><strong>statu,</strong></span> <span class='ocrx_word' id='word_1_685' title='bbox 903 4780 998 4819; x_wconf 88' lang='lat' dir='ltr'><strong>rex</strong></span> <span class='ocrx_word' id='word_1_686' title='bbox 1037 4752 1325 4817; x_wconf 78' lang='lat' dir='ltr'><strong>Persarum</strong></span> <span class='ocrx_word' id='word_1_687' title='bbox 1363 4758 1533 4815; x_wconf 83' lang='lat' dir='ltr'><strong>Medis</strong></span> <span class='ocrx_word' id='word_1_688' title='bbox 1570 4757 1775 4813; x_wconf 83' lang='lat' dir='ltr'><strong>bellum</strong></span> <span class='ocrx_word' id='word_1_689' title='bbox 1806 4754 1988 4821; x_wconf 86' lang='lat' dir='ltr'><strong>infert,</strong></span> 
     </span>
    </p>
   </div>
   <div class='ocr_carea' id='block_1_95' title="bbox 391 4846 1992 4936">
    <p class='ocr_par' dir='ltr' id='par_1_95' title="bbox 391 4846 1992 4936">
     <span class='ocr_line' id='line_1_95' title="bbox 391 4846 1992 4936; baseline -0.011 -16"><span class='ocrx_word' id='word_1_690' title='bbox 391 4876 556 4936; x_wconf 86' lang='lat' dir='ltr'><strong>atque</strong></span> <span class='ocrx_word' id='word_1_691' title='bbox 576 4861 837 4917; x_wconf 88' lang='lat' dir='ltr'><strong>adversus</strong></span> <span class='ocrx_word' id='word_1_692' title='bbox 859 4872 1042 4929; x_wconf 87' lang='lat' dir='ltr'><strong>regem</strong></span> <span class='ocrx_word' id='word_1_693' title='bbox 1061 4870 1278 4920; x_wconf 90' lang='lat' dir='ltr'><strong>eorum,</strong></span> <span class='ocrx_word' id='word_1_694' title='bbox 1297 4850 1586 4924; x_wconf 85' lang='lat' dir='ltr'><strong>Arphaxad</strong></span> <span class='ocrx_word' id='word_1_695' title='bbox 1608 4850 1847 4914; x_wconf 91' lang='lat' dir='ltr'><strong>nomine,</strong></span> <span class='ocrx_word' id='word_1_696' title='bbox 1874 4846 1992 4902; x_wconf 89' lang='lat' dir='ltr'><strong>acie</strong></span> 
     </span>
    </p>
   </div>
   <div class='ocr_carea' id='block_1_96' title="bbox 392 4949 1989 5028">
    <p class='ocr_par' dir='ltr' id='par_1_96' title="bbox 392 4949 1989 5028">
     <span class='ocr_line' id='line_1_96' title="bbox 392 4949 1989 5028; baseline -0.013 -13"><span class='ocrx_word' id='word_1_697' title='bbox 392 4955 634 5028; x_wconf 80' lang='lat' dir='ltr'><strong>confligit</strong></span> <span class='ocrx_word' id='word_1_698' title='bbox 678 4972 693 5010; x_wconf 91' lang='lat'><strong>:</strong></span> <span class='ocrx_word' id='word_1_699' title='bbox 733 4951 973 5008; x_wconf 86' lang='lat' dir='ltr'><strong>secundo</strong></span> <span class='ocrx_word' id='word_1_700' title='bbox 1002 4955 1208 5004; x_wconf 89' lang='lat' dir='ltr'><strong>eventu</strong></span> <span class='ocrx_word' id='word_1_701' title='bbox 1250 4953 1533 5018; x_wconf 89' lang='lat' dir='ltr'><strong>perempto</strong></span> <span class='ocrx_word' id='word_1_702' title='bbox 1565 4959 1727 5014; x_wconf 88' lang='lat' dir='ltr'><strong>rege,</strong></span> <span class='ocrx_word' id='word_1_703' title='bbox 1770 4949 1989 5013; x_wconf 87' lang='lat' dir='ltr'><strong>gentem</strong></span> 
     </span>
    </p>
   </div>
   <div class='ocr_carea' id='block_1_97' title="bbox 394 5034 1987 5124">
    <p class='ocr_par' dir='ltr' id='par_1_97' title="bbox 394 5034 1987 5124">
     <span class='ocr_line' id='line_1_97' title="bbox 394 5034 1987 5124; baseline -0.013 -16"><span class='ocrx_word' id='word_1_704' title='bbox 394 5052 627 5124; x_wconf 88' lang='lat' dir='ltr'><strong>imperio</strong></span> <span class='ocrx_word' id='word_1_705' title='bbox 672 5045 954 5117; x_wconf 88' lang='lat' dir='ltr'><strong>adjungit;</strong></span> <span class='ocrx_word' id='word_1_706' title='bbox 1002 5042 1147 5099; x_wconf 92' lang='lat' dir='ltr'><strong>idem</strong></span> <span class='ocrx_word' id='word_1_707' title='bbox 1190 5040 1415 5111; x_wconf 88' lang='lat' dir='ltr'><strong>reliquis</strong></span> <span class='ocrx_word' id='word_1_708' title='bbox 1463 5037 1775 5093; x_wconf 79' lang='lat' dir='ltr'><strong>nationibus</strong></span> <span class='ocrx_word' id='word_1_709' title='bbox 1825 5034 1987 5100; x_wconf 88' lang='lat' dir='ltr'><strong>facit,</strong></span> 
     </span>
    </p>
   </div>
   <div class='ocr_carea' id='block_1_98' title="bbox 395 5124 1993 5215">
    <p class='ocr_par' dir='ltr' id='par_1_98' title="bbox 395 5124 1993 5215">
     <span class='ocr_line' id='line_1_98' title="bbox 395 5124 1993 5215; baseline -0.013 -15"><span class='ocrx_word' id='word_1_710' title='bbox 395 5143 688 5215; x_wconf 60' lang='lat' dir='ltr'><strong>praemisso</strong></span> <span class='ocrx_word' id='word_1_711' title='bbox 717 5137 1011 5193; x_wconf 81' lang='lat' dir='ltr'><strong>ﬂoloferne</strong></span> <span class='ocrx_word' id='word_1_712' title='bbox 1035 5174 1051 5202; x_wconf 93' lang='lat'><strong>,</strong></span> <span class='ocrx_word' id='word_1_713' title='bbox 1081 5148 1241 5199; x_wconf 82' lang='lat' dir='ltr'><strong>quem</strong></span> <span class='ocrx_word' id='word_1_714' title='bbox 1271 5130 1573 5202; x_wconf 90' lang='lat' dir='ltr'><strong>principem</strong></span> <span class='ocrx_word' id='word_1_715' title='bbox 1604 5126 1815 5183; x_wconf 73' lang='lat' dir='ltr'><strong>militia:</strong></span> <span class='ocrx_word' id='word_1_716' title='bbox 1845 5124 1993 5180; x_wconf 81' lang='lat' dir='ltr'><strong>dele-</strong></span> 
     </span>
    </p>
   </div>
   <div class='ocr_carea' id='block_1_99' title="bbox 396 5220 1995 5307">
    <p class='ocr_par' dir='ltr' id='par_1_99' title="bbox 396 5220 1995 5307">
     <span class='ocr_line' id='line_1_99' title="bbox 396 5220 1995 5307; baseline -0.012 -14"><span class='ocrx_word' id='word_1_717' title='bbox 396 5246 568 5307; x_wconf 83' lang='lat' dir='ltr'><strong>gerat,</strong></span> <span class='ocrx_word' id='word_1_718' title='bbox 596 5248 722 5289; x_wconf 90' lang='lat' dir='ltr'><strong>cum</strong></span> <span class='ocrx_word' id='word_1_719' title='bbox 747 5230 986 5286; x_wconf 88' lang='lat' dir='ltr'><strong>millibus</strong></span> <span class='ocrx_word' id='word_1_720' title='bbox 1013 5226 1255 5299; x_wconf 88' lang='lat' dir='ltr'><strong>peditum</strong></span> <span class='ocrx_word' id='word_1_721' title='bbox 1280 5236 1494 5282; x_wconf 87' lang='lat' dir='ltr'><strong>centum</strong></span> <span class='ocrx_word' id='word_1_722' title='bbox 1518 5234 1573 5279; x_wconf 93' lang='lat' dir='ltr'><strong>et</strong></span> <span class='ocrx_word' id='word_1_723' title='bbox 1598 5221 1817 5292; x_wconf 86' lang='lat' dir='ltr'><strong>viginti,</strong></span> <span class='ocrx_word' id='word_1_724' title='bbox 1844 5220 1995 5291; x_wconf 89' lang='lat' dir='ltr'><strong>equi-</strong></span> 
     </span>
    </p>
   </div>
   <div class='ocr_carea' id='block_1_100' title="bbox 398 5314 1994 5385">
    <p class='ocr_par' dir='ltr' id='par_1_100' title="bbox 398 5314 1994 5385">
     <span class='ocr_line' id='line_1_100' title="bbox 398 5314 1994 5385; baseline -0.01 0"><span class='ocrx_word' id='word_1_725' title='bbox 398 5337 513 5385; x_wconf 88' lang='lat' dir='ltr'><strong>tum</strong></span> <span class='ocrx_word' id='word_1_726' title='bbox 540 5325 856 5383; x_wconf 90' lang='lat' dir='ltr'><strong>duodecim.</strong></span> <span class='ocrx_word' id='word_1_727' title='bbox 905 5322 956 5378; x_wconf 94' lang='lat' dir='ltr'><strong>ls</strong></span> <span class='ocrx_word' id='word_1_728' title='bbox 994 5320 1189 5377; x_wconf 79' lang='lat' dir='ltr'><strong>Cilicia</strong></span> <span class='ocrx_word' id='word_1_729' title='bbox 1234 5328 1290 5376; x_wconf 90' lang='lat' dir='ltr'><strong>et</strong></span> <span class='ocrx_word' id='word_1_730' title='bbox 1328 5317 1526 5375; x_wconf 85' lang='lat' dir='ltr'><strong>Arabia</strong></span> <span class='ocrx_word' id='word_1_731' title='bbox 1566 5314 1712 5372; x_wconf 87' lang='lat' dir='ltr'><strong>bello</strong></span> <span class='ocrx_word' id='word_1_732' title='bbox 1746 5314 1994 5382; x_wconf 78' lang='lat' dir='ltr'><strong>Vastatis,</strong></span> 
     </span>
    </p>
   </div>
   <div class='ocr_carea' id='block_1_101' title="bbox 400 5407 1996 5486">
    <p class='ocr_par' dir='ltr' id='par_1_101' title="bbox 400 5407 1996 5486">
     <span class='ocr_line' id='line_1_101' title="bbox 400 5407 1996 5486; baseline -0.011 -8"><span class='ocrx_word' id='word_1_733' title='bbox 400 5422 599 5478; x_wconf 86' lang='lat' dir='ltr'><strong>multas</strong></span> <span class='ocrx_word' id='word_1_734' title='bbox 629 5419 797 5474; x_wconf 90' lang='lat' dir='ltr'><strong>urbes</strong></span> <span class='ocrx_word' id='word_1_735' title='bbox 836 5423 930 5471; x_wconf 90' lang='lat' dir='ltr'><strong>aut</strong></span> <span class='ocrx_word' id='word_1_736' title='bbox 972 5415 1023 5471; x_wconf 89' lang='lat' dir='ltr'><strong>vi</strong></span> <span class='ocrx_word' id='word_1_737' title='bbox 1053 5414 1204 5486; x_wconf 92' lang='lat' dir='ltr'><strong>capit</strong></span> <span class='ocrx_word' id='word_1_738' title='bbox 1249 5420 1344 5469; x_wconf 89' lang='lat' dir='ltr'><strong>aut</strong></span> <span class='ocrx_word' id='word_1_739' title='bbox 1389 5420 1534 5484; x_wconf 82' lang='lat' dir='ltr'><strong>metu</strong></span> <span class='ocrx_word' id='word_1_740' title='bbox 1572 5412 1626 5465; x_wconf 92' lang='lat' dir='ltr'><strong>in</strong></span> <span class='ocrx_word' id='word_1_741' title='bbox 1664 5407 1996 5464; x_wconf 91' lang='lat' dir='ltr'><strong>deditionem</strong></span> 
     </span>
    </p>
   </div>
   <div class='ocr_carea' id='block_1_102' title="bbox 401 5502 2003 5586">
    <p class='ocr_par' dir='ltr' id='par_1_102' title="bbox 401 5502 2003 5586">
     <span class='ocr_line' id='line_1_102' title="bbox 401 5502 2003 5586; baseline -0.01 -13"><span class='ocrx_word' id='word_1_742' title='bbox 401 5514 721 5586; x_wconf 85' lang='lat' dir='ltr'><strong>compellit;</strong></span> <span class='ocrx_word' id='word_1_743' title='bbox 765 5511 987 5583; x_wconf 88' lang='lat' dir='ltr'><strong>jamque</strong></span> <span class='ocrx_word' id='word_1_744' title='bbox 1037 5510 1363 5565; x_wconf 87' lang='lat' dir='ltr'><strong>Damascum</strong></span> <span class='ocrx_word' id='word_1_745' title='bbox 1418 5506 1669 5561; x_wconf 88' lang='lat' dir='ltr'><strong>admotus</strong></span> <span class='ocrx_word' id='word_1_746' title='bbox 1722 5502 2003 5558; x_wconf 88' lang='lat' dir='ltr'><strong>exercitus</strong></span> 
     </span>
    </p>
   </div>
   <div class='ocr_carea' id='block_1_103' title="bbox 405 5591 2001 5677">
    <p class='ocr_par' dir='ltr' id='par_1_103' title="bbox 405 5591 2001 5677">
     <span class='ocr_line' id='line_1_103' title="bbox 405 5591 2001 5677; baseline -0.01 -13"><span class='ocrx_word' id='word_1_747' title='bbox 405 5621 603 5677; x_wconf 84' lang='lat' dir='ltr'><strong>magno</strong></span> <span class='ocrx_word' id='word_1_748' title='bbox 636 5591 856 5662; x_wconf 64' lang='lat' dir='ltr'><strong>luamus</strong></span> <span class='ocrx_word' id='word_1_749' title='bbox 893 5614 1106 5659; x_wconf 91' lang='lat' dir='ltr'><strong>terrore</strong></span> <span class='ocrx_word' id='word_1_750' title='bbox 1144 5599 1448 5673; x_wconf 89' lang='lat' dir='ltr'><strong>perculerat</strong></span> <span class='ocrx_word' id='word_1_751' title='bbox 1482 5613 1494 5649; x_wconf 88' lang='lat'>:</span> <span class='ocrx_word' id='word_1_752' title='bbox 1527 5594 1623 5651; x_wconf 90' lang='lat' dir='ltr'><strong>sed</strong></span> <span class='ocrx_word' id='word_1_753' title='bbox 1663 5594 1900 5664; x_wconf 90' lang='lat' dir='ltr'><strong>impares</strong></span> <span class='ocrx_word' id='word_1_754' title='bbox 1935 5592 2001 5649; x_wconf 91' lang='lat' dir='ltr'><strong>ad</strong></span> 
     </span>
    </p>
   </div>
   <div class='ocr_carea' id='block_1_104' title="bbox 405 5689 2006 5769">
    <p class='ocr_par' dir='ltr' id='par_1_104' title="bbox 405 5689 2006 5769">
     <span class='ocr_line' id='line_1_104' title="bbox 405 5689 2006 5769; baseline -0.008 -12"><span class='ocrx_word' id='word_1_755' title='bbox 405 5699 797 5763; x_wconf 84' lang='lat' dir='ltr'><strong>resistendum,</strong></span> <span class='ocrx_word' id='word_1_756' title='bbox 840 5712 1018 5769; x_wconf 89' lang='lat' dir='ltr'><strong>neque</strong></span> <span class='ocrx_word' id='word_1_757' title='bbox 1047 5696 1118 5750; x_wconf 90' lang='lat' dir='ltr'><strong>ad</strong></span> <span class='ocrx_word' id='word_1_758' title='bbox 1160 5694 1492 5752; x_wconf 87' lang='lat' dir='ltr'><strong>deditionem</strong></span> <span class='ocrx_word' id='word_1_759' title='bbox 1531 5689 2006 5758; x_wconf 83' lang='lat' dir='ltr'><strong>acquiesceutibus</strong></span> 
     </span>
    </p>
   </div>
   <div class='ocr_carea' id='block_1_105' title="bbox 404 5786 2002 5869">
    <p class='ocr_par' dir='ltr' id='par_1_105' title="bbox 404 5786 2002 5869">
     <span class='ocr_line' id='line_1_105' title="bbox 404 5786 2002 5869; baseline -0.009 -14"><span class='ocrx_word' id='word_1_760' title='bbox 404 5794 630 5867; x_wconf 88' lang='lat' dir='ltr'><strong>animis,</strong></span> <span class='ocrx_word' id='word_1_761' title='bbox 652 5794 896 5869; x_wconf 78' lang='lat' dir='ltr'><strong>expertis</strong></span> <span class='ocrx_word' id='word_1_762' title='bbox 916 5793 1117 5864; x_wconf 81' lang='lat' dir='ltr'><strong>quippe</strong></span> <span class='ocrx_word' id='word_1_763' title='bbox 1144 5806 1316 5863; x_wconf 84' lang='lat' dir='ltr'><strong>usque</strong></span> <span class='ocrx_word' id='word_1_764' title='bbox 1335 5798 1463 5848; x_wconf 85' lang='lat' dir='ltr'><strong>ante</strong></span> <span class='ocrx_word' id='word_1_765' title='bbox 1487 5788 1818 5861; x_wconf 84' lang='lat' dir='ltr'><strong>captivitatis</strong></span> <span class='ocrx_word' id='word_1_766' title='bbox 1844 5786 2002 5858; x_wconf 89' lang='lat' dir='ltr'><strong>mala,</strong></span> 
     </span>
    </p>
   </div>
   <div class='ocr_carea' id='block_1_106' title="bbox 853 5885 1327 5952">
    <p class='ocr_par' dir='ltr' id='par_1_106' title="bbox 853 5885 1327 5952">
     <span class='ocr_line' id='line_1_106' title="bbox 853 5885 1327 5952; baseline -0.006 -1"><span class='ocrx_word' id='word_1_767' title='bbox 853 5889 1134 5952; x_wconf 75' lang='grc' dir='ltr'><strong>Ρηιιοι..</strong></span> <span class='ocrx_word' id='word_1_768' title='bbox 1177 5885 1327 5951; x_wconf 79' lang='lat' dir='ltr'><strong>XX.</strong></span> 
     </span>
    </p>
   </div>
   <div class='ocr_carea' id='block_1_107' title="bbox 2092 4658 3694 4730">
    <p class='ocr_par' dir='ltr' id='par_1_107' title="bbox 2092 4658 3694 4730">
     <span class='ocr_line' id='line_1_107' title="bbox 2092 4658 3694 4730; baseline -0.003 -9"><span class='ocrx_word' id='word_1_769' title='bbox 2092 4667 2224 4721; x_wconf 88' lang='lat' dir='ltr'><strong>mite</strong></span> <span class='ocrx_word' id='word_1_770' title='bbox 2245 4662 2444 4719; x_wconf 90' lang='lat' dir='ltr'><strong>ancilla</strong></span> <span class='ocrx_word' id='word_1_771' title='bbox 2468 4668 2648 4716; x_wconf 72' lang='lat' dir='ltr'><strong>castra</strong></span> <span class='ocrx_word' id='word_1_772' title='bbox 2678 4658 2913 4714; x_wconf 84' lang='lat' dir='ltr'><strong>hostium</strong></span> <span class='ocrx_word' id='word_1_773' title='bbox 2944 4659 3265 4730; x_wconf 90' lang='lat' dir='ltr'><strong>ingreditur.</strong></span> <span class='ocrx_word' id='word_1_774' title='bbox 3299 4658 3602 4729; x_wconf 89' lang='lat' dir='ltr'><strong>Statimque</strong></span> <span class='ocrx_word' id='word_1_775' title='bbox 3626 4661 3694 4716; x_wconf 90' lang='lat' dir='ltr'><strong>ad</strong></span> 
     </span>
    </p>
   </div>
   <div class='ocr_carea' id='block_1_108' title="bbox 2096 4751 3694 4820">
    <p class='ocr_par' dir='ltr' id='par_1_108' title="bbox 2096 4751 3694 4820">
     <span class='ocr_line' id='line_1_108' title="bbox 2096 4751 3694 4820; baseline -0.003 -8"><span class='ocrx_word' id='word_1_776' title='bbox 2096 4754 2445 4811; x_wconf 86' lang='lat' dir='ltr'><strong>Holofernem</strong></span> <span class='ocrx_word' id='word_1_777' title='bbox 2476 4752 2705 4809; x_wconf 89' lang='lat' dir='ltr'><strong>deducta</strong></span> <span class='ocrx_word' id='word_1_778' title='bbox 2743 4751 2984 4819; x_wconf 91' lang='lat' dir='ltr'><strong>perditas</strong></span> <span class='ocrx_word' id='word_1_779' title='bbox 3012 4765 3102 4806; x_wconf 81' lang='lat' dir='ltr'><strong>res</strong></span> <span class='ocrx_word' id='word_1_780' title='bbox 3133 4765 3356 4805; x_wconf 86' lang='lat' dir='ltr'><strong>suorum</strong></span> <span class='ocrx_word' id='word_1_781' title='bbox 3386 4760 3694 4820; x_wconf 88' lang='lat' dir='ltr'><strong>memorat,</strong></span> 
     </span>
    </p>
   </div>
   <div class='ocr_carea' id='block_1_109' title="bbox 2096 4841 3701 4917">
    <p class='ocr_par' dir='ltr' id='par_1_109' title="bbox 2096 4841 3701 4917">
     <span class='ocr_line' id='line_1_109' title="bbox 2096 4841 3701 4917; baseline -0.004 -13"><span class='ocrx_word' id='word_1_782' title='bbox 2096 4864 2155 4904; x_wconf 91' lang='lat' dir='ltr'><strong>se</strong></span> <span class='ocrx_word' id='word_1_783' title='bbox 2180 4846 2489 4917; x_wconf 89' lang='lat' dir='ltr'><strong>transfugio</strong></span> <span class='ocrx_word' id='word_1_784' title='bbox 2516 4846 2640 4900; x_wconf 67' lang='lat' dir='ltr'><strong>vitae</strong></span> <span class='ocrx_word' id='word_1_785' title='bbox 2666 4842 3040 4908; x_wconf 90' lang='lat' dir='ltr'><strong>consuluisse;</strong></span> <span class='ocrx_word' id='word_1_786' title='bbox 3071 4841 3270 4898; x_wconf 89' lang='lat' dir='ltr'><strong>deinde</strong></span> <span class='ocrx_word' id='word_1_787' title='bbox 3299 4857 3328 4895; x_wconf 92' lang='lat' dir='ltr'><strong>a</strong></span> <span class='ocrx_word' id='word_1_788' title='bbox 3359 4842 3497 4898; x_wconf 87' lang='lat' dir='ltr'><strong>duce</strong></span> <span class='ocrx_word' id='word_1_789' title='bbox 3526 4841 3701 4912; x_wconf 88' lang='lat' dir='ltr'><strong>poscit</strong></span> 
     </span>
    </p>
   </div>
   <div class='ocr_carea' id='block_1_110' title="bbox 2098 4940 3695 5005">
    <p class='ocr_par' dir='ltr' id='par_1_110' title="bbox 2098 4940 3695 5005">
     <span class='ocr_line' id='line_1_110' title="bbox 2098 4940 3695 5005; baseline -0.003 -9"><span class='ocrx_word' id='word_1_790' title='bbox 2098 4940 2330 4996; x_wconf 91' lang='lat' dir='ltr'><strong>liberum</strong></span> <span class='ocrx_word' id='word_1_791' title='bbox 2377 4947 2533 4994; x_wconf 81' lang='lat' dir='ltr'><strong>extra</strong></span> <span class='ocrx_word' id='word_1_792' title='bbox 2577 4945 2752 4991; x_wconf 88' lang='lat' dir='ltr'><strong>castra</strong></span> <span class='ocrx_word' id='word_1_793' title='bbox 2800 4942 3071 4990; x_wconf 92' lang='lat' dir='ltr'><strong>nocturno</strong></span> <span class='ocrx_word' id='word_1_794' title='bbox 3121 4945 3370 5005; x_wconf 91' lang='lat' dir='ltr'><strong>tempore</strong></span> <span class='ocrx_word' id='word_1_795' title='bbox 3412 4949 3695 5003; x_wconf 76' lang='lat' dir='ltr'><strong>egressum</strong></span> 
     </span>
    </p>
   </div>
   <div class='ocr_carea' id='block_1_111' title="bbox 2096 5027 3703 5104">
    <p class='ocr_par' dir='ltr' id='par_1_111' title="bbox 2096 5027 3703 5104">
     <span class='ocr_line' id='line_1_111' title="bbox 2096 5027 3703 5104; baseline -0.002 -13"><span class='ocrx_word' id='word_1_796' title='bbox 2096 5035 2287 5092; x_wconf 90' lang='lat' dir='ltr'><strong>orandi</strong></span> <span class='ocrx_word' id='word_1_797' title='bbox 2316 5032 2486 5104; x_wconf 89' lang='lat' dir='ltr'><strong>gratia</strong></span> <span class='ocrx_word' id='word_1_798' title='bbox 2521 5048 2533 5084; x_wconf 91' lang='lat'><strong>:</strong></span> <span class='ocrx_word' id='word_1_799' title='bbox 2566 5030 2882 5085; x_wconf 88' lang='lat' dir='ltr'><strong>mandatum</strong></span> <span class='ocrx_word' id='word_1_800' title='bbox 2913 5028 2964 5084; x_wconf 91' lang='lat' dir='ltr'><strong>id</strong></span> <span class='ocrx_word' id='word_1_801' title='bbox 2999 5027 3274 5099; x_wconf 89' lang='lat' dir='ltr'><strong>vigilibus,</strong></span> <span class='ocrx_word' id='word_1_802' title='bbox 3310 5040 3703 5103; x_wconf 77' lang='lat' dir='ltr'><strong>portarumque</strong></span> 
     </span>
    </p>
   </div>
   <div class='ocr_carea' id='block_1_112' title="bbox 2096 5124 3705 5195">
    <p class='ocr_par' dir='ltr' id='par_1_112' title="bbox 2096 5124 3705 5195">
     <span class='ocr_line' id='line_1_112' title="bbox 2096 5124 3705 5195; baseline -0.004 -9"><span class='ocrx_word' id='word_1_803' title='bbox 2096 5127 2436 5186; x_wconf 88' lang='lat' dir='ltr'><strong>custodibus.</strong></span> <span class='ocrx_word' id='word_1_804' title='bbox 2472 5125 2576 5181; x_wconf 88' lang='lat' dir='ltr'><strong>Sed</strong></span> <span class='ocrx_word' id='word_1_805' title='bbox 2617 5124 2709 5180; x_wconf 88' lang='lat' dir='ltr'><strong>ubi</strong></span> <span class='ocrx_word' id='word_1_806' title='bbox 2750 5140 2847 5194; x_wconf 89' lang='lat' dir='ltr'><strong>per</strong></span> <span class='ocrx_word' id='word_1_807' title='bbox 2876 5124 3118 5179; x_wconf 86' lang='lat' dir='ltr'><strong>triduum</strong></span> <span class='ocrx_word' id='word_1_808' title='bbox 3163 5124 3479 5195; x_wconf 84' lang='lat' dir='ltr'><strong>egrediendi</strong></span> <span class='ocrx_word' id='word_1_809' title='bbox 3524 5141 3588 5181; x_wconf 87' lang='lat' dir='ltr'><strong>ac</strong></span> <span class='ocrx_word' id='word_1_810' title='bbox 3618 5142 3705 5183; x_wconf 79' lang='lat' dir='ltr'><strong>re-</strong></span> 
     </span>
    </p>
   </div>
   <div class='ocr_carea' id='block_1_113' title="bbox 2098 5215 3701 5286">
    <p class='ocr_par' dir='ltr' id='par_1_113' title="bbox 2098 5215 3701 5286">
     <span class='ocr_line' id='line_1_113' title="bbox 2098 5215 3701 5286; baseline -0.004 -5"><span class='ocrx_word' id='word_1_811' title='bbox 2098 5222 2296 5281; x_wconf 90' lang='lat' dir='ltr'><strong>deundi</strong></span> <span class='ocrx_word' id='word_1_812' title='bbox 2344 5217 2798 5276; x_wconf 86' lang='lat' dir='ltr'><strong>consuetudinem</strong></span> <span class='ocrx_word' id='word_1_813' title='bbox 2850 5215 2993 5283; x_wconf 91' lang='lat' dir='ltr'><strong>sibi,</strong></span> <span class='ocrx_word' id='word_1_814' title='bbox 3037 5217 3291 5274; x_wconf 85' lang='lat' dir='ltr'><strong>barbaris</strong></span> <span class='ocrx_word' id='word_1_815' title='bbox 3330 5217 3490 5273; x_wconf 86' lang='lat' dir='ltr'><strong>fidem</strong></span> <span class='ocrx_word' id='word_1_816' title='bbox 3534 5218 3701 5286; x_wconf 85' lang='lat' dir='ltr'><strong>fecit,</strong></span> 
     </span>
    </p>
   </div>
   <div class='ocr_carea' id='block_1_114' title="bbox 2102 5310 3701 5384">
    <p class='ocr_par' dir='ltr' id='par_1_114' title="bbox 2102 5310 3701 5384">
     <span class='ocr_line' id='line_1_114' title="bbox 2102 5310 3701 5384; baseline -0.007 -9"><span class='ocrx_word' id='word_1_817' title='bbox 2102 5316 2448 5375; x_wconf 84' lang='lat' dir='ltr'><strong>Holoferuem</strong></span> <span class='ocrx_word' id='word_1_818' title='bbox 2477 5312 2675 5384; x_wconf 91' lang='lat' dir='ltr'><strong>cupido</strong></span> <span class='ocrx_word' id='word_1_819' title='bbox 2704 5310 2935 5367; x_wconf 89' lang='lat' dir='ltr'><strong>incessit</strong></span> <span class='ocrx_word' id='word_1_820' title='bbox 2967 5310 3237 5367; x_wconf 70' lang='lat' dir='ltr'><strong>dedititiaa</strong></span> <span class='ocrx_word' id='word_1_821' title='bbox 3261 5326 3491 5382; x_wconf 90' lang='lat' dir='ltr'><strong>corpore</strong></span> <span class='ocrx_word' id='word_1_822' title='bbox 3511 5311 3658 5367; x_wconf 87' lang='lat' dir='ltr'><strong>abuti</strong></span> <span class='ocrx_word' id='word_1_823' title='bbox 3685 5327 3701 5364; x_wconf 88' lang='lat'><strong>:</strong></span> 
     </span>
    </p>
   </div>
   <div class='ocr_carea' id='block_1_115' title="bbox 2104 5406 3705 5477">
    <p class='ocr_par' dir='ltr' id='par_1_115' title="bbox 2104 5406 3705 5477">
     <span class='ocr_line' id='line_1_115' title="bbox 2104 5406 3705 5477; baseline -0.004 -7"><span class='ocrx_word' id='word_1_824' title='bbox 2104 5415 2307 5470; x_wconf 91' lang='lat' dir='ltr'><strong>etenim</strong></span> <span class='ocrx_word' id='word_1_825' title='bbox 2347 5408 2521 5465; x_wconf 84' lang='lat' dir='ltr'><strong>forma</strong></span> <span class='ocrx_word' id='word_1_826' title='bbox 2559 5407 2852 5464; x_wconf 82' lang='lat' dir='ltr'><strong>excellenti</strong></span> <span class='ocrx_word' id='word_1_827' title='bbox 2892 5406 3116 5463; x_wconf 89' lang='lat' dir='ltr'><strong>Persam</strong></span> <span class='ocrx_word' id='word_1_828' title='bbox 3150 5406 3309 5463; x_wconf 89' lang='lat' dir='ltr'><strong>facile</strong></span> <span class='ocrx_word' id='word_1_829' title='bbox 3341 5417 3705 5477; x_wconf 83' lang='lat' dir='ltr'><strong>permoverat.</strong></span> 
     </span>
    </p>
   </div>
   <div class='ocr_carea' id='block_1_116' title="bbox 2106 5502 3705 5575">
    <p class='ocr_par' dir='ltr' id='par_1_116' title="bbox 2106 5502 3705 5575">
     <span class='ocr_line' id='line_1_116' title="bbox 2106 5502 3705 5575; baseline -0.004 -10"><span class='ocrx_word' id='word_1_830' title='bbox 2106 5508 2183 5565; x_wconf 82' lang='lat' dir='ltr'><strong>ita</strong></span> <span class='ocrx_word' id='word_1_831' title='bbox 2224 5506 2290 5561; x_wconf 89' lang='lat' dir='ltr'><strong>ad</strong></span> <span class='ocrx_word' id='word_1_832' title='bbox 2334 5504 2491 5561; x_wconf 91' lang='lat' dir='ltr'><strong>ducis</strong></span> <span class='ocrx_word' id='word_1_833' title='bbox 2522 5503 2817 5560; x_wconf 88' lang='lat' dir='ltr'><strong>tentorium</strong></span> <span class='ocrx_word' id='word_1_834' title='bbox 2849 5517 2945 5573; x_wconf 91' lang='lat' dir='ltr'><strong>per</strong></span> <span class='ocrx_word' id='word_1_835' title='bbox 2986 5502 3221 5575; x_wconf 84' lang='lat' dir='ltr'><strong>Bagoam</strong></span> <span class='ocrx_word' id='word_1_836' title='bbox 3265 5502 3574 5558; x_wconf 89' lang='lat' dir='ltr'><strong>eunuchum</strong></span> <span class='ocrx_word' id='word_1_837' title='bbox 3605 5503 3705 5559; x_wconf 84' lang='lat' dir='ltr'><strong>de-</strong></span> 
     </span>
    </p>
   </div>
   <div class='ocr_carea' id='block_1_117' title="bbox 2107 5596 3710 5670">
    <p class='ocr_par' dir='ltr' id='par_1_117' title="bbox 2107 5596 3710 5670">
     <span class='ocr_line' id='line_1_117' title="bbox 2107 5596 3710 5670; baseline -0.007 -9"><span class='ocrx_word' id='word_1_838' title='bbox 2107 5603 2346 5668; x_wconf 90' lang='lat' dir='ltr'><strong>ducitur,</strong></span> <span class='ocrx_word' id='word_1_839' title='bbox 2392 5600 2634 5670; x_wconf 90' lang='lat' dir='ltr'><strong>initoqne</strong></span> <span class='ocrx_word' id='word_1_840' title='bbox 2678 5598 2932 5655; x_wconf 79' lang='lat' dir='ltr'><strong>convivio</strong></span> <span class='ocrx_word' id='word_1_841' title='bbox 2974 5598 3237 5653; x_wconf 84' lang='lat' dir='ltr'><strong>barbarus</strong></span> <span class='ocrx_word' id='word_1_842' title='bbox 3271 5596 3441 5651; x_wconf 91' lang='lat' dir='ltr'><strong>multo</strong></span> <span class='ocrx_word' id='word_1_843' title='bbox 3476 5611 3537 5653; x_wconf 89' lang='lat' dir='ltr'><strong>se</strong></span> <span class='ocrx_word' id='word_1_844' title='bbox 3581 5598 3710 5655; x_wconf 87' lang='lat' dir='ltr'><strong>vino</strong></span> 
     </span>
    </p>
   </div>
   <div class='ocr_carea' id='block_1_118' title="bbox 2108 5689 3711 5760">
    <p class='ocr_par' dir='ltr' id='par_1_118' title="bbox 2108 5689 3711 5760">
     <span class='ocr_line' id='line_1_118' title="bbox 2108 5689 3711 5760; baseline -0.009 -9"><span class='ocrx_word' id='word_1_845' title='bbox 2108 5692 2332 5759; x_wconf 91' lang='lat' dir='ltr'><strong>obruit;</strong></span> <span class='ocrx_word' id='word_1_846' title='bbox 2359 5700 2475 5747; x_wconf 88' lang='lat' dir='ltr'><strong>tttm</strong></span> <span class='ocrx_word' id='word_1_847' title='bbox 2506 5690 2734 5746; x_wconf 91' lang='lat' dir='ltr'><strong>remotis</strong></span> <span class='ocrx_word' id='word_1_848' title='bbox 2764 5689 3029 5745; x_wconf 75' lang='lat' dir='ltr'><strong>ministris</strong></span> <span class='ocrx_word' id='word_1_849' title='bbox 3050 5732 3065 5757; x_wconf 88' lang='lat'><strong>,</strong></span> <span class='ocrx_word' id='word_1_850' title='bbox 3106 5689 3417 5760; x_wconf 87' lang='lat' dir='ltr'><strong>priusquam</strong></span> <span class='ocrx_word' id='word_1_851' title='bbox 3452 5689 3556 5743; x_wconf 92' lang='lat' dir='ltr'><strong>vim</strong></span> <span class='ocrx_word' id='word_1_852' title='bbox 3592 5707 3711 5747; x_wconf 83' lang='lat' dir='ltr'><strong>mu.</strong></span> 
     </span>
    </p>
   </div>
   <div class='ocr_carea' id='block_1_119' title="bbox 2108 5779 3715 5856">
    <p class='ocr_par' dir='ltr' id='par_1_119' title="bbox 2108 5779 3715 5856">
     <span class='ocr_line' id='line_1_119' title="bbox 2108 5779 3715 5856; baseline -0.011 -11"><span class='ocrx_word' id='word_1_853' title='bbox 2108 5787 2230 5845; x_wconf 87' lang='lat' dir='ltr'><strong>lieri</strong></span> <span class='ocrx_word' id='word_1_854' title='bbox 2266 5785 2527 5849; x_wconf 87' lang='lat' dir='ltr'><strong>inferret,</strong></span> <span class='ocrx_word' id='word_1_855' title='bbox 2557 5798 2752 5839; x_wconf 88' lang='lat' dir='ltr'><strong>somno</strong></span> <span class='ocrx_word' id='word_1_856' title='bbox 2781 5791 2972 5852; x_wconf 88' lang='lat' dir='ltr'><strong>captus</strong></span> <span class='ocrx_word' id='word_1_857' title='bbox 3000 5790 3105 5838; x_wconf 91' lang='lat' dir='ltr'><strong>est.</strong></span> <span class='ocrx_word' id='word_1_858' title='bbox 3134 5779 3321 5836; x_wconf 88' lang='lat' dir='ltr'><strong>Judith</strong></span> <span class='ocrx_word' id='word_1_859' title='bbox 3353 5789 3599 5856; x_wconf 88' lang='lat' dir='ltr'><strong>tempore</strong></span> <span class='ocrx_word' id='word_1_860' title='bbox 3626 5799 3715 5845; x_wconf 80' lang='lat' dir='ltr'><strong>ar-</strong></span> 
     </span>
    </p>
   </div>
   <div class='ocr_carea' id='block_1_120' title="bbox 3228 5871 3266 5936">
    <p class='ocr_par' dir='ltr' id='par_1_120' title="bbox 3228 5871 3266 5936">
     <span class='ocr_line' id='line_1_120' title="bbox 3228 5871 3266 5936; baseline 0 0"><span class='ocrx_word' id='word_1_861' title='bbox 3228 5871 3266 5936; x_wconf 73' lang='grc' dir='ltr'>ὃ</span> 
     </span>
    </p>
   </div>
  </div>
