4200 6180
485 235 590 302 159

1809 224 2097 286 SULPICII
2140 221 2392 293 SEVERI

3691 211 3794 276 M0

480 363 633 425 cepto
655 359 815 421 caput
842 349 1017 408 hostis
1044 349 1296 414 desecat,
1320 360 1620 416 secumque
1640 343 1817 404 aufert
1846 361 1860 396 :
1887 352 1944 400 et
1969 357 2090 397 cum
2120 347 2175 403 Α
2199 339 2322 394 dam
2345 379 2358 402 ,
2390 336 2629 392 Simonis
2667 334 2815 390 illius
2843 333 3064 390 fratrem
3083 374 3098 399 ,
3129 332 3452 404 promissam
3480 333 3594 402 regi
3626 348 3794 405 pecn-

487 445 784 504 seeundttm
820 443 1279 500 consuetudinem
1311 441 1505 496 castris
1537 439 1721 509 egredi
1750 437 2089 510 crederetur,

490 542 780 598 incolumis
809 540 875 593 ad
919 553 1049 594 suos
1076 550 1325 606 regressa
1355 543 1459 590 est.
1502 533 1729 587 Postero
1757 533 1848 586 die
1879 529 2092 586 Hebrazi

485 643 650 703 caput
695 629 1005 688 lloluferuis
1048 627 1116 682 de
1156 625 1536 698 superioribus
1570 631 1926 687 ostentantes,
1971 636 2096 675 eru-

488 728 672 798 ptione
703 723 844 779 facta
888 722 953 777 ad
999 731 1178 775 castra
1227 719 1464 786 hostium
1509 725 1763 788 pergunt.
1794 715 1930 770 'I'unt
1962 727 2094 768 vero

485 816 699 875 barbari
723 817 937 888 signum
961 829 1156 884 pugnae
1178 823 1488 884 poscentes,
1512 809 1918 866 tabernaculum
1942 806 2095 862 ducis

485 911 795 976 frequentes
827 907 1125 970 assistunt;
1156 905 1244 960 tibi
1275 914 1526 960 truncum
1559 915 1760 970 corpus
1792 906 2092 971 repertum,

483 1002 622 1058 foeda
653 999 951 1055 formidine
985 999 1038 1052 in
1073 997 1251 1068 fugam
1285 994 1454 1056 versi.
1487 1005 1638 1064 terga
1674 991 1924 1044 hostibus
1952 1005 2094 1056 prae-

490 1095 746 1150 buerunt.
776 1092 950 1149 Judaei
981 1091 1259 1161 fugientes
1285 1088 1587 1160 persecuti,
1614 1086 1883 1151 caesisque
1914 1082 2099 1144 multis

486 1191 768 1256 millibus,
825 1187 1026 1242 castris
1068 1201 1131 1240 ac
1177 1184 1361 1255 prmda
1407 1181 1586 1252 potiti.
1632 1177 1822 1234 Judith
1871 1177 2100 1232 summis

485 1285 740 1341 laudibus
766 1283 1070 1344 celebrata,
1105 1291 1327 1336 centqu
1353 1287 1408 1336 et
1430 1279 1674 1348 quinque
1698 1288 1874 1329 annos
1895 1272 2103 1327 vixisse

485 1377 741 1432 traditur.
770 1375 897 1430 Hauc
919 1375 964 1429 si
987 1372 1143 1428 Ocho
1168 1387 1316 1442 rege,
1345 1381 1401 1424 ttt
1427 1370 1738 1439 Opinamur,
1770 1377 1923 1436 gesta
1950 1370 2100 1429 sunt,

486 1485 634 1530 anno
667 1468 882 1540 imperii
915 1470 1034 1535 ejus
1064 1464 1424 1528 duodecimo;
1469 1477 1498 1516 a
1539 1470 1792 1532 tempore
1832 1457 2100 1512 l-Iieroso-

487 1565 647 1636 lymae
671 1563 944 1617 restituta:
973 1575 1146 1629 usque
1189 1558 1242 1612 in
1274 1557 1324 1610 id
1356 1556 1554 1610 bellum
1594 1553 1816 1608 fuerunt
1841 1550 1967 1604 anni
1995 1549 2104 1604 duo

486 1669 541 1717 et
592 1659 804 1728 viginti.
857 1655 1134 1711 Cancrum
1186 1651 1370 1707 Ochus
1419 1649 1610 1719 viginti
1666 1655 1722 1702 et
1767 1656 1880 1702 tres
1929 1657 2102 1697 annos

2197 435 2338 488 niam
2369 433 2626 496 misisset,
2665 431 2932 502 patefacta
2947 430 3116 486 semel
3145 429 3431 484 ambitioni
3461 429 3576 494 via,
3603 429 3796 484 iisdem

2195 527 2403 582 artibus
2425 525 2625 596 quibus
2645 522 2810 579 Jason
2835 523 2990 592 prius
3012 564 3028 588 ,
3057 521 3332 578 Menelaus
3362 537 3578 590 quoque
3605 521 3798 576 Sacer-

2194 617 2403 674 dOtium
2449 617 2782 672 obtinuerat.
2815 613 2927 670 Nec
2976 614 3150 672 multo
3197 623 3348 683 post,
3395 628 3521 667 cum
3579 615 3627 668 is
3674 629 3800 684 pro-

2197 711 2422 776 missum
2453 710 2663 780 argenti
2693 707 2912 764 modum
2960 724 3070 764 non
3102 707 3460 769 reddidisset,
3494 707 3617 766 loco
3646 706 3799 776 pelli-

2199 814 2286 860 tur
2316 821 2328 856 :
2359 801 2724 875 Lysimachus
2748 801 3115 858 substituitur.
3151 799 3276 855 lude
3305 800 3445 854 inter
3465 797 3720 854 Jasonem
3747 808 3801 854 et

2199 900 2503 963 Menelaum
2533 899 2676 957 feda
2710 898 2866 954 fuere
2902 899 3226 962 certamina,
3252 896 3425 952 donec
3453 896 3642 956 Iason.
3677 911 3802 966 pro-

2196 993 2358 1066 fugus
2387 995 2589 1065 patria,
2622 993 2877 1049 excessit.
2910 992 3006 1047 His
3040 993 3210 1046 initiis
3253 993 3526 1061 corruptis
3558 990 3802 1045 tnoribus

2199 1103 2266 1146 eo
2295 1104 2468 1158 usque
2497 1102 2845 1157 processum,
2872 1097 2932 1142 ut
2957 1087 3203 1156 plerique
3228 1083 3566 1156 populat-ium
3596 1085 3663 1138 ab
3693 1084 3803 1139 An-

2203 1181 2385 1236 tiocho
2427 1189 2718 1251 poscerent
2757 1179 2997 1250 permitti
3048 1179 3153 1232 sibi
3203 1193 3355 1232 more
3385 1178 3672 1249 gentilium
3725 1178 3803 1232 vi-

2201 1289 2348 1330 vere.
2379 1274 2532 1340 Quod
2563 1291 2728 1344 quunt
2763 1289 2855 1328 rex
2883 1273 3196 1343 petentibus
3219 1273 3522 1337 annuisset,
3552 1273 3802 1327 certatim

2203 1367 2472 1434 prtisimus
2505 1367 2739 1436 quisque
2782 1365 3008 1420 delubra
3059 1373 3344 1420 exstruere
3368 1405 3382 1428 ,
3416 1363 3574 1418 idolis
3600 1365 3804 1432 suppli-

2202 1471 2352 1524 care,
2377 1458 2550 1527 legem
2582 1456 2875 1528 profanare
2901 1465 3236 1525 occmperat.
3267 1455 3479 1511 Interea
3503 1454 3803 1510 Antiochus

2205 1550 2423 1608 rediens
2473 1550 2542 1610 ab
2587 1549 2917 1606 Alexandria
2969 1550 3226 1620 (namque
3271 1556 3382 1602 tum
3441 1547 3641 1604 bellum
3693 1547 3804 1618 regi

2206 1643 2465 1714 Egyptio
2517 1643 2813 1710 intulerat,
2865 1643 3010 1712 quod
3044 1643 3198 1711 jussu
3248 1652 3471 1696 senatus
3515 1651 3567 1695 et
3622 1641 3805 1712 populi

491 1753 780 1824 regnavit;
813 1752 914 1806 fuit
945 1762 1127 1805 autem
1157 1750 1300 1804 ultra
1331 1762 1527 1804 omnes
1556 1751 1842 1810 cruentus,
1872 1751 1926 1796 et
1957 1740 2102 1810 plus-
2133 1729 2181 1800 Β
2209 1736 2438 1794 Romani
2478 1736 2762 1806 deposuit,
2806 1735 2978 1790 Paulo
3007 1746 3060 1789 et
3090 1733 3290 1790 Crasso
3315 1733 3654 1806 consulibus)
3686 1736 3806 1790 Ilie-

485 1862 646 1920 quam
672 1846 912 1902 barbaro
936 1845 1141 1898 animo.
1171 1843 1324 1898 Ilunc
1347 1841 1528 1911 Bagua
1555 1837 1725 1908 spado
1743 1842 2098 1907 aegrotantem

489 1941 720 1998 venenis
748 1939 994 1994 sustulit.
1021 1938 1154 1992 Post
1181 1952 1306 1991 eum
1343 1939 1510 1989 Arses
1543 1933 1685 1986 filius
1711 1931 1831 2000 ejus
1864 1927 2102 1986 triennio

492 2035 786 2103 imperium
823 2032 1000 2087 tenuit
1034 2047 1045 2082 :
1084 2028 1283 2082 Darius
1312 2040 1486 2080 annus
1515 2032 1770 2096 quatuor.

555 2125 717 2182 XVII.
765 2122 1072 2179 Adversum
1132 2121 1275 2174 hunc
1327 2114 1641 2174 Alexander
1698 2110 1924 2168 Macedo
1975 2109 2097 2166 acie

488 2215 772 2284 conflixit;
830 2231 896 2270 eo
944 2215 1126 2279 victo,
1171 2213 1354 2267 Persis
1409 2210 1698 2280 imperium
1749 2205 2101 2272 ademptum,

493 2311 642 2382 quod
677 2310 745 2364 ah
791 2308 945 2362 initio
974 2305 1100 2376 Cyri
1125 2312 1351 2358 stetcrat
1381 2316 1554 2358 annos
1584 2301 1848 2354 ducentos
1875 2294 2105 2363 etquin-

499 2403 780 2476 quaginta.
811 2399 1150 2463 Alexander,
1193 2399 1363 2452 victur
1392 2395 1506 2449 fere
1546 2395 1790 2450 omnium
1821 2393 2069 2464 gentium
2089 2431 2103 2454 ,

497 2496 701 2550 adiisse
749 2491 1144 2563 Hierosolyma:
1191 2491 1452 2560 templum
1491 2488 1709 2550 dicitur,
1739 2501 1804 2540 ac
1831 2485 1972 2540 dona
2019 2485 2103 2542 in-

497 2590 689 2644 tulisse
720 2604 733 2641 :
764 2587 1044 2656 edixitque
1076 2601 1174 2654 per
1218 2599 1380 2646 omne
1412 2583 1699 2656 imperium
1731 2579 1873 2653 qttod
1905 2579 1990 2634 sui
2017 2579 2104 2648 ju-

493 2681 568 2736 ris
600 2680 888 2741 efl'ccerat,
923 2685 982 2732 ut.
1015 2677 1222 2742 Iudaeis
1255 2676 1456 2732 ibidem
1501 2674 1828 2745 degentibus
1875 2674 2106 2736 liberum

495 2784 643 2832 esset
673 2775 725 2828 in
759 2774 988 2846 patriam
1017 2773 1243 2828 reverti.
1273 2771 1480 2828 Exacto
1517 2767 1845 2830 duodecimo
1893 2767 2110 2838 imperii

496 2882 665 2928 anno,
697 2867 933 2935 septimo
967 2875 1155 2934 postea
1193 2879 1355 2934 quatit
1387 2863 1606 2916 Darium
1637 2859 1934 2924 devicerat,
1970 2858 2111 2928 apud

499 2961 856 3032 Babyloniam
888 2958 1182 3015 defunctus
1231 2967 1335 3013 est.
1365 2956 1609 3022 Regnum
1642 2955 1805 3010 amici
1836 2954 1988 3024 ejus,
2019 2954 2109 3024 qui

499 3053 662 3107 simul
691 3068 812 3105 eum
858 3051 948 3105 illo
991 3050 1224 3106 maxima
1270 3050 1361 3104 illa
1400 3048 1543 3104 bella
1572 3055 1890 3120 gesserant.
1928 3045 2112 3114 partiti

2205 1831 2538 1902 r0stilytnaut
2568 1830 2721 1886 adiit.
2739 1829 2874 1886 Cum
2894 1829 3298 1885 discordantem
3325 1829 3808 1895 superstitionibus

2203 1926 2472 1995 susceptis
2503 1925 2762 1995 populum
2792 1925 3126 1994 reperisset,
3163 1925 3334 1994 legem
3362 1924 3456 1978 Dei
3487 1925 3806 1990 destruens,

2205 2029 2260 2076 et
2295 2019 2380 2076 his
2406 2019 2600 2077 favens
2643 2021 2732 2089 qui
2763 2019 2928 2087 impia
2979 2018 3372 2088 sequebantur,
3403 2019 3585 2073 omnia
3618 2019 3808 2087 templi

2203 2124 2523 2172 ornamenta
2545 2112 2816 2176 detraxit,
2840 2127 2903 2166 ac
2933 2112 3094 2165 multa
3129 2110 3278 2166 crede
3304 2110 3557 2165 vastavit.
3588 2109 3649 2165 Id
3683 2124 3809 2181 ges.

2209 2217 2320 2261 tum
2351 2207 2420 2267 ab
2465 2222 2693 2263 excessu
2739 2206 3035 2262 Alexandri
3081 2223 3225 2262 anno
3257 2208 3560 2266 centesimo
3608 2221 3715 2260 uno
3757 2213 3811 2260 et

2206 2301 2654 2372 quinquagesimo
2674 2344 2688 2368 ,
2719 2302 2891 2358 Paulo
2917 2344 2930 2366 ,
2962 2313 3016 2356 ut
3039 2302 3308 2367 diximus,
3345 2303 3652 2369 Crassoque
3679 2315 3808 2356 con-

2208 2394 2458 2461 aulibus,
2508 2404 2628 2465 post
2669 2396 3105 2465 quinquennium
3151 2394 3266 2450 fere
3313 2411 3478 2465 quam
3510 2394 3813 2450 Antiochus

2209 2501 2434 2555 regnare
2466 2495 2730 2556 eruperat.

2283 2576 2426 2634 XIX.
2460 2577 2567 2635 Sed
2599 2590 2653 2632 ut
2704 2588 3016 2648 temporum
3040 2578 3178 2634 ordo
3205 2591 3492 2638 consertus
3519 2581 3620 2644 sit,
3654 2595 3716 2634 ac
3748 2581 3813 2634 lio

2209 2679 2371 2739 queat
2411 2670 2722 2734 evidentius
2764 2672 2889 2742 quis
2920 2671 3010 2726 hic
3039 2671 3203 2727 fuerit
3229 2672 3568 2739 Antiochus;
3625 2687 3815 2744 regum

2211 2763 2302 2832 qui
2335 2773 2452 2832 post
2483 2765 2848 2820 Alexandrum
2883 2766 2935 2820 in
2990 2765 3143 2837 Syria
3178 2766 3429 2833 fuerunt,
3480 2775 3535 2821 et
3591 2767 3812 2821 numina

2211 2870 2265 2914 et
2296 2865 2546 2927 tempora
2587 2859 3048 2914 enumerabimus.
3101 2860 3367 2915 Defuncto
3396 2901 3412 2926 ,
3442 2870 3498 2914 ut
3529 2875 3690 2929 supra
3732 2877 3813 2916 re-

2216 2951 2439 3008 tulimus
2468 2992 2484 3016 ,
2517 2966 2645 3020 rege
2690 2952 3044 3013 Alexandro,
3097 2952 3168 3007 ab
3195 2953 3384 3006 amicis
3422 2955 3540 3022 ejus
3592 2969 3814 3025 regnum

2215 3057 2380 3100 omne
2399 3043 2658 3108 divisum,
2681 3059 2744 3098 ac
2772 3045 2920 3114 regio
2947 3045 3164 3099 nomine
3196 3045 3525 3115 aliquamdiu
3549 3045 3815 3100 adminis-

502 3156 648 3200 sunt.
686 3146 816 3199 Inde
855 3145 1138 3212 aliquanto
1172 3152 1418 3206 tempore
1452 3141 1571 3196 sine
1626 3139 1982 3210 usurpatione
2024 3153 2109 3192 re-
2138 3111 2188 3175 (ἶ
2217 3146 2416 3194 tratum
2449 3147 2550 3192 est.
2585 3137 2852 3194 Seleucus
2880 3148 3003 3206 post
3025 3153 3218 3193 novem
3249 3154 3424 3194 annos
3454 3140 3508 3193 in
3539 3138 3693 3210 Syria
3719 3155 3813 3195 rex

503 3240 609 3312 gali
641 3249 925 3306 susceptas
958 3246 1140 3306 partes
1184 3243 1650 3306 pructtravertmt,
1684 3231 1940 3288 Ariddaeo
1973 3245 2108 3300 quo-

507 3331 633 3386 datu
668 3329 917 3399 Philippo
950 3326 1245 3382 Alexandri
1275 3326 1441 3382 fratre
1470 3331 1729 3393 regnante
1761 3341 1772 3376 :
1804 3323 1886 3376 cui
1913 3321 2108 3392 perim-

502 3425 703 3482 becillo
725 3467 739 3491 ,
774 3424 939 3478 verbo
965 3421 1149 3476 datum
1184 3419 1473 3488 imperium
1507 3419 1812 3480 videbatur,
1840 3433 1899 3472 re
1929 3426 2108 3471 autem

509 3532 682 3590 penes
707 3532 802 3571 eos
835 3527 952 3571 erat
981 3515 1070 3583 qui
1104 3513 1207 3567 sibi
1239 3515 1542 3574 exercitum
1575 3522 1630 3566 et
1666 3509 1972 3584 provincias
2003 3508 2114 3572 dis-

511 3609 832 3664 tribuerant.
883 3606 992 3662 Nec
1027 3621 1153 3660 vero
1187 3605 1274 3658 hic
1316 3620 1498 3660 rerum
1530 3613 1702 3658 Status
1733 3600 1827 3658 ditt
1873 3601 2073 3656 mansit
2096 3643 2110 3664 ,

511 3718 812 3771 omnesque
861 3717 922 3756 se
952 3715 1106 3770 rcges
1136 3697 1400 3770 appellari
1431 3685 1764 3756 maluerunt.
1817 3694 2030 3750 Primus
2063 3694 2114 3752 iu

512 3795 673 3868 Syria
705 3805 828 3866 post
858 3791 1225 3848 Alexandrum
1275 3790 1542 3846 Seleucus
1571 3805 1666 3848 rex
1703 3787 1840 3854 fuit,
1874 3787 2116 3856 subjecta

516 3890 690 3944 eidem
740 3886 965 3942 Perside
1012 3900 1074 3939 ac
1104 3884 1374 3954 Babylone
1409 3900 1422 3937 :
1453 3899 1554 3951 qua
1590 3889 1915 3951 tempestate
1943 3879 2118 3936 Judtci

519 3995 757 4035 annuum
806 3977 1136 4048 stipendium
1193 3976 1395 4029 talenta
1439 3974 1552 4044 rcgi
1608 3981 1850 4031 trecenta
1907 3972 2118 4044 argenti

481 4073 758 4135 ‘dabaut;
793 4085 894 4124 nec
933 4080 1111 4122 tamen
1159 4084 1255 4136 per
1281 4076 1537 4122 externus
1588 4065 1972 4138 magistratus,
2022 4064 2120 4120 sed

524 4183 620 4233 per
645 4162 960 4219 sacerdmes
985 4175 1112 4215 suos
1146 4161 1496 4232 regebantur,
1521 4159 1808 4230 patrioque
1838 4157 1946 4212 ritu
1968 4158 2117 4214 vive-

523 4260 652 4316 bant
680 4301 694 4325 ,
721 4257 896 4312 donec
921 4257 1164 4330 plerique
1193 4270 1380 4310 corum
1411 4255 1566 4326 longa
1593 4270 1805 4308 rursum
1837 4267 1970 4322 pace
1999 4266 2119 4306 cor-

521 4350 704 4422 rupti,
741 4351 976 4402 miscerc
1005 4347 1188 4400 munia
1213 4347 1571 4401 seditionibus
1605 4355 1658 4399 et
1689 4346 1906 4400 turbare
1935 4358 2116 4414 coepe-

523 4449 693 4505 runt,
740 4439 1058 4495 aﬂ'ectautes
1111 4454 1385 4504 sumntum
1439 4437 1803 4500 sacerdotium
1856 4435 2114 4501 libidine,

522 4536 749 4594 avaritia
781 4547 834 4592 et
864 4533 1174 4587 dominandi
1210 4532 1478 4604 Cupidine.

599 4629 787 4684 XVIII.
819 4627 1062 4695 Namque
1092 4627 1328 4696 primunt
1377 4625 1478 4680 sub
1511 4641 1636 4695 rege
1668 4625 1898 4682 Seleuco
1927 4625 2120 4680 Antio-

524 4724 610 4781 chi
643 4723 826 4796 magni
863 4723 973 4778 lilio
1003 4720 1192 4776 Oniam
1225 4721 1614 4786 Sacerdotem,
1669 4721 1844 4777 virum
1873 4731 2122 4777 sanctum

524 4828 685 4888 atque
730 4818 1002 4886 integrum
1031 4856 1044 4880 ,
1076 4811 1261 4869 Simon
1308 4813 1526 4883 quidam
1573 4812 1722 4868 falsis
1769 4819 1907 4886 apud
1941 4829 2124 4884 regem

525 4911 850 4970 criminibus
895 4908 1303 4971 insimulatum,
1349 4908 1614 4980 exquirere
1659 4909 1995 4980 nequiverat.
2039 4909 2126 4964 Iit-

527 5003 754 5074 terjecto
782 5001 980 5056 deinde
1006 5013 1269 5070 tempore.
1309 5000 1474 5056 lason
1520 5001 1687 5058 frater
1733 5001 1885 5057 Onize
1933 5001 2122 5058 Antio-

523 5094 686 5151 chum
729 5109 908 5164 regem
935 5135 948 5158 ,
983 5093 1072 5163 qui
1104 5093 1338 5149 Seleuco
1384 5093 1534 5148 fratri
1577 5103 1956 5158 successerat,
1990 5093 2124 5148 adiit

484 5177 487 5181 ’
521 5199 869 5260 augmentum
898 5188 1152 5258 Stipendii
1183 5188 1487 5258 pollicens,
1515 5188 1559 5242 si
1594 5187 1698 5244 sibi
1727 5203 1995 5266 sumptum
2027 5203 2116 5246 sa-

521 5281 824 5339 cerdotium
854 5281 1192 5345 traderetur;
1216 5289 1612 5351 etquamquam
1639 5280 1918 5350 insolitum
1943 5296 2120 5350 neque

517 5377 643 5431 ante
693 5375 1021 5446 permissum
1071 5374 1324 5445 cuiquam
1376 5385 1491 5429 erat
1523 5384 1787 5444 perpetuo
1814 5374 2120 5434 sacerdotio

519 5469 763 5538 perfuugi
787 5507 802 5532 ,
837 5468 1105 5521 sollicitus
1139 5477 1318 5522 tamen
1352 5469 1494 5535 regis
1535 5467 1749 5528 animus
1783 5479 1944 5537 atque
1975 5482 2118 5533 (eger

515 5562 738 5614 avaritia
765 5560 926 5614 facile
950 5573 1240 5641 superatus
1264 5568 1366 5614 est.
1398 5559 1470 5613 Ita
1491 5559 1720 5630 depulso
1739 5559 1896 5624 Onia,
1925 5559 2116 5615 Jasoui

515 5653 891 5708 Sacerdotium
928 5664 1009 5707 e5t
1035 5653 1367 5708 mandatum.
1400 5653 1449 5709 Is
1478 5653 1619 5709 foede
1645 5654 1937 5712 admodum
1970 5655 2117 5714 cives

516 5745 854 5824 patriamque
883 5745 1160 5802 laceravit.
1178 5745 1312 5804 Dein
1335 5761 1458 5806 cum
1478 5761 1575 5818 per
1597 5747 1903 5806 Menelaum
1929 5763 2117 5822 quem-

2213 3240 2296 3286 est
2323 3230 2665 3300 appellatus,
2698 3232 3052 3300 reguavitque
3101 3246 3276 3286 annos
3303 3231 3442 3287 duos
3483 3243 3537 3288 et
3566 3234 3812 3302 triginta.

2216 3322 2342 3378 Post
2371 3338 2491 3379 cum
2527 3323 2849 3389 Antiochus,
2884 3325 3027 3377 filius
3057 3324 3209 3394 ejus,
3242 3340 3418 3380 annos
3451 3342 3614 3380 unum
3643 3326 3708 3379 de
3737 3329 3818 3379 vi—

2213 3415 2369 3486 ginti.
2405 3415 2532 3473 lude
2559 3415 2890 3481 Antiochus,
2933 3417 3186 3471 Antiochi
3219 3418 3384 3485 ﬁlius,
3413 3421 3510 3489 qui
3539 3430 3592 3472 et
3617 3418 3817 3474 'I‘luens

2215 3509 2630 3578 cognominatus
2677 3519 2786 3576 est,
2814 3526 2991 3565 annos
3019 3511 3353 3580 quindecim.
3391 3513 3516 3567 Post
3551 3513 3693 3568 hunc
3722 3513 3819 3569 Se-

2219 3605 2406 3666 leucus
2456 3603 2629 3671 filius,
2668 3606 3000 3675 cognomine
3043 3605 3381 3668 Callinicus,
3431 3622 3603 3661 annos
3656 3624 3822 3661 unum

2218 3705 2278 3754 et
2314 3697 2524 3768 viginti.
2577 3696 2711 3752 Item
2766 3696 3071 3761 Seleucus,
3117 3700 3260 3751 filius
3308 3698 3594 3762 Calliniei,
3645 3714 3822 3755 annos

2220 3801 2351 3847 tres.
2385 3791 2497 3848 Iloc
2519 3791 2797 3857 defuncto,
2826 3791 3126 3846 Antiochus
3168 3791 3334 3845 frater
3363 3790 3606 3845 Callinici
3634 3797 3822 3850 Asiam

2219 3893 2276 3940 et
2299 3883 2510 3954 Syriam
2563 3885 2737 3959 tenuit
2781 3899 2954 3939 annos
2983 3893 3188 3953 septem
3239 3894 3294 3939 et
3341 3886 3576 3956 triginta.
3611 3887 3706 3943 llic
3737 3899 3821 3943 est

2220 3973 2542 4042 Antiochus,
2567 3977 2828 4034 adversus
2859 3992 3018 4046 quem
3042 3977 3225 4047 Scipio
3246 3977 3490 4034 Africani
3518 3979 3684 4036 frater
3710 3982 3821 4036 bcl-

2223 4069 2379 4126 lavit:
2405 4085 2516 4139 quo
2535 4069 2682 4126 bello
2701 4071 2895 4132 victus.
2913 4083 2967 4126 et
2988 4073 3196 4141 imperii
3222 4081 3374 4142 parte
3398 4074 3689 4128 mulctatus
3713 4087 3815 4129 est.

2225 4161 2323 4216 llic
2357 4161 2496 4217 duos
2538 4162 2682 4219 filios
2731 4162 2953 4228 Itabuit,
3014 4162 3304 4220 Seleucum
3347 4177 3400 4220 et
3448 4165 3774 4221 Antiochum
3804 4209 3820 4232 ,

2223 4271 2385 4324 quem
2413 4257 2660 4316 obsidem
2683 4256 2948 4318 Romanis
2971 4258 3216 4315 dederat.
3245 4260 3318 4314 Ita
3337 4257 3610 4320 Antiocho
3627 4275 3826 4331 magno

2226 4361 2464 4416 mortuo,
2489 4351 2754 4410 Seleucus
2768 4353 2885 4424 ejus
2906 4353 3047 4408 ﬁlius
3069 4365 3196 4410 natu
3221 4356 3397 4409 minor
3420 4370 3644 4424 regnum
3667 4356 3826 4422 adep-

2229 4451 2314 4496 tus
2370 4453 2453 4496 est
2485 4463 2496 4496 :
2525 4445 2624 4499 sub
2653 4461 2759 4514 quo
2801 4446 2993 4500 Oniam
3027 4445 3378 4501 Sacerdotem
3425 4462 3454 4500 a
3487 4446 3710 4503 Simone
3738 4448 3825 4502 iu-

2148 4505 2204 4576 ι)
2228 4534 2548 4602 simulatum
2590 4537 2847 4596 diximus.
2891 4537 3032 4593 Tum
3049 4537 3357 4599 Antiochus
3395 4554 3423 4592 a
3451 4540 3712 4593 Romanis
3741 4541 3823 4594 di-

2231 4628 2428 4686 missus
2455 4670 2470 4693 ,
2518 4628 2790 4700 datusque
2838 4630 2900 4688 ill
2934 4629 3117 4686 locum
3167 4631 3284 4700 ejus
3325 4631 3485 4685 obses
3517 4632 3827 4686 Demetrius

2226 4719 2441 4776 Seleuci
2465 4722 2606 4790 regis
2630 4723 2720 4791 qui
2745 4736 2813 4778 eo
2836 4731 3082 4792 tempore
3099 4723 3379 4792 regnabat,
3407 4723 3567 4778 filius.
3593 4725 3830 4781 Seleuco

2228 4825 2446 4868 mortuo
2469 4827 2621 4870 anno
2646 4814 2856 4883 imperii
2888 4815 3232 4881 duodecimo,
3267 4830 3490 4886 regnum
3522 4815 3690 4871 frater
3714 4817 3826 4874 An-

2227 4907 2441 4968 tiochus
2469 4908 2562 4976 qui
2601 4907 2789 4964 Roma
2818 4909 2982 4966 obses
3024 4907 3222 4972 fuerat,
3256 4911 3561 4980 occupavit.
3615 4911 3664 4966 Is
3704 4921 3832 4981 post

2229 4999 2656 5068 quinquennium
2687 5015 2848 5070 quam
2900 5017 3130 5071 regnare
3157 5012 3420 5071 cmpcrat,
3455 5013 3513 5057 ut
3540 5019 3702 5074 supra
3728 5006 3828 5070 do-

2227 5095 2460 5160 cuimus,
2496 5096 2927 5166 Hierosolymam
2952 5095 3317 5165 depopulatus
3343 5109 3425 5152 eat
3447 5099 3678 5153 :eteui-m
3703 5115 3828 5168 gra-

2226 5205 2293 5246 ve
2323 5189 2584 5248 Romanis
2632 5187 2964 5258 stipendium
3015 5189 3333 5258 pensitans,
3383 5190 3500 5259 ipse
3541 5191 3829 5246 inmensis

2227 5283 2534 5352 sumptibus
2569 5298 2704 5351 peue
2737 5283 3047 5337 necessario
3068 5282 3365 5353 cogebatur
3389 5284 3648 5353 pecunias
3668 5297 3828 5354 rapto

2224 5389 2476 5444 quzerere
2500 5415 2514 5437 ,
2551 5389 2726 5444 neque
2755 5374 2922 5454 ullam
2953 5374 3230 5444 praedandi
3267 5377 3610 5431 occasionem
3655 5380 3832 5432 umita

2229 5479 2364 5525 tere.
2402 5469 2532 5526 Post
2562 5468 2839 5528 biennium
2871 5467 3068 5525 deinde
3099 5470 3210 5539 pari
3238 5483 3450 5525 rursum
3481 5471 3638 5526 clade
3661 5471 3833 5527 allec-

2227 5561 2296 5616 tis
2320 5561 2545 5628 Iudicis,
2571 5577 2640 5620 ne
2666 5562 2805 5620 forte
2837 5563 3210 5632 frequentibus
3236 5565 3394 5620 malis
3419 5547 3682 5634 couipulsi
3715 5566 3828 5622 bel-

2225 5658 2342 5723 lum
2359 5669 2658 5723 attinerent,
2688 5658 3000 5729 praesidiarii
3024 5659 3137 5714 arci
3159 5660 3584 5730 imposuitJnde
3614 5678 3826 5718 sacram

2226 5751 2405 5823 legem
2447 5760 2700 5816 evectum
2737 5765 3028 5822 aggressus
3052 5791 3068 5818 ,
3115 5753 3279 5808 mittit
3318 5753 3580 5821 edictum,
3618 5766 3670 5813 tu
3703 5772 3829 5812 orn-
