4194 6192
374 267 497 323 ibi

1591 255 1912 318 HISTORIA
1955 252 2202 327 SACBA.
2247 251 2377 325 LIB.
2417 250 2481 307 ιι.

3571 244 3678 304 1ιῖ

368 400 487 449 nes,
511 384 718 441 relictis
736 385 1004 454 majorum
1028 398 1255 447 suorum
1266 381 1669 445 traditionibus,
1687 376 1965 449 gentilium

2101 390 2270 448 Lastris
2320 390 2557 461 potitus,
2618 388 2953 459 multumque
3007 385 3077 442 ibi
3127 384 3244 441 auri
3290 391 3347 441 et
3388 382 3673 456 Tyriarum

369 475 477 530 ritu
512 476 782 532 viverent.
815 476 925 533 Nec
968 476 1193 533 defuere
1237 475 1328 546 qui
1361 473 1592 545 profano
1620 471 1850 541 imperio
1877 485 1968 525 vo-

368 569 555 626 lentes
573 580 843 640 parerent.
875 570 1014 625 Tum
1036 585 1193 636 vero,
1220 568 1422 625 ftedum
1442 566 1812 638 spectaculum
1834 568 1851 620 1
1876 582 1969 634 per

370 664 684 733 universtm
702 662 886 731 urbem
905 663 1080 731 palam
1100 663 1153 716 in
1173 662 1364 731 plateis
1381 661 1490 716 diis
1508 660 1766 715 litabatur
1785 678 1797 710 :
1814 672 1967 713 sacra

371 756 538 812 etiam
566 756 698 827 legis
721 766 774 810 et
807 755 1197 825 prephetarnm
1221 755 1498 809 volumina
1527 753 1637 823 igni
1660 760 1925 813 cremata.

447 847 568 904 XX.
603 847 676 919 Ea
704 856 1027 917 tempestate
1060 846 1385 903 Matltathias
1404 845 1633 901 Joannis
1665 843 1839 909 ﬁlius,
1872 844 1971 898 Sa-

374 940 567 995 cerdos
617 950 755 993 erat.
805 940 899 993 llic
928 953 1048 997 cum
1080 954 1110 992 a
1138 938 1305 1010 regiis
1333 946 1619 1009 cogeretur
1649 938 1829 993 edicto
1880 951 1973 1005 pa-

372 1046 531 1095 rere,
564 1031 803 1104 “egregia
846 1032 1151 1087 constantia
1192 1029 1418 1100 profana
1462 1040 1839 1093 contemnens,
1870 1028 1973 1085 Hc—

373 1122 581 1183 braaum
616 1108 841 1192 publice
868 1123 1243 1193 profanantem
1274 1123 1331 1197 in
1359 1138 1453 1178 ore
1486 1124 1731 1177 omnium
1760 1120 1973 1191 jugula-

373 1217 470 1272 vit.
526 1217 661 1283 Tum
718 1216 935 1272 demum
986 1227 1203 1288 reperto
1231 1217 1373 1272 duce
1404 1218 1540 1271 facta
1589 1216 1828 1271 secessio
1869 1221 1970 1267 est.

375 1308 705 1369 Mathathias,
728 1308 926 1380 oppido
949 1326 1221 1382 egressus,
1253 1310 1437 1364 multis
1463 1309 1675 1379 adeum
1700 1307 1975 1363 confluen-

376 1403 522 1458 tibus
554 1404 793 1472 speciem
821 1402 953 1471 justi
982 1404 1255 1459 exercitus
1288 1402 1540 1473 cili-cerat
1573 1420 1586 1455 :
1617 1402 1768 1473 queis
1801 1400 1978 1455 omni—

376 1495 478 1572 bus
520 1497 859 1565 destinatum
898 1508 1043 1565 erat,
1082 1497 1343 1553 adversus
1376 1498 1658 1573 profanum
1693 1497 1975 1569 imperium

378 1604 438 1645 se
468 1590 639 1659 armis
672 1590 830 1650 tueri.
860 1599 913 1649 et
943 1590 993 1643 in
1028 1590 1171 1645 bello
1219 1590 1397 1665 ponus
1426 1590 1751 1646 occumbere
1772 1633 1785 1655 ,
1818 1604 1975 1659 quam

379 1682 571 1751 impias
611 1681 939 1736 cerimonias
986 1697 1263 1739 exercere.
1300 1683 1508 1738 Interea
1554 1683 1855 1747 Antiochus
1886 1697 1979 1750 per

2072 500 2234 555 opum
2282 494 2560 553 repertum
2597 501 2611 538 :
2646 482 2894 552 Namque
2939 496 3006 537 ex
3060 480 3217 553 Syria
3274 479 3669 550 negotiatores,

2074 577 2209 632 nihil
2248 576 2316 633 de
2363 578 2589 632 victoria
2631 575 2968 641 dubitantes,
3004 574 3212 645 regium
3262 575 3559 631 exercitum
3589 589 3675 627 sc-

2072 674 2185 727 cuti
2212 688 2311 743 Spe
2336 676 2581 743 captivos
2623 671 2940 737 mercandi,
2968 671 3166 741 praeda:
3209 671 3381 727 fuere.
3412 669 3540 724 Haec
3581 669 3671 723 ubi

2073 767 2255 839 Lysia:
2281 784 2346 823 ex
2380 767 2582 822 nuntiis
2613 774 2893 835 comperta
2918 807 2931 830 ,
2967 764 3175 835 majore
3201 780 3332 820 cura
3358 764 3545 833 copias
3576 778 3674 832 pa-

2075 871 2189 925 rat,
2216 874 2469 929 annoque
2503 868 2623 928 post
2652 858 2869 912 immani
2899 857 3141 911 exercitu
3168 856 3386 911 Judzeos
3431 854 3682 927 aggredi-

2076 960 2181 1008 tur.
2218 953 2410 1009 Victus
2439 952 2617 1007 denuo
2643 949 2987 1007 Antiochiam
3016 964 3075 1006 se
3102 950 3325 1019 recepit.

2148 1046 2319 1104 XXII.
2347 1047 2519 1103 ludas
2544 1047 2711 1116 pulsis
2736 1046 2985 1102 hostibus
3011 1044 3445 1114 Hierosolymam
3464 1059 3680 1114 regres-

2076 1158 2187 1207 sus,
2217 1158 2448 1213 purgare
2468 1141 2731 1210 templum
2759 1149 2813 1196 et
2840 1139 3133 1194 restituere
3157 1137 3397 1195 animum
3426 1136 3682 1199 intendit,

2078 1237 2223 1308 qttod
2277 1252 2529 1292 eversum
2578 1237 2645 1289 ab
2688 1232 2960 1290 Antiocho
3010 1231 3461 1301 profanatumque
3491 1246 3519 1284 a
3552 1246 3682 1300 gen.

2083 1332 2225 1386 libus
2258 1330 2454 1385 foedam
2487 1328 2569 1384 sui
2592 1327 2831 1398 speciem
2862 1325 3164 1396 praebebat.
3195 1324 3305 1379 Sed
3321 1324 3475 1395 Syris
3502 1337 3681 1377 arcem

2083 1425 2393 1480 tenentibus
2424 1424 2569 1494 (quae
2606 1421 2861 1492 contigua
2893 1419 3098 1490 templo
3124 1428 3181 1474 et
3208 1418 3311 1473 loci
3354 1427 3545 1471 natura
3593 1432 3686 1470 su-

2085 1520 2271 1588 perior
2298 1529 2460 1587 atque
2488 1513 2925 1584 inexpugnabilis
2944 1516 3109 1574 erat),
3140 1510 3279 1566 adiri
3307 1508 3550 1579 subjecta
3578 1523 3684 1563 non

2085 1620 2378 1684 poterant,
2421 1610 2631 1666 crebris
2684 1606 3064 1677 eruptionibus
3110 1604 3547 1675 prohibentibus.
3578 1601 3691 1657 Ad-

2084 1722 2306 1763 versum
2338 1706 2438 1761 bos
2464 1705 2629 1760 ludas
2657 1704 3049 1757 validissimam
3077 1716 3302 1756 suorum
3334 1698 3509 1753 aciem
3538 1695 3689 1766 obje-

381 1775 604 1831 eme“
647 1791 863 1869 “Eloque
892 1776 1052 1847 urbes
1099 1792 1218 1847 qm“
1252 1778 1307 1831 in
1338 1777 1482 1832 “ms
1527 1776 1755 1846 imperio
1782 1784 1936 1830 erant
1963 1817 1976 1839 θ
2012 1772 2060 1832 Β
2086 1801 2281 1856 cit:ita
2310 1814 2450 1869 opus
2480 1814 2651 1855 sacra:
2677 1796 2814 1851 tedis
2837 1806 3106 1861 curatum,
3140 1792 3507 1863 templumque
3535 1806 3692 1845 muro

384 1877 630 1936 repertos
671 1866 889 1924 Judawos
935 1869 1243 1924 sacrificare
1292 1870 1560 1939 cogebat,
1617 1870 1983 1943 inauditisque

381 1960 717 2031 cruciatibus
742 1963 1072 2017 reluctantes
1094 1961 1385 2023 alliciebat.
1418 1961 1534 2030 Qua
1562 1969 1885 2031 tempestate
1917 1961 1982 2015 il-

382 2055 565 2123 lustris
618 2054 712 2108 illa
766 2058 946 2125 passio
990 2064 1201 2124 septem
1234 2054 1459 2108 fratrum
1492 2055 1789 2123 matrisque
1839 2054 1979 2107 fuit:

384 2150 477 2217 qui
510 2163 698 2201 omnes
728 2162 847 2200 cunt
882 2147 1053 2215 legem
1087 2146 1179 2201 Dei
1213 2154 1267 2201 et
1299 2147 1542 2200 instituta
1575 2148 1838 2214 majorum
1870 2147 1977 2199 vio-

384 2240 501 2295 lare
527 2239 805 2310 suppliciis
843 2249 1188 2310 cogerentur,
1223 2240 1359 2294 mori
1398 2239 1730 2295 maluerunt.
1765 2239 1845 2292 Ad
1889 2255 1981 2295 ex-

386 2344 618 2390 tremum
650 2351 834 2402 prunas
855 2345 1169 2406 mortesque
1192 2350 1381 2391 eorum
1407 2336 1659 2391 comitata
1686 2346 1860 2390 mater
1877 2346 1977 2390 est.

453 2429 595 2486 XXI.
634 2431 846 2485 lntcrea
888 2429 1215 2485 Mathathias
1260 2431 1509 2485 moritur.
1532 2430 1804 2485 Vicarinm
1829 2445 1985 2486 exer-

381 2524 512 2579 citui
542 2540 702 2595 quem
752 2533 1060 2594 paraverat,
1095 2524 1287 2577 tillCCltl
1331 2523 1523 2577 .lntlam
1576 2523 1741 2576 filium
1783 2523 1987 2576 substi-

384 2617 503 2671 tuit.
541 2602 710 2686 llujus
737 2618 900 2670 ductu
934 2614 1200 2669 adversus
1230 2621 1411 2684 regios
1443 2613 1818 2685 frequentibus
1849 2628 1987 2681 pra:-

383 2712 469 2766 liis
501 2726 764 2781 prospere
815 2718 1104 2780 pugnatum
1139 2726 1151 2760 :
1187 2722 1309 2761 nam
1363 2707 1595 2777 primum
1632 2704 1983 2773 Apollonium

382 2805 573 2860 ducem
598 2802 860 2869 hostium,
887 2802 978 2873 qui
1006 2803 1217 2873 magnis
1242 2802 1416 2871 cepiis
1466 2801 1520 2854 in
1551 2797 1863 2853 conflictum
1895 2798 1986 2851 dc-

384 2903 834 2971 scenderat,cum
863 2902 1013 2957 omni
1037 2902 1275 2958 exercitu
1301 2901 1522 2955 delevit.
1557 2900 1714 2969 Quod
1741 2915 1861 2955 cum
1889 2899 1989 2955 Se—

387 3012 483 3052 ron
516 2996 757 3069 quidam,
794 2997 887 3068 qui
920 3005 1029 3063 tum
1070 2994 1240 3066 Syriae
1282 3000 1519 3064 praeerat
1540 3033 1554 3057 ,
1585 2992 1944 3061 comperisset
1973 3034 1986 3057 ,

384 3088 758 3157 multiplicatis
813 3086 1121 3156 legionibus
1168 3085 1360 3140 Judam
1413 3100 1744 3155 aggressus,
1803 3084 1985 3153 ferox,

385 3182 507 3251 quia
538 3194 767 3241 numero
791 3178 1223 3253 praestabat;ubi
1257 3180 1309 3233 in
1338 3154 1611 3247 certamen
1642 3179 1987 3241 descensum,
2019 3154 2064 3215 (ἶ

384 3277 532 3334 fusus
560 3293 623 3333 ac
651 3278 884 3349 fugatus,
913 3276 1233 3344 octingentis
1259 3275 1429 3331 ferme
1454 3275 1673 3333 amissis
1696 3274 1747 3328 in
1778 3274 1991 3344 Syriam

387 3386 671 3443 regressus
696 3379 799 3435 est.
826 3368 885 3423 id
910 3368 1002 3424 ubi
1029 3378 1365 3438 compertum
1398 3378 1479 3424 est
1508 3369 1802 3434 Antiocho,
1836 3370 1912 3423 ira
1942 3379 1996 3424 et

386 3450 580 3520 dolore
608 3479 902 3519 succensus
932 3464 1153 3536 (quippe
1184 3464 1485 3535 angebatur
1511 3462 1679 3517 duces
1708 3477 1840 3518 suos
1870 3478 1993 3519 cum

390 3556 610 3629 magnis
657 3556 988 3612 exercitibus
1038 3556 1336 3625 devictos),
1378 3555 1641 3611 auxilium
1685 3572 1781 3626 per
1834 3570 1997 3611 omne

392 3666 627 3723 regnum
670 3649 979 3725 contrahit:
1011 3650 1327 3706 donativum
1377 3648 1663 3715 militibus,
1716 3648 1999 3702 exhaustis

394 3744 612 3813 penitus
638 3741 924 3805 thesauris,
946 3741 1188 3814 largitur.
1221 3742 1431 3797 Etenim
1456 3751 1567 3795 tum
1588 3740 1859 3810 przecipue
1882 3755 2000 3809 gra-

395 3838 532 3891 viter
554 3834 799 3907 pecuniae
833 3835 1012 3905 inopia
1041 3834 1270 3889 allectus
1299 3846 1438 3888 erat.
1464 3833 1597 3887 Nam
1624 3831 2002 3888 deﬁcientibus

397 3927 467 3982 ab
510 3942 575 3995 eo
612 3926 839 3987 Judazis.
870 3926 965 3997 qui
1008 3928 1055 3981 ei
1110 3927 1247 3981 ultra
1293 3934 1535 3982 trecenta
1568 3926 1775 3997 argenti
1805 3926 2000 3981 talenta

401 4034 575 4074 annua
609 4021 1014 4089 pensitaverant
1042 4061 1055 4083 ,
1091 4028 1354 4087 praeterea
1386 4018 1580 4089 graecis
1609 4018 1832 4073 urbibus
1862 4017 2002 4079 mul-

405 4114 577 4184 tisque
627 4113 939 4185 regionibus
987 4112 1386 4183 persecutionis
1432 4112 1575 4167 malo
1625 4110 1856 4167 turbatis
1899 4109 2005 4181 (ne

401 4208 691 4277 gentilibus
722 4206 938 4281 quidem
968 4218 1320 4276 pepercerat,
1356 4221 1491 4278 quos
1516 4206 1771 4263 deserere
1801 4205 2007 4260 invete-

406 4312 550 4365 ratas
579 4302 999 4373 superstitiones
1024 4308 1079 4357 et
1108 4301 1172 4355 ad
1205 4316 1367 4369 unum
1400 4301 1559 4371 ritum
1589 4297 1859 4353 deducere
1886 4305 2004 4350 ten-

407 4402 616 4447 taverat
647 4410 659 4445 :
694 4393 803 4448 illis
845 4392 1094 4465 quidem,
1143 4392 1231 4445 ubi
1265 4391 1396 4446 nihil
1444 4390 1614 4455 sancti
1664 4396 1816 4453 erat,
1856 4389 2010 4442 facile

408 4487 873 4558 relinquentibus;
929 4489 1023 4542 sed
1076 4496 1257 4542 tamen
1301 4486 1553 4540 omnibus
1585 4495 1731 4539 metu
1759 4499 1821 4539 ac
1854 4482 2010 4539 clade

2083 1894 2511 1958 circumdatum,
2562 1892 2956 1961 constitutique
3002 1891 3095 1959 qui
3148 1897 3466 1958 perpetem
3499 1886 3693 1955 praesi-

2084 1991 2231 2045 dium
2261 1988 2460 2043 armati
2485 1988 2773 2059 agitarent.
2804 1986 2874 2039 At
2912 1984 3105 2056 Lysias
3135 1981 3495 2050 multiplicato
3526 1995 3690 2034 exer-

2081 2083 2191 2137 citu
2225 2083 2278 2135 in
2320 2079 2563 2135 Iudaeam
2611 2091 2911 2147 regressus,
2947 2090 3161 2129 rursum
3217 2073 3470 2138 vincitur,
3500 2086 3693 2140 magna

2084 2173 2238 2231 clade
2270 2172 2543 2229 exercitus
2580 2180 2637 2226 et
2675 2169 3003 2224 auxiliorum
3032 2210 3044 2231 ,
3092 2181 3213 2236 quae
3247 2166 3295 2220 ei
3324 2180 3352 2218 a
3381 2162 3696 2219 civitatibus

2086 2268 2250 2320 missa
2286 2266 2339 2319 in
2372 2264 2573 2319 bellum
2603 2263 3068 2332 conspiraveraut.
3108 2258 3321 2313 interea
3351 2255 3655 2311 Antiochus
3681 2296 3694 2318 ,

2087 2376 2247 2430 quem
2275 2359 2326 2411 in
2372 2355 2654 2412 Persidem
2702 2354 3010 2423 profectum
3043 2366 3205 2420 supra
3236 2350 3659 2406 memoravimus
3679 2390 3693 2413 ,

2088 2451 2345 2519 Oppidum
2391 2450 2643 2519 Elymum
2695 2442 2934 2518 regionis
2986 2445 3131 2500 illius
3176 2442 3650 2515 opulentissimum
3680 2482 3694 2507 ,

2090 2544 2388 2613 fanumque
2444 2542 2517 2596 ibi
2570 2541 2732 2594 situm
2784 2539 2959 2594 multo
3006 2554 3137 2593 auro
3171 2536 3431 2593 refertum
3464 2534 3700 2603 diripere

2089 2645 2349 2699 c0uatns;
2399 2632 2716 2689 conﬂuente
2766 2629 3111 2701 undiquead
3153 2628 3534 2683 defensionem
3590 2626 3699 2680 loci

2090 2725 2440 2783 multitudine
2485 2723 2741 2794 fugatus,
2790 2723 3015 2792 insuper
3048 2721 3296 2775 nuntium
3340 2717 3573 2788 accepit,
3614 2733 3701 2771 res

2093 2823 2178 2877 vel
2210 2839 2235 2873 a
2274 2818 2454 2891 Lysia,
2488 2818 2572 2872 vel
2603 2834 2630 2871 a
2662 2816 2974 2887 Lysimacho
3006 2817 3349 2884 improspere
3378 2821 3555 2884 ge~tas
3587 2829 3599 2864 :
3628 2811 3699 2865 ita

2094 2931 2162 2970 ex
2193 2928 2432 2968 maerore
2460 2911 2625 2964 animi
2652 2910 2901 2978 corporis
2928 2907 3122 2961 morbo
3150 2906 3412 2960 incubuit.
3444 2903 3553 2958 Sed
3580 2918 3700 2957 cum

2095 3008 2329 3062 internis
2360 3004 2645 3061 doloribus
2676 3010 2993 3072 angeretur,
3025 2997 3389 3054 reminiscens
3436 2995 3704 3051 malorum

2096 3101 2295 3171 quibus
2326 3097 2582 3168 populum
2614 3094 2713 3149 Dei
2740 3102 3051 3157 vexaverat,
3086 3089 3279 3147 merito
3310 3089 3411 3144 sibi
3446 3088 3535 3143 illa
3565 3087 3707 3141 acci-

2099 3194 2246 3248 disse
2274 3190 2664 3251 conﬁtebatnr;
2696 3185 2895 3241 deinde
2920 3194 3042 3254 post
3072 3198 3274 3253 paucos
3296 3182 3413 3237 dies
3442 3182 3701 3244 moritur,

2098 3300 2223 3340 cum
2253 3292 2533 3354 regnasset
2557 3295 2727 3335 annos
2748 3278 3020 3333 undecim.
3042 3275 3313 3333 Antiocho
3337 3274 3448 3330 lilio
3476 3290 3702 3344 regnum

2101 3377 2341 3447 reliquit,
2373 3375 2459 3430 cui
2488 3375 2726 3442 Eupator
2756 3386 2956 3426 nomen
2980 3371 3097 3425 fuit.

2172 3469 2367 3526 XXIII.
2400 3470 2472 3524 Ea
2503 3476 2823 3536 tempestate
2850 3463 3019 3520 .Iudas
3049 3464 3220 3534 Syros
3254 3463 3304 3517 in
3335 3476 3463 3517 arce
3494 3460 3705 3529 positos

2103 3564 2391 3622 obsidebat
2420 3582 2433 3617 :
2464 3562 2556 3632 qui
2586 3577 2712 3616 cum
2764 3562 2903 3613 fame
2934 3569 3095 3625 atque
3128 3557 3308 3627 inopia
3337 3555 3707 3618 afficerentur,

2105 3659 2287 3716 missis
2336 3658 2403 3711 ad
2453 3671 2638 3724 regem
2676 3652 2883 3707 nuntiis
2924 3650 3234 3719 prmsidinm
3284 3649 3598 3718 implorant.
3639 3650 3711 3702 Ita

2107 3752 2352 3820 Eupator
2399 3763 2519 3801 cum
2568 3756 2785 3800 centum
2840 3743 3118 3807 millibus,
3163 3751 3219 3795 ct
3249 3741 3489 3810 equitum
3523 3738 3709 3809 viginti

2108 3841 2368 3905 millibus,
2397 3839 2511 3894 suis
2534 3836 2780 3892 subsidio
2810 3837 2975 3896 venit,
2998 3833 3372 3905 prmeuntibus
3396 3833 3568 3886 aciem
3587 3847 3711 3887 cum

2107 3935 2311 4006 ingenti
2353 3943 2565 3988 terrore
2606 3928 2930 3999 elephantis.
2963 3927 3100 3981 Tum
3142 3925 3312 3981 indas
3359 3930 3531 3980 laxata
3565 3925 3710 3979 obsi-

2108 4028 2273 4083 dione
2318 4024 2432 4095 regi
2466 4023 2683 4079 obviam
2730 4019 2933 4083 tendit,
2976 4020 3258 4089 primoque
3307 4019 3496 4088 prarlio
3547 4019 3715 4091 Syros

2111 4118 2304 4175 fundit.
2336 4116 2453 4171 Rex
2497 4116 2628 4184 petit
2663 4128 2849 4182 pacem
2882 4112 3048 4179 :‘quia
3105 4110 3270 4166 infido
3300 4112 3521 4181 ingenio
3573 4112 3714 4167 male

2106 4230 2272 4277 usus,
2295 4210 2577 4283 perﬁdiam
2606 4216 2900 4263 consecuta
2927 4206 3080 4261 ultio.
3115 4205 3248 4261 Nam
3285 4206 3589 4261 Demetrius
3620 4205 3717 4262 Se-

2112 4308 2253 4363 leuci
2288 4306 2467 4367 (ilius,
2500 4318 2659 4373 quem
2711 4300 2971 4357 Romanis
3021 4299 3266 4353 obsidem
3321 4299 3502 4353 datum
3552 4312 3713 4366 supra

2114 4397 2557 4461 memoravimus,
2593 4406 2647 4449 ut
2679 4394 2882 4451 audivit
2906 4393 3235 4449 Antiochum
3262 4393 3592 4460 decessisse,
3626 4410 3719 4462 pc—

2120 4492 2241 4546 tit-it
2272 4500 2329 4545 ut
2358 4505 2418 4544 se
2451 4491 2505 4543 in
2534 4504 2759 4559 regnum
2791 4488 3133 4544 remitterent
3164 4505 3176 4539 :
3207 4487 3352 4556 quod
3382 4502 3506 4541 cum
3538 4486 3587 4541 ei
3624 4504 3716 4542 ne-

413 4580 661 4653 all‘ectis),
682 4582 959 4654 vectigalia
980 4581 1563 4649 cessaverantQuibus
1587 4580 1747 4634 rebus
1772 4586 2013 4639 aestuans
2039 4549 2097 4629 D
2118 4597 2300 4659 garum
2324 4587 2543 4653 fuisset,
2567 4586 2709 4640 clam
2741 4586 2909 4641 Roma
2936 4584 3190 4654 profugit,
3223 4586 3276 4637 in
3304 4585 3518 4656 Syriam
3549 4585 3714 4647 νεηίι,

419 4672 634 4742 (etenim
669 4674 786 4744 ipse
828 4674 956 4727 olim
986 4674 1236 4729 omnibus
1263 4674 1483 4745 regibus
1512 4672 1843 4743 opulentior,
1873 4685 2013 4727 suo-

418 4778 529 4843 met
564 4770 770 4825 scelere
802 4768 1040 4839 inopiam
1074 4768 1439 4841 persenscrat)
1470 4770 1658 4839 copias
1688 4785 1809 4824 cum
1858 4768 2013 4838 Lysia

419 4864 669 4932 partitur,
702 4863 862 4935 eique
910 4862 1123 4933 Syriam
1165 4871 1220 4917 et
1263 4862 1464 4918 bellum
1513 4863 1772 4921 adversus
1800 4862 2019 4919 Judteos

420 4959 740 5023 committit,
774 4958 889 5027 ipse
918 4959 969 5013 in
996 4959 1189 5013 Persas
1220 4958 1283 5011 ad
1317 4960 1555 5029 cogenda
1585 4960 1862 5031 chtigalia
1893 4975 2016 5029 pro-

423 5049 616 5125 fectus.
645 5050 813 5123 Igitur
840 5051 1027 5123 Lysias
1048 5051 1211 5121 duces
1239 5051 1366 5108 belli
1394 5052 1617 5125 delegit,
1640 5054 2014 5120 Ptolemaeum,

425 5142 673 5219 Gorgiam
702 5186 717 5210 ,
766 5142 1023 5213 Damnem
1064 5153 1117 5199 et
1166 5143 1487 5201 Nicanorem
1541 5164 1553 5202 :
1606 5145 1691 5202 his
1742 5163 1809 5201 χι
1854 5146 2021 5201 millia

428 5240 666 5311 peditum
698 5282 712 5305 ,
760 5248 967 5309 septem
1020 5240 1265 5311 equitum
1314 5240 1471 5309 data,
1505 5256 1568 5296 ac
1614 5240 1787 5313 primo
1818 5241 2047 5309 impetu-

430 5352 680 5411 magnum
740 5336 943 5407 ludatis
975 5347 1236 5395 terrorem
1281 5337 1601 5403 intulerunt.
1646 5334 1781 5389 Tum
1832 5333 2025 5399 .ludas,

431 5430 638 5484 cunctis
668 5429 1105 5505 deslterantibus,
1138 5445 1265 5499 suos
1314 5431 1654 5501 adhortatus,
1686 5428 1810 5485 forti
1842 5430 2026 5484 animo

435 5510 829 5593 descenderent
863 5524 913 5575 in
966 5524 1206 5592 prazlium
1232 5542 1243 5576 :
1273 5523 1384 5580 Deo
1421 5522 1573 5580 fretis
1604 5522 1739 5578 nihil
1773 5523 2031 5581 invictum

440 5612 578 5679 fore;
603 5629 748 5691 saepe
773 5623 929 5690 antea
953 5631 982 5695 ᾳ
1008 5615 1355 5695 paucioribus
1376 5616 1672 5689 adversum
1694 5614 1876 5689 plures
1899 5615 2037 5685 bene

442 5720 752 5785 pugnatum.
807 5708 1023 5784 ieiunio
1074 5710 1274 5771 indicto
1331 5711 1723 5785 celebrataque
1768 5707 2039 5779 sacrificio

444 5796 498 5854 in
544 5804 715 5871 aciem
765 5802 1129 5873 descensum,
1177 5803 1308 5865 fusae
1362 5801 1599 5861 hostium
1646 5802 1835 5873 copias.
1876 5800 2046 5877 indas

2121 4696 2455 4751 regnumque
2506 4678 2833 4748 occupavit,
2865 4676 3138 4732 Antiocho
3190 4676 3323 4743 filio,
3379 4678 3470 4747 qui
3515 4692 3716 4730 annum

2123 4790 2287 4830 unum
2336 4784 2390 4829 et
2420 4786 2635 4829 menses
2683 4787 2779 4827 sex
2832 4780 3192 4842 regnaverat,
3248 4771 3553 4825 interfecto.
3606 4768 3719 4824 lloc

2070 4912 2075 4917 .
2122 4875 2384 4939 regnante
2415 4866 2643 4935 primum
2672 4864 2843 4920 Judaei
2868 4882 2895 4917 a
2926 4866 3129 4935 populo
3155 4864 3395 4919 Romano
3424 4864 3717 4919 amicitiam

2125 4960 2413 5028 foedusque
2458 4958 2664 5028 petiere
2692 4976 2705 5012 :
2732 4959 3071 5029 benigneque
3113 4967 3333 5028 excepta
3368 4958 3584 5029 legatio.
3619 4960 3717 5014 Dc-

2129 5064 2281 5109 creto
2331 5051 2564 5109 Senatus
2610 5051 2742 5106 socii
2784 5060 2948 5120 atque
2984 5051 3143 5105 amici
3175 5051 3450 5121 appellati.
3498 5052 3719 5107 Interim

2130 5142 2435 5200 Demetrius
2485 5141 2747 5199 adversus
2777 5140 2966 5197 Judam
3000 5158 3096 5213 per
3134 5143 3304 5199 duces
3350 5161 3477 5200 suos
3527 5146 3724 5202 bellum

2132 5238 2372 5309 gerebat,
2403 5251 2466 5291 ac
2499 5235 2730 5306 primum
2758 5252 2857 5307 per
2885 5237 3205 5294 Bacchidem
3237 5241 3522 5310 quemdam
3553 5252 3607 5296 et
3633 5240 3729 5296 Al-

2134 5334 2336 5389 cimum
2364 5331 2608 5387 Judaeum
2639 5332 2833 5387 ductus
2856 5334 3157 5401 exercitus;
3189 5346 3309 5404 post
3334 5337 3567 5394 Nicanor
3589 5335 3733 5390 bello

2138 5426 2461 5496 praepositus
2505 5424 2557 5478 in
2605 5427 2792 5495 pravlio
2833 5427 3105 5482 occubuit.
3153 5428 3287 5483 Tum
3332 5428 3626 5484 Bacchides
3677 5438 3733 5481 ct

2140 5521 2410 5587 Alcimus,
2442 5521 2735 5591 resumptis
2756 5523 2962 5577 viribus
2989 5525 3271 5594 auctisque
3299 5524 3469 5592 copiis
3492 5564 3505 5584 ,
3536 5521 3729 5577 adver-

2143 5628 2260 5669 sum
2314 5613 2503 5669 ludam
2553 5615 2869 5685 conﬂigunt.
2921 5616 2976 5671 ln
3017 5632 3079 5671 ea
3133 5632 3307 5687 pugna
3349 5615 3580 5669 victores
3612 5614 3734 5687 Syri

2147 5716 2371 5765 cruente
2394 5709 2686 5767 admodum
2712 5710 2935 5764 victoria
2965 5720 3090 5764 sunt
3113 5709 3214 5762 usi.
3250 5708 3462 5762 llebrrei
3485 5710 3534 5761 in
3564 5710 3739 5765 locum

2150 5799 2301 5865 Iudae
2332 5800 2625 5859 Ionatham
2656 5802 2878 5859 fratrem
2905 5803 3023 5871 ejus
3055 5801 3318 5870 deligunt.
3354 5799 3570 5860 Interea
3598 5801 3745 5860 Alci-
