4194 6192
464 260 569 334 iis

1793 251 2085 326 SULPICII
2121 258 2377 323 SEVERI

3662 255 3769 317 νιι

460 408 582 449 mus
609 404 731 448 cum
766 389 909 448 foede
958 388 1393 460 Hierosolymam
1424 393 1733 452 vastasset,
1783 386 2016 442 moritur
2046 400 2061 441 :
2094 387 2147 446 Α
2171 398 2318 439 anno
2342 383 2554 439 civibus
2578 396 2817 454 prmesse
2838 381 3097 454 coepisset
3117 423 3131 448 ,
3160 387 3285 454 post
3311 386 3434 438 octo
3476 392 3649 437 annos
3687 381 3772 436 in-

463 486 761 542 Bacchides
783 485 935 540 socio
956 482 1246 539 destitutus
1268 479 1335 533 ad
1369 494 1552 550 regem
1583 478 1747 534 redit.
1780 478 1914 532 Dein
1945 486 2067 543 post

459 582 740 637 biennium
785 593 973 634 rursus
1020 575 1319 631 Bacchides
1363 573 1567 628 bellum
1600 571 1805 627 Judaeis
1835 571 2061 626 intulit:

463 676 642 730 victus
690 688 876 742 pacem
929 671 1097 740 petit;
1148 682 1269 740 quae
1320 662 1616 738 propositis
1663 664 2066 721 conditionibus

460 771 619 828 data:
653 770 710 825 Si
743 768 999 839 perfugas
1026 766 1383 837 captivosque
1411 774 1468 820 ct
1514 761 1697 819 omnia
1728 761 1875 818 bello
1909 770 2065 832 rapta

461 862 735 919 redderet.

536 954 728 1012 XXIV.
788 954 926 1008 Dum
976 952 1096 1008 haec
1132 951 1275 1006 intra
1304 949 1545 1006 Judzeam
1592 957 1885 1020 geruntur,
1933 946 2065 1002 ado-

460 1051 677 1107 lescens
705 1048 923 1119 quidam
953 1045 1131 1101 Rhodi
1160 1046 1445 1110 educatus,
1481 1043 1701 1098 nomine
1731 1041 2062 1108 Alexander,

463 1141 716 1199 Antiochi
757 1156 817 1197 se
842 1156 964 1196 esse
988 1140 1156 1194 ﬁlium
1203 1139 1458 1194 dictitans
1486 1137 1650 1209 (quod
1678 1136 1869 1191 falsum
1901 1134 2062 1206 erat),

461 1237 681 1307 adjutus
722 1236 919 1305 opibus
966 1232 1244 1288 Ptolemaei
1278 1234 1420 1301 regis
1448 1229 1840 1295 Alexandrini,
1874 1229 1926 1283 in
1960 1229 2064 1300 Sy-

458 1331 594 1386 riam
627 1345 750 1384 cum
778 1328 1027 1384 exercitu
1058 1326 1203 1380 venit
1237 1342 1250 1379 :
1286 1325 1622 1379 Demetrium
1657 1322 1801 1377 bello
1831 1335 2067 1389 supera-

463 1433 578 1480 tttm
609 1422 812 1480 occidit
841 1463 856 1485 ,
887 1436 1009 1476 cum
1042 1426 1327 1491 regnasset
1352 1433 1525 1473 annos
1554 1433 1650 1471 xu.
1684 1415 1783 1470 Hic
1825 1413 2062 1469 Alexan-

461 1517 581 1579 der,
637 1521 946 1585 priusquam
996 1513 1260 1567 adversus
1318 1511 1649 1564 Demetrium
1702 1506 2061 1578 confligeret,

460 1610 641 1666 foedus
666 1624 788 1665 cum
815 1606 1047 1662 .Ionatlta
1075 1606 1308 1667 fecerat,
1346 1618 1579 1673 eumque
1609 1611 1764 1657 veste
1794 1615 2061 1670 purpurea

458 1714 514 1757 et
545 1702 848 1771 insignibus
878 1699 1043 1770 regiis
1070 1698 1372 1753 donaverat
1404 1711 1418 1749 :
1453 1696 1522 1751 ob
1552 1695 1693 1765 quod
1726 1709 1849 1750 eum
1896 1692 2063 1748 Jona-

2170 475 2322 532 sidiis
2348 475 2629 533 Ptolemaei
2658 475 3082 546 _circumventus
3120 473 3394 529 occubuit.
3442 473 3579 529 lluic
3605 472 3772 530 Joan-

2172 587 2268 625 nes
2317 570 2460 626 filius
2503 572 2793 636 successit,
2827 571 2920 642 qui
2950 586 3075 627 cum
3106 568 3398 625 adversum
3444 568 3729 642 Hyrcanos
3756 611 3772 635 ,

2167 673 2385 733 gentem
2438 662 2858 728 validissimam,
2911 662 3131 735 egregie
3180 672 3494 734 pugnasset,
3539 662 3774 735 Ilyrcani

2169 769 2471 825 cognomen
2500 756 2735 825 accepit.
2762 754 3010 811 Mortuus
3029 766 3109 811 est
3129 770 3304 810 annos
3332 771 3384 810 γι
3411 763 3469 811 et
3494 771 3564 812 xx
3587 771 3774 812 rerum

2169 850 2394 918 potitus.
2428 848 2561 905 Post
2589 851 2731 904 hunc
2762 849 3110 905 Aristobulus
3135 848 3378 920 pontifex
3408 850 3774 921 substitutus,

2168 946 2377 1016 primus
2430 945 2674 1001 omnium
2725 955 2848 1016 post
2901 946 3273 1017 captivitatem
3326 945 3535 1015 regium
3570 961 3775 1004 nomen

2167 1041 2491 1110 assumpsit,
2522 1040 2796 1112 capitique
2817 1040 3065 1095 diadema
3090 1040 3369 1112 imposuit.
3395 1039 3601 1098 Exacto
3628 1056 3775 1097 anno

2168 1131 2311 1187 diem
2341 1132 2558 1187 functus
2588 1140 2690 1187 est.
2736 1132 3046 1188 Alexander
3096 1132 3293 1188 deinde
3322 1132 3467 1188 filius
3514 1133 3633 1204 ejus
3678 1149 3774 1190 rex

2167 1228 2376 1296 pariter
2406 1235 2462 1282 et
2492 1227 2739 1298 pontifex
2772 1226 2915 1282 fuit:
2962 1227 3210 1299 regnavit
3256 1242 3431 1283 annos
3472 1245 3544 1284 vu
3595 1239 3651 1285 et
3699 1230 3780 1285 vi.

2167 1319 2336 1389 ginti;
2389 1320 2443 1375 in
2485 1320 2645 1390 cujus
2694 1320 2909 1376 actibus
2957 1320 3095 1376 nihil
3144 1330 3346 1392 praeter
3398 1321 3777 1379 crudelitatem

2170 1415 2432 1468 memoria
2464 1414 2691 1486 dignum
2744 1416 2948 1486 reperi.
2999 1415 3099 1472 llic
3145 1432 3269 1472 cum
3299 1417 3672 1473 Aristobulum
3723 1426 3780 1475 et

2169 1508 2478 1578 Hyrcanum
2518 1524 2718 1579 parvos
2750 1508 2893 1564 filios
2927 1509 3261 1581 reliquisset,
3290 1510 3477 1566 Salina
3509 1511 3626 1568 sive
3652 1511 3779 1569 Ale-

2168 1600 2375 1656 xandra
2406 1617 2542 1655 uxor
2571 1602 2691 1670 ejus
2719 1617 2948 1673 regnum
2994 1618 3094 1673 per
3133 1619 3329 1659 novem
3362 1619 3536 1661 annos
3584 1606 3774 1662 tenuit.

2168 1696 2296 1753 PoSt
2326 1697 2486 1768 hujus
2516 1697 2723 1753 obitum
2766 1697 2913 1755 fceda
2957 1699 3099 1755 inter
3129 1698 3325 1756 fratres
3352 1700 3421 1756 de
3462 1716 3630 1773 regno
3659 1717 3780 1757 cer—

460 1796 585 1851 thas
633 1792 848 1848 auxiliis
895 1792 1115 1862 juverat
1144 1832 1171 1859 ,.
1218 1790 1478 1860 victoque
1532 1788 1804 1843 Demetrio
1854 1786 2063 1857 primus
2092 1783 2141 1844 B
2169 1790 2392 1844 tantina.
2423 1790 2502 1845 Ac
2535 1791 2768 1858 primum
2802 1790 3085 1865 Hyrcanus
3112 1793 3402 1863 imperium
3442 1794 3728 1851 obtinebat
3760 1810 3776 1851 :

462 1889 705 1942 omnium
751 1886 1188 1957 congratulatum
1238 1890 1576 1936 occurrerat.
1634 1879 1823 1949 Neque
1874 1888 2068 1949 postea

462 1977 771 2036 Alexander
800 1977 979 2031 datam
1029 1976 1187 2030 iidem
1232 1973 1452 2028 violavit
1484 1990 1496 2025 :
1528 1972 1603 2025 ita
1642 1970 2021 2040 quinquennio
2049 2011 2065 2037 ,

456 2087 566 2144 quo
612 2086 794 2125 rerum
846 2070 1048 2139 potitus
1093 2076 1207 2129 est,
1242 2082 1333 2120 res
1385 2064 1701 2119 Judteorum
1749 2062 2065 2132 tranquillae

455 2167 695 2222 fuerunt.
748 2162 915 2233 Igitur
945 2160 1255 2226 Demetrius,
1290 2157 1551 2214 Demetrii
1594 2158 1768 2223 filius,
1801 2156 1892 2227 qui
1946 2166 2069 2225 post

463 2270 693 2314 mortem
725 2257 895 2327 patris
919 2252 1134 2308 Cretam
1161 2252 1501 2322 confugerat,
1536 2248 1788 2303 hortante
1811 2247 2069 2303 Li~thene

459 2348 986 2414 Cretensiutndnce,
1035 2362 1262 2419 regnum
1310 2344 1544 2416 patrium
1596 2342 1739 2398 bello
1770 2352 2065 2412 repetens,

462 2447 641 2515 impar
703 2444 909 2498 viribus
966 2439 1320 2494 Ptolemmum
1386 2435 1811 2491 Philometorem
1883 2448 2065 2503 regem

465 2537 720 2612 Egypti,
765 2534 1056 2592 Alexandri
1100 2546 1352 2587 socerum
1388 2530 1498 2600 jam
1533 2537 1646 2584 tum
1677 2544 1880 2599 genero
1904 2529 2068 2583 infes-

462 2646 575 2690 tum
596 2675 611 2699 ,
644 2641 703 2686 ttt
746 2631 848 2686 sibi
880 2630 953 2685 sit
981 2627 1185 2683 auxilio
1213 2628 1490 2693 implorat.
1525 2624 1621 2679 ille
1650 2637 1780 2678 vero
1821 2638 1927 2677 non
1958 2631 2065 2676 tam

459 2726 724 2797 supplicis
754 2723 1005 2793 precibus
1030 2735 1189 2790 quam
1219 2733 1318 2788 Spe
1346 2717 1519 2788 Syria:
1550 2714 1883 2786 oceupandae
1910 2714 2065 2769 illec-

464 2829 573 2882 tus,
596 2818 781 2887 copias
803 2829 926 2869 cum
956 2828 1023 2868 eo
1044 2813 1246 2881 jungit,
1278 2823 1341 2863 ac
1373 2808 1539 2861 filiam
1571 2805 1893 2861 Alexandro
1931 2821 2065 2876 nup-

461 2920 573 2966 tam
593 2909 689 2965 dat
717 2905 1012 2963 Demetrio.
1031 2903 1311 2959 Adversus
1338 2900 1435 2955 hos
1464 2899 1773 2955 Alexander
1801 2899 1919 2955 acie
1939 2914 2070 2954 con-

462 3005 631 3077 ﬂigit:
663 3020 731 3061 eo
763 3003 951 3074 proelio
1002 3000 1331 3055 Ptolemaeus
1377 2995 1559 3060 cadit;
1602 2994 1916 3050 Alexander
1952 2994 2068 3049 vin-

464 3101 607 3155 citur
631 3108 685 3152 et
722 3094 882 3166 paulo
912 3101 1040 3165 post
1064 3091 1409 3154 interficitur,
1440 3103 1563 3143 cum
1588 3095 1872 3158 regnasset
1897 3100 2068 3141 annos

462 3206 517 3258 ν,
543 3190 650 3251 vel,
678 3197 733 3242 ut
764 3189 816 3241 in
847 3186 1127 3256 plerisque
1157 3183 1470 3238 auctoribus
1500 3182 1703 3252 reperi,
1730 3196 1944 3237 novem.

535 3281 701 3337 XXV.
735 3278 1043 3334 Demetrius
1083 3291 1309 3346 regnum
1353 3274 1625 3343 indeptus,
1658 3273 1931 3328 Jonathau
1974 3272 2066 3328 he—

463 3377 627 3447 nigne
659 3374 849 3429 habuit
871 3414 885 3438 ,
919 3371 1093 3426 fmdus
1123 3385 1247 3425 cum
1290 3384 1356 3423 eo
1398 3368 1523 3423 fecit
1545 3407 1560 3433 ,
1608 3367 1826 3423 Judieos
1857 3356 2065 3439 legibus

463 3471 579 3526 suis
608 3467 859 3524 reddidit.
890 3465 1101 3521 Interea
1127 3461 1385 3534 Tryphon
1412 3460 1547 3532 ,‘qui
1573 3462 1808 3531 partium
1831 3458 2066 3515 Alexan-

463 3562 544 3617 dri
596 3561 770 3615 fuerat
796 3600 809 3623 ,
840 3556 1135 3630 praefectus
1178 3554 1351 3626 Syriae
1377 3595 1392 3619 ,
1433 3567 1696 3623 regno....
1754 3551 1889 3605 Eum
1921 3551 2064 3608 bello

460 3652 837 3724 prohibiturus
856 3659 1046 3706 contra
1072 3647 1345 3704 Jonathan
1389 3646 1442 3701 in
1476 3644 1720 3716 praelium
1745 3644 2061 3714 descendit,

462 3747 723 3805 terribilis
754 3762 821 3801 χι.
844 3744 1073 3799 millium
1102 3742 1368 3799 exercitu.
1400 3738 1658 3811 Tryphon
1684 3740 1777 3795 ubi
1800 3755 1861 3796 se
1891 3740 2063 3811 impa-

472 3854 586 3897 rem
618 3839 818 3903 cernit,
850 3852 1039 3910 pacem
1088 3835 1310 3891 simulat
1344 3850 1356 3887 :
1389 3844 1777 3903 receptnmqne
1830 3833 1885 3887 in
1929 3833 2064 3887 ami-

464 3933 684 3994 citiam,
732 3930 1126 3999 invitatumque
1153 3926 1541 3982 Ptolemaidam
1587 3925 1882 3982 interfecit.
1933 3927 2063 3983 Post

462 4024 733 4081 Jonathan
752 4038 962 4077 summa
978 4037 1160 4076 rerqu
1178 4021 1243 4075 ad
1262 4022 1537 4076 Simonem
1556 4019 1777 4076 fratrem
1798 4022 2058 4081 defertur.

461 4120 513 4176 is
553 4118 713 4174 funus
752 4115 935 4171 fratris
967 4115 1255 4185 magnifice
1300 4115 1551 4179 curavit,
1592 4124 1911 4186 septemque
1943 4117 2063 4173 illas

462 4210 779 4285 pyramidas
808 4206 1127 4264 nobilissimi
1155 4207 1338 4278 operis
1364 4206 1669 4272 exstruxit,
1699 4208 1753 4263 in
1778 4208 1981 4280 quibus
2010 4220 2066 4265 et

463 4308 691 4363 fratrum
721 4313 778 4361 et
804 4302 976 4375 patris
1002 4316 1125 4356 ossa
1156 4301 1418 4357 condidit.
1446 4301 1582 4357 Tum
1613 4302 1946 4371 Demetrius,
1976 4319 2065 4362 re-

460 4404 604 4459 fecto
634 4415 756 4455 cum
788 4397 992 4454 Jttdieis
1022 4395 1228 4452 foedere
1254 4437 1269 4463 ,
1314 4396 1777 4466 contemplatione
1820 4398 1992 4454 cladis
2030 4415 2063 4455 a

460 4495 753 4568 Tryphone
805 4492 969 4547 illatae
997 4492 1156 4563 (nam
1205 4498 1328 4562 post
1361 4490 1610 4547 Jonathie
1656 4507 1845 4549 necem
1895 4496 2059 4551 urbes

2168 1898 2292 1937 mox
2321 1882 2389 1937 ab
2415 1882 2731 1937 Aristobulo
2767 1883 2934 1938 fratre
2978 1885 3190 1955 pulsus,
3241 1885 3493 1956 confugit
3518 1886 3585 1942 ad
3615 1886 3778 1942 Pom-

2171 1978 2371 2047 peium,
2402 1977 2491 2047 qui
2528 1986 2674 2044 tum,
2729 1976 3097 2034 Mithridatico
3123 1977 3269 2033 bello
3316 1982 3565 2036 confecto
3610 1995 3773 2049 paca-

2172 2086 2331 2147 taque
2378 2076 2635 2132 Armenia
2667 2086 2722 2131 et
2772 2076 2973 2143 Ponto,
3026 2075 3202 2132 victor
3231 2077 3474 2132 omnium
3532 2077 3774 2147 gentium

2168 2186 2305 2242 quas
2329 2172 2571 2237 adierat,
2609 2172 2904 2226 introrsum
2960 2185 3210 2243 pergere,
3241 2179 3296 2226 et
3322 2170 3497 2225 vicina
3546 2186 3777 2242 quicque

2169 2264 2416 2321 Romano
2446 2264 2674 2335 imperio
2708 2264 3005 2336 adiungere
3036 2266 3287 2336 cupiens,
3335 2280 3529 2322 causas
3563 2266 3689 2321 belli
3720 2276 3779 2324 et

2170 2357 2454 2412 materiam
2513 2357 2766 2413 vincendi
2833 2359 3133 2428 quaerebat.
3221 2358 3389 2430 Igitur
3464 2360 3773 2432 Hyrcanum

2169 2450 2347 2507 libens
2388 2451 2629 2520 excepit,
2686 2451 2962 2521 ductuque
3002 2450 3121 2521 ejus
3165 2450 3383 2507 Judaeos
3437 2453 3772 2525 aggreditur.

2175 2542 2317 2600 Urbe
2346 2554 2502 2614 capta
2533 2554 2697 2613 atque
2735 2558 2885 2608 arce,
2934 2544 3140 2615 templo
3172 2546 3433 2614 pepercit.
3491 2546 3777 2602 Aristobu-

2172 2637 2281 2692 lum
2332 2638 2571 2693 vinctum
2622 2636 2850 2693 Romam
2900 2638 3112 2693 mittit:
3161 2637 3414 2710 Hyrcano
3438 2639 3528 2711 jus
3558 2640 3779 2705 pontifi-

2170 2738 2323 2785 catus
2387 2732 2626 2786 restituit
2684 2748 2698 2786 :
2758 2732 3127 2801 impositaque
3196 2729 3403 2787 Judmis
3451 2732 3774 2802 stipendio,

2172 2833 2578 2893 procuratorem
2633 2823 2717 2879 eis
2769 2825 3116 2893 Antipatrum
3162 2822 3452 2895 quemdam
3484 2824 3776 2882 Ascaloni-

2173 2925 2279 2972 tem
2311 2917 2627 2988 praeposuit.
2676 2916 2944 2972 Hircanus
2971 2926 3205 2987 quatuor
3249 2926 3305 2972 et
3352 2918 3572 2990 triginta
3604 2935 3777 2977 annos

2170 3025 2350 3065 rerum
2384 3010 2605 3079 potitus,
2650 3008 2779 3065 dum
2820 3009 3110 3066 adversum
3143 3010 3374 3067 Parthos
3414 3011 3556 3068 bella
3599 3012 3775 3084 gerit,

2171 3104 2407 3173 capitur.

2090 3170 2140 3239 C
2242 3170 2461 3253 xxvu.
2503 3197 2640 3253 Tum
2672 3197 2918 3255 Herodes
2947 3198 3277 3270 alienigena,
3310 3201 3580 3273 Antipatri
3608 3203 3776 3259 Asca-

2168 3291 2353 3346 lonita:
2386 3290 2549 3359 filius,
2584 3306 2809 3362 regnum
2841 3291 3048 3349 Judzete
3069 3309 3097 3347 a
3128 3306 3322 3351 senatu
3350 3306 3408 3351 et
3435 3297 3636 3368 populo
3664 3296 3774 3353 Ro«

2167 3400 2329 3439 mann
2354 3384 2534 3454 petiit,
2565 3384 2909 3456 accepitque.
2942 3386 3093 3441 Hunc
3122 3386 3354 3458 primum
3392 3389 3567 3445 Judaei
3595 3398 3776 3446 exter-

2170 3493 2296 3532 num
2325 3492 2509 3546 regem
2540 3487 2827 3546 cmperunt
2880 3477 3116 3535 habere:
3157 3480 3360 3536 etenim
3412 3481 3523 3552 jam
3574 3481 3775 3538 adven-

2170 3577 2316 3623 tante
2345 3566 2563 3625 Christo
2593 3584 2819 3626 necesse
2846 3579 2966 3626 erat
2987 3613 3001 3635 ,
3032 3572 3332 3628 secundum
3364 3573 3617 3629 vaticinia
3646 3590 3773 3645 pro-

2168 3658 2477 3729 phetarum,
2512 3662 2630 3716 suis
2660 3676 2756 3718 eos
2781 3661 3013 3718 ducibus
3062 3664 3285 3735 privari,
3336 3679 3406 3721 ne
3453 3665 3582 3735 quid
3626 3667 3771 3723 ultra

2166 3752 2444 3809 Christum
2474 3764 2882 3827 exspectarent.
2930 3755 3042 3812 Sub
3074 3757 3177 3812 hoc
3208 3756 3444 3824 Herode,
3487 3773 3632 3813 anno
3664 3759 3770 3814 im-

2169 3849 2305 3917 perii
2329 3848 2447 3920 ejus
2473 3851 2633 3905 tertio
2660 3859 2715 3904 et
2746 3864 2854 3903 xxx
2884 3848 3134 3904 Christus
3167 3857 3325 3904 natos
3353 3857 3463 3917 est,
3486 3849 3690 3907 Sabino
3715 3861 3773 3909 et

2168 3940 2367 3997 Rufino
2401 3941 2748 4010 consulibus,
2791 3957 2882 3998 vut
2909 3940 3169 3998 kalendas
3209 3941 3519 4001 Ianuarias.
3560 3943 3769 4002 Verum

2168 4035 2286 4091 haec
2305 4051 2425 4106 qua:
2451 4035 2763 4106 Evangeliis
2788 4051 2852 4091 ac
2891 4035 3155 4105 deinceps
3185 4037 3574 4108 Apostolorum
3620 4039 3772 4095 Acti-

2167 4128 2269 4185 bus
2291 4129 2662 4198 continentur,
2692 4130 2962 4202 attingere
2987 4145 3092 4186 non
3122 4145 3308 4199 ausus,
3343 4147 3412 4189 ne
3434 4132 3563 4204 quid
3590 4131 3767 4190 forma

2168 4223 2381 4294 praecisi
2412 4224 2592 4294 operis
2636 4239 2820 4279 rerum
2860 4223 3214 4295 dignitatibus
3243 4224 3599 4294 diminueret,
3640 4224 3768 4283 reli-

2166 4332 2271 4389 qua
2302 4332 2591 4389 exsequar.
2622 4316 2867 4373 Herodes
2908 4325 3032 4388 post
3075 4317 3416 4373 nativitatem
3448 4317 3661 4375 Domini
3683 4333 3770 4375 re-

2167 4412 2352 4480 gnavit
2378 4425 2550 4466 annos
2606 4426 2693 4476 tv,
2728 4425 2854 4465 nam
2905 4426 3068 4466 omne
3122 4410 3341 4483 imperii
3385 4411 3506 4478 ejus
3554 4421 3768 4484 tempus

2168 4519 2246 4560 vn
2274 4512 2328 4559 et
2347 4521 2453 4560 xxx
2482 4504 2608 4559 anni
2628 4503 2872 4570 fuerunt,
2895 4515 3016 4574 post
3042 4522 3205 4576 quem
3234 4507 3539 4563 Archelaus
3569 4515 3766 4566 tetrar-

461 4604 652 4647 eorum
682 4600 844 4658 atque
867 4598 1030 4669 agros
1056 4584 1201 4640 bello
1235 4585 1598 4654 vastaverat).
1628 4600 1805 4641 annua
1831 4587 1909 4643 eis
1937 4603 2064 4645 VCc-
2086 4572 2143 4635 Ῑ)
2166 4597 2266 4652 cha
2292 4597 2450 4652 annis
2480 4613 2555 4652 tx.
2586 4595 2832 4654 ilerodes
2852 4598 3009 4654 annis
3031 4614 3104 4654 xx
3143 4610 3199 4655 et
3225 4614 3301 4655 ιν.
3346 4599 3458 4655 Hoc
3479 4610 3765 4668 regnante,

462 4683 646 4750 tigalia
675 4680 726 4737 in
770 4688 1091 4751 perpetuum
1144 4677 1417 4734 remittit:
1449 4680 1652 4734 etenim
1699 4696 1871 4748 usque
1913 4680 1980 4735 ad
2010 4681 2064 4737 id

462 4784 676 4844 tempus
707 4774 926 4846 regibus
952 4771 1163 4843 Syriae,
1196 4771 1298 4826 nisi
1325 4785 1449 4826 cum
1482 4773 1648 4829 armis
1690 4776 2012 4833 resisterent
2040 4818 2057 4845 ,

459 4869 789 4939 slipendium
821 4866 1240 4936 pensitaverant.
1284 4864 1339 4920 ld
1384 4875 1593 4937 gestum
1626 4869 1883 4924 Demetrii
1915 4871 2059 4941 regis

460 4978 605 5018 anno
626 4960 868 5019 secundo
899 4976 912 5014 :
941 4958 1083 5030 quod
1110 4958 1233 5014 ideo
1259 4958 1610 5031 signavitnus,
1645 4963 1772 5030 quia
1803 4978 1972 5033 usque
2002 4966 2055 5021 in

460 5054 605 5111 hunc
631 5069 831 5109 annum
863 5068 960 5123 per
984 5062 1230 5121 tempora
1254 5051 1579 5108 Asianorum
1604 5071 1789 5127 regum
1811 5062 2056 5115 cucurri-

457 5163 604 5211 mus,
632 5156 693 5200 ut
713 5148 850 5201 ratio
878 5153 1178 5215 temporum
1201 5143 1406 5214 digesta
1432 5144 1656 5201 luceret.
1689 5146 1841 5202 Nunc
1871 5163 2055 5206 autem

456 5256 555 5312 per
583 5250 825 5308 tempora
850 5252 1038 5292 eorum
1069 5236 1159 5306 qui
1190 5235 1393 5313 Iudaeis
1425 5239 1504 5294 vel
1537 5242 1822 5309 pontifices
1846 5244 1932 5298 vel
1970 5259 2055 5300 re-

455 5350 553 5406 ges
579 5335 792 5388 fuerunt
818 5344 989 5400 usque
1025 5329 1093 5383 ad
1122 5326 1325 5384 Christi
1369 5332 1708 5389 nativitatem
1740 5351 1920 5391 rerum
1966 5353 2055 5391 or-

456 5429 640 5485 dinem
666 5426 997 5498 digeremus.

522 5522 717 5580 XXt’l.
757 5520 925 5589 Igitur
955 5524 1077 5588 post
1107 5514 1378 5570 Jonathan
1413 5517 1601 5573 Simon
1631 5519 1797 5576 frater
1820 5522 1958 5591 ejus,
1992 5531 2051 5578 ut

452 5633 615 5688 supra
645 5616 850 5671 dictum
882 5620 988 5675 est,
1043 5609 1287 5666 Hebraeis
1343 5610 1555 5681 praefuit
1584 5614 1704 5683 jure
1739 5614 2045 5683 pontificis:

453 5709 506 5763 id
539 5709 683 5763 enim
713 5710 763 5763 ei
788 5718 899 5762 tum
932 5722 961 5759 a
993 5702 1133 5768 suis,
1166 5716 1279 5760 tum
1308 5712 1365 5759 et
1388 5720 1417 5758 a
1448 5706 1645 5776 populo
1672 5705 1918 5764 Romano
1951 5709 2047 5766 bo-

448 5802 597 5859 noris
636 5800 894 5857 delatum.
954 5797 1052 5855 llic
1095 5813 1218 5855 cum
1268 5800 1511 5857 secundo
1580 5799 1840 5860 Demetrii
1902 5806 2045 5878 regis

2168 4706 2314 4748 anno
2343 4691 2496 4762 regni
2522 4700 2716 4747 octavo
2759 4700 2817 4748 et
2861 4691 3095 4760 decimo,
3154 4692 3414 4749 Dominus
3470 4691 3767 4750 crucifixus

2162 4796 2267 4853 est,
2298 4784 2453 4842 Fufio
2480 4784 2711 4843 Gemino
2749 4796 2803 4842 et
2836 4785 3087 4841 Rubellio
3130 4783 3359 4841 Gemino
3404 4785 3723 4844 consulibus
3746 4827 3763 4853 ,

2159 4896 2190 4937 a
2219 4895 2326 4952 quo
2355 4889 2603 4949 tempore
2634 4895 2804 4951 usque
2858 4876 2913 4934 in
2956 4877 3274 4935 Stiliconem
3304 4878 3587 4935 consulem
3633 4889 3766 4938 sunt

2159 4973 2285 5027 anni
2313 4987 2581 5029 cccxx-xu.

2231 5063 2469 5119 XXVlll.
2511 5065 2895 5136 Apostolorum
2939 5063 3108 5119 Actus
3139 5063 3315 5120 Lucas
3350 5064 3551 5133 edidit,
3588 5081 3761 5138 usque

2159 5157 2214 5213 in
2246 5166 2457 5226 tempus
2495 5171 2601 5227 quo
2649 5157 2846 5212 Paulus
2878 5156 3106 5213 Romam
3135 5156 3407 5214 deductus
3436 5168 3517 5213 est
3543 5157 3759 5215 Nerone

2158 5250 2462 5318 imperante
2507 5267 2520 5302 :
2574 5250 2665 5321 qui
2705 5264 2815 5305 non
2871 5250 3046 5307 diCam
3098 5266 3319 5323 regum,
3370 5252 3464 5308 sed
3512 5250 3759 5307 omnium

2156 5341 2437 5399 hominum
2479 5351 2535 5399 et
2589 5344 2673 5399 vel
2728 5343 3043 5400 immanium
3090 5344 3388 5402 bestiarum
3441 5344 3756 5400 smdidissi-

2155 5451 2297 5503 mus,
2345 5436 2539 5508 dignus
2567 5435 2773 5494 exstitit
2816 5440 2908 5510 qui
2943 5440 3376 5510 persecutionem
3407 5438 3466 5495 in
3492 5439 3756 5495 Christia-

2159 5545 2261 5585 nos
2294 5532 2500 5598 primus
2532 5532 2793 5602 inciperet
2838 5551 2851 5587 :
2902 5534 3087 5590 nescio
3116 5551 3184 5589 an
3216 5543 3272 5590 et
3320 5542 3626 5603 postremus
3652 5546 3753 5590 ex-

2158 5623 2356 5695 plebit,
2391 5624 2661 5694 siquidem
2702 5625 2960 5698 opinione
3009 5626 3303 5681 multorum
3348 5636 3631 5697 receptum
3657 5627 3752 5695 sit,

2154 5716 2326 5787 ipsum
2355 5718 2750 5775 Antichristum
2801 5728 3110 5774 venturum.
3145 5718 3316 5789 Hujus
3347 5721 3476 5777 vitia
3529 5729 3591 5776 ut
3639 5722 3756 5791 ple—

2155 5809 2275 5869 nius
2309 5827 2669 5885 exponerem,
2706 5826 2797 5869 res
2823 5810 3172 5882 admonebat,
3207 5813 3310 5872 nisi
3340 5830 3447 5872 non
3476 5824 3623 5872 esset
3648 5815 3753 5871 hu-

3834 5896 3847 5947 )
3879 5923 3886 5931 .
