4194 6192
415 302 523 361 1ιό

1619 306 1941 367 HISTORIA
1982 301 2233 363 SACRA.
2275 305 2409 364 LIB.
2444 306 2506 365 ll.

3623 307 3731 369 ΗΒ

407 422 502 495 jus
532 422 718 495 operis
746 432 853 480 tam
879 434 1027 480 vasta
1059 425 1268 497 ingredi
1295 444 1308 481 :
1360 426 1413 483 id
1463 436 1670 484 tantum
1724 438 2019 487 annotasse
2045 428 2095 488 Α
2126 443 2269 483 mam
2301 443 2485 483 rerum
2517 430 2838 498 usurpavit;
2884 443 3007 499 qua:
3038 436 3396 498 posteaquam
3430 428 3495 483 ad
3526 428 3734 499 VeSpa-

414 526 709 572 contentus
737 533 878 586 sum,
909 519 1054 575 hunc
1083 535 1179 590 per
1200 522 1383 576 omnia
1421 519 1718 579 fmiliss‘ima
1748 534 1804 581 et
1830 526 2025 582 crude—

416 610 627 665 lissima
652 626 718 666 eo
744 614 1098 681 processisse,
1134 625 1192 669 ut
1223 624 1451 669 matrem
1500 615 1869 685 interficeret;
1905 628 2027 688 post

414 703 587 758 etiam
620 703 938 776 Pythagora:
964 705 1179 762 cuidam
1208 706 1264 761 itt
1293 707 1513 763 modum
1544 709 1867 766 solemninm
1898 727 2027 768 con-

414 792 692 865 jugiorum
748 796 980 854 nuberet
1026 816 1040 853 :
1092 798 1433 870 inditutuque
1501 802 1816 874 imperatori
1876 804 2027 859 llam-

420 902 626 955 meum,
675 887 774 944 dos
843 898 902 945 et
942 891 1177 961 genialis
1226 900 1379 947 torus
1424 902 1479 949 et
1534 894 1677 951 faces
1728 898 2022 965 nuptiales,

416 988 612 1034 cuncta
641 978 881 1050 denique
907 996 1029 1050 quae
1068 982 1157 1039 vel
1210 982 1264 1038 in
1313 982 1532 1040 feminis
1562 1000 1667 1042 non
1713 989 1833 1043 sine
1868 1004 2027 1045 vere-

414 1071 616 1129 cundia
641 1074 1075 1144 conspiciuntur,
1128 1086 1390 1148 spectata.
1440 1079 1665 1149 Reliqua
1714 1097 1845 1137 vero
1881 1083 2021 1153 ejus,

420 1168 689 1224 incertum
722 1169 904 1240 pigeat
933 1185 1002 1226 an
1034 1171 1236 1241 pudeat
1263 1173 1435 1243 magis
1464 1172 1755 1230 disserere.
1794 1175 1890 1231 Hic
1916 1177 2025 1246 pri-

423 1275 545 1317 mus
594 1258 966 1318 Christianum
1025 1277 1225 1319 nomen
1288 1264 1479 1321 tollere
1538 1280 1829 1337 aggressus
1876 1277 1963 1325 est
2007 1287 2020 1323 :

420 1356 626 1426 quippe
655 1370 877 1427 semper
904 1356 1122 1412 inimica
1169 1357 1463 1413 virtutibus
1490 1359 1618 1413 vitia
1650 1369 1799 1427 sunt,
1830 1369 1886 1417 et
1920 1376 2023 1432 op-

418 1449 540 1503 timi
566 1450 769 1520 quique
810 1451 879 1505 ab
925 1450 1189 1521 improbis
1232 1452 1387 1521 quasi
1436 1453 1833 1523 exprobrantes
1878 1456 2023 1527 aspi—

422 1542 659 1599 ciuntur.
723 1541 972 1613 Namque
1002 1559 1068 1599 eo
1121 1553 1366 1612 tempore
1415 1545 1599 1601 divina
1635 1549 1775 1619 apud
1829 1550 2021 1606 urbem

421 1636 614 1707 religio
654 1636 981 1701 invaluerat,
1017 1636 1179 1694 Petro
1229 1638 1304 1693 ibi
1349 1639 1720 1710 episcopatum
1769 1626 2019 1713 gerente,

422 1736 479 1783 et
524 1727 717 1795 Paulo,
763 1740 1121 1801 posteaquam
1168 1732 1237 1787 ab
1280 1730 1484 1802 injusto
1532 1734 1770 1805 ρνανσιιιίε
1818 1736 2023 1806 judicio

2128 521 2339 576 sianum
2369 522 2571 587 delata,
2605 523 2734 578 licet
2768 520 2914 577 malo
2944 521 3224 593 exemplo,
3259 521 3405 576 bono
3436 532 3618 578 tamen
3648 524 3730 577 af-

2130 613 2271 670 fecto
2298 613 2452 683 Reip.
2484 615 2553 669 ab
2582 615 2844 685 improbis
2874 614 3243 680 vindicandae,
3294 629 3417 669 cum
3467 614 3729 672 llieroso-

2129 707 2329 779 Iymam
2363 707 2669 774 obsideret,
2702 708 2870 764 sumit
2898 708 3187 778 imperium
3221 724 3237 762 :
3270 716 3346 773 et,
3378 716 3438 761 ut
3470 723 3589 763 tuos
3618 718 3727 775 est,

2128 800 2434 855 diademate
2466 801 2629 870 capiti
2682 800 2961 871 imposito,
3016 800 3085 855 ab
3132 801 3378 856 exercitu
3430 803 3732 869 imperator

2128 894 2497 949 consalutatus
2519 895 2701 949 Titum
2733 895 2903 951 lilium
2927 896 3197 953 Caesarem
3225 897 3374 963 facit,
3395 897 3570 954 eidem
3601 913 3727 967 pars

2126 989 2433 1058 copiarum,
2463 999 2515 1043 et
2547 987 2863 1043 obsidenda:
2892 988 3291 1060 Hierosolyma
3319 991 3597 1061 negotiqu
3629 990 3728 1045 da-

2128 1090 2261 1136 tutu.
2296 1079 2667 1151 Vespasianus
2695 1080 2919 1135 Romam
2959 1080 3260 1151 profectus,
3293 1097 3509 1137 summo
3539 1080 3729 1139 favore

2127 1183 2349 1230 senatus
2377 1183 2431 1229 et
2460 1174 2638 1243 populi
2664 1185 2939 1243 receptus,
2966 1190 3091 1228 cum
3123 1189 3182 1229 se
3206 1173 3461 1230 Vitellius
3489 1173 3719 1230 interfe-

2126 1267 2313 1334 cisset,
2346 1268 2631 1338 imperiom
2662 1266 3031 1322 confirmavit.
3081 1265 3295 1322 Interea
3342 1266 3514 1323 Judaei
3568 1268 3724 1324 obsi-

2126 1358 2291 1414 dione
2316 1358 2507 1423 clausi,
2542 1358 2666 1429 quia
2699 1358 2849 1413 nulla
2888 1374 3065 1429 neque
3098 1359 3249 1427 pacis
3280 1374 3460 1429 neque
3489 1359 3727 1416 deditio-

2128 1451 2215 1507 nis
2254 1452 2410 1523 copia
2440 1450 2709 1516 dabatur,
2749 1449 2816 1505 ad
2861 1460 3163 1505 extremum
3215 1448 3359 1505 fame
3388 1451 3725 1516 interibant;

2129 1547 2442 1619 passimque
2486 1546 2588 1601 vice
2627 1544 2837 1617 oppleri
2887 1544 3249 1600 cadaveribus
3297 1559 3538 1612 capere,
3576 1546 3723 1599 victo

2122 1641 2234 1712 jam
2261 1641 2443 1697 ofﬁcio
2496 1641 2774 1696 humandi.
2808 1641 2947 1709 Quin
2999 1641 3182 1696 omnia
3227 1640 3457 1695 nefanda
3500 1639 3726 1709 insuper

2128 1736 2269 1801 ausi,
2299 1751 2367 1790 ne
2396 1734 2649 1790 humanis
2690 1733 2909 1805 quidem
2956 1733 3283 1800 corporibus
3332 1744 3723 1803 pepercerunt.

422 1821 695 1878 Cmsarem
722 1823 1117 1895 appellaverat,
1168 1824 1394 1881 Romam
1443 1826 1678 1882 deducto
1715 1845 1729 1882 :
1759 1828 1825 1883 ad
1859 1845 2018 1899 quem
2050 1816 2098 1876 Β
2128 1829 2231 1884 nisi
2262 1844 2384 1898 qua:
2410 1827 2680 1897 ejusmodi
2712 1826 2987 1883 alimentis
3021 1826 3178 1883 tabes
3211 1826 3593 1896 praeripuerat.
3621 1825 3729 1897 lgi-

426 1925 539 1971 tum
575 1916 907 1973 audiendum
948 1920 1133 1989 plures
1162 1920 1600 1987 conveniebant;
1643 1922 1756 1993 qui,
1791 1923 2024 1980 veritate

424 2012 727 2080 intellecta,
780 2014 1175 2083 virtutibusque
1230 2014 1651 2087 Apostolorum,
1712 2030 1851 2088 quas
1907 2026 2020 2073 tum

424 2106 616 2162 crebro
643 2106 948 2175 ediderant,
976 2110 1230 2179 permoti,
1270 2111 1335 2165 ad
1367 2111 1572 2166 cultum
1617 2110 1713 2168 Dei
1745 2126 1869 2168 sese
1898 2128 2022 2168 con-

428 2197 698 2256 ferebant.
750 2201 959 2257 Etenim
1004 2213 1115 2258 tum
1147 2202 1369 2259 iliustris
1414 2204 1505 2260 illa
1537 2205 1801 2261 adversus
1842 2206 2020 2263 Simo-

424 2307 547 2349 nem
579 2292 724 2350 Petri
752 2309 813 2350 ac
841 2295 992 2351 Pauli
1014 2297 1331 2366 congressio
1357 2295 1484 2363 fuit,
1519 2298 1611 2369 qui
1642 2314 1765 2353 cum
1797 2299 2018 2371 magicis

414 2385 645 2454 artibus,
678 2396 739 2442 ut
763 2402 823 2443 se
856 2389 1025 2444 Deum
1059 2390 1337 2460 probaret,
1366 2389 1580 2446 duobus
1609 2391 1862 2447 suffultus
1901 2393 2015 2448 dte-

413 2478 610 2535 moniis
655 2481 966 2549 evolasset,
1000 2483 1340 2539 orationibus
1389 2485 1774 2554 Apostolorum
1817 2485 2016 2556 fugatis

410 2570 773 2639 dmmouibus,
802 2573 1057 2647 delapsus
1086 2576 1138 2630 in
1164 2585 1387 2641 terram,
1420 2578 1618 2648 pepulo
1648 2578 2011 2649 inspectante,

411 2664 695 2733 disruptus
724 2677 831 2723 est.
1710 2729 1725 2741 ι

478 2757 672 2815 XXIX.
698 2761 908 2817 Interea
931 2761 1247 2819 abundante
1273 2763 1384 2833 jam
1406 2761 1845 2821 Christianorum
1875 2765 2013 2820 mul-

406 2851 658 2918 titudine,
686 2854 885 2910 accidit
912 2864 971 2909 ut
998 2854 1169 2911 Roma
1205 2857 1454 2913 incendio
1483 2858 1873 2929 eonllagraret,
1902 2859 2011 2915 Ne-

405 2959 540 3000 rone
569 2945 713 3015 apud
756 2948 984 3003 Antium
1013 2950 1344 3017 constituto;
1398 2951 1494 3006 sed
1541 2952 1725 3021 opinio
1766 2952 2008 3007 omnium

406 3040 664 3097 invidiam
700 3042 937 3099 incendii
989 3043 1041 3099 in
1077 3044 1377 3115 principem
1408 3046 1780 3117 retorquebat,
1813 3051 2009 3103 crede-

403 3134 667 3206 baturque
713 3136 1013 3207 imperator
1041 3138 1272 3207 gloriam
1306 3139 1629 3195 innovandzc
1662 3142 1811 3195 urbis
1859 3156 2008 3212 quaa-

2126 1932 2214 1979 tur
2244 1923 2475 1979 defessis
2512 1921 2894 1978 defensoribus
2926 1923 3176 1992 irrupere
3208 1921 3462 1982 Romani.
3494 1936 3559 1977 ac
3607 1929 3719 1977 tum

2126 2015 2266 2071 forte
2294 2016 2347 2072 in
2372 2015 2514 2070 diem
2541 2015 2765 2070 Pascha:
2788 2017 2968 2069 omnis
2986 2031 3053 2070 ex
3082 2014 3231 2085 agris
3259 2014 3493 2085 aliisque
3516 2013 3724 2070 Judzete

2124 2111 2339 2182 Oppidis
2371 2108 2661 2165 multitudo
2684 2117 3016 2164 convenerat
3041 2125 3053 2161 :
3081 2106 3338 2161 nimirum
3364 2108 3437 2161 ita
3471 2106 3582 2161 Deo
3610 2104 3727 2175 pla-

2123 2208 2311 2269 citum,
2354 2216 2411 2261 ut
2437 2221 2502 2259 eo
2548 2213 2795 2276 tempore
2825 2219 2934 2273 quo
2967 2203 3255 2257 Dominum
3296 2200 3448 2256 cruci
3474 2200 3731 2257 affixerat

2121 2317 2257 2373 gens
2290 2301 2477 2371 impia,
2514 2299 2880 2356 internecioni
2910 2299 3156 2354 daretur.
3181 2297 3444 2353 Pharisaei
3476 2297 3726 2368 aliquan-

2123 2396 2293 2467 tisper
2339 2409 2437 2465 pro
2479 2393 2681 2464 templo
2711 2392 2978 2449 acerrime
3024 2392 3389 2446 restiterunt:
3421 2389 3599 2443 donec
3630 2389 3727 2444 ob-

2120 2488 2336 2543 stinatis
2361 2486 2429 2541 ad
2461 2495 2692 2540 mortem
2721 2485 2917 2539 animis
2945 2483 3091 2539 ultro
3122 2498 3181 2537 se
3211 2480 3473 2551 subjectis
3507 2480 3724 2552 ignibus

2119 2582 2445 2638 intulerunt.
2476 2580 2743 2635 Numerus
2766 2590 3176 2648 peremptorum
3210 2578 3274 2631 ad
3301 2576 3563 2632 undecies
3592 2590 3724 2631 cen-

2120 2684 2243 2729 tena
2276 2674 2445 2728 millia
2475 2671 2748 2727 refertur:
2773 2681 2930 2741 capta
2959 2686 3090 2727 vero
3113 2686 3143 2725 c
3174 2671 3371 2737 millia,
3402 2684 3466 2724 ac
3494 2683 3722 2725 venum—

2116 2766 2265 2822 data.
2302 2766 2495 2821 Fertur
2541 2765 2694 2819 Titus
2724 2765 2972 2819 adltibito
3022 2764 3258 2819 consilio
3310 2764 3461 2833 prius
3509 2761 3725 2817 delibe-

2118 2874 2293 2922 rasse,
2324 2874 2392 2913 an
2428 2857 2689 2923 templum
2726 2858 2858 2912 tanti
2911 2858 3098 2926 operis
3148 2864 3425 2911 everteret
3455 2872 3467 2908 :
3513 2854 3720 2909 etenint

2116 2954 2400 3010 nonnullis
2431 2950 2737 3016 vidi-batur,
2783 2949 2955 3004 :rdem
3004 2956 3295 3013 sacratam,
3346 2949 3490 3002 ultra
3534 2947 3719 3002 omnia

2117 3047 2371 3104 mortalia
2397 3046 2699 3111 illustrem,
2729 3059 2834 3099 non
2867 3042 3071 3098 debere
3098 3041 3269 3097 deleri
3300 3060 3313 3094 :
3344 3056 3466 3111 qua:
3495 3047 3713 3095 servata

2116 3144 2400 3200 modestiae
2446 3141 2708 3196 Romanas
2759 3138 3157 3200 testimonium,
3205 3136 3381 3190 diruta
3417 3150 3718 3207 perennem

400 3228 595 3295 siisse;
626 3245 803 3301 neque
831 3230 941 3285 ulla
964 3246 1024 3286 re
1047 3229 1191 3286 Nero
1212 3231 1507 3296 efliciebat,
1534 3234 1664 3303 quin
1698 3233 1767 3286 ab
1796 3248 1863 3288 eo
1877 3201 2007 3303 Ijus-
2037 3201 2081 3264 Ο
2114 3236 2461 3292 crudelitatis
2490 3244 2673 3288 notam
2704 3234 2995 3302 praeberet.
3019 3230 3087 3285 At
3114 3239 3301 3284 contra
3334 3229 3445 3290 alii,
3478 3240 3533 3282 et
3563 3227 3723 3283 Titus

397 3336 515 3377 sum
540 3322 852 3380 incendium
881 3333 1185 3395 putaretur.
1220 3324 1389 3394 Igitur
1436 3326 1596 3381 vertit
1643 3325 1901 3380 invidiam
1952 3327 2003 3381 in

398 3412 767 3481 Christianos,
796 3428 1039 3487 actaeque
1070 3418 1122 3472 in
1153 3418 1403 3472 innoxios
1432 3418 1828 3473 crudelissimae
1859 3433 2007 3488 qote-

401 3511 638 3575 stiones,
672 3510 801 3579 quin
837 3520 893 3566 et
934 3527 1087 3567 nova:
1151 3522 1357 3566 mortes
1401 3511 1750 3581 excogitatae,
1780 3522 1839 3565 ut
1870 3510 2007 3565 fera-

402 3618 525 3658 rum
557 3604 720 3673 tergis
740 3606 970 3659 contecti
1022 3605 1224 3659 laniatu
1250 3619 1443 3659 canmn
1495 3603 1817 3668 interirent;
1850 3604 2001 3656 multi

398 3697 659 3751 crucibus
686 3696 853 3764 afﬁxi,
884 3710 974 3752 aut
1003 3698 1220 3752 flamma
1267 3698 1370 3751 usti
1406 3714 1419 3751 :
1456 3696 1701 3767 plerique
1749 3696 1801 3749 in
1832 3696 1885 3750 id
1913 3711 2004 3751 re-

397 3788 621 3854 servati,
647 3798 703 3844 ut
735 3804 859 3845 cum
890 3790 1188 3846 defecisset
1235 3791 1374 3856 dies,
1434 3791 1485 3844 in
1541 3806 1695 3844 usum
1748 3790 2001 3844 nocturni

396 3880 620 3937 luminis
665 3893 977 3939 urerentur.
1030 3883 1144 3938 IIoc
1185 3884 1339 3938 initio
1368 3886 1421 3937 in
1453 3881 1791 3938 Christianos
1821 3883 2003 3937 smviri

397 3986 653 4043 ereptum.
690 3974 820 4030 Post
840 3977 1006 4031 etiam
1034 3976 1176 4030 datis
1210 3975 1418 4045 legibus
1451 3974 1644 4045 religio
1691 3976 1997 4048 vetabatur,

399 4066 707 4138 palamque,
735 4067 934 4123 edictis
965 4067 1258 4138 propositis
1278 4109 1292 4133 ,
1338 4066 1709 4122 Christianum
1741 4082 1863 4123 esse
1892 4083 1999 4123 non

398 4158 615 4215 licebat.
638 4160 775 4214 Tum
802 4160 1003 4215 Paulus
1026 4176 1094 4215 ac
1115 4160 1310 4215 Petrus
1338 4161 1532 4231 capitis
1552 4159 1795 4214 damnati
1828 4178 1841 4213 :
1872 4175 2003 4231 quo-

398 4268 513 4307 rum
565 4254 657 4308 uni
702 4254 894 4308 cervix
939 4252 1119 4324 gladio
1171 4254 1413 4309 desecta.
1462 4252 1657 4307 Petrus
1691 4255 1745 4306 in
1776 4267 1997 4308 crucem

396 4346 638 4401 sublatus
666 4355 770 4402 est.
805 4347 944 4402 Dum
976 4348 1090 4402 haec
1115 4346 1302 4402 Romae
1335 4355 1623 4417 geruntur,
1652 4345 1825 4401 Judaei
1860 4361 1999 4416 prae-

396 4439 524 4494 sidis
552 4441 635 4495 sui
664 4440 812 4496 Festi
843 4440 988 4495 Flori
1018 4440 1246 4510 injurias
1275 4456 1382 4495 non
1428 4438 1699 4503 ferentes,
1729 4439 1998 4494 rebellare

398 4544 697 4605 creperum.
746 4535 1023 4591 Adversus
1067 4551 1163 4591 eos
1205 4534 1571 4605 Vespasianus
1620 4534 1996 4604 proconsulari

400 4625 624 4695 imperio
653 4642 686 4681 a
712 4625 928 4683 Nerone
958 4627 1179 4692 missus,
1203 4627 1390 4681 multis
1415 4625 1779 4697 gravibusque
1803 4626 2003 4693 pra-liis

398 4716 641 4773 devictos
666 4718 845 4790 coegit
873 4718 1013 4773 intra
1046 4732 1231 4773 muros
1263 4716 1659 4787 Hierosolyma:
1679 4715 1998 4786 confugere.

401 4806 614 4863 Interim
642 4807 787 4864 Nero
808 4809 923 4879 jam
947 4809 1111 4865 etiam
1140 4808 1245 4863 sibi
1296 4822 1394 4879 pro
1442 4809 1777 4864 conscientia
1826 4807 2002 4862 scele-

396 4916 515 4956 rum
545 4902 776 4967 invisus,
800 4903 1050 4958 humanis
1077 4903 1239 4957 rebus
1278 4902 1538 4957 eximitur
1565 4919 1578 4955 :
1626 4902 1893 4957 incertum
1930 4916 1998 4956 an

397 4997 514 5067 ipse
563 4997 669 5053 sibi
718 5009 951 5053 mortem
1008 4996 1359 5052 consciverit.
1401 4993 1562 5052 Certe
1611 5010 1807 5065 corpus
1856 4994 1999 5050 illius

395 5090 777 5161 interemptum.
811 5088 967 5146 Unde
996 5089 1260 5153 creditur,
1293 5088 1508 5145 etiamsi
1551 5104 1613 5144 se
1650 5088 1836 5158 gladio
1883 5088 2001 5158 ipse

398 5185 750 5249 lraninxeril,
780 5194 970 5239 curato
999 5186 1221 5239 vulnere
1249 5184 1368 5253 ejus
1400 5193 1667 5249 servatus,
1698 5181 1998 5237 secundum

399 5277 528 5333 illud
558 5279 705 5350 quod
735 5280 804 5335 de
830 5294 898 5335 eo
926 5278 1189 5348 scriptum
1222 5286 1309 5333 est
1340 5296 1353 5332 :
1381 5276 1450 5332 Et
1478 5276 1636 5347 plaga
1662 5274 1858 5329 mortis
1880 5274 1999 5343 ejus

395 5383 582 5428 curata
610 5385 692 5429 est
715 5374 901 5445 (Apoc.
931 5389 1062 5438 xm,
1089 5373 1181 5442 3);
1206 5372 1308 5427 sub
1335 5372 1521 5427 saeculi
1547 5370 1654 5427 fine
1677 5369 1995 5439 mittendus,

400 5476 455 5519 ut
484 5467 805 5538 mysterium
839 5466 1108 5537 iniquitati
1133 5474 1411 5521 exerceat.

467 5557 636 5614 XXX.
683 5560 849 5630 Igitur
883 5575 981 5630 per
1008 5574 1293 5615 excessum
1339 5556 1572 5613 Neronis
1612 5557 1781 5614 Galba
1824 5560 1998 5628 impe-

398 5652 535 5709 rium
566 5655 776 5726 rapuit:
796 5669 922 5710 mox
950 5654 1118 5722 Otho,
1146 5654 1315 5710 Galba
1340 5652 1653 5721 interfecto,
1676 5655 1993 5723 occupavit.

400 5744 551 5803 Tunc
580 5747 833 5804 Vitellius
858 5750 913 5803 in
954 5748 1155 5803 Gallias
1177 5786 1191 5813 ,
1238 5748 1410 5803 fretus
1439 5746 1769 5804 exercitibus
1798 5748 1996 5819 quibus

400 5827 655 5909 praeerat,
694 5841 891 5899 Urbem
921 5843 1222 5915 ingressus,
1254 5842 1466 5899 Othone
1500 5843 1804 5903 interfecto;
1844 5854 1992 5897 sttot-

2115 3334 2253 3401 ipse,
2283 3327 2639 3385 eVertendum
2676 3326 2939 3396 templum
2972 3326 3025 3379 in
3059 3324 3252 3393 primis
3280 3321 3721 3391 censebant,quo

2114 3423 2327 3493 plenius
2358 3420 2673 3477 Judacorum
2706 3431 2760 3475 et
2790 3418 3231 3473 Christianorum
3273 3415 3466 3485 religio
3498 3415 3719 3468 tollere-

2110 3525 2221 3580 tur,
2250 3516 2451 3585 quippe
2486 3514 2582 3567 has
2614 3512 2931 3582 religiones,
2967 3511 3097 3565 licet
3120 3510 3430 3565 contrarias
3460 3507 3587 3574 sibi,
3625 3508 3721 3562 iis-

2109 3609 2235 3663 dem
2260 3620 2441 3661 tamen
2471 3608 2789 3661 auctoribus
2816 3603 3123 3674 profectas;
3161 3603 3502 3657 Christianos
3534 3616 3601 3657 ex
3629 3600 3723 3656 Ju-

2109 3702 2247 3756 dzeis
2294 3701 2608 3765 exstitisse;
2643 3699 2826 3753 radice
2856 3698 3072 3752 sublata
3122 3697 3350 3761 stirpem
3384 3695 3545 3751 facile
3575 3697 3723 3763 peri-

2110 3806 2306 3849 turam.
2350 3793 2427 3846 I:a
2475 3792 2567 3847 Dei
2602 3800 2736 3845 nutu
2786 3789 3034 3844 accensis
3079 3789 3323 3842 omnium
3353 3789 3556 3841 animis
3583 3797 3721 3842 tem-

2109 3888 2259 3960 plum
2288 3886 2555 3951 dirutum,
2590 3885 2661 3938 ab
2712 3884 2840 3938 hinc
2883 3896 3055 3937 annos
3089 3888 3367 3936 trecentos
3398 3880 3616 3949 triginta
3661 3887 3720 3935 et

2110 3997 2301 4036 unum.
2327 3980 2506 4051 Atque
2533 3978 2653 4033 lucc
2678 3976 2865 4033 ultima
2901 3975 3090 4041 templi
3119 3975 3333 4030 eversio
3361 3984 3416 4029 et
3439 3984 3714 4043 postrema

2106 4073 2419 4129 Judteorum
2447 4071 2754 4141 captivitas,
2787 4085 2891 4141 qua
2922 4079 3174 4123 extorres
3198 4065 3368 4136 patria
3398 4081 3496 4135 per
3521 4065 3711 4122 orbem

2105 4175 2378 4223 terrarum
2409 4163 2643 4234 dispersi
2673 4170 3001 4227 cernuntur;
3032 4158 3281 4231 quotidie
3320 4157 3527 4215 mundo
3554 4158 3711 4214 testi-

2108 4260 2295 4315 monio
2324 4268 2496 4321 sunt,
2556 4272 2664 4311 non
2719 4258 2790 4311 ob
2842 4255 2994 4311 aliud
3046 4270 3143 4311 eos
3197 4268 3360 4325 quam
3410 4253 3483 4308 ob
3537 4253 3716 4308 illatas

2104 4350 2328 4409 Christo
2368 4350 2565 4422 impias
2615 4364 2810 4405 manus
2853 4349 3019 4405 fuisse
3070 4347 3341 4419 punitos:
3390 4361 3515 4402 nam
3566 4360 3713 4418 saepe

2104 4446 2243 4502 alias
2273 4461 2395 4501 cum
2445 4453 2665 4517 propter
2712 4452 2938 4516 peccata
2984 4442 3399 4512 captivitatibus
3432 4436 3715 4496 traderen-

2109 4549 2223 4605 tur,
2256 4553 2551 4609 numquam
2588 4546 2767 4593 tamen
2799 4538 2942 4592 ultra
2972 4536 3316 4608 septuaginta
3342 4548 3517 4591 annos
3543 4533 3715 4589 servi-

2111 4635 2244 4689 tutis
2274 4646 2489 4701 prenam
2526 4630 2920 4700 pependerunt.
3610 4675 3621 4686 ε

2182 4724 2379 4779 XXXI.
2451 4723 2743 4793 Interjecto
2788 4721 2987 4777 deinde
3038 4731 3321 4791 tempore,
3371 4717 3713 4772 Domitianus

2109 4816 2427 4888 Vespasiani
2482 4816 2625 4871 filius
2675 4824 2995 4885 persecutus
3044 4822 3129 4867 est
3174 4810 3538 4867 Christianos.
3594 4810 3717 4878 Quo

2109 4921 2355 4980 tempore
2384 4908 2649 4963 Joannem
2682 4908 2991 4977 apostolum
3035 4915 3201 4975 atque
3230 4904 3624 4974 evangelistam
3660 4903 3718 4958 in

2108 5007 2398 5061 Pathmum
2431 5004 2665 5060 insulam
2714 5002 3025 5072 relegavit‘:
3060 5000 3149 5055 ubi
3198 4999 3314 5062 ille,
3360 4999 3577 5053 arcanis
3607 4996 3717 5051 sibi

2112 5098 2393 5172 mysteriis
2425 5098 2703 5162 revelatis,
2737 5095 2935 5150 librum
2984 5108 3152 5149 sacrm
3194 5090 3552 5164 Apocalypsis
3601 5089 3717 5161 (qui

2110 5193 2331 5261 quidem
2364 5207 2392 5245 a
2424 5192 2695 5262 plerisque
2736 5200 2828 5244 aut
2858 5188 3025 5242 stulte
3054 5195 3145 5240 aut
3172 5186 3339 5256 impie
3376 5199 3483 5239 non
3517 5182 3717 5253 recipi-

2110 5287 2225 5354 tur)
2245 5287 2617 5356 conseriptum
2638 5283 2830 5339 edidit.
2862 5282 2980 5337 Non
3008 5280 3182 5336 multo
3198 5280 3400 5335 deinde
3428 5274 3717 5333 intervallo

2110 5382 2268 5437 tertia
2303 5381 2615 5451 persecutio
2642 5394 2740 5449 per
2767 5376 3065 5447 Trajannm
3110 5374 3247 5439 fuit;
3302 5375 3394 5443 qui
3437 5386 3559 5426 cum
3602 5379 3714 5421 tor-

2107 5472 2306 5529 mentis
2337 5484 2394 5529 et
2432 5471 2828 5542 quwstionibus
2872 5468 3006 5524 nihil
3057 5472 3112 5523 itt
3161 5465 3485 5523 Christianis
3534 5468 3712 5516 morte

2105 5577 2199 5623 aut
2230 5582 2391 5637 pinna
2416 5566 2638 5638 dignum
2671 5564 2990 5635 reperisset,
3038 5560 3215 5616 saeviri
3246 5560 3298 5614 in
3326 5573 3420 5613 eos
3450 5556 3587 5609 ultra
3619 5568 3712 5610 ve-

2106 5663 2223 5717 tuit.
2251 5661 2363 5717 Sub
2391 5661 2667 5715 lladriauu
2688 5658 2888 5715 deinde
2905 5655 3076 5713 Judmi
3098 5651 3363 5709 rebellare
3391 5648 3708 5718 voluerunt,

2105 5752 2318 5825 Syriam
2368 5768 2433 5807 ac
2475 5752 2816 5807 Palaestinam
2867 5748 3103 5818 diripere
3148 5742 3374 5798 conati:
3426 5741 3707 5811 missoque

2107 5844 2349 5898 exercitu
2403 5843 2611 5897 sithoc-tl
2666 5840 2807 5896 sunt.
2857 5840 2973 5899 Qua
3024 5843 3345 5893 tempestate
3399 5833 3703 5890 Hadrianus
