4200 6180
390 313 492 369 H9

1602 294 1923 366 HISTORIA
1964 290 2213 363 saan.
2258 286 2385 364 me.
2430 309 2493 363 ιι.

3597 304 3704 368 150

386 424 559 493 Igitur
604 423 763 493 imjus
805 422 931 478 mali
964 436 1128 476 causa
1176 420 1422 493 synodus
1471 420 1615 491 apud
1661 420 1895 476 Nicmam
1930 430 1995 475 ex
2024 418 2073 481 Α
2103 429 2344 477 assertor
2371 423 2655 478 exstiterat
2689 441 2700 477 :
2731 418 2993 478 Photinus
3040 440 3170 480 \‘crn
3213 441 3404 480 novam
3456 426 3708 483 haeresim

390 527 509 573 toto
540 518 673 573 orbe
714 517 1074 572 contrahitur.
1113 515 1364 570 Trecenti
1408 515 1674 586 siquidem
1713 520 1767 569 et
1799 516 2003 570 duode-

391 611 586 681 viginti
630 611 903 680 episcOpis
947 609 1291 679 congregatis
1328 609 1462 663 fides
1503 610 1661 678 plena
1706 609 1999 663 eonserihi-

391 715 504 771 tur,
540 705 766 759 haeresis
800 704 1000 758 Ariaua
1049 704 1355 756 damnatur.
1388 700 1692 771 Imperator
1723 700 2000 756 decretum

393 798 711 868 episcopale
752 796 1160 865 complectitur.
1195 794 1382 849 Ariani
1414 795 1545 849 nihil
1591 803 1776 849 contra
1811 810 1998 848 sanam

394 890 556 945 ﬁdem
591 900 889 945 retractare
913 889 1054 949 ausi,
1095 902 1155 941 se
1195 901 1410 956 quoque
1442 894 1714 955 tamquam
1756 887 2003 955 acquies-

389 992 577 1037 centes
625 979 726 1036 nec
775 980 921 1035 aliud
972 980 1273 1033 sentientes
1325 978 1584 1031 Ecclesiis
1626 978 1999 1032 miscuerunt:

388 1079 645 1132 manebat
677 1091 859 1131 tamen
913 1077 963 1128 in
1002 1074 1309 1145 pectoribus
1337 1089 1525 1128 eorum
1558 1076 1776 1129 insitmn
1825 1075 1876 1128 iu
1908 1084 1998 1127 ca-

388 1174 627 1229 tholicos
670 1174 821 1228 viros
869 1172 1052 1226 odium
1100 1189 1113 1224 :
1153 1180 1208 1225 et
1257 1171 1542 1224 adt'crsttm
1594 1185 1730 1239 quos
1779 1170 1847 1224 de
1898 1169 2002 1223 litle

389 1266 701 1336 disceptare
732 1281 838 1319 non
880 1274 1127 1333 poterant
1156 1307 1169 1328 ,
1200 1278 1294 1318 eos
1326 1262 1633 1317 subornatis
1674 1262 2003 1316 aceusatori~

389 1363 488 1417 bus
519 1362 767 1430 fictisque
798 1359 1123 1414 criminibus
1154 1357 1503 1427 appetebant.

463 1453 706 1507 XXXVI.
751 1452 937 1521 Itaque
972 1452 1206 1521 primum
1257 1444 2003 1504 AthanasimnAlexandria:

388 1546 733 1616 epise0pum,
764 1541 1237 1613 jmisconwltmn,
1269 1541 1363 1613 qui
1393 1542 1533 1611 apud
1568 1540 1841 1595 Nicatnam
1876 1556 2003 1611 syn-

388 1640 549 1691 odum
579 1638 841 1693 diac0uus
889 1636 1171 1703 adfuerat,
1205 1635 1602 1706 aggrediuntur
1625 1676 1638 1699 ,
1697 1635 2001 1688 absentem-

389 1749 497 1803 que
526 1734 912 1787 condemnant.
956 1730 1168 1786 Etenim
1197 1735 1261 1784 ad
1293 1729 1520 1784 crimina
1543 1743 1663 1799 qum
1685 1728 1803 1782 falsi
1834 1737 2001 1803 testes

2104 514 2213 583 jam
2262 525 2384 569 ante
2430 516 2750 585 protulerat,
2797 534 2824 571 a
2871 517 3109 573 Sabeliio
3154 521 3369 589 quidem
3400 521 3452 575 in
3497 520 3709 578 Unione

2106 607 2472 669 dissentiens,
2528 610 2623 663 sed
2670 610 2883 664 initium
2916 608 3114 665 Chri~ti
3145 628 3209 667 ex
3257 610 3420 668 Maria
3451 614 3711 682 praedica-

2106 697 2213 752 bat.
2248 698 2417 767 Igitur
2446 699 2634 753 Ariani
2665 713 2842 755 astuto
2883 704 3109 757 consilio
3156 705 3383 758 miscent
3428 705 3708 759 innoxium

2106 789 2448 857 eriminosis,
2483 792 2997 863 damnationetnque
3028 792 3245 848 Photini
3287 806 3339 849 et
3390 795 3626 850 Marcelli
3657 805 3714 851 et.

2104 880 2387 936 Athanasii
2434 884 2625 938 eadem
2686 885 2959 939 sententia
3013 876 3481 957 compteltendunt
3519 906 3531 940 :
3573 880 3710 942 Illud

2106 972 2362 1025 nimirum
2409 974 2549 1042 apud
2603 975 2989 1044 imperatorum
3037 979 3247 1031 animos
3296 986 3708 1047 lim-struentes,

2107 1075 2163 1118 ut
2194 1070 2297 1121 non
2325 1072 2644 1137 putarentur
2669 1068 2737 1124 de
2764 1068 3063 1124 Athanasio
3094 1088 3379 1142 perperam
3407 1073 3706 1141 judieasse,

2106 1157 2197 1225 qui
2230 1158 2297 1212 de
2326 1159 2585 1214 Marcello
2616 1170 2776 1230 atque
2823 1160 3052 1215 Photino
3085 1177 3209 1215 vera
3243 1164 3567 1219 sensissent.
3603 1164 3712 1218 Ve-

2107 1258 2410 1303 rumtamen
2444 1264 2502 1302 ea
2537 1261 2861 1319 tempestate
2912 1252 3094 1306 Ariani
3127 1252 3406 1322 perfidiam
3443 1272 3593 1308 suam
3626 1272 3718 1309 0c—

2106 1339 2381 1394 Cuhabant
2414 1358 2427 1393 :
2462 1357 2567 1394 non
2601 1343 2715 1395 ausi
2749 1344 2921 1411 palam
2955 1348 3157 1399 erroris
3184 1340 3264 1401 sui
3300 1350 3552 1417 dogmata
3585 1365 3716 1416 prte-

2106 1434 2308 1494 dicare.
2343 1435 2644 1489 catholicos
2672 1452 2730 1490 se
2759 1440 3045 1506 gerebant,
3080 1440 3209 1493 nihil
3238 1442 3337 1494 sibi
3372 1442 3522 1511 prius
3550 1458 3715 1511 agen-

2106 1528 2231 1582 dum
2258 1530 2377 1591 rati,
2401 1545 2561 1598 quam
2588 1542 2643 1584 ut
2664 1530 3018 1586 Athanasium
3040 1534 3280 1589 Ecclesia
3309 1536 3718 1603 sulimoverent,

2105 1621 2198 1691 qui
2228 1637 2445 1693 semper
2471 1623 2550 1678 eis
2581 1624 2723 1677 velut
2757 1641 2942 1679 murus
2973 1626 3261 1681 obstiterat
3292 1645 3304 1681 ε
3340 1644 3446 1697 quo
3480 1636 3712 1693 remoto,

2109 1714 2347 1783 reliquos
2381 1714 2430 1767 in
2463 1714 2743 1771 libidinem
2777 1732 2927 1770 Suam
2961 1734 3217 1773 cessuros
3264 1720 3577 1789 sperabant.
3610 1722 3715 1776 Sed

389 1838 800 1897 congesserant,
847 1826 1219 1895 aggregabaut
1268 1823 1411 1894 quod
1466 1798 1780 1878 Marcellum
1833 1830 1994 1887 atque

2103 1824 2223 1873 pars
2246 1809 2626 1879 episcoporum
2658 1827 2778 1879 qua:
2807 1812 2995 1867 Arium
3029 1814 3384 1883 sequebatur,
3411 1814 3723 1868 damnatio-

392 1921 681 1975 Photinum
719 1922 1010 1975 haereticos
1040 1919 1370 1982 sacerdotes,
1406 1916 1602 1989 synodi
1630 1915 1836 1985 judicio
1866 1930 1994 1970 con-

388 2015 699 2079 demnatos,
733 2029 899 2082 pravo
930 2013 1110 2067 studio
1140 2013 1456 2081 recepisset.
1509 2010 1616 2065 Sed
1659 2009 1727 2063 de
1759 2007 1992 2062 Photino

387 2107 613 2160 dubium
644 2108 746 2160 non
772 2114 910 2172 erat,
944 2106 1139 2160 merito
1183 2106 1349 2158 fuisse
1379 2105 1694 2158 damnatum
1722 2121 1733 2155 :
1766 2103 1816 2155 in
1857 2101 1992 2156 Mar-

394 2202 537 2254 cello
571 2200 703 2253 nihil
740 2206 845 2253 tum
876 2200 1225 2253 damnatione
1270 2197 1494 2268 dignum
1529 2208 1804 2264 repertum
1835 2196 1992 2250 vide-

391 2292 589 2355 batur;
645 2292 989 2360 maximeque
1037 2293 1085 2347 ei
1140 2289 1379 2345 studium
1445 2290 1677 2359 partium
1735 2289 1996 2342 innocen-

388 2384 522 2439 tium
554 2395 885 2449 accesserat,
917 2384 1059 2455 quod
1092 2384 1314 2439 eosdem
1351 2384 1473 2438 illos
1499 2381 1710 2452 judices
1736 2398 1763 2436 a
1798 2381 1994 2451 quibus

391 2478 567 2534 fuerat
591 2478 1009 2541 condemnatus,
1045 2478 1327 2531 ha:reticos
1354 2490 1474 2531 esse
1503 2490 1663 2529 nemo
1693 2474 1991 2528 dubitabat.

390 2571 660 2626 Caeterum
706 2570 892 2626 Ariani
939 2585 1044 2624 non
1077 2571 1176 2625 hos
1211 2572 1593 2638 putius,quam
1638 2560 1991 2621 Athanasium

393 2679 676 2721 removere
703 2664 1003 2734 cupiebant
1036 2680 1049 2716 :
1091 2664 1271 2733 itaque
1311 2662 1693 2732 imperatorem
1729 2677 1795 2715 eo
1826 2676 1997 2729 usque

390 2757 747 2827 compellunt,
777 2767 833 2811 ut
860 2758 1188 2810 Athanasius
1216 2758 1525 2809 ettsulatttt'n
1552 2753 1619 2808 ad
1643 2752 1847 2809 Gallias
1875 2752 1997 2806 mit-

395 2861 618 2907 teretur.
649 2851 767 2906 Mox
813 2854 864 2905 in
918 2850 1153 2921 Ᾱὲιεγριυ
1195 2851 1463 2919 octoginta
1498 2849 1734 2918 episcopi
1771 2862 1998 2916 congre-

392 2947 523 3015 gati,
556 2946 910 3000 Athanasium
939 2945 1133 3013 injuste
1162 2942 1578 2996 condemnatum
1608 2956 1729 2995 esse
1760 2954 1999 3009 pronun—

395 3042 551 3093 tiant.
592 3038 698 3093 Res
728 3039 793 3093 ad
840 3037 1259 3093 Constantinum
1292 3037 1561 3097 refertur;
1607 3035 1760 3103 jubet
1788 3048 1852 3087 ex
1885 3041 1997 3085 toto

394 3134 526 3186 orhe
572 3131 713 3202 apud
765 3131 1049 3187 Sardicam
1108 3130 1398 3199 episcOpos
1443 3127 1787 3198 congregari,
1836 3136 1998 3195 atque

2099 1918 2220 1958 nem
2247 1904 2528 1959 Athanasii
2560 1907 2797 1976 cupitum
2831 1908 3042 1977 accepit
3069 1925 3081 1961 :
3116 1924 3241 1978 pars
3272 1910 3441 1963 eoaeti
3489 1919 3634 1963 metu
3664 1919 3720 1963 et

2100 1993 2358 2061 factione,
2393 1997 2445 2050 in
2474 1997 2648 2077 studia
2684 1997 2912 2067 partium
2944 2008 3357 2053 concesserant.
3384 2001 3571 2067 l‘auci,
3598 2001 3719 2068 qui—

2099 2088 2201 2142 bus
2228 2087 2362 2143 fides
2389 2105 2514 2144 cara
2545 2092 2599 2145 et
2628 2094 2826 2146 veritas
2872 2094 3057 2162 potior
3103 2102 3244 2160 erat,
3280 2094 3538 2163 injustam
3578 2094 3723 2163 judi-

2097 2183 2241 2236 cium
2296 2200 2399 2239 uon
2447 2199 2772 2255 receperunt
2804 2207 2817 2243 :
2848 2187 2992 2243 inter
3037 2203 3173 2256 quos
3214 2188 3479 2243 Paulinus
3508 2190 3723 2257 episco-

2101 2292 2198 2346 pus
2225 2278 2614 2345 TreverOrutn,
2640 2282 2816 2335 oblata
2844 2281 2944 2337 sibi
2977 2281 3223 2351 epistola,
3251 2282 3322 2335 ita
3351 2284 3710 2353 suscripsissc

2101 2370 2352 2435 traditur,
2384 2388 2445 2427 se
2475 2374 2525 2427 in
2564 2372 2775 2428 PhOtini
2806 2384 2968 2443 atque
3007 2366 3251 2429 Marcelli
3299 2373 3714 2429 damnationem

2100 2465 2347 2533 praebere
2378 2480 2724 2529 consensum,
2754 2467 2822 2523 de.
2848 2465 3151 2523 Athanasio
3186 2483 3288 2521 non
3321 2469 3571 2538 probare.

2174 2557 2465 2613 XXXVIII.
2509 2560 2643 2614 Tum
2681 2574 2807 2615 vero
2858 2556 3064 2627 Ariani,
3097 2561 3183 2615 ubi
3225 2560 3336 2615 doli
3371 2576 3560 2629 parum
3597 2576 3719 2629 pro-

2100 2660 2404 2715 cesserant,
2430 2653 2477 2705 vi
2506 2668 2667 2722 agere
2688 2653 2988 2708 decernunt
3018 2672 3029 2707 :
3056 2668 3179 2706 nam
3204 2652 3481 2723 qttodlibet
3506 2653 3709 2706 audere

2100 2749 2262 2809 atque
2288 2757 2449 2812 agere
2478 2746 2630 2797 facile
2658 2754 2774 2797 erat
2804 2747 2947 2815 regis
2975 2746 3211 2799 amicitia
3240 2745 3513 2808 subnixis,
3544 2762 3706 2815 quem

2100 2842 2202 2896 sibi
2253 2839 2433 2910 pravis
2476 2836 2879 2892 adulationibus
2925 2839 3299 2893 devinxeraut.
3352 2840 3492 2907 Quin
3541 2841 3703 2894 etiam

2101 2949 2169 2988 ex
2220 2932 2579 2987 consensione
2636 2930 2930 2985 multorum
2984 2931 3429 3000 inexpugnabiles
3481 2942 3636 2987 erant
3689 2951 3699 2985 :

2103 3041 2227 3081 nam
2284 3038 2472 3079 omnes
2522 3023 2634 3078 fet'e
2678 3022 2905 3077 duarum
2959 3020 3360 3076 Pannoniarum
3423 3023 3661 3092 episcopi
3692 3066 3705 3086 ,

2107 3120 2365 3186 multique
2398 3117 2752 3171 Orientalium
2786 3131 2847 3170 ac
2875 3124 2983 3170 tota
3015 3113 3141 3170 Asia
3176 3117 3226 3170 in
3258 3112 3479 3187 perlidia
3512 3130 3701 3171 eorum

392 3241 553 3279 omne
578 3225 841 3295 judicium
868 3242 976 3293 quo
1001 3223 1335 3279 Athanasius
1363 3223 1648 3277 damnatus
1674 3221 1875 3286 fuerat,
1907 3236 1993 3275 te-
2021 3198 2066 3260 (ἶ
2100 3214 2537 3284 coniuraverant.
2569 3211 2674 3267 Sed
2706 3212 2979 3285 principes
3006 3210 3129 3265 mali
3156 3210 3312 3264 istius
3341 3209 3700 3275 habebantur,

393 3319 637 3372 tractari.
670 3318 828 3387 Inter,
852 3318 968 3372 lucc
1013 3316 1403 3371 Constantinus
1454 3316 1721 3370 moritur:
1755 3314 1993 3386 synodus

391 3420 719 3480 Congreguta
750 3410 858 3478 jam
888 3410 1246 3464 Constantino
1282 3410 1613 3478 imperatore
1636 3405 1990 3461 Athanasium

393 3502 632 3556 absolvit
672 3516 690 3560 ς
736 3502 1021 3557 Marcellus
1079 3517 1293 3571 qquue
1346 3500 1678 3571 episcopatui
1726 3498 1989 3554 redditur.

395 3595 533 3649 Nam
561 3594 630 3649 de
657 3594 887 3650 Phatino
911 3598 1167 3666 episcopo
1190 3595 1511 3651 Sirmiucnsi
1539 3606 1646 3647 non
1683 3602 1765 3647 est
1793 3592 1993 3645 reseisa

393 3690 668 3742 sententia
696 3727 709 3751 ,
742 3689 863 3758 quia
913 3690 1075 3743 etiam
1122 3697 1431 3742 nostrorum
1460 3685 1662 3755 judicio
1708 3686 1994 3739 htereticus

393 3783 746 3853 probabatur.
781 3785 843 3837 Et
876 3793 1057 3837 tamen
1104 3784 1207 3837 hoc
1238 3784 1411 3851 ipsum
1454 3778 1765 3835 Marcellum
1805 3794 1991 3847 grava-

392 3879 504 3942 bat,
532 3879 659 3947 quia
692 3877 955 3933 Photinus
983 3879 1199 3933 auditor
1227 3878 1343 3947 ejus
1365 3876 1531 3931 fuisse
1556 3876 1609 3930 in
1632 3873 1992 3929 adolescentia

394 3973 694 4027 videbatur.
732 3971 1117 4027 Verumtamen
1161 3972 1227 4026 ad
1270 3970 1548 4026 Athanasii
1597 3967 1991 4023 absolutionem

394 4067 558 4119 etiam
604 4064 735 4119 illud
794 4076 1140 4127 ccesserat,
1192 4063 1334 4133 quod
1383 4061 1639 4118 Ursacius
1687 4069 1742 4114 et
1792 4058 1994 4113 Valens

395 4159 668 4230 principes
699 4160 1059 4223 Arianorum,
1090 4168 1211 4213 cum
1254 4164 1379 4225 post
1408 4154 1675 4226 synodum
1705 4152 1986 4209 Sardicen-

392 4269 506 4306 sem
539 4255 855 4306 riderentur
885 4268 912 4304 a
961 4252 1347 4305 etnnntuttione
1391 4248 1626 4309 secreti,
1669 4258 1851 4299 coram
1900 4254 1994 4313 po-

392 4345 482 4401 siti
514 4362 541 4398 a
573 4345 717 4399 .lulio
751 4346 1006 4399 Romana:
1033 4344 1180 4397 urbis
1211 4341 1461 4412 episcOpo
1491 4338 1701 4394 veniam
1734 4350 1995 4407 poposceo

394 4452 540 4505 runt,
590 4442 732 4510 quod
784 4439 1066 4495 innoxium
1116 4437 1577 4492 Cullllt'lttltarselli
1628 4451 1640 4487 :
1691 4434 1994 4500 meritoque

394 4549 517 4588 eum
568 4534 832 4588 sententia
879 4530 1106 4587 concilii
1153 4529 1495 4585 Sardicensis
1524 4525 1837 4582 absolutum
1870 4538 1992 4592 pro—

397 4626 527 4680 fessi
555 4638 701 4679 sunt.

473 4717 733 4773 XXXVII.
777 4717 1065 4787 lnterjecto
1096 4715 1291 4769 deinde
1337 4726 1581 4781 tempore
1628 4709 1987 4773 Athanasius,

393 4824 519 4865 cum
556 4812 864 4865 Marcellum
896 4822 1087 4879 parum
1114 4818 1261 4862 sanae
1292 4806 1414 4860 tidei
1446 4819 1567 4860 esse
1605 4805 1819 4872 penitus
1846 4816 1993 4857 com-

394 4906 629 4975 perisset
654 4947 668 4969 ,
701 4920 730 4958 a
776 4905 1158 4959 communione
1199 4900 1519 4971 suspendit,
1568 4898 1862 4967 habuitque
1902 4894 1993 4949 ille

392 5000 536 5053 hanc
586 5000 1015 5064 verecundiam,
1070 5009 1127 5050 ut
1186 4996 1320 5050 tanti
1376 4997 1474 5049 viri
1526 4995 1732 5065 judicio
1779 5000 1993 5045 notatus

390 5106 587 5163 sponte
618 5094 962 5149 concederet.
992 5093 1263 5147 Caeterum
1296 5101 1454 5145 antea
1491 5090 1771 5153 innocens,
1807 5096 1994 5156 postea

390 5194 759 5259 depravatus,
810 5188 981 5244 videri
1036 5194 1247 5255 poterat
1292 5188 1400 5255 jam
1451 5195 1562 5239 tum
1594 5192 1797 5237 nocens
1828 5181 1994 5234 fuisse

392 5300 517 5339 cum
544 5285 613 5340 de
642 5300 709 5339 eo
731 5283 902 5339 fuerat
923 5283 1245 5353 judicatum.
1272 5281 1423 5335 Nacti
1449 5294 1579 5349 ergo
1603 5277 1787 5333 Ariani
1816 5278 1996 5331 istius-

391 5378 539 5434 modi
591 5378 978 5443 occasionem,
1032 5378 1351 5446 conspirant
1397 5375 1610 5443 penitus
1657 5371 1994 5426 Sardicensls

388 5471 587 5542 synodi
618 5470 835 5524 decreta
864 5471 1187 5523 subvertere
1220 5483 1232 5517 :
1265 5466 1466 5521 etenim
1496 5466 1576 5520 eis
1603 5464 1756 5517 color
1777 5463 1990 5533 quidam

392 5575 687 5631 suppetere
717 5561 1024 5625 videbatur,
1071 5560 1215 5629 quod
1259 5568 1366 5611 tam
1417 5557 1614 5625 injuste
1666 5553 1854 5608 fuisset
1898 5565 1994 5622 pro

396 5653 697 5710 Athanasio
720 5654 1041 5722 judicatum,
1073 5666 1233 5721 quam
1270 5649 1553 5705 Marcellus
1580 5648 1750 5703 fuerat
1781 5646 1996 5701 absolu-

396 5757 509 5810 tus,
534 5746 620 5815 qui
660 5761 803 5800 nunc
825 5745 988 5800 etiam
1020 5745 1296 5800 Athanasii
1325 5741 1529 5813 judicio
1562 5741 1847 5796 haereticus
1874 5753 1996 5794 esse

394 5832 742 5925 probaretur.
774 5836 1022 5914 Namque
1067 5837 1356 5919 Marcellus
1397 5835 1725 5895 Sabelliana:
1772 5828 1997 5915 haeresis

2099 3327 2128 3364 a
2158 3308 2453 3379 Siugiduno
2486 3306 2772 3371 Ursacius,
2805 3305 3005 3359 Valens
3032 3322 3059 3356 a
3110 3306 3285 3359 Mursa
3312 3346 3326 3370 ,
3358 3304 3426 3358 ab
3456 3304 3703 3357 Heraclia

2097 3405 2441 3469 Theodorus,
2483 3402 2790 3471 Stephanus
2832 3399 3208 3454 Antiochenus
3231 3440 3244 3463 ,
3275 3397 3506 3453 Aeacius
3535 3411 3561 3449 a
3590 3396 3706 3449 Cav—

2098 3502 2285 3562 Sarea,
2337 3495 2729 3565 Menophantus
2780 3493 3026 3561 EpheSo,
3078 3491 3341 3561 Georgius
3396 3490 3700 3553 Laodicea,

2099 3590 2381 3643 Narcissus
2410 3602 2439 3640 a
2488 3584 2844 3654 Neronopoli.
2882 3583 2943 3636 lli
2973 3582 3043 3637 ita
3088 3582 3352 3653 palatium
3400 3588 3703 3648 Occupare-

2100 3689 2217 3733 rant
2246 3720 2259 3743 ,
2294 3689 2347 3731 ut
2380 3674 2514 3730 nihil
2544 3677 2659 3729 sine
2705 3688 2895 3729 eorum
2948 3682 3080 3727 nutu
3130 3682 3316 3741 ageret
3364 3672 3660 3740 imperator
3691 3688 3701 3721 :

2099 3770 2365 3825 obnoxius
2394 3768 2612 3836 quidem
2644 3764 2919 3831 omnibus,
2950 3763 3043 3817 sed
3072 3764 3346 3831 praecipue
3368 3760 3578 3814 Valenti
3610 3760 3705 3810 de-

2098 3862 2262 3916 ditus.
2297 3858 2430 3915 Nam
2472 3874 2538 3913 eo
2594 3868 2838 3926 tempore
2885 3866 2993 3924 quo
3039 3854 3183 3923 apud
3228 3853 3462 3907 Marsum
3509 3852 3700 3906 contra

2100 3953 2465 4024 Magnentium
2508 3950 2678 4005 armis
2722 3954 3030 4011 certatum,
3079 3945 3432 3999 Constantius
3476 3942 3705 3997 descen-

2100 4046 2229 4101 dere
2276 4046 2329 4098 in
2364 4052 2713 4112 conspectum
2760 4052 2949 4110 pugna:
2980 4052 3084 4094 nou
3115 4050 3280 4091 ausus
3307 4078 3321 4103 ,
3374 4037 3429 4089 in
3475 4036 3701 4089 basilica

2101 4138 2394 4208 Martyrum
2424 4143 2574 4189 extra
2606 4132 2864 4202 oppidum
2892 4133 3019 4195 sita,
3052 4129 3278 4182 Valente
3305 4136 3417 4181 tum
3447 4127 3566 4195 ejus
3598 4128 3702 4179 loci

2098 4232 2354 4301 episcopo
2404 4230 2457 4283 itt
2489 4229 2741 4282 solatium
2775 4236 3086 4293 assumpto,
3117 4222 3427 4277 diversatus
3450 4230 3553 4275 est.
3585 4220 3700 4273 (ἴω-

2100 4335 2274 4379 ternm
2304 4322 2502 4378 Valens
2529 4320 2728 4375 callide
2770 4334 2867 4388 jer
2914 4330 3043 4372 suos
3067 4317 3447 4386 disposuerat,
3495 4325 3547 4366 ιιι
3580 4315 3700 4383 quis

2099 4420 2273 4490 prwlii
2308 4418 2499 4472 fuisset
2527 4423 2780 4478 eventus,
2807 4413 3015 4484 pritnus
3038 4418 3407 4482 cognosceret
3433 4423 3448 4463 :
3478 4409 3558 4462 vel
3586 4420 3709 4475 pra-

2101 4512 2231 4567 tiam
2266 4511 2415 4581 regis
2442 4506 2702 4579 captans,
2738 4507 2782 4560 si
2815 4505 2973 4576 prior
3016 4506 3216 4559 bonum
3250 4503 3504 4558 nuntium
3541 4504 3701 4557 detu-

2020 4591 2073 4652 Ῐ)
2100 4608 2302 4661 lisset:
2347 4605 2427 4659 vel
2478 4605 2603 4657 vitae
2650 4600 2942 4655 consulens
2971 4640 2985 4664 ,
3036 4607 3431 4667 antecapturus
3460 4596 3702 4666 fugiendi

2098 4705 2358 4772 spatium,
2389 4701 2433 4752 si
2460 4698 2590 4768 quid
2618 4706 2813 4750 contra
2845 4692 3152 4748 accidisset.
3186 4690 3373 4761 Itaque
3396 4691 3582 4760 paucis
3604 4684 3701 4758 “Qui

2096 4798 2240 4851 circa
2262 4808 2446 4863 regem
2479 4798 2663 4855 erant,
2697 4799 2845 4842 metu
2877 4786 3124 4855 trepidis,
3153 4786 3488 4853 imperatore
3515 4780 3701 4845 anxio,

2099 4890 2305 4959 primus
2335 4885 2553 4941 nuntiat
2590 4884 2778 4938 hostes
2819 4883 3024 4951 lugere.
3057 4878 3191 4933 Cum
3230 4879 3319 4932 ille
3354 4875 3587 4931 indicem
3612 4876 3696 4943 ip-

2098 4997 2217 5037 sum
2254 4979 2546 5035 intromitti
2570 4986 2850 5049 posceret,
2885 4974 3108 5039 Valens,
3143 4983 3199 5027 ut
3226 4970 3587 5027 reverentiam
3620 4972 3702 5025 sui

2099 5076 2357 5137 adderet,
2411 5074 2660 5142 angelum
2704 5071 2809 5125 sibi
2863 5069 3035 5123 fuisse
3086 5067 3335 5121 nuntium
3394 5064 3699 5136 respontlit.

2100 5167 2302 5224 Facilis
2332 5166 2398 5221 ad
2429 5164 2767 5221 credendum
2820 5164 3143 5231 imperator,
3184 5158 3362 5227 palam
3397 5166 3581 5226 postea
3614 5157 3703 5208 di-

2098 5276 2224 5317 cere
2270 5270 2353 5315 est
2400 5258 2594 5313 solitus
2620 5298 2634 5323 ,
2667 5272 2726 5311 se
2762 5254 3007 5309 Valentis
3060 5252 3268 5307 meritis
3294 5292 3308 5316 ,
3354 5265 3463 5303 non
3502 5250 3703 5303 virtute

2099 5353 2374 5409 exercitus
2402 5351 2620 5405 vicisse.

2176 5442 2419 5500 XXXIX.
2465 5442 2545 5496 Ah
2575 5441 2680 5495 hoc
2726 5438 2882 5493 initio
2928 5438 3097 5494 illecti
3146 5436 3409 5508 principis
3458 5431 3702 5487 extulere

2104 5541 2315 5595 animos
2347 5537 2536 5591 Ariani
2563 5576 2575 5597 ,
2612 5544 2885 5605 potestate
2925 5536 3074 5604 regis
3114 5533 3303 5597 usuri,
3338 5530 3430 5583 ubi
3470 5526 3709 5582 auctori-

2106 5648 2215 5692 tate
2242 5652 2336 5691 sua
2385 5647 2577 5704 parum
2629 5632 2946 5684 raluiswn‘t.
2994 5629 3161 5698 Igitur
3202 5641 3323 5681 eum
3374 5620 3703 5678 sententiam

2105 5746 2317 5797 comm,
2364 5734 2525 5799 quam
2574 5724 2641 5780 de
2673 5723 2975 5778 Athanasio
3023 5721 3321 5784 dederant,
3375 5716 3547 5771 nostri
3593 5728 3703 5769 non

2110 5827 2463 5899 reciperent,
2495 5821 2736 5879 edictum
2775 5818 2847 5874 ab
2896 5820 3228 5891 imperatore
3275 5814 3621 5887 prepouitur,
3654 5820 3714 5871 ut
