4200 6180
457 230 553 287 liii
1781 224 2071 284 SULPICII
2109 224 2369 282 SEVERI
3654 229 3758 286 152

450 343 542 415 qui
577 344 628 397 in
656 342 1065 399 damnationem
1109 340 1393 397 Athanasii
1423 356 1533 395 non
1561 339 1966 405 suscriberent,
2000 340 2053 395 in
2082 340 2131 401 Α
2161 339 2243 395 his
2269 341 2658 397 certaminibus
2700 355 3016 411 processum
3037 383 3051 409 ,
3085 350 3143 397 ut
3178 343 3486 400 istiusmodi
3534 345 3762 415 piaculis

456 437 710 493 exsilium
743 437 1105 508 pellerentur.
1144 433 1415 490 Caeterum
1445 450 1474 489 a
1519 435 1725 489 nostris
1757 445 1869 489 tum
1913 432 2058 504 apud
2164 433 2314 489 orbis
2345 445 2610 491 terrarum
2640 436 3037 505 implicaretur.
3066 435 3198 492 Nam
3230 437 3455 502 italiam.
3485 437 3763 512 Illyricum

454 532 730 587 Arelatem
762 545 826 585 ac
856 530 1103 584 Biterras
1138 571 1151 595 ,
1186 528 1389 598 oppida
1420 527 1744 595 Galliarum,
1778 528 2063 599 episcopo-
2164 536 2325 596 atque
2352 527 2630 584 Orientem
2662 527 2862 584 Valens
2892 538 2947 585 et
2979 529 3239 586 Ursacius
3273 532 3595 603 caeterique,
3624 548 3765 604 quo-

450 639 573 680 rum
621 623 853 678 concilia
912 623 1081 677 fuere.
1144 620 1477 689 Petebatur,
1538 632 1595 677 ut
1648 624 1959 694 priusquam
2009 623 2062 677 in
2165 635 2284 675 rum
2321 621 2539 675 nomina
2573 621 2883 685 edidimus,
2934 620 3255 677 infecerant.
3302 623 3509 680 Gallias
3552 636 3769 681 nostras

458 716 818 774 Athanasium
850 714 1198 770 subscribere
1228 724 1585 787 cogerentur,
1621 715 1690 771 de
1733 715 1839 771 ﬁde
1885 715 2067 784 potius
2169 712 2456 768 Saturnius
2501 712 2906 769 Arelatensium
2936 714 3229 784 episcopus
3255 756 3268 779 ,
3304 713 3467 770 homo
3496 713 3772 784 impotens

458 810 830 878 disceptarent
862 826 874 861 :
909 823 973 863 ac
1006 819 1115 863 tum
1148 808 1368 864 demum
1401 808 1471 864 de
1505 826 1565 865 re
1589 810 2064 881 cognoscendum,
2169 816 2225 862 et
2256 806 2538 873 factiosus,
2571 809 2877 876 premebat.
2909 807 3096 864 Osium
3145 823 3363 879 quoque
3403 808 3473 863 ab
3513 809 3772 880 Hispania

459 915 581 955 cum
613 901 681 955 de
729 914 963 969 persona
1008 899 1274 969 judicium
1325 900 1683 957 constitisset.
1729 901 1836 957 Sed
1872 902 2069 958 Valens
2170 899 2224 953 in
2256 899 2506 956 eamdem
2539 900 2824 971 perﬁdiam
2852 901 3198 957 concessisse
3228 901 3418 971 opinio
3446 900 3541 957 fuit
3579 902 3773 974 :quod

460 992 706 1063 sociique
735 992 855 1062 ejus
906 993 1057 1063 prius
1100 992 1387 1049 Athanasii
1436 994 1841 1051 damnationem
1889 1004 2071 1052 extore

460 1102 629 1157 qucre
658 1085 985 1155 cupiebant,
1016 1086 1086 1140 de
1118 1083 1222 1141 ﬁde
1253 1096 1469 1142 certare
1512 1103 1620 1142 non
1646 1088 1765 1142 ansi
1808 1106 1821 1142 :
1866 1089 1936 1145 ab
1966 1089 2070 1146 hoc

463 1179 704 1252 partium
738 1180 1003 1236 conﬂictu
1049 1182 1230 1252 agitur
1279 1182 1331 1236 in
1373 1183 1627 1238 exsiliunt
1668 1182 1947 1238 Paulinus.
1982 1184 2069 1239 In-

364 1300 369 1307 ~
466 1285 615 1330 terea
665 1274 1033 1330 Mediolanum
1066 1276 1419 1344 convenitur,
1457 1278 1547 1332 ubi
1597 1286 1707 1332 tum
1755 1278 2073 1335 adet-ntim—

470 1378 714 1440 perator.
747 1368 951 1424 Eadem
984 1369 1077 1424 illa
1109 1369 1393 1425 contentio
1424 1371 1559 1429 nihil
1588 1372 1819 1427 invicem
1855 1373 2069 1428 relaxa-

467 1463 577 1517 hat.
631 1461 768 1515 Tum
828 1461 1101 1518 Eusebius
1161 1463 1595 1519 Vercellensium
1652 1474 1707 1520 et
1766 1464 1983 1521 Lucifer
2045 1482 2073 1519 a

461 1555 674 1609 Caralis
700 1555 991 1622 Sardinim,
1025 1556 1268 1627 episc0pi
1294 1558 1544 1628 relegati.
1570 1558 1842 1615 Caeterum
1874 1561 2074 1632 Diony-

469 1647 583 1701 sius
612 1646 1108 1703 Mediolanensium
1142 1648 1413 1704 Sacerdos
1444 1651 1499 1705 in
1529 1650 1816 1706 Athanasii
1846 1652 2073 1708 damna-

2173 1008 2239 1050 eo
2268 996 2464 1049 mirum
2494 1004 2655 1065 atque
2686 996 3008 1052 incredibile
3038 995 3275 1059 videtur,
3308 998 3430 1066 quia
3475 999 3619 1054 omni
3658 997 3773 1054 fere

2173 1085 2350 1143 aetatis
2372 1102 2487 1143 suae
2518 1096 2766 1159 tempore
2804 1089 3285 1146 constantissimus
3312 1098 3617 1146 nostrarum
3645 1106 3774 1160 par-

2176 1180 2332 1247 tium,
2347 1190 2397 1235 et
2420 1180 2636 1236 Nicaeua
2655 1182 2894 1253 synodus
2912 1191 3136 1237 auctore
3163 1182 3258 1237 illo
3274 1182 3523 1239 confecta
3542 1182 3777 1239 habeba-

2177 1283 2293 1329 tur:
2316 1276 2417 1329 nisi
2444 1274 2735 1330 fatiscente
2755 1292 2893 1341 aevo;
2913 1276 3115 1332 etenim
3134 1276 3307 1347 major
3322 1280 3642 1333 centenario
3656 1277 3777 1341 fuit,

2177 1377 2235 1421 ut
2262 1377 2474 1421 sanctus
2503 1366 2747 1423 Hilarius
2790 1367 2844 1423 in
2894 1367 3147 1438 epistolis
3198 1369 3397 1435 refert;
3438 1370 3775 1427 deliraverit.

2178 1459 2391 1528 Quibus
2440 1460 2607 1516 rebus
2656 1463 2981 1531 perturbato
3008 1463 3145 1518 orhe
3192 1472 3479 1529 terrarum,
3512 1474 3567 1519 et
3590 1464 3782 1520 morbo

2179 1550 2413 1621 quodam
2440 1550 2703 1607 Ecclesiis
2733 1552 3147 1624 languentibus,
3179 1555 3398 1626 segnior
3422 1555 3782 1627 quidem,sed

2181 1656 2288 1696 nou
2310 1643 2493 1699 minus
2509 1645 2690 1713 gravis
2708 1658 2837 1699 cura
2859 1645 3158 1716 principem
3186 1646 3516 1702 exercebat:
3541 1646 3686 1716 quod
3716 1646 3753 1701 li
3769 1676 3785 1688 ο

470 1740 674 1794 tionem
716 1754 775 1795 se
802 1741 1120 1797 consentire
1151 1741 1515 1811 subscripsit,
1545 1742 1843 1799 dummodo
1874 1744 1944 1800 de
1971 1725 2075 1800 fide
2104 1740 2152 1799 B
2178 1743 2269 1791 cel
2314 1735 2500 1791 Ariani
2547 1736 2745 1806 (ιυὶιηιε
2789 1738 3040 1803 favebat.
3093 1738 3408 1809 superiores
3438 1738 3751 1795 Viderellllﬂ‘
3771 1782 3785 1805 ν

472 1833 617 1888 inter
646 1832 939 1902 episc0pos
968 1844 1334 1903 quaereretur.
1364 1833 1471 1889 Sed
1505 1833 1708 1890 Valens
1738 1845 1792 1891 et
1825 1835 2085 1892 Ursacius

470 1924 789 1994 caeterique,
822 1935 968 1978 metu
1004 1923 1181 1993 plebis
1208 1939 1332 1995 quae
1361 1924 1687 1981 catholicam
1722 1925 1886 1982 ﬁdem
1930 1942 2085 1997 egre-

472 2016 562 2087 gio
593 2014 773 2070 studio
805 2015 1198 2082 conservabat,
1241 2032 1347 2071 non
1395 2018 1514 2072 ausi
1557 2017 1770 2089 piacula
1803 2020 2083 2090 proﬁteri,

477 2111 620 2164 intra
659 2107 917 2179 palatium
970 2117 1396 2179 congregantur.
1448 2110 1602 2165 Illinc
1651 2112 1938 2181 epistolam
1988 2114 2090 2168 sub

478 2202 826 2273 imperatoris
857 2204 1080 2257 nomine
1122 2204 1384 2259 emittunt
1424 2205 1581 2260 omni
1610 2208 1883 2277 pravitate
1918 2210 2091 2263 refer-

478 2306 625 2363 tam;
674 2312 741 2352 eo
788 2296 1049 2351 nimirum
1093 2297 1346 2363 consilio,
1397 2308 1456 2353 ut
1498 2298 1695 2354 sicam
1743 2302 1917 2371 aequis
1948 2302 2091 2357 auri-

484 2390 584 2444 bus
618 2389 853 2458 pnpulus
907 2390 1228 2458 recepisset,
1278 2390 1491 2460 publica
1539 2392 1867 2449 auctoritate
1908 2395 2088 2464 cupita

482 2481 825 2550 proferrent;
855 2482 941 2535 sin
972 2481 1133 2536 aliter
1161 2481 1355 2536 fuisset
1387 2491 1638 2553 excepta,
1678 2485 1856 2540 omnis
1885 2486 2091 2542 invidia

481 2582 631 2628 esset
659 2574 711 2627 in
744 2587 895 2644 rege,
928 2582 983 2627 et
1012 2575 1125 2645 ipsa
1159 2574 1389 2629 venialis
1422 2593 1435 2629 :
1468 2575 1594 2646 quia
1612 2577 1776 2631 etiam
1804 2586 1915 2631 tum
1940 2586 2091 2636 cate-

484 2666 791 2722 chumenus
837 2677 1245 2722 sacramentum
1295 2666 1422 2722 ﬁdei
1470 2670 1665 2724 merito
1696 2669 1973 2726 videretur
1998 2687 2097 2742 po—

485 2760 661 2815 tuisse
712 2761 945 2815 nescire.
978 2760 1145 2831 Igitur
1196 2760 1393 2816 lectam
1443 2761 1497 2817 in
1541 2763 1773 2821 ecclesia
1806 2766 2093 2834 epistolam

488 2854 723 2924 populus
756 2867 1068 2910 aversatur.
1102 2854 1419 2928 Dionysius,
1447 2859 1573 2928 quia
1604 2874 1709 2913 non
1739 2869 1887 2915 esset
1909 2874 2097 2915 assen-

484 2964 598 3013 sus,
638 2950 773 3005 urbe
798 2952 1019 3020 pellitur
1049 2967 1064 3004 :
1089 2953 1385 3023 statimque
1424 2955 1542 3024 ejus
1584 2956 1638 3009 in
1666 2954 1850 3010 locum
1879 2956 2094 3025 episco-

486 3059 588 3115 pus
635 3044 985 3115 subrogatur.
1034 3045 1290 3101 Liberius
1334 3064 1553 3117 quoque
1595 3048 1746 3104 urbis
1809 3049 1998 3104 Romae
2043 3058 2098 3105 et

2187 1829 2419 1885 necdum
2455 1838 2639 1887 tamen
2684 1831 2752 1886 de
2786 1832 2894 1888 ﬁde
2937 1833 3081 1889 inter
3124 1834 3412 1905 episcopos
3442 1835 3785 1889 conveniret.

2257 1922 2396 1979 XLI.
2441 1923 2610 1994 Igitur
2640 1926 2783 1997 apud
2815 1926 3118 1981 Ariminum
3171 1927 3360 1983 urbem
3408 1926 3577 1982 Italia:
3620 1943 3791 1997 syno-

2187 2018 2318 2074 dum
2349 2020 2675 2089 congregari
2700 2019 2857 2089 jubet
2883 2037 2899 2072 :
2926 2018 3089 2090 idque
3115 2019 3299 2074 Tauro
3338 2018 3593 2090 pra-fectu
3623 2020 3795 2090 impe-

2188 2120 2294 2178 rat,
2329 2119 2387 2166 nt
2411 2111 2673 2166 collectos
2714 2112 2766 2166 in
2797 2127 2966 2167 unum
2997 2128 3105 2167 non
3132 2122 3261 2168 ante
3289 2112 3595 2169 dimitteret
3631 2127 3792 2184 quam

2190 2202 2245 2257 in
2288 2219 2453 2260 unam
2481 2202 2646 2259 ﬁdem
2690 2205 3107 2271 consentirent,
3141 2206 3417 2276 promisso
3445 2205 3626 2261 eidem
3663 2221 3795 2262 con-

2191 2298 2391 2365 sulatn,
2426 2297 2472 2352 si
2517 2313 2633 2352 rem
2679 2297 2896 2354 ell'ectui
2943 2298 3284 2355 tradidisset.
3340 2299 3416 2355 Ita
3467 2300 3650 2357 missis
3698 2316 3799 2372 per

2191 2391 2489 2465 Illyricum,
2538 2394 2773 2462 Italiam,
2823 2395 3101 2463 Africam,
3150 2396 3447 2468 Ilispanias
3487 2396 3799 2468 Galliasque

2194 2487 2436 2558 Magistri
2460 2488 2807 2554 ofﬁcialibus,
2841 2491 3000 2546 acciti
3026 2499 3121 2545 aut
3148 2492 3305 2544 macti
3329 2490 3712 2563 quadringenti
3742 2500 3801 2547 et

2196 2578 2480 2650 aliquanto
2517 2582 2753 2651 amplius
2784 2582 3165 2637 Occidentales
3208 2583 3450 2654 episcopi
3496 2581 3800 2638 Ariminum

2196 2689 2505 2731 Convenere
2533 2694 2545 2729 :
2572 2678 2769 2748 quibus
2792 2679 3046 2733 omnibus
3076 2692 3319 2733 annonas
3342 2689 3398 2735 et
3422 2678 3647 2734 collaria
3671 2678 3802 2734 dare

2196 2767 2499 2837 imperator
2528 2779 2892 2839 praeceperat.
2928 2769 3036 2826 Sed
3080 2770 3130 2824 id
3173 2771 3375 2826 nostris
3416 2769 3495 2842 (id
3525 2778 3609 2824 est
3638 2773 3804 2841 Aqui-

2198 2857 2366 2930 tanis)
2389 2859 2556 2916 Gallis
2584 2876 2648 2917 ac
2679 2861 2955 2917 Britannis
2980 2861 3239 2918 indecens
3261 2862 3436 2918 visum
3464 2880 3477 2918 :
3507 2860 3805 2932 repudiatis

2199 2953 2474 3009 ﬁscalibus
2506 2996 2521 3020 ,
2570 2956 2808 3025 pr0priis
2856 2956 3163 3026 sumptibus
3223 2954 3409 3011 vivere
3472 2956 3803 3011 maluerunt.

2199 3044 2339 3101 Tres
2373 3056 2583 3101 tantum
2611 3063 2678 3102 ex
2712 3048 2985 3103 Britannia
3020 3049 3204 3118 inopia
3234 3048 3439 3119 proprii
3472 3047 3692 3119 publico
3723 3050 3808 3104 usi

486 3136 727 3191 Hilarius
757 3137 1104 3192 Pictavorum
1128 3139 1439 3210 episcopus,
1470 3141 1673 3196 dantur
1698 3142 1917 3198 exsilio.
1953 3143 2099 3197 Rho-
2125 3131 2172 3195 C
2206 3150 2332 3197 sunt
2359 3183 2373 3205 ,
2405 3156 2527 3197 cum
2555 3142 2790 3197 oblatam
2833 3158 2861 3196 a
2914 3143 3129 3199 caeteris
3175 3142 3524 3198 collationem
3570 3140 3809 3213 respuis.

488 3226 711 3283 danium
745 3243 964 3298 quoque
1014 3229 1348 3286 Tolosanum
1403 3233 1708 3289 antistitem
1747 3236 1863 3305 (qui
1908 3245 2101 3291 natura

492 3318 692 3383 lenior,
726 3333 836 3374 non
874 3331 984 3375 tam
1016 3322 1134 3376 suis
1166 3324 1375 3379 viribus
1404 3340 1568 3394 quam
1601 3325 1792 3382 Hilarii
1836 3330 2105 3385 societate

494 3427 604 3466 non
651 3423 893 3468 cesserat
951 3414 1193 3487 Arianis)
1238 3416 1429 3471 eadem
1481 3419 1727 3475 conditio
1770 3420 2039 3491 implicuit
2088 3439 2103 3481 ε

494 3523 622 3566 cum
674 3518 859 3566 tamen
906 3511 1159 3567 homines
1200 3513 1382 3584 parati
1431 3526 1620 3572 essent
1668 3517 2031 3573 Athanasium
2076 3533 2105 3571 a

494 3606 885 3660 communione
934 3606 1318 3677 suspendere,
1376 3610 1540 3665 modo
1590 3618 1648 3665 ut
1693 3610 1762 3666 de
1811 3612 1918 3666 ﬁde
1966 3613 2108 3668 inter

496 3701 788 3772 episcopos
816 3713 1186 3773 quaereretur,
1231 3706 1326 3760 sed
1371 3705 1592 3762 Arianis
1641 3708 1906 3777 optimum
1933 3709 2108 3763 visum

500 3796 989 3865 praestantissimos
1021 3798 1171 3853 viros
1220 3812 1250 3851 a
1294 3800 1597 3855 certamine
1644 3800 1995 3856 submovere.
2036 3802 2109 3856 Ita

501 3888 645 3959 pulsi
675 3889 727 3943 in
756 3890 1035 3955 exsilium,
1064 3904 1203 3960 quos
1231 3904 1396 3959 supra
1420 3893 1852 3947 memoravimus
1874 3934 1888 3959 ,
1912 3893 2112 3949 abhinc

506 3995 682 4035 annos
703 3982 941 4050 quinque
962 3990 1018 4035 et
1047 3980 1434 4051 quadraginta,
1459 3984 1756 4040 Arbetione
1784 3994 1840 4039 et
1863 3986 2113 4042 Lolliano

506 4073 855 4139 consulibus;
887 4073 985 4130 sed
1009 4072 1262 4129 Liberius
1286 4077 1449 4145 paulo
1477 4088 1600 4144 post
1629 4077 1754 4133 Urbi
1781 4078 2022 4133 redditur
2046 4079 2116 4134 ob

506 4171 813 4227 seditiones
843 4169 1140 4225 Romanas.
1169 4168 1445 4225 Caeterum
1484 4172 1706 4227 exsules
1735 4172 1869 4226 satis
1898 4181 2119 4227 constat

505 4266 673 4321 totius
717 4264 866 4319 orbis
911 4263 1107 4319 studiis
1135 4264 1446 4320 celebratos
1474 4306 1487 4329 ,
1523 4266 1890 4337 pecuniasque
1932 4267 2013 4322 eis
2062 4267 2115 4322 in

506 4366 785 4429 sumptum
837 4357 1046 4413 allatim
1098 4367 1391 4429 congestas
1422 4400 1436 4421 .
1488 4360 1852 4430 legationibus
1901 4376 2119 4432 quoque

505 4465 604 4507 eos
633 4450 807 4521 plebis
836 4449 1123 4506 catholicae
1142 4466 1208 4506 ex
1236 4449 1492 4507 omnibus
1536 4449 1653 4507 fere
1683 4449 1980 4522 provinciis
2007 4451 2116 4509 fre-

512 4553 823 4616 quentatos.

586 4639 697 4697 XL.
745 4638 954 4696 Interea
994 4638 1184 4695 Ariani
1233 4654 1343 4694 non
1388 4638 1641 4706 occulte,
1692 4648 1750 4692 ut
1798 4649 1985 4704 antea,
2018 4640 2115 4695 sed

514 4736 693 4807 palam
721 4749 785 4791 ac
815 4734 1034 4805 publice
1062 4734 1290 4789 haeresis
1318 4733 1524 4804 piacula
1549 4732 1925 4804 praedicabant
1949 4751 1961 4786 :
1986 4735 2117 4804 quin

514 4831 684 4885 etiam
741 4830 1008 4900 synodum
1060 4827 1333 4883 Nica'nam
1396 4842 1497 4895 pro
1542 4843 1601 4882 se
1655 4827 2119 4898 interpretantes,

514 4937 676 4992 quam
707 4922 868 4975 unius
916 4921 1111 4976 litterae
1141 4920 1454 4991 adjectione
1499 4929 1855 4989 corruperant
1882 4961 1897 4985 ,
1930 4920 2122 4990 caligi-

516 5029 641 5070 nem
664 5014 952 5084 quamdam
977 5012 1280 5083 injecerant
1305 5012 1521 5068 veritati
1549 5034 1560 5068 :
1587 5028 1711 5067 nam
1738 5012 1827 5067 ubi
1851 5012 2118 5083 ὁμοούσιον

514 5117 636 5163 erat
660 5107 949 5176 scriptum,
982 5106 1126 5177 quod
1159 5116 1241 5160 est
1268 5107 1426 5159 unius
1456 5105 1775 5170 substantiae,
1806 5104 1881 5158 illi
1912 5104 2119 5173 ὁμοιού-

519 5223 653 5268 σιον,
684 5199 830 5271 quod
860 5208 943 5255 est
971 5199 1157 5253 similis
1184 5197 1509 5264 substantiw,
1535 5199 1798 5267 scriptum
1827 5209 1951 5251 esse
1974 5195 2122 5251 dice-

522 5295 700 5350 bant:
732 5294 1101 5350 concedentes
1149 5292 1591 5352 similitudinem.
1643 5290 1771 5345 dum
1820 5289 2125 5344 adimerent

518 5393 783 5447 unitatem
806 5433 821 5457 ,
856 5392 982 5461 quia
1014 5390 1242 5446 multum
1273 5389 1344 5446 ab
1386 5386 1595 5443 unitate
1625 5384 1929 5441 similitudo
1954 5384 2125 5439 dista-

521 5494 636 5553 ret;
666 5494 748 5551 ut,
781 5484 928 5541 verbi
958 5484 1124 5556 gratia
1149 5524 1166 5552 ,
1199 5483 1415 5553 pictura
1445 5479 1667 5534 humani
1699 5477 1949 5548 corporis
1977 5486 2128 5532 esset

524 5578 733 5633 homini
756 5577 970 5643 similis,
990 5593 1090 5633 nec
1111 5585 1290 5633 tamen
1313 5575 1545 5631 haberet
1561 5572 1796 5628 hominis
1820 5572 2123 5627 veritatem.

523 5669 631 5749 Sed
662 5672 880 5739 quidam
911 5688 977 5726 ex
1010 5672 1094 5746 his
1127 5670 1265 5725 ultra
1300 5676 1687 5741 processerant
1710 5711 1723 5733 ,
1763 5672 2122 5743 ἀνομοροησίαν

521 5761 579 5816 id
608 5772 710 5830 est,
736 5750 1039 5820 dissimilem
1080 5765 1419 5821 substantiam
1440 5804 1455 5833 ,
1486 5766 1879 5823 contirmantes
1908 5807 1921 5832 ,
1953 5753 2126 5833 eoque

2205 3248 2349 3301 sent,
2383 3238 2629 3292 sanctius
2658 3247 2911 3308 putantes
2952 3238 3140 3293 ﬁscum
3177 3252 3407 3306 gravare
3433 3253 3595 3309 quam
3625 3237 3812 3308 singu-

2207 3328 2307 3383 los.
2360 3327 2474 3383 Hoc
2520 3343 2622 3399 ego
2669 3328 2958 3385 Gavidium
3006 3328 3326 3400 episcopum
3377 3338 3623 3385 austrum
3652 3329 3809 3400 quasi

2205 3422 2609 3478 obtrectantem
2662 3424 2868 3479 referre
2934 3425 3158 3479 solitum
3218 3423 3425 3479 audivi.
3481 3423 3587 3480 Sed
3652 3422 3811 3494 longe

2208 3518 2368 3572 aliter
2413 3520 2682 3574 senserim
2728 3536 2741 3573 :
2791 3518 3053 3591 Iaudique
3099 3518 3340 3574 attribuo
3382 3516 3659 3587 episcopis
3703 3524 3811 3573 tam

2209 3624 2477 3681 pauperes
2510 3609 2718 3679 fuisse,
2756 3621 2813 3665 ut
2841 3610 2983 3666 nihil
3007 3611 3288 3680 proprium
3320 3607 3605 3669 haberent.
3636 3622 3815 3678 neque

2210 3703 2280 3757 ab
2312 3703 2434 3758 aliis
2466 3705 2645 3773 potius
2674 3718 2835 3773 quam
2864 3702 2998 3757 ﬁsco
3046 3710 3324 3756 sumerent
3350 3738 3365 3764 ,
3416 3699 3503 3753 ubi
3533 3699 3815 3754 neminem

2211 3795 2531 3866 gravabant.
2567 3795 2643 3850 Ita
2675 3796 2729 3849 in
2764 3794 3007 3864 utrisque
3053 3793 3328 3864 egregium
3370 3792 3677 3862 exemplum
3707 3810 3721 3846 :
3748 3792 3818 3848 de

2214 3889 2444 3957 reliquis
2470 3888 2608 3942 nihil
2651 3888 2915 3942 memoria
2946 3887 3167 3957 dignum
3215 3886 3468 3942 traditur.
3496 3884 3605 3942 Sed
3651 3884 3818 3942 redeo

2214 3981 2282 4037 ad
2306 3983 2577 4037 ordinem.
2613 3981 2977 4052 Posteaquam
3009 3994 3205 4036 omnes
3231 4022 3247 4048 ,
3278 3990 3337 4036 ut
3365 3994 3528 4049 supra
3559 3978 3815 4044 diximus,

2215 4075 2270 4130 in
2300 4090 2467 4129 unum
2508 4073 2726 4129 collecti
2765 4085 2917 4141 sunt,
2949 4075 3008 4129 ﬁt
3053 4074 3284 4144 partium
3325 4076 3606 4129 secessio:
3635 4071 3821 4128 Eccle-

2216 4170 2351 4226 siam
2391 4168 2565 4225 nostri
2608 4167 2890 4234 obtinent;
2931 4169 3121 4224 Ariani
3166 4178 3269 4223 tam
3307 4168 3479 4224 aedem
3507 4176 3616 4221 tum
3641 4165 3708 4220 de
3739 4165 3822 4220 in-

2219 4263 2427 4319 dustria
2457 4275 2746 4319 vacantem
2779 4264 3049 4319 orationis
3077 4263 3200 4319 loco
3230 4262 3475 4334 capiunt,
3505 4259 3603 4317 sed
3630 4259 3685 4315 bi
3714 4275 3821 4316 non

2221 4363 2452 4433 amplius
2475 4377 2637 4432 quam
2665 4361 2940 4429 octoginta
2972 4379 2986 4416 :
3020 4359 3216 4431 reliqui
3246 4369 3559 4415 nostrarum
3588 4356 3820 4427 partium

2222 4466 2399 4511 erant.
2427 4455 2593 4527 Igitur
2622 4453 3000 4525 frequentibus
3022 4452 3279 4510 conciliis
3302 4451 3437 4507 nihil
3459 4458 3666 4518 actum,
3699 4463 3827 4503 nos-

2146 4515 2194 4575 D
2223 4550 2322 4603 tris
2351 4549 2404 4603 in
2436 4515 2541 4603 fide
2571 4515 2921 4602 manentibus
2944 4586 2959 4611 ,
2994 4545 3103 4601 illis
3131 4545 3200 4601 de
3225 4544 3451 4615 perﬁdia
3480 4558 3590 4598 non
3626 4515 3829 4598 ceden-

2226 4640 2390 4698 tibus.
2417 4639 2498 4694 Ad
2531 4649 2863 4709 postremum
2894 4638 3099 4709 placuit.
3126 4637 3314 4693 decem
3343 4640 3549 4706 legatos
3585 4633 3730 4690 mitti
3758 4634 3827 4689 ad

2224 4733 2641 4803 imperatorem,
2674 4740 2731 4784 ut
2756 4743 2877 4800 quae
2900 4737 3049 4785 esset
3088 4729 3320 4799 partium
3361 4725 3499 4783 ﬁdes
3525 4734 3581 4781 et
3608 4734 3829 4781 senten-

2228 4826 2300 4881 tia
2327 4867 2342 4892 ,
2390 4832 2788 4895 cognosceret,
2839 4823 3113 4891 sciretque
3156 4836 3351 4894 pacem
3400 4835 3523 4875 cum
3557 4818 3830 4875 haereticis

2227 4931 2349 4973 esse
2381 4930 2488 4969 non
2539 4927 2722 4983 posse.
2770 4913 2914 4968 Idem
2966 4912 3153 4971 Ariani
3207 4913 3451 4977 faciunt,
3501 4913 3831 4981 mittuntque

2229 5023 2460 5067 numero
2490 5007 2605 5078 pari
2632 5009 2844 5077 legatos
2870 5049 2885 5073 ,
2930 5009 3021 5078 qui
3063 5007 3352 5063 adversum
3395 5016 3615 5062 nostros
3643 5000 3831 5060 coram

2231 5105 2561 5174 imperatore
2609 5100 2984 5171 conﬂigerent.
3038 5099 3147 5156 Sed
3200 5116 3264 5156 ex
3313 5111 3467 5171 parte
3518 5106 3830 5154 nostrorum

2230 5199 2487 5267 leguntur
2516 5195 2763 5251 homines
2803 5194 3179 5250 adolescentes
3201 5236 3214 5261 ,
3247 5209 3434 5264 parum
3472 5193 3619 5249 docti
3656 5200 3711 5246 et
3740 5205 3835 5262 pa-

2230 5307 2351 5346 rum
2379 5291 2522 5346 cauti
2553 5307 2566 5344 ε
2600 5289 2670 5344 ab
2695 5286 2914 5344 Arianis
2955 5299 3136 5345 autem
3170 5287 3325 5344 missi
3366 5302 3531 5343 senes
3568 5286 3751 5343 caliidi
3778 5296 3837 5342 et

2232 5385 2450 5456 ingenio
2483 5383 2752 5447 valentes,
2780 5397 2996 5438 veneno
3026 5382 3273 5454 perﬁdia:
3306 5381 3532 5449 imbuti,
3565 5381 3657 5451 qui
3693 5380 3835 5451 apud

2227 5494 2413 5551 regem
2476 5478 2635 5534 facile
2685 5478 2997 5546 superiores
3053 5477 3422 5539 exstiterunt;
3467 5476 3563 5531 sed
3632 5475 3835 5531 nostris

2229 5574 2541 5629 mandatum
2572 5587 2640 5627 ne
2667 5586 2777 5643 quo
2807 5570 2970 5626 modo
2997 5585 3121 5624 cum
3145 5569 3365 5625 Arianis
3392 5569 3835 5626 communionem

2227 5666 2451 5740 inirent,
2481 5666 2775 5734 omniaque
2801 5666 3008 5737 integra
3032 5662 3242 5733 synodo
3268 5673 3632 5719 reservarem.

2300 5756 2462 5817 XLII.
2510 5755 2731 5814 Interim
2782 5744 2837 5814 in
2887 5754 3157 5823 Oriente;
3205 5757 3459 5827 exemplo
3514 5741 3837 5815 accidentis
