4200 6180
361 276 467 338 I55

1559 272 1885 333 HISTORIA
1922 269 2176 331 SACRA.
2214 274 2348 330 LIB.
2390 272 2456 330 ll.

3568 275 3673 334 154

360 395 522 462 lium,
555 394 854 466 imperator
879 389 1034 464 jubet
1062 399 1290 447 cunctos
1334 389 1451 446 fere
1496 390 1783 462 episcopos
1828 388 1971 461 apud
1999 388 2055 450 Δ
2077 396 2190 445 ster
2212 387 2499 460 ergadius
2527 428 2543 456 ,
2587 396 2643 445 et
2690 387 2945 445 Servatio
2984 388 3331 461 Tungrorum
3360 389 3673 461 episcopus.

363 486 673 545 Seleuciam
702 483 919 540 Isauria:
950 482 1210 555 oppidum
1234 482 1548 555 congregari
1568 526 1582 549 ,
1617 498 1726 554 qua
1757 490 1963 553 tempe-

363 590 512 640 state
546 579 781 635 llilarius
811 586 1066 649 quartum
1102 575 1212 647 jam
1255 575 1433 631 exsilii
1462 590 1664 630 annum
1697 575 1751 628 in
1795 573 1970 647 Phry-

366 673 452 747 gia
485 688 675 745 agens,
707 672 848 726 inter
877 669 1117 740 reliquos
1146 670 1463 739 epise0pos,
1492 682 1591 737 per
1618 667 1882 722 vicarium
1909 682 1973 721 ac

372 765 667 839 praesidem
697 763 819 819 data
850 761 1154 818 evectionis
1186 761 1365 832 copia,
1389 758 1580 814 adesse
1607 757 1971 826 compellitur.

370 858 507 918 Cum
540 867 718 914 tamen
755 855 891 911 nihil
920 856 991 912 de
1030 870 1097 911 eo
1122 853 1436 925 specialiter
1464 851 1774 907 mandasset
1802 851 1976 922 impe-

372 963 553 1015 rator,
579 949 800 1020 judices
828 957 1037 1004 tantum
1086 945 1394 1019 generalem
1421 944 1718 1014 jussiunem
1754 944 1931 999 secuti
1956 985 1971 1008 ,

369 1060 471 1118 qua
501 1057 702 1099 omnes
732 1042 1020 1114 episcopos
1050 1040 1117 1095 ad
1167 1038 1459 1095 concilium
1491 1052 1688 1109 cogere
1711 1036 1977 1109 jubeban-

372 1149 456 1197 tur
485 1138 656 1211 (liunc
704 1153 920 1208 quoque
966 1136 1111 1192 inter
1140 1135 1382 1206 reliquos
1414 1133 1661 1189 volentes
1704 1134 1932 1189 miscere
1958 1174 1973 1201 ,

373 1244 432 1289 ut
456 1249 559 1304 ego
582 1218 864 1300 conjicio).
894 1228 988 1285 Dei
1019 1238 1152 1283 nutu
1183 1228 1253 1282 ita
1294 1234 1537 1298 gestum,
1568 1236 1626 1281 ut
1656 1227 1738 1282 vir
1766 1225 1979 1281 divina-

377 1344 495 1386 rum
526 1343 707 1384 rerum
741 1323 1200 1379 instructissimus
1222 1364 1236 1389 ,
1266 1336 1388 1377 cum
1435 1321 1504 1377 de
1532 1319 1638 1377 ﬁde
1673 1320 1981 1391 disceptano

372 1420 498 1479 dum
527 1428 667 1485 erat,
695 1419 1003 1474 interesset.
1037 1414 1088 1470 ls
1116 1415 1205 1470 ubi
1235 1412 1538 1470 Seleuciam
1582 1413 1751 1478 venit,
1785 1424 1979 1482 magno

376 1531 497 1571 cum
532 1513 721 1570 favore
750 1521 1014 1581 exceptus
1043 1509 1286 1563 omnium
1316 1507 1370 1562 in
1394 1522 1454 1562 se
1480 1507 1691 1561 animos
1721 1514 1775 1561 et
1801 1504 1978 1561 studia

376 1616 754 1671 converterat;
779 1620 844 1661 ac
876 1606 1109 1676 primum
1142 1600 1429 1673 quaesitum
1456 1599 1526 1655 ab
1563 1613 1649 1663 eo,
1681 1613 1803 1669 quae
1833 1605 1981 1653 esset

378 1702 661 1759 Gallorum
702 1698 878 1755 ﬁdes:
912 1697 1038 1768 quia
1088 1708 1199 1751 tum
1250 1694 1465 1750 Arianis
1515 1706 1678 1764 prava
1706 1691 1775 1748 de
1825 1690 1980 1747 nobis

2075 484 2205 547 Hos.
2234 485 2358 557 quia
2380 485 2543 541 minis
2564 495 2620 541 et
2653 484 2928 542 terriculis
2955 500 3062 541 non
3103 493 3426 553 cesserant,
3466 484 3677 544 Taurus

2075 580 2327 652 precibus
2355 581 2671 653 aggreditur
2697 622 2713 647 ,
2746 595 2811 637 ac
2850 579 3160 653 lacrymans
3195 579 3506 636 obtestatur
3525 622 3542 647 ,
3572 580 3679 636 mi-

2076 674 2213 728 tiora
2254 673 2330 727 uti
2378 673 2779 728 consulerent:
2813 671 3034 728 clausos
3074 671 3220 727 intra
3270 688 3435 727 unam
3481 671 3676 729 urbem

2076 765 2363 837 episcopos
2383 766 2492 834 jam
2516 767 2811 835 septimum
2838 780 3081 821 mensem
3110 779 3310 836 agere:
3331 764 3530 835 injuria
3555 764 3675 822 lrie-

2077 863 2181 917 mis
2201 869 2256 917 et
2287 862 2467 929 inepia
2483 860 2747 916 confectis
2772 860 2977 915 nullam
3002 874 3153 929 spem
3178 858 3674 926 reversiunisdari;

2076 958 2197 1030 quis
2228 956 2445 1013 tandem
2468 964 2615 1013 esset
2646 955 2813 1011 linis?
2841 962 3199 1026 sequerentur
3224 952 3460 1027 plurium
3490 969 3677 1010 exem-

2077 1053 2227 1125 plum
2272 1069 2286 1107 :
2334 1051 2714 1108 auctoritatem
2748 1049 2946 1106 saltem
2983 1065 3049 1106 ex
3082 1062 3314 1105 numero
3366 1057 3671 1106 sumerent.

2078 1145 2372 1202 Enimvero
2403 1144 2688 1215 Faegadius
2728 1150 2976 1213 paratum
3035 1156 3093 1197 se
3138 1140 3338 1198 exsilio
3386 1151 3551 1213 atque
3604 1140 3675 1197 ad

2079 1254 2241 1295 omne
2261 1238 2584 1309 supplicium
2616 1237 2671 1292 in
2698 1234 2840 1303 quod
2885 1234 3283 1302 deposceretur
3311 1274 3325 1299 ,
3378 1232 3622 1303 proﬁteri
3659 1251 3673 1288 :

2078 1346 2140 1388 se
2165 1331 2232 1387 ab
2263 1330 2481 1386 Arianis
2506 1336 2833 1400 conceptam
2861 1326 3020 1383 lidem
3046 1341 3155 1382 non
3187 1336 3559 1396 recepturum.
3598 1326 3678 1382 Ita

2081 1424 2133 1480 in
2158 1423 2260 1480 hoc
2286 1422 2583 1479 certamine
2626 1422 2833 1493 aliquot
2862 1419 2979 1476 dies
3008 1419 3190 1475 tracti.
3248 1416 3352 1475 Ubi
3384 1432 3577 1489 parum
3606 1417 3677 1473 ad

2084 1533 2271 1590 pacem
2297 1514 2671 1587 proﬁciebant,
2717 1514 2978 1583 paulatim
3004 1520 3061 1568 et
3111 1512 3229 1582 ipse
3258 1510 3559 1576 lul'ractier,
3608 1509 3675 1565 ad

2081 1621 2382 1667 extremum
2411 1607 2691 1679 proposita
2728 1607 3045 1662 conditione
3088 1604 3379 1662 evincitur.
3433 1603 3679 1676 Namque

2085 1702 2285 1759 Valens
2313 1712 2370 1758 et
2393 1702 2654 1759 Ursacius
2675 1701 3008 1756 alﬁrmantes
3038 1706 3367 1772 prasentem
3394 1697 3556 1754 ﬁdem
3583 1710 3679 1752 ca-

376 1792 725 1866 VUISamibus
789 1790 1029 1862 θυερθοίῖ
1078 1788 1147 1845 ab
1202 1785 1571 1843 Orientalibus
1621 1783 1976 1849 habebam”:
2006 1779 2056 1841 Β
2087 1792 3679 1866 tholicarationeconceptam,abOrientalibusimperatore

382 1890 707 1961 lrionymam
754 1885 980 1941 solitarii
1025 1883 1121 1939 Dei
1167 1883 1423 1937 unionem
1462 1880 1758 1937 secundum
1795 1878 1982 1935 Sabel-

380 1985 509 2043 lium
537 1980 863 2039 credidisse.
892 1976 995 2035 Sed
1023 1975 1275 2048 exposita
1309 1972 1416 2030 ﬁde
1445 1989 1561 2040 sua,
1592 1973 1746 2044 juxta
1773 1988 1836 2028 ea
1864 1970 1983 2041 quae

380 2081 577 2139 Nicaea:
606 2087 763 2135 erant
810 2092 841 2132 a
889 2075 1141 2133 Patribus
1170 2070 1475 2140 conscripta
1497 2113 1512 2137 ,
1545 2067 1985 2125 Occidentalibus

388 2173 664 2248 perhibuit
693 2171 1085 2228 testimonium.
1111 2167 1187 2223 Ita
1210 2166 1473 2223 absolutis
1497 2164 1739 2219 omnium
1767 2159 1985 2228 animis,

389 2269 530 2326 intra
562 2264 951 2323 conscientiam
998 2258 1420 2325 communionis,
1456 2271 1556 2312 nec
1601 2270 1708 2310 non
1741 2255 1901 2309 etiam
1932 2253 1985 2307 in

385 2362 710 2417 societatem
745 2366 1022 2425 receptus.
1071 2350 1414 2421 c0ncilioque
1457 2345 1701 2403 adscitus
1747 2351 1853 2399 est.
1888 2342 1986 2412 Agi

386 2455 586 2514 deinde
609 2462 851 2524 emptum
879 2470 893 2506 :
922 2449 1235 2521 repertique
1260 2459 1441 2518 prava:
1468 2443 1694 2499 haeresis
1715 2449 1987 2506 auctores,

389 2558 550 2622 atque
596 2548 666 2603 ab
713 2544 978 2601 Ecclesia:
1033 2556 1263 2612 corpore
1307 2538 1504 2593 avulsi.
1560 2536 1619 2591 In
1651 2550 1716 2591 eo
1762 2547 1991 2590 numero

393 2643 545 2700 luere
574 2641 843 2711 Georgius
892 2637 960 2693 ab
998 2635 1352 2701 Alexandria,
1388 2631 1655 2699 Acacius,
1690 2628 1988 2694 Eudoxius,

394 2735 651 2799 Uranius,
684 2733 971 2798 Leontius,
997 2725 1336 2785 Theodosius
1358 2769 1371 2791 ,
1410 2724 1672 2794 Evagrius
1694 2764 1708 2789 ,
1738 2718 1991 2776 Tlieodu-

391 2832 496 2889 lus.
522 2828 629 2887 Sed
651 2827 899 2887 conlecta
945 2826 1192 2897 synodo,
1242 2822 1461 2878 decreta
1510 2817 1578 2874 ad
1610 2819 1993 2887 imperatorem

394 2927 592 2999 legatio
619 2940 741 2993 quae
766 2932 918 2995 gesta
947 2921 1269 2976 insinuaret.
1299 2916 1547 2971 Damnati
1572 2927 1789 2983 quoque
1814 2910 1880 2965 ad
1913 2923 1996 2964 re-

393 3036 515 3092 gem
546 3018 791 3091 profecti,
821 3015 956 3071 satis
982 3012 1107 3069 freti
1139 3010 1412 3067 sociorum
1452 3006 1663 3063 viribus
1693 3013 1748 3061 et
1787 3002 1997 3060 Princi-

398 3116 480 3186 pis
508 3114 792 3170 societate.

2086 1897 2311 1943 auctore
2331 1887 2620 1958 prolatam,
2652 1901 2776 1942 cum
2797 1885 3013 1955 piaculo
3038 1884 3338 1955 repudiari,
3361 1892 3417 1938 et
3443 1881 3569 1953 quis
3597 1881 3684 1937 di-

2087 1982 2424 2039 scordiarum
2444 1980 2571 2036 ﬁnis
2598 1979 2762 2044 loret,
2791 1980 2862 2045 si,
2892 1992 3012 2048 quae
3030 1974 3405 2033 Orientalibus
3456 1974 3690 2045 placuis-

2087 2085 2193 2142 set,
2224 2071 2659 2130 Occidentalibus
2702 2068 3071 2141 displiceret?
3120 2067 3433 2131 Postremo,
3458 2064 3503 2121 si
3555 2062 3686 2135 quid

2088 2167 2266 2224 minus
2288 2166 2451 2237 plene
2473 2164 2727 2235 praesenti
2757 2162 2864 2218 lide
2889 2160 3096 2218 editum
3124 2157 3429 2224 videretur,
3471 2157 3573 2228 ipsi
3595 2154 3693 2211 ad-

2090 2260 2283 2316 derent
2311 2274 2433 2330 qua:
2460 2256 2706 2314 addenda
2732 2264 2986 2327 putarent
3015 2271 3027 2308 :
3061 2252 3389 2325 praebituros
3415 2264 3475 2307 se
3517 2249 3570 2304 in
3600 2246 3688 2304 Itis

2091 2368 2212 2426 quae
2234 2360 2420 2408 essent
2447 2350 2680 2421 adjecta,
2714 2363 3071 2405 consensum.
3116 2343 3458 2401 Favorabilis
3479 2340 3691 2413 profes-

2090 2447 2174 2501 sio
2203 2446 2386 2517 pronis
2424 2445 2667 2500 omnium
2693 2442 2892 2498 animis
2914 2451 3165 2513 excepta,
3198 2454 3301 2495 nec
3340 2440 3480 2493 ultra
3518 2436 3692 2493 nostri

2093 2555 2392 2611 repugnare
2414 2537 2551 2602 ausi,
2581 2536 2690 2606 jam
2721 2552 2940 2607 quoquo
2965 2533 3126 2589 modo
3147 2530 3311 2588 ﬁnem
3335 2529 3497 2586 rebus
3518 2529 3696 2596 impo-

2095 2650 2225 2690 nere
2249 2634 2555 2702 cupientes.
2601 2630 2732 2686 Dein
2758 2636 3043 2696 conceptae
3070 2642 3100 2680 a
3136 2622 3395 2695 Fa-gadio
3424 2630 3480 2676 et
3505 2619 3701 2677 Serva-

2097 2728 2245 2783 tione
2300 2722 2673 2795 professiones
2722 2721 2809 2776 edi
2854 2734 3074 2791 coepere
3102 2760 3116 2786 ,
3173 2718 3226 2772 in
3271 2716 3424 2787 queis
3466 2714 3700 2786 primum

2095 2819 2385 2876 damnatur
2429 2817 2635 2881 Arius,
2686 2825 2908 2883 toraque
2957 2812 3077 2881 ejus
3136 2808 3359 2881 perﬁdia
3398 2815 3700 2862 :czrterum

2098 2928 2203 2970 non
2226 2913 2388 2968 etiam
2418 2909 2568 2965 Patri
2590 2906 2814 2978 aequalis
2834 2914 2888 2961 et
2910 2905 3028 2959 sine
3051 2904 3227 2969 initio,
3260 2902 3382 2958 sine
3405 2910 3649 2970 tempore
3678 2939 3697 2967 ,

2099 3006 2196 3062 Dci
2223 3005 2396 3061 Filius
2426 3000 2831 3075 pronuntiatur.
2864 2998 3001 3053 Tum
3032 2995 3259 3062 Valens,
3288 3002 3563 3063 tamquam
3601 3005 3703 3045 no-

2101 3112 2245 3157 stros
2271 3097 2554 3169 adjuvans,
2590 3093 2819 3164 subjecit
2839 3091 3165 3146 sententiam
3194 3088 3281 3143 cui
3310 3086 3489 3142 inerat
3517 3082 3705 3139 occul-

467 3204 881 3263 XLlilJntcrea
906 3202 1118 3272 legatos
1140 3196 1500 3255 Ariminensis
1517 3193 1731 3251 concilii
1750 3208 1815 3249 ex
1841 3198 1994 3263 parte
2021 3174 2071 3239 C
2102 3205 2187 3249 tus
2215 3193 2373 3248 dolus
2404 3209 2417 3245 :
2450 3189 2647 3245 Filium
2679 3188 2774 3242 Dei
2803 3200 2909 3242 non
2937 3198 3059 3239 esse
3087 3191 3392 3238 creaturam
3440 3178 3582 3235 sicut
3602 3193 3709 3233 ca:-

399 3308 713 3356 nostrorum
771 3294 1058 3367 compellit
1103 3294 1401 3364 imperator
1440 3288 1581 3343 uniri
1616 3286 1998 3343 barreticorum

399 3392 792 3455 communioni,
847 3388 1167 3458 eisdemque
1215 3383 1582 3451 conscriptam
1614 3380 1684 3436 ab
1738 3377 1998 3449 improbis

403 3484 569 3541 ﬁdem
599 3482 762 3539 tradit
792 3483 967 3538 verbis
997 3478 1312 3535 fallentibus
1364 3475 1664 3531 involutam
1690 3513 1708 3541 ,
1738 3486 1863 3542 qua:
1909 3484 1999 3524 ca-

406 3579 669 3634 tholicam
716 3576 1054 3646 disciplinam
1102 3570 1328 3643 perﬁdia
1378 3569 1581 3623 latente
1647 3566 1995 3635 loqueretur,

404 3685 639 3743 namque
660 3670 786 3724 usia’
812 3668 1030 3723 verbum
1055 3673 1332 3734 tamquam
1362 3660 1677 3730 ambiguum
1705 3667 1759 3713 et
1794 3665 2001 3711 temere

402 3780 431 3819 a
479 3764 723 3837 patribus
757 3769 1077 3831 usurpatum
1106 3801 1122 3825 ,
1157 3771 1336 3827 neque
1382 3770 1446 3810 ex
1481 3751 1812 3807 auctoritate
1857 3746 2003 3804 Scri-

399 3867 680 3930 pturarum
730 3852 1031 3924 profectum
1060 3850 1161 3905 sub
1192 3848 1378 3918 specie
1410 3844 1565 3900 lalsac
1598 3840 1831 3899 rationis
1866 3840 2001 3895 abo-

402 3952 572 4017 lebat,
602 3966 670 4005 ne
701 3951 861 4004 unius
893 3963 1017 4002 cum
1047 3946 1209 4001 Patre
1236 3941 1557 3998 substantia:
1589 3938 1762 3994 Filius
1808 3934 2006 3990 crede.

407 4055 573 4102 retur.
618 4042 823 4098 Eadem
852 4039 990 4097 ﬁdes
1018 4038 1258 4093 similem
1294 4034 1438 4090 Patri
1468 4031 1667 4087 Filium
1696 4028 2002 4091 fatebatur;

400 4139 496 4196 sed
528 4138 767 4193 interius
790 4135 981 4192 aderat
1002 4134 1154 4189 fraus
1172 4139 1377 4202 parata,
1411 4136 1469 4182 ut
1490 4123 1867 4186 essetsimilis,
1896 4136 2004 4175 non

401 4242 545 4290 esset
572 4231 821 4302 aequalis.
885 4229 959 4283 Ita
986 4225 1228 4282 dimissis
1259 4221 1454 4293 legatis
1480 4218 1736 4291 praelecto
1772 4212 1997 4270 manda-

407 4335 543 4392 tum,
579 4335 639 4379 ut
678 4320 951 4395 synodum
986 4333 1095 4374 non
1129 4326 1257 4372 ante
1298 4314 1508 4369 laxaret
1558 4323 1719 4380 quam
1768 4303 2010 4362 conscri—

407 4431 511 4494 ptze
545 4419 671 4475 ﬁdei
700 4415 1019 4473 consentire
1046 4428 1107 4469 se
1134 4425 1330 4467 omnes
1361 4402 1859 4476 subscriptionibus
1882 4413 2010 4469 pro-

410 4520 699 4575 ﬁterentur
731 4532 745 4569 :
779 4527 865 4577 ac,
894 4511 939 4567 si
968 4509 1059 4582 qui
1090 4504 1425 4579 pertinacius
1467 4500 1820 4561 obsisterent,
1850 4494 2005 4547 dum-

2100 3296 2248 3342 teras
2270 3294 2555 3340 creaturas
2580 3298 2594 3336 :
2620 3279 2927 3350 fefellitque
2948 3276 3233 3332 audientes
3246 3273 3395 3328 fraus
3411 3270 3707 3343 professio-

2100 3382 2211 3436 nis.
2257 3378 2469 3434 Etenim
2494 3376 2578 3431 his
2602 3374 2810 3440 verbis,
2838 3372 3040 3444 quibus
3070 3369 3269 3425 similis
3317 3381 3440 3423 esse
3490 3364 3708 3420 caeteris

2102 3474 2373 3532 creaturis
2402 3471 2576 3526 Filius
2598 3469 2922 3539 negabatur,
2977 3474 3229 3521 creatura
3278 3472 3484 3526 tamen,
3530 3456 3711 3529 potior

2105 3577 2317 3622 tantum
2344 3564 2582 3628 caeteris,
2612 3559 3101 3632 pronuntiabatur.
3143 3554 3221 3610 Ita
3267 3561 3463 3610 neutra
3487 3565 3611 3622 pars
3633 3547 3714 3604 vi-

2104 3660 2248 3716 cisse
2270 3673 2329 3712 se
2358 3655 2577 3726 penitus
2599 3695 2613 3720 ,
2671 3664 2764 3708 aut
2809 3653 3023 3706 victam'
3060 3658 3255 3719 putare
3299 3654 3515 3717 poterat
3544 3662 3557 3698 :
3588 3644 3712 3715 quia

2107 3754 2241 3808 lides
2271 3751 2383 3820 ipsa
2416 3762 2514 3819 pro
2550 3746 2792 3811 Arianis,
2829 3742 3203 3814 professiones
3230 3753 3366 3795 vero
3401 3748 3587 3808 postea
3616 3735 3713 3790 ad-

2102 3847 2262 3918 jecta:
2287 3858 2384 3914 pro
2414 3842 2617 3896 nostris
2645 3848 2827 3906 erant,
2868 3846 3065 3908 prarter
3114 3835 3265 3890 illam
3292 3847 3456 3904 quam
3506 3829 3710 3886 Valens

2108 3939 2487 4009 subjunxerat,
2523 3949 2645 4006 quae
2677 3943 2788 3988 tum
2819 3946 2930 3987 non
2962 3928 3244 3986 intellecta
3264 3968 3280 3992 ,
3330 3941 3457 3982 sero
3487 3923 3710 3981 demum

2108 4032 2485 4090 animadversa
2514 4038 2617 4085 est.
2677 4027 2794 4083 Iloc
2836 4040 2973 4083 vero
3005 4022 3168 4080 modo
3198 4020 3491 4078 concilium
3521 4018 3716 4075 dimis-

2109 4144 2253 4193 sum,
2282 4127 2425 4183 bono
2459 4124 2634 4189 initio,
2666 4121 2812 4179 lardo
2842 4121 2994 4177 exitu
3026 4125 3493 4176 consummatum.

2182 4221 2345 4277 XLV.
2382 4220 2548 4291 Igitur
2577 4216 2768 4273 Ariani
2804 4258 2819 4282 ,
2877 4214 3042 4271 rebus
3070 4212 3301 4269 nimium
3354 4222 3621 4282 prospere
3664 4218 3721 4263 et

2112 4314 2411 4371 secundum
2437 4320 2559 4367 vota
2591 4308 2916 4373 ﬂuentibus,
2945 4303 3488 4375 Constantinopolim
3518 4303 3586 4357 ad
3615 4300 3718 4355 im-

2114 4416 2425 4480 peratorem
2478 4411 2840 4460 concurrunt.
2906 4399 2985 4455 lbi
3015 4407 3270 4470 repertos
3346 4393 3721 4453 Seleucieusis

2115 4498 2311 4573 synodi
2340 4499 2551 4570 legatos
2572 4495 2631 4551 vi
2655 4495 2802 4564 regia
2823 4492 3160 4565 compellunt
3178 4488 3437 4559 exemplo
3457 4485 3721 4544 Occiden-

411 4614 573 4669 modo
604 4612 648 4666 is
672 4622 933 4665 numerus
956 4569 1094 4659 intra
1117 4599 1429 4673 quindecim
1461 4603 1628 4659 esset,
1669 4591 1723 4646 in
1752 4589 2008 4646 exsilium
2036 4569 2088 4629 D
2117 4569 2307 4648 talium
2333 4569 2556 4662 pravam
2606 4588 2751 4644 illam
2800 4586 2963 4641 tidem
3016 4583 3264 4653 recipere
3297 4599 3311 4636 :
3338 4580 3585 4651 plerique
3627 4578 3723 4633 ah-

412 4707 768 4778 pellerentur.
798 4698 907 4755 Sed
938 4695 1207 4765 regressis
1238 4692 1457 4763 legatis,
1497 4689 1624 4744 licet
1668 4686 1774 4741 vim
1803 4684 2010 4754 regiam

412 4794 857 4870 deprecantibus,
887 4798 1078 4862 negata
1097 4784 1436 4845 communio.
1456 4781 1754 4837 Enimvero
1766 4792 2012 4846 comper-

412 4896 478 4950 tis
506 4906 633 4964 qum
657 4890 873 4945 decreta
908 4892 1066 4941 erant
1092 4926 1106 4949 ,
1150 4880 1324 4951 major
1369 4890 1553 4934 rerum
1583 4883 1638 4931 et
1659 4872 2014 4929 consiliorum

410 4980 957 5059 perturbatiozdein
1017 4974 1276 5047 paulatim
1352 4970 1601 5041 plerique
1666 4978 2015 5031 neSIrorum,

414 5082 612 5154 partim
645 5074 1023 5133 imbecillitate
1050 5070 1279 5143 ingenii,
1332 5065 1528 5139 partim
1582 5064 1745 5120 tmdio
1775 5062 2014 5134 peregri-

414 5174 653 5234 nationis
682 5171 866 5237 evicti,
899 5168 1103 5224 dedere
1128 5179 1189 5220 se
1215 5159 1571 5221 adversariis.
1618 5157 1731 5228 jam
1778 5164 1899 5227 post
1928 5170 2016 5211 re-

413 5270 588 5325 ditum
614 5267 913 5335 legatorum
944 5256 1350 5330 superioribus,
1386 5265 1441 5310 et
1469 5251 1783 5316 ecclesiam,
1814 5248 2017 5305 nostris

414 5362 542 5418 inde
572 5357 834 5423 detrusis,
866 5350 1238 5411 obtinentibus
1267 5366 1280 5402 :
1312 5348 1564 5416 laetaque
1594 5342 1758 5399 semel
1793 5340 2020 5395 inclina-

419 5457 568 5511 tione
590 5452 925 5515 animorum,
957 5442 1282 5501 catervatim
1312 5441 1366 5496 in
1395 5449 1603 5511 partem
1627 5436 1853 5492 alteram
1885 5447 2019 5487 con-

420 5562 661 5611 cessum,
689 5544 866 5600 donec
890 5539 958 5596 ad
989 5537 1181 5610 viginti
1205 5549 1378 5607 usque
1413 5541 1723 5589 nostrorum
1756 5541 2021 5586 numerus

428 5641 746 5695 imminutus
779 5645 885 5694 est.
1275 5679 1281 5687 .

499 5730 681 5789 XLIV.
712 5730 823 5788 Sed
852 5730 907 5802 lii
937 5736 1141 5809 quanto
1169 5724 1482 5799 pauciores,
1524 5731 1675 5780 tanto
1725 5720 2025 5779 validiores

431 5816 621 5884 erant:
657 5814 1243 5892 constantissimusque
1274 5814 1417 5877 inter
1438 5816 1535 5877 eos
1580 5816 1878 5875 habebatur
1927 5830 2023 5873 no~

2119 4692 2369 4748 nuentes,
2402 4680 2663 4752 injuriosa
2686 4676 2936 4733 custodia
2967 4689 3033 4731 ac
3055 4673 3197 4729 fame
3214 4672 3419 4738 vexati,
3451 4670 3723 4740 captivam

2116 4775 2519 4834 conscientiam
2548 4770 2785 4835 dedere;
2830 4766 2986 4823 multi
3016 4764 3360 4822 constantius
3377 4762 3682 4818 retinentes
3706 4804 3722 4826 ,

2120 4872 2377 4940 adempto
2422 4866 2768 4937 episcopatu,
2813 4862 2866 4917 in
2897 4860 3155 4917 exsilium
3202 4853 3432 4920 detrusi,
3477 4852 3728 4925 atquein

2121 4980 2312 5023 eorum
2346 4965 2523 5019 locum
2552 4960 2641 5014 alii
2667 4958 2802 5013 dati.
2858 4957 2932 5012 Ita
2963 4953 3186 5026 optimis
3215 4947 3595 5007 sacerdotibus
3632 4957 3725 5003 aut

2120 5069 2269 5115 metu
2304 5057 2528 5121 territis,
2562 5062 2658 5108 aut
2678 5052 2872 5108 exsilio
2894 5048 3146 5105 deductis
3173 5088 3190 5113 ,
3244 5042 3492 5116 perﬁdia:
3522 5055 3720 5114 pauco-

2120 5169 2238 5210 rum
2266 5150 2447 5208 cuncti
2473 5154 2885 5204 concesserant.
2916 5142 3124 5199 Aderat
3152 5140 3226 5196 ibi
3260 5150 3375 5194 tttm
3403 5138 3661 5200 Hilarius,
3695 5149 3725 5189 a

2122 5245 2373 5301 Seleucia
2393 5244 2600 5313 legatos
2626 5247 2871 5305 secutus,
2901 5236 3066 5292 nullis
3093 5234 3259 5291 certis
3276 5233 3343 5289 de
3368 5247 3427 5287 se
3455 5227 3729 5287 mandatis

2123 5340 2415 5413 opperiens
2446 5335 2794 5406 imperatoris
2825 5332 3182 5395 voluntatem,
3217 5327 3261 5383 si
3292 5325 3521 5382 forsitan
3548 5319 3728 5378 redire

2127 5434 2195 5491 ad
2219 5433 2469 5490 exsilium
2491 5433 2798 5502 juberetur.
2828 5428 2878 5485 Is
2908 5428 2997 5483 ubi
3029 5437 3333 5483 extremum
3366 5419 3492 5477 ﬁdei
3517 5417 3728 5490 pericu-

2128 5529 2238 5585 lum
2270 5525 2649 5583 animadvertit
2684 5543 2696 5581 :
2727 5521 3174 5581 Occidentalibus
3212 5516 3480 5587 deceptis,
3532 5510 3729 5567 Orien-

2131 5620 2268 5679 tales
2298 5636 2395 5694 per
2415 5618 2597 5675 scelus
2628 5616 2770 5674 vinci
2799 5633 2814 5683 ;
2858 5616 3029 5672 tribus
3074 5611 3277 5668 libellis
3300 5607 3523 5681 publice
3549 5603 3692 5660 datis
3712 5651 3727 5675 ,

2130 5716 2461 5773 audientiam
2486 5713 2630 5786 regis
2657 5714 2926 5784 poposcit,
2960 5719 3018 5766 ut
3047 5708 3116 5763 de
3167 5705 3273 5761 lide
3314 5718 3503 5761 coram
3533 5700 3731 5781 adver-

2132 5810 2291 5869 sariis
2323 5810 2669 5881 disceptaret.
2727 5803 2781 5861 Id
2815 5816 2944 5862 vero
2992 5799 3181 5860 Ariani
3206 5799 3586 5874 maximopere
3632 5796 3730 5853 ab-~
