  <div class='ocr_page' id='page_1' title='image "/cluster/home/n/w/nwhite01/storage/ocr_20150623/20/hvd.32044096580469/083.png"; bbox 0 0 4194 6192; ppageno 0'>
   <div class='ocr_carea' id='block_1_1' title="bbox 495 283 601 340">
    <p class='ocr_par' dir='ltr' id='par_1_1' title="bbox 495 283 601 340">
     <span class='ocr_line' id='line_1_1' title="bbox 495 283 601 340; baseline 0.019 -2"><span class='ocrx_word' id='word_1_1' title='bbox 495 283 601 340; x_wconf 73' lang='grc'><strong>15</strong></span> 
     </span>
    </p>
   </div>
   <div class='ocr_carea' id='block_1_2' title="bbox 1843 265 2422 396">
    <p class='ocr_par' dir='ltr' id='par_1_2' title="bbox 1843 265 2422 396">
     <span class='ocr_line' id='line_1_2' title="bbox 1843 265 2422 396; baseline 0 -44"><span class='ocrx_word' id='word_1_2' title='bbox 1843 273 2138 396; x_wconf 34' lang='lat' dir='ltr'><strong>SULPIC&#39;II‘</strong></span> <span class='ocrx_word' id='word_1_3' title='bbox 2167 265 2422 357; x_wconf 62' lang='lat' dir='ltr'><strong>smmi</strong></span> 
     </span>
    </p>
   </div>
   <div class='ocr_carea' id='block_1_3' title="bbox 3683 271 3788 351">
    <p class='ocr_par' dir='ltr' id='par_1_3' title="bbox 3683 271 3788 351">
     <span class='ocr_line' id='line_1_3' title="bbox 3683 271 3788 351; baseline 0.029 -4"><span class='ocrx_word' id='word_1_4' title='bbox 3683 271 3788 351; x_wconf 67' lang='lat'><strong>156</strong></span> 
     </span>
    </p>
   </div>
   <div class='ocr_carea' id='block_1_4' title="bbox 491 391 3790 494">
    <p class='ocr_par' dir='ltr' id='par_1_4' title="bbox 491 391 3790 494">
     <span class='ocr_line' id='line_1_4' title="bbox 491 391 3790 494; baseline 0.003 -39"><span class='ocrx_word' id='word_1_5' title='bbox 491 419 679 468; x_wconf 81' lang='lat' dir='ltr'><strong>onere,</strong></span> <span class='ocrx_word' id='word_1_6' title='bbox 711 409 986 473; x_wconf 72' lang='lat' dir='ltr'><strong>posuem&#39;o</strong></span> <span class='ocrx_word' id='word_1_7' title='bbox 1012 391 1164 477; x_wconf 67' lang='lat' dir='ltr'><strong>quasi</strong></span> <span class='ocrx_word' id='word_1_8' title='bbox 1187 403 1476 462; x_wconf 65' lang='lat' dir='ltr'><strong>discordite</strong></span> <span class='ocrx_word' id='word_1_9' title='bbox 1509 395 1869 466; x_wconf 84' lang='lat' dir='ltr'><strong>seminarium</strong></span> <span class='ocrx_word' id='word_1_10' title='bbox 1897 422 2087 484; x_wconf 89' lang='lat' dir='ltr'><strong>etper-</strong></span> <span class='ocrx_word' id='word_1_11' title='bbox 2192 417 2356 470; x_wconf 90' lang='lat' dir='ltr'><strong>etiam</strong></span> <span class='ocrx_word' id='word_1_12' title='bbox 2395 401 2776 494; x_wconf 81' lang='lat' dir='ltr'><strong>conjtiratione</strong></span> <span class='ocrx_word' id='word_1_13' title='bbox 2823 405 3184 478; x_wconf 81' lang='lat' dir='ltr'><strong>susceperant</strong></span> <span class='ocrx_word' id='word_1_14' title='bbox 3214 426 3225 460; x_wconf 90' lang='lat'><strong>:</strong></span> <span class='ocrx_word' id='word_1_15' title='bbox 3271 406 3450 477; x_wconf 89' lang='lat' dir='ltr'><strong>qu0ad</strong></span> <span class='ocrx_word' id='word_1_16' title='bbox 3501 407 3743 492; x_wconf 80' lang='lat' dir='ltr'><strong>Hyginus</strong></span> <span class='ocrx_word' id='word_1_17' title='bbox 3773 451 3790 479; x_wconf 89' lang='lat'><strong>,</strong></span> 
     </span>
    </p>
   </div>
   <div class='ocr_carea' id='block_1_5' title="bbox 489 490 2083 577">
    <p class='ocr_par' dir='ltr' id='par_1_5' title="bbox 489 490 2083 577">
     <span class='ocr_line' id='line_1_5' title="bbox 489 490 2083 577; baseline 0.008 -29"><span class='ocrx_word' id='word_1_18' title='bbox 489 497 735 550; x_wconf 86' lang='lat' dir='ltr'><strong>turbator</strong></span> <span class='ocrx_word' id='word_1_19' title='bbox 761 496 1019 563; x_wconf 77' lang='lat' dir='ltr'><strong>Orientis,</strong></span> <span class='ocrx_word' id='word_1_20' title='bbox 1065 498 1246 552; x_wconf 78' lang='lat' dir='ltr'><strong>redire</strong></span> <span class='ocrx_word' id='word_1_21' title='bbox 1269 498 1335 552; x_wconf 90' lang='lat' dir='ltr'><strong>ad</strong></span> <span class='ocrx_word' id='word_1_22' title='bbox 1369 497 1571 554; x_wconf 84' lang='lat' dir='ltr'><strong>Gallias</strong></span> <span class='ocrx_word' id='word_1_23' title='bbox 1613 490 1838 571; x_wconf 81' lang='lat' dir='ltr'><strong>jubetur</strong></span> <span class='ocrx_word' id='word_1_24' title='bbox 1873 504 2083 577; x_wconf 81' lang='lat' dir='ltr'><strong>absque</strong></span> 
     </span>
    </p>
   </div>
   <div class='ocr_carea' id='block_1_6' title="bbox 484 589 2081 662">
    <p class='ocr_par' dir='ltr' id='par_1_6' title="bbox 484 589 2081 662">
     <span class='ocr_line' id='line_1_6' title="bbox 484 589 2081 662; baseline 0.006 -18"><span class='ocrx_word' id='word_1_25' title='bbox 484 590 659 644; x_wconf 74' lang='lat' dir='ltr'><strong>exsilii</strong></span> <span class='ocrx_word' id='word_1_26' title='bbox 693 589 1047 660; x_wconf 72' lang='lat' dir='ltr'><strong>indulgentia.</strong></span> <span class='ocrx_word' id='word_1_27' title='bbox 1080 591 1280 646; x_wconf 76' lang='lat' dir='ltr'><strong>Verum</strong></span> <span class='ocrx_word' id='word_1_28' title='bbox 1306 591 1395 646; x_wconf 86' lang='lat' dir='ltr'><strong>ubi</strong></span> <span class='ocrx_word' id='word_1_29' title='bbox 1431 596 1754 662; x_wconf 86' lang='lat' dir='ltr'><strong>permensus</strong></span> <span class='ocrx_word' id='word_1_30' title='bbox 1782 608 1866 651; x_wconf 87' lang='lat' dir='ltr'><strong>est</strong></span> <span class='ocrx_word' id='word_1_31' title='bbox 1894 600 2081 654; x_wconf 90' lang='lat' dir='ltr'><strong>orbem</strong></span> 
     </span>
    </p>
   </div>
   <div class='ocr_carea' id='block_1_7' title="bbox 490 685 2083 754">
    <p class='ocr_par' dir='ltr' id='par_1_7' title="bbox 490 685 2083 754">
     <span class='ocr_line' id='line_1_7' title="bbox 490 685 2083 754; baseline 0.009 -20"><span class='ocrx_word' id='word_1_32' title='bbox 490 699 628 752; x_wconf 90' lang='lat' dir='ltr'><strong>pene</strong></span> <span class='ocrx_word' id='word_1_33' title='bbox 662 686 931 738; x_wconf 87' lang='lat' dir='ltr'><strong>terrarum</strong></span> <span class='ocrx_word' id='word_1_34' title='bbox 973 685 1111 738; x_wconf 86' lang='lat' dir='ltr'><strong>malo</strong></span> <span class='ocrx_word' id='word_1_35' title='bbox 1145 685 1386 754; x_wconf 69' lang='lat' dir='ltr'><strong>perfidiae</strong></span> <span class='ocrx_word' id='word_1_36' title='bbox 1421 688 1707 753; x_wconf 85' lang='lat' dir='ltr'><strong>infectum,</strong></span> <span class='ocrx_word' id='word_1_37' title='bbox 1739 691 2083 749; x_wconf 84' lang='lat' dir='ltr'><strong>dubiusani-</strong></span> 
     </span>
    </p>
   </div>
   <div class='ocr_carea' id='block_1_8' title="bbox 489 765 2084 857">
    <p class='ocr_par' dir='ltr' id='par_1_8' title="bbox 489 765 2084 857">
     <span class='ocr_line' id='line_1_8' title="bbox 489 765 2084 857; baseline 0.008 -28"><span class='ocrx_word' id='word_1_38' title='bbox 489 776 560 829; x_wconf 89' lang='lat' dir='ltr'><strong>mi</strong></span> <span class='ocrx_word' id='word_1_39' title='bbox 585 784 638 829; x_wconf 89' lang='lat' dir='ltr'><strong>et</strong></span> <span class='ocrx_word' id='word_1_40' title='bbox 672 765 862 845; x_wconf 80' lang='lat' dir='ltr'><strong>magna</strong></span> <span class='ocrx_word' id='word_1_41' title='bbox 887 776 1140 830; x_wconf 81' lang='lat' dir='ltr'><strong>curarum</strong></span> <span class='ocrx_word' id='word_1_42' title='bbox 1175 779 1316 832; x_wconf 91' lang='lat' dir='ltr'><strong>mole</strong></span> <span class='ocrx_word' id='word_1_43' title='bbox 1339 789 1597 845; x_wconf 72' lang='lat' dir='ltr'><strong>mstnans,</strong></span> <span class='ocrx_word' id='word_1_44' title='bbox 1633 797 1756 836; x_wconf 89' lang='lat' dir='ltr'><strong>cum</strong></span> <span class='ocrx_word' id='word_1_45' title='bbox 1807 785 2084 857; x_wconf 86' lang='lat' dir='ltr'><strong>plerisque</strong></span> 
     </span>
    </p>
   </div>
   <div class='ocr_carea' id='block_1_9' title="bbox 487 867 2082 950">
    <p class='ocr_par' dir='ltr' id='par_1_9' title="bbox 487 867 2082 950">
     <span class='ocr_line' id='line_1_9' title="bbox 487 867 2082 950; baseline 0.008 -28"><span class='ocrx_word' id='word_1_46' title='bbox 487 867 764 922; x_wconf 77' lang='lat' dir='ltr'><strong>videretur</strong></span> <span class='ocrx_word' id='word_1_47' title='bbox 793 884 897 923; x_wconf 90' lang='lat' dir='ltr'><strong>non</strong></span> <span class='ocrx_word' id='word_1_48' title='bbox 925 870 1220 925; x_wconf 88' lang='lat' dir='ltr'><strong>ineundatn</strong></span> <span class='ocrx_word' id='word_1_49' title='bbox 1253 888 1378 926; x_wconf 89' lang='lat' dir='ltr'><strong>ettm</strong></span> <span class='ocrx_word' id='word_1_50' title='bbox 1415 873 1500 928; x_wconf 91' lang='lat' dir='ltr'><strong>his</strong></span> <span class='ocrx_word' id='word_1_51' title='bbox 1531 878 2082 950; x_wconf 82' lang='lat' dir='ltr'><strong>cnmmunionemqui</strong></span> 
     </span>
    </p>
   </div>
   <div class='ocr_carea' id='block_1_10' title="bbox 487 961 2083 1040">
    <p class='ocr_par' dir='ltr' id='par_1_10' title="bbox 487 961 2083 1040">
     <span class='ocr_line' id='line_1_10' title="bbox 487 961 2083 1040; baseline 0.008 -24"><span class='ocrx_word' id='word_1_52' title='bbox 487 961 884 1017; x_wconf 77' lang='lat' dir='ltr'><strong>Ariminensem</strong></span> <span class='ocrx_word' id='word_1_53' title='bbox 935 964 1203 1036; x_wconf 82' lang='lat' dir='ltr'><strong>synodum</strong></span> <span class='ocrx_word' id='word_1_54' title='bbox 1236 967 1605 1036; x_wconf 87' lang='lat' dir='ltr'><strong>recepissent;</strong></span> <span class='ocrx_word' id='word_1_55' title='bbox 1639 970 1904 1040; x_wconf 86' lang='lat' dir='ltr'><strong>optimum</strong></span> <span class='ocrx_word' id='word_1_56' title='bbox 1938 971 2083 1028; x_wconf 90' lang='lat' dir='ltr'><strong>factu</strong></span> 
     </span>
    </p>
   </div>
   <div class='ocr_carea' id='block_1_11' title="bbox 491 1055 2086 1136">
    <p class='ocr_par' dir='ltr' id='par_1_11' title="bbox 491 1055 2086 1136">
     <span class='ocr_line' id='line_1_11' title="bbox 491 1055 2086 1136; baseline 0.011 -28"><span class='ocrx_word' id='word_1_57' title='bbox 491 1055 790 1109; x_wconf 74' lang='lat' dir='ltr'><strong>arbitratus</strong></span> <span class='ocrx_word' id='word_1_58' title='bbox 810 1063 1306 1115; x_wconf 86' lang='lat' dir='ltr'><strong>revocareennctos</strong></span> <span class='ocrx_word' id='word_1_59' title='bbox 1336 1061 1401 1115; x_wconf 91' lang='lat' dir='ltr'><strong>ad</strong></span> <span class='ocrx_word' id='word_1_60' title='bbox 1428 1064 1860 1119; x_wconf 82' lang='lat' dir='ltr'><strong>emendationem</strong></span> <span class='ocrx_word' id='word_1_61' title='bbox 1890 1077 1944 1121; x_wconf 90' lang='lat' dir='ltr'><strong>et</strong></span> <span class='ocrx_word' id='word_1_62' title='bbox 1974 1069 2086 1136; x_wconf 77' lang='lat' dir='ltr'><strong>ptri-</strong></span> 
     </span>
    </p>
   </div>
   <div class='ocr_carea' id='block_1_12' title="bbox 487 1148 2084 1233">
    <p class='ocr_par' dir='ltr' id='par_1_12' title="bbox 487 1148 2084 1233">
     <span class='ocr_line' id='line_1_12' title="bbox 487 1148 2084 1233; baseline 0.009 -31"><span class='ocrx_word' id='word_1_63' title='bbox 487 1148 797 1215; x_wconf 86' lang='lat' dir='ltr'><strong>niteutiam,</strong></span> <span class='ocrx_word' id='word_1_64' title='bbox 835 1151 1217 1222; x_wconf 77' lang='lat' dir='ltr'><strong>frequentibus</strong></span> <span class='ocrx_word' id='word_1_65' title='bbox 1243 1155 1382 1209; x_wconf 89' lang='lat' dir='ltr'><strong>intra</strong></span> <span class='ocrx_word' id='word_1_66' title='bbox 1399 1156 1604 1212; x_wconf 82' lang='lat' dir='ltr'><strong>Gallias</strong></span> <span class='ocrx_word' id='word_1_67' title='bbox 1627 1159 1894 1229; x_wconf 90' lang='lat' dir='ltr'><strong>conciliis,</strong></span> <span class='ocrx_word' id='word_1_68' title='bbox 1921 1172 2084 1233; x_wconf 89' lang='lat' dir='ltr'><strong>atque</strong></span> 
     </span>
    </p>
   </div>
   <div class='ocr_carea' id='block_1_13' title="bbox 484 1244 2081 1326">
    <p class='ocr_par' dir='ltr' id='par_1_13' title="bbox 484 1244 2081 1326">
     <span class='ocr_line' id='line_1_13' title="bbox 484 1244 2081 1326; baseline 0.011 -32"><span class='ocrx_word' id='word_1_69' title='bbox 484 1244 736 1298; x_wconf 89' lang='lat' dir='ltr'><strong>omnibus</strong></span> <span class='ocrx_word' id='word_1_70' title='bbox 769 1244 881 1300; x_wconf 88' lang='lat' dir='ltr'><strong>fere</strong></span> <span class='ocrx_word' id='word_1_71' title='bbox 913 1247 1184 1316; x_wconf 81' lang='lat' dir='ltr'><strong>episcOpis</strong></span> <span class='ocrx_word' id='word_1_72' title='bbox 1201 1247 1268 1302; x_wconf 93' lang='lat' dir='ltr'><strong>de</strong></span> <span class='ocrx_word' id='word_1_73' title='bbox 1289 1249 1480 1306; x_wconf 83' lang='lat' dir='ltr'><strong>errOre</strong></span> <span class='ocrx_word' id='word_1_74' title='bbox 1509 1252 1916 1321; x_wconf 87' lang='lat' dir='ltr'><strong>profitentibus,</strong></span> <span class='ocrx_word' id='word_1_75' title='bbox 1942 1257 2081 1326; x_wconf 87' lang='lat' dir='ltr'><strong>apud</strong></span> 
     </span>
    </p>
   </div>
   <div class='ocr_carea' id='block_1_14' title="bbox 485 1334 2082 1417">
    <p class='ocr_par' dir='ltr' id='par_1_14' title="bbox 485 1334 2082 1417">
     <span class='ocr_line' id='line_1_14' title="bbox 485 1334 2082 1417; baseline 0.009 -27"><span class='ocrx_word' id='word_1_76' title='bbox 485 1334 785 1391; x_wconf 80' lang='lat' dir='ltr'><strong>Ariminum</strong></span> <span class='ocrx_word' id='word_1_77' title='bbox 819 1343 965 1417; x_wconf 85' lang='lat' dir='ltr'><strong>gesta</strong></span> <span class='ocrx_word' id='word_1_78' title='bbox 995 1340 1344 1409; x_wconf 85' lang='lat' dir='ltr'><strong>condemnat,</strong></span> <span class='ocrx_word' id='word_1_79' title='bbox 1372 1355 1425 1398; x_wconf 89' lang='lat' dir='ltr'><strong>et</strong></span> <span class='ocrx_word' id='word_1_80' title='bbox 1469 1345 1522 1398; x_wconf 92' lang='lat' dir='ltr'><strong>in</strong></span> <span class='ocrx_word' id='word_1_81' title='bbox 1546 1339 1746 1401; x_wconf 88' lang='lat' dir='ltr'><strong>statum</strong></span> <span class='ocrx_word' id='word_1_82' title='bbox 1796 1343 2082 1417; x_wconf 85' lang='lat' dir='ltr'><strong>pristinum</strong></span> 
     </span>
    </p>
   </div>
   <div class='ocr_carea' id='block_1_15' title="bbox 484 1416 2085 1499">
    <p class='ocr_par' dir='ltr' id='par_1_15' title="bbox 484 1416 2085 1499">
     <span class='ocr_line' id='line_1_15' title="bbox 484 1416 2085 1499; baseline 0.009 -15"><span class='ocrx_word' id='word_1_83' title='bbox 484 1432 842 1486; x_wconf 90' lang='lat' dir='ltr'><strong>ecclesiarum</strong></span> <span class='ocrx_word' id='word_1_84' title='bbox 878 1416 1039 1489; x_wconf 80' lang='lat' dir='ltr'><strong>fidem</strong></span> <span class='ocrx_word' id='word_1_85' title='bbox 1069 1436 1349 1493; x_wconf 89' lang='lat' dir='ltr'><strong>reformat.</strong></span> <span class='ocrx_word' id='word_1_86' title='bbox 1386 1437 1700 1495; x_wconf 83' lang='lat' dir='ltr'><strong>Resistebat</strong></span> <span class='ocrx_word' id='word_1_87' title='bbox 1733 1441 1882 1499; x_wconf 74' lang='lat' dir='ltr'><strong>sanis</strong></span> <span class='ocrx_word' id='word_1_88' title='bbox 1905 1444 2085 1498; x_wconf 82' lang='lat' dir='ltr'><strong>consi-</strong></span> 
     </span>
    </p>
   </div>
   <div class='ocr_carea' id='block_1_16' title="bbox 488 1513 2083 1604">
    <p class='ocr_par' dir='ltr' id='par_1_16' title="bbox 488 1513 2083 1604">
     <span class='ocr_line' id='line_1_16' title="bbox 488 1513 2083 1604; baseline 0.01 -28"><span class='ocrx_word' id='word_1_89' title='bbox 488 1523 574 1578; x_wconf 87' lang='lat' dir='ltr'><strong>liis</strong></span> <span class='ocrx_word' id='word_1_90' title='bbox 624 1524 974 1592; x_wconf 86' lang='lat' dir='ltr'><strong>Saturninus,</strong></span> <span class='ocrx_word' id='word_1_91' title='bbox 1027 1513 1428 1586; x_wconf 82' lang='lat' dir='ltr'><strong>AreIateusium</strong></span> <span class='ocrx_word' id='word_1_92' title='bbox 1474 1535 1780 1604; x_wconf 72' lang='lat' dir='ltr'><strong>episcojius,</strong></span> <span class='ocrx_word' id='word_1_93' title='bbox 1836 1539 1915 1592; x_wconf 87' lang='lat' dir='ltr'><strong>vir</strong></span> <span class='ocrx_word' id='word_1_94' title='bbox 1950 1553 2083 1593; x_wconf 87' lang='lat' dir='ltr'><strong>sane</strong></span> 
     </span>
    </p>
   </div>
   <div class='ocr_carea' id='block_1_17' title="bbox 487 1618 2080 1697">
    <p class='ocr_par' dir='ltr' id='par_1_17' title="bbox 487 1618 2080 1697">
     <span class='ocr_line' id='line_1_17' title="bbox 487 1618 2080 1697; baseline 0.008 -26"><span class='ocrx_word' id='word_1_95' title='bbox 487 1618 754 1685; x_wconf 82' lang='lat' dir='ltr'><strong>pessimus</strong></span> <span class='ocrx_word' id='word_1_96' title='bbox 783 1623 839 1672; x_wconf 89' lang='lat' dir='ltr'><strong>et</strong></span> <span class='ocrx_word' id='word_1_97' title='bbox 866 1620 1084 1688; x_wconf 86' lang='lat' dir='ltr'><strong>ingenio</strong></span> <span class='ocrx_word' id='word_1_98' title='bbox 1114 1620 1256 1678; x_wconf 81' lang='lat' dir='ltr'><strong>malo</strong></span> <span class='ocrx_word' id='word_1_99' title='bbox 1303 1639 1609 1695; x_wconf 86' lang='lat' dir='ltr'><strong>pravoque;</strong></span> <span class='ocrx_word' id='word_1_100' title='bbox 1659 1644 1847 1683; x_wconf 85' lang='lat' dir='ltr'><strong>verum</strong></span> <span class='ocrx_word' id='word_1_101' title='bbox 1879 1632 2080 1697; x_wconf 89' lang='lat' dir='ltr'><strong>etiam,</strong></span> 
     </span>
    </p>
   </div>
   <div class='ocr_carea' id='block_1_18' title="bbox 486 1712 2125 1794">
    <p class='ocr_par' dir='ltr' id='par_1_18' title="bbox 486 1712 2125 1794">
     <span class='ocr_line' id='line_1_18' title="bbox 486 1712 2125 1794; baseline 0.009 -30"><span class='ocrx_word' id='word_1_102' title='bbox 486 1722 680 1781; x_wconf 64' lang='lat' dir='ltr'><strong>pratti-r</strong></span> <span class='ocrx_word' id='word_1_103' title='bbox 714 1712 940 1769; x_wconf 71' lang='lat' dir='ltr'><strong>Interesls</strong></span> <span class='ocrx_word' id='word_1_104' title='bbox 967 1713 1268 1784; x_wconf 73' lang='lat' dir='ltr'><strong>infamiam,</strong></span> <span class='ocrx_word' id='word_1_105' title='bbox 1302 1719 1484 1773; x_wconf 88' lang='lat' dir='ltr'><strong>multis</strong></span> <span class='ocrx_word' id='word_1_106' title='bbox 1523 1729 1684 1791; x_wconf 88' lang='lat' dir='ltr'><strong>atque</strong></span> <span class='ocrx_word' id='word_1_107' title='bbox 1709 1721 1945 1778; x_wconf 87' lang='lat' dir='ltr'><strong>infandis</strong></span> <span class='ocrx_word' id='word_1_108' title='bbox 1978 1729 2084 1778; x_wconf 86' lang='lat' dir='ltr'><strong>cri-</strong></span> <span class='ocrx_word' id='word_1_109' title='bbox 2118 1783 2125 1794; x_wconf 34' lang='grc' dir='ltr'>δ</span> 
     </span>
    </p>
   </div>
   <div class='ocr_carea' id='block_1_19' title="bbox 2189 497 3789 580">
    <p class='ocr_par' dir='ltr' id='par_1_19' title="bbox 2189 497 3789 580">
     <span class='ocr_line' id='line_1_19' title="bbox 2189 497 3789 580; baseline -0.004 -16"><span class='ocrx_word' id='word_1_110' title='bbox 2189 509 2476 580; x_wconf 77' lang='lat' dir='ltr'><strong>episcopus</strong></span> <span class='ocrx_word' id='word_1_111' title='bbox 2495 501 2888 565; x_wconf 81' lang='lat' dir='ltr'><strong>Cordubensi&#39;s,</strong></span> <span class='ocrx_word' id='word_1_112' title='bbox 2922 517 2992 556; x_wconf 82' lang='lat' dir='ltr'><strong>ex</strong></span> <span class='ocrx_word' id='word_1_113' title='bbox 3025 500 3203 556; x_wconf 84' lang='lat' dir='ltr'><strong>vicino</strong></span> <span class='ocrx_word' id='word_1_114' title='bbox 3245 517 3412 570; x_wconf 84' lang='lat' dir='ltr'><strong>agens</strong></span> <span class='ocrx_word' id='word_1_115' title='bbox 3437 542 3451 563; x_wconf 89' lang='lat'><strong>,</strong></span> <span class='ocrx_word' id='word_1_116' title='bbox 3506 497 3789 569; x_wconf 82' lang='lat' dir='ltr'><strong>comperta</strong></span> 
     </span>
    </p>
   </div>
   <div class='ocr_carea' id='block_1_20' title="bbox 2188 579 3792 654">
    <p class='ocr_par' dir='ltr' id='par_1_20' title="bbox 2188 579 3792 654">
     <span class='ocr_line' id='line_1_20' title="bbox 2188 579 3792 654; baseline -0.001 -2"><span class='ocrx_word' id='word_1_117' title='bbox 2188 579 2255 654; x_wconf 84' lang='lat' dir='ltr'><strong>ad</strong></span> <span class='ocrx_word' id='word_1_118' title='bbox 2303 597 2538 652; x_wconf 85' lang='lat' dir='ltr'><strong>Idaeium</strong></span> <span class='ocrx_word' id='word_1_119' title='bbox 2575 579 2826 650; x_wconf 67' lang='lat' dir='ltr'><strong>Emerita:</strong></span> <span class='ocrx_word' id='word_1_120' title='bbox 2875 593 3218 648; x_wconf 84' lang='lat' dir='ltr'><strong>sacerdotem</strong></span> <span class='ocrx_word' id='word_1_121' title='bbox 3270 595 3520 647; x_wconf 86' lang='lat' dir='ltr'><strong>reletret.</strong></span> <span class='ocrx_word' id='word_1_122' title='bbox 3571 592 3620 647; x_wconf 88' lang='lat' dir='ltr'><strong>Is</strong></span> <span class='ocrx_word' id='word_1_123' title='bbox 3661 609 3792 651; x_wconf 88' lang='lat' dir='ltr'><strong>vero</strong></span> 
     </span>
    </p>
   </div>
   <div class='ocr_carea' id='block_1_21' title="bbox 2187 687 3792 758">
    <p class='ocr_par' dir='ltr' id='par_1_21' title="bbox 2187 687 3792 758">
     <span class='ocr_line' id='line_1_21' title="bbox 2187 687 3792 758; baseline -0.002 -11"><span class='ocrx_word' id='word_1_124' title='bbox 2187 695 2306 748; x_wconf 91' lang='lat' dir='ltr'><strong>sine</strong></span> <span class='ocrx_word' id='word_1_125' title='bbox 2339 690 2521 755; x_wconf 91' lang='lat' dir='ltr'><strong>modo,</strong></span> <span class='ocrx_word' id='word_1_126' title='bbox 2571 700 2626 744; x_wconf 88' lang='lat' dir='ltr'><strong>et</strong></span> <span class='ocrx_word' id='word_1_127' title='bbox 2675 687 2817 742; x_wconf 89' lang='lat' dir='ltr'><strong>ultra</strong></span> <span class='ocrx_word' id='word_1_128' title='bbox 2846 703 3004 758; x_wconf 89' lang='lat' dir='ltr'><strong>quam</strong></span> <span class='ocrx_word' id='word_1_129' title='bbox 3035 687 3296 754; x_wconf 65' lang='lat' dir='ltr'><strong>Oportuit,</strong></span> <span class='ocrx_word' id='word_1_130' title='bbox 3349 687 3792 744; x_wconf 81' lang='lat' dir='ltr'><strong>lustautiumso-</strong></span> 
     </span>
    </p>
   </div>
   <div class='ocr_carea' id='block_1_22' title="bbox 2187 781 3792 855">
    <p class='ocr_par' dir='ltr' id='par_1_22' title="bbox 2187 781 3792 855">
     <span class='ocr_line' id='line_1_22' title="bbox 2187 781 3792 855; baseline -0.002 -13"><span class='ocrx_word' id='word_1_131' title='bbox 2187 787 2409 855; x_wconf 76' lang='lat' dir='ltr'><strong>CIOSque</strong></span> <span class='ocrx_word' id='word_1_132' title='bbox 2439 789 2556 853; x_wconf 84' lang='lat' dir='ltr'><strong>ejus</strong></span> <span class='ocrx_word' id='word_1_133' title='bbox 2597 783 2870 837; x_wconf 79' lang='lat' dir='ltr'><strong>lacessens</strong></span> <span class='ocrx_word' id='word_1_134' title='bbox 2904 823 2918 848; x_wconf 93' lang='lat'><strong>,</strong></span> <span class='ocrx_word' id='word_1_135' title='bbox 2978 783 3145 835; x_wconf 86' lang='lat' dir='ltr'><strong>facem</strong></span> <span class='ocrx_word' id='word_1_136' title='bbox 3201 781 3491 851; x_wconf 88' lang='lat' dir='ltr'><strong>quamdam</strong></span> <span class='ocrx_word' id='word_1_137' title='bbox 3542 784 3792 839; x_wconf 79' lang='lat' dir='ltr'><strong>nascenti</strong></span> 
     </span>
    </p>
   </div>
   <div class='ocr_carea' id='block_1_23' title="bbox 2190 873 3790 946">
    <p class='ocr_par' dir='ltr' id='par_1_23' title="bbox 2190 873 3790 946">
     <span class='ocr_line' id='line_1_23' title="bbox 2190 873 3790 946; baseline -0.001 -12"><span class='ocrx_word' id='word_1_138' title='bbox 2190 879 2438 936; x_wconf 89' lang='lat' dir='ltr'><strong>incendio</strong></span> <span class='ocrx_word' id='word_1_139' title='bbox 2479 876 2719 931; x_wconf 79' lang='lat' dir='ltr'><strong>Sttbdidil</strong></span> <span class='ocrx_word' id='word_1_140' title='bbox 2753 893 2765 930; x_wconf 92' lang='lat'><strong>:</strong></span> <span class='ocrx_word' id='word_1_141' title='bbox 2797 873 2850 929; x_wconf 83' lang='lat' dir='ltr'><strong>ut</strong></span> <span class='ocrx_word' id='word_1_142' title='bbox 2904 875 3315 944; x_wconf 80' lang='lat' dir='ltr'><strong>eanperaverit</strong></span> <span class='ocrx_word' id='word_1_143' title='bbox 3366 873 3540 932; x_wconf 88' lang='lat' dir='ltr'><strong>malos</strong></span> <span class='ocrx_word' id='word_1_144' title='bbox 3607 874 3790 946; x_wconf 87' lang='lat' dir='ltr'><strong>potius</strong></span> 
     </span>
    </p>
   </div>
   <div class='ocr_carea' id='block_1_24' title="bbox 2187 971 3422 1062">
    <p class='ocr_par' dir='ltr' id='par_1_24' title="bbox 2187 971 3422 1062">
     <span class='ocr_line' id='line_1_24' title="bbox 2187 971 3422 1062; baseline -0.004 -37"><span class='ocrx_word' id='word_1_145' title='bbox 2187 990 2347 1045; x_wconf 85' lang='lat' dir='ltr'><strong>quam</strong></span> <span class='ocrx_word' id='word_1_146' title='bbox 2381 971 2806 1052; x_wconf 64' lang='lat' dir='ltr'><strong>compresserit.</strong></span> <span class='ocrx_word' id='word_1_147' title='bbox 3416 1053 3422 1062; x_wconf 26' lang='grc' dir='ltr'><strong>ι</strong></span> 
     </span>
    </p>
   </div>
   <div class='ocr_carea' id='block_1_25' title="bbox 2259 1061 3791 1135">
    <p class='ocr_par' dir='ltr' id='par_1_25' title="bbox 2259 1061 3791 1135">
     <span class='ocr_line' id='line_1_25' title="bbox 2259 1061 3791 1135; baseline -0.001 -15"><span class='ocrx_word' id='word_1_148' title='bbox 2259 1061 2468 1120; x_wconf 80' lang='lat' dir='ltr'><strong>XLVII.</strong></span> <span class='ocrx_word' id='word_1_149' title='bbox 2511 1061 2677 1135; x_wconf 87' lang='lat' dir='ltr'><strong>Igitur</strong></span> <span class='ocrx_word' id='word_1_150' title='bbox 2701 1071 2822 1133; x_wconf 89' lang='lat' dir='ltr'><strong>post</strong></span> <span class='ocrx_word' id='word_1_151' title='bbox 2863 1063 3028 1115; x_wconf 89' lang='lat' dir='ltr'><strong>multa</strong></span> <span class='ocrx_word' id='word_1_152' title='bbox 3079 1061 3221 1116; x_wconf 87' lang='lat' dir='ltr'><strong>inter</strong></span> <span class='ocrx_word' id='word_1_153' title='bbox 3252 1077 3346 1117; x_wconf 89' lang='lat' dir='ltr'><strong>eos</strong></span> <span class='ocrx_word' id='word_1_154' title='bbox 3378 1071 3433 1117; x_wconf 89' lang='lat' dir='ltr'><strong>et</strong></span> <span class='ocrx_word' id='word_1_155' title='bbox 3481 1061 3640 1134; x_wconf 89' lang='lat' dir='ltr'><strong>digna</strong></span> <span class='ocrx_word' id='word_1_156' title='bbox 3675 1079 3791 1119; x_wconf 92' lang='lat' dir='ltr'><strong>me-</strong></span> 
     </span>
    </p>
   </div>
   <div class='ocr_carea' id='block_1_26' title="bbox 2189 1149 3793 1226">
    <p class='ocr_par' dir='ltr' id='par_1_26' title="bbox 2189 1149 3793 1226">
     <span class='ocr_line' id='line_1_26' title="bbox 2189 1149 3793 1226; baseline -0.001 -15"><span class='ocrx_word' id='word_1_157' title='bbox 2189 1153 2398 1212; x_wconf 85' lang='lat' dir='ltr'><strong>moratu</strong></span> <span class='ocrx_word' id='word_1_158' title='bbox 2436 1149 2767 1219; x_wconf 76' lang='lat' dir='ltr'><strong>certamina,</strong></span> <span class='ocrx_word' id='word_1_159' title='bbox 2824 1153 2968 1223; x_wconf 90' lang='lat' dir='ltr'><strong>apud</strong></span> <span class='ocrx_word' id='word_1_160' title='bbox 3017 1153 3491 1223; x_wconf 80' lang='lat' dir='ltr'><strong>Ca-saraugnslam</strong></span> <span class='ocrx_word' id='word_1_161' title='bbox 3547 1155 3793 1226; x_wconf 83' lang='lat' dir='ltr'><strong>synodus</strong></span> 
     </span>
    </p>
   </div>
   <div class='ocr_carea' id='block_1_27' title="bbox 2188 1233 3791 1320">
    <p class='ocr_par' dir='ltr' id='par_1_27' title="bbox 2188 1233 3791 1320">
     <span class='ocr_line' id='line_1_27' title="bbox 2188 1233 3791 1320; baseline -0.002 -17"><span class='ocrx_word' id='word_1_162' title='bbox 2188 1247 2544 1320; x_wconf 74' lang='lat' dir='ltr'><strong>Congrcgatur</strong></span> <span class='ocrx_word' id='word_1_163' title='bbox 2579 1267 2592 1302; x_wconf 89' lang='lat'><strong>:</strong></span> <span class='ocrx_word' id='word_1_164' title='bbox 2624 1233 2708 1301; x_wconf 83' lang='lat' dir='ltr'><strong>cui</strong></span> <span class='ocrx_word' id='word_1_165' title='bbox 2744 1259 2855 1300; x_wconf 90' lang='lat' dir='ltr'><strong>tum</strong></span> <span class='ocrx_word' id='word_1_166' title='bbox 2889 1243 3057 1301; x_wconf 89' lang='lat' dir='ltr'><strong>etiam</strong></span> <span class='ocrx_word' id='word_1_167' title='bbox 3078 1235 3332 1315; x_wconf 76' lang='lat' dir='ltr'><strong>Aquitani</strong></span> <span class='ocrx_word' id='word_1_168' title='bbox 3357 1247 3595 1316; x_wconf 82' lang='lat' dir='ltr'><strong>episcopi</strong></span> <span class='ocrx_word' id='word_1_169' title='bbox 3621 1247 3791 1301; x_wconf 81' lang='lat' dir='ltr'><strong>inter-</strong></span> 
     </span>
    </p>
   </div>
   <div class='ocr_carea' id='block_1_28' title="bbox 2187 1335 3790 1410">
    <p class='ocr_par' dir='ltr' id='par_1_28' title="bbox 2187 1335 3790 1410">
     <span class='ocr_line' id='line_1_28' title="bbox 2187 1335 3790 1410; baseline 0 -14"><span class='ocrx_word' id='word_1_170' title='bbox 2187 1341 2362 1397; x_wconf 83' lang='lat' dir='ltr'><strong>fuere.</strong></span> <span class='ocrx_word' id='word_1_171' title='bbox 2414 1335 2613 1396; x_wconf 84' lang='lat' dir='ltr'><strong>Verum</strong></span> <span class='ocrx_word' id='word_1_172' title='bbox 2647 1338 2888 1394; x_wconf 68' lang='lat' dir='ltr'><strong>haeretici</strong></span> <span class='ocrx_word' id='word_1_173' title='bbox 2943 1339 3290 1394; x_wconf 81' lang='lat' dir='ltr'><strong>cnmmittere</strong></span> <span class='ocrx_word' id='word_1_174' title='bbox 3341 1354 3400 1393; x_wconf 88' lang='lat' dir='ltr'><strong>se</strong></span> <span class='ocrx_word' id='word_1_175' title='bbox 3444 1339 3650 1410; x_wconf 82' lang='lat' dir='ltr'><strong>judicio</strong></span> <span class='ocrx_word' id='word_1_176' title='bbox 3683 1355 3790 1396; x_wconf 91' lang='lat' dir='ltr'><strong>non</strong></span> 
     </span>
    </p>
   </div>
   <div class='ocr_carea' id='block_1_29' title="bbox 2187 1431 3791 1502">
    <p class='ocr_par' dir='ltr' id='par_1_29' title="bbox 2187 1431 3791 1502">
     <span class='ocr_line' id='line_1_29' title="bbox 2187 1431 3791 1502; baseline 0.001 -14"><span class='ocrx_word' id='word_1_177' title='bbox 2187 1435 2344 1490; x_wconf 93' lang='lat' dir='ltr'><strong>ausi:</strong></span> <span class='ocrx_word' id='word_1_178' title='bbox 2376 1433 2429 1488; x_wconf 92' lang='lat' dir='ltr'><strong>in</strong></span> <span class='ocrx_word' id='word_1_179' title='bbox 2463 1433 2719 1488; x_wconf 84' lang='lat' dir='ltr'><strong>absentes</strong></span> <span class='ocrx_word' id='word_1_180' title='bbox 2766 1439 2876 1487; x_wconf 89' lang='lat' dir='ltr'><strong>tum</strong></span> <span class='ocrx_word' id='word_1_181' title='bbox 2914 1432 3020 1486; x_wconf 87' lang='lat' dir='ltr'><strong>lata</strong></span> <span class='ocrx_word' id='word_1_182' title='bbox 3079 1431 3378 1496; x_wconf 87' lang='lat' dir='ltr'><strong>sententia,</strong></span> <span class='ocrx_word' id='word_1_183' title='bbox 3435 1431 3791 1502; x_wconf 83' lang='lat' dir='ltr'><strong>damnatique</strong></span> 
     </span>
    </p>
   </div>
   <div class='ocr_carea' id='block_1_30' title="bbox 2185 1523 3791 1597">
    <p class='ocr_par' dir='ltr' id='par_1_30' title="bbox 2185 1523 3791 1597">
     <span class='ocr_line' id='line_1_30' title="bbox 2185 1523 3791 1597; baseline -0.002 -12"><span class='ocrx_word' id='word_1_184' title='bbox 2185 1525 2480 1584; x_wconf 88' lang='lat' dir='ltr'><strong>Instantius</strong></span> <span class='ocrx_word' id='word_1_185' title='bbox 2511 1538 2563 1582; x_wconf 90' lang='lat' dir='ltr'><strong>et</strong></span> <span class='ocrx_word' id='word_1_186' title='bbox 2584 1527 2874 1583; x_wconf 86' lang='lat' dir='ltr'><strong>Salvianus</strong></span> <span class='ocrx_word' id='word_1_187' title='bbox 2911 1526 3178 1597; x_wconf 86' lang='lat' dir='ltr'><strong>episcopi,</strong></span> <span class='ocrx_word' id='word_1_188' title='bbox 3216 1523 3465 1596; x_wconf 81' lang='lat' dir='ltr'><strong>Elpidius</strong></span> <span class='ocrx_word' id='word_1_189' title='bbox 3491 1523 3547 1582; x_wconf 90' lang='lat' dir='ltr'><strong>et</strong></span> <span class='ocrx_word' id='word_1_190' title='bbox 3571 1527 3791 1582; x_wconf 67' lang='lat' dir='ltr'><strong>Priscilo</strong></span> 
     </span>
    </p>
   </div>
   <div class='ocr_carea' id='block_1_31' title="bbox 2188 1605 3786 1688">
    <p class='ocr_par' dir='ltr' id='par_1_31' title="bbox 2188 1605 3786 1688">
     <span class='ocr_line' id='line_1_31' title="bbox 2188 1605 3786 1688; baseline -0.001 -11"><span class='ocrx_word' id='word_1_191' title='bbox 2188 1624 2363 1677; x_wconf 90' lang='lat' dir='ltr'><strong>lianus</strong></span> <span class='ocrx_word' id='word_1_192' title='bbox 2391 1621 2532 1676; x_wconf 89' lang='lat' dir='ltr'><strong>laici.</strong></span> <span class='ocrx_word' id='word_1_193' title='bbox 2564 1619 2822 1676; x_wconf 85' lang='lat' dir='ltr'><strong>Additum</strong></span> <span class='ocrx_word' id='word_1_194' title='bbox 2848 1622 3034 1685; x_wconf 90' lang='lat' dir='ltr'><strong>etiam,</strong></span> <span class='ocrx_word' id='word_1_195' title='bbox 3062 1628 3118 1672; x_wconf 93' lang='lat' dir='ltr'><strong>ut</strong></span> <span class='ocrx_word' id='word_1_196' title='bbox 3157 1617 3203 1673; x_wconf 90' lang='lat' dir='ltr'><strong>si</strong></span> <span class='ocrx_word' id='word_1_197' title='bbox 3243 1619 3367 1688; x_wconf 89' lang='lat' dir='ltr'><strong>quis</strong></span> <span class='ocrx_word' id='word_1_198' title='bbox 3400 1605 3688 1674; x_wconf 89' lang='lat' dir='ltr'><strong>damnatos</strong></span> <span class='ocrx_word' id='word_1_199' title='bbox 3732 1621 3786 1674; x_wconf 90' lang='lat' dir='ltr'><strong>in</strong></span> 
     </span>
    </p>
   </div>
   <div class='ocr_carea' id='block_1_32' title="bbox 2187 1709 3791 1780">
    <p class='ocr_par' dir='ltr' id='par_1_32' title="bbox 2187 1709 3791 1780">
     <span class='ocr_line' id='line_1_32' title="bbox 2187 1709 3791 1780; baseline -0.002 -10"><span class='ocrx_word' id='word_1_200' title='bbox 2187 1715 2625 1770; x_wconf 88' lang='lat' dir='ltr'><strong>communionem</strong></span> <span class='ocrx_word' id='word_1_201' title='bbox 2650 1714 2969 1780; x_wconf 89' lang='lat' dir='ltr'><strong>recepisset,</strong></span> <span class='ocrx_word' id='word_1_202' title='bbox 3000 1712 3165 1766; x_wconf 83' lang='lat' dir='ltr'><strong>sciret</strong></span> <span class='ocrx_word' id='word_1_203' title='bbox 3191 1712 3242 1764; x_wconf 94' lang='lat' dir='ltr'><strong>in</strong></span> <span class='ocrx_word' id='word_1_204' title='bbox 3269 1725 3329 1765; x_wconf 91' lang='lat' dir='ltr'><strong>se</strong></span> <span class='ocrx_word' id='word_1_205' title='bbox 3368 1709 3614 1766; x_wconf 87' lang='lat' dir='ltr'><strong>eamdem</strong></span> <span class='ocrx_word' id='word_1_206' title='bbox 3662 1711 3791 1766; x_wconf 89' lang='lat' dir='ltr'><strong>sen-</strong></span> 
     </span>
    </p>
   </div>
   <div class='ocr_carea' id='block_1_33' title="bbox 485 1795 2086 1887">
    <p class='ocr_par' dir='ltr' id='par_1_33' title="bbox 485 1806 2076 1887">
     <span class='ocr_line' id='line_1_33' title="bbox 485 1806 2076 1887; baseline 0.01 -27"><span class='ocrx_word' id='word_1_207' title='bbox 485 1806 721 1861; x_wconf 90' lang='lat' dir='ltr'><strong>minibus</strong></span> <span class='ocrx_word' id='word_1_208' title='bbox 744 1809 1028 1864; x_wconf 85' lang='lat' dir='ltr'><strong>convictus</strong></span> <span class='ocrx_word' id='word_1_209' title='bbox 1060 1809 1302 1866; x_wconf 77' lang='lat' dir='ltr'><strong>Ecclesia</strong></span> <span class='ocrx_word' id='word_1_210' title='bbox 1333 1811 1539 1882; x_wconf 75' lang='lat' dir='ltr'><strong>ejectus</strong></span> <span class='ocrx_word' id='word_1_211' title='bbox 1569 1825 1650 1870; x_wconf 88' lang='lat' dir='ltr'><strong>est</strong></span> <span class='ocrx_word' id='word_1_212' title='bbox 1683 1835 1695 1870; x_wconf 92' lang='lat'><strong>:</strong></span> <span class='ocrx_word' id='word_1_213' title='bbox 1738 1817 1809 1872; x_wconf 92' lang='lat' dir='ltr'><strong>ita</strong></span> <span class='ocrx_word' id='word_1_214' title='bbox 1845 1819 2076 1887; x_wconf 90' lang='lat' dir='ltr'><strong>partium</strong></span> 
     </span>
    </p>
   </div>
   <div class='ocr_carea' id='block_1_34' title="bbox 2190 1795 3790 1887">
    <p class='ocr_par' dir='ltr' id='par_1_34' title="bbox 2190 1795 3790 1876">
     <span class='ocr_line' id='line_1_34' title="bbox 2190 1795 3790 1876; baseline -0.003 -14"><span class='ocrx_word' id='word_1_215' title='bbox 2190 1807 2412 1862; x_wconf 84' lang='lat' dir='ltr'><strong>tentiam</strong></span> <span class='ocrx_word' id='word_1_216' title='bbox 2466 1803 2844 1876; x_wconf 87' lang='lat' dir='ltr'><strong>promendam.</strong></span> <span class='ocrx_word' id='word_1_217' title='bbox 2907 1795 3080 1872; x_wconf 80' lang='lat' dir='ltr'><strong>Atque</strong></span> <span class='ocrx_word' id='word_1_218' title='bbox 3120 1800 3173 1856; x_wconf 88' lang='lat' dir='ltr'><strong>id</strong></span> <span class='ocrx_word' id='word_1_219' title='bbox 3229 1798 3438 1858; x_wconf 86' lang='lat' dir='ltr'><strong>ltltacio</strong></span> <span class='ocrx_word' id='word_1_220' title='bbox 3483 1795 3790 1859; x_wconf 79' lang='lat' dir='ltr'><strong>Sossnbeusi</strong></span> 
     </span>
    </p>
   </div>
   <div class='ocr_carea' id='block_1_35' title="bbox 481 1897 2082 1967">
    <p class='ocr_par' dir='ltr' id='par_1_35' title="bbox 481 1897 2082 1967">
     <span class='ocr_line' id='line_1_35' title="bbox 481 1897 2082 1967; baseline 0.011 -17"><span class='ocrx_word' id='word_1_221' title='bbox 481 1897 626 1952; x_wconf 78' lang='lat' dir='ltr'><strong>vires</strong></span> <span class='ocrx_word' id='word_1_222' title='bbox 650 1900 853 1956; x_wconf 88' lang='lat' dir='ltr'><strong>amisso</strong></span> <span class='ocrx_word' id='word_1_223' title='bbox 885 1903 1026 1957; x_wconf 88' lang='lat' dir='ltr'><strong>duce</strong></span> <span class='ocrx_word' id='word_1_224' title='bbox 1057 1902 1323 1959; x_wconf 67' lang='lat' dir='ltr'><strong>infractat.</strong></span> <span class='ocrx_word' id='word_1_225' title='bbox 1358 1906 1624 1962; x_wconf 86' lang='lat' dir='ltr'><strong>Paternus</strong></span> <span class='ocrx_word' id='word_1_226' title='bbox 1650 1911 1811 1963; x_wconf 87' lang='lat' dir='ltr'><strong>etiam</strong></span> <span class='ocrx_word' id='word_1_227' title='bbox 1832 1927 1860 1964; x_wconf 90' lang='lat' dir='ltr'><strong>a</strong></span> <span class='ocrx_word' id='word_1_228' title='bbox 1891 1911 2082 1967; x_wconf 88' lang='lat' dir='ltr'><strong>Petro-</strong></span> 
     </span>
    </p>
   </div>
   <div class='ocr_carea' id='block_1_36' title="bbox 478 1992 2082 2075">
    <p class='ocr_par' dir='ltr' id='par_1_36' title="bbox 478 1992 2082 2075">
     <span class='ocr_line' id='line_1_36' title="bbox 478 1992 2082 2075; baseline 0.011 -32"><span class='ocrx_word' id='word_1_229' title='bbox 478 1992 648 2045; x_wconf 74' lang='lat' dir='ltr'><strong>eoriis</strong></span> <span class='ocrx_word' id='word_1_230' title='bbox 676 2008 830 2062; x_wconf 74' lang='lat' dir='ltr'><strong>aeque</strong></span> <span class='ocrx_word' id='word_1_231' title='bbox 862 2001 1077 2059; x_wconf 74' lang='lat' dir='ltr'><strong>Vocor&#39;s,</strong></span> <span class='ocrx_word' id='word_1_232' title='bbox 1115 2012 1214 2051; x_wconf 90' lang='lat' dir='ltr'><strong>nec</strong></span> <span class='ocrx_word' id='word_1_233' title='bbox 1244 1998 1558 2056; x_wconf 83' lang='lat' dir='ltr'><strong>detrectans</strong></span> <span class='ocrx_word' id='word_1_234' title='bbox 1608 2002 1886 2071; x_wconf 82' lang='lat' dir='ltr'><strong>perfidiam</strong></span> <span class='ocrx_word' id='word_1_235' title='bbox 1919 2005 2082 2075; x_wconf 87' lang='lat' dir='ltr'><strong>profi-</strong></span> 
     </span>
    </p>
   </div>
   <div class='ocr_carea' id='block_1_37' title="bbox 485 2086 2081 2160">
    <p class='ocr_par' dir='ltr' id='par_1_37' title="bbox 485 2086 2081 2160">
     <span class='ocr_line' id='line_1_37' title="bbox 485 2086 2081 2160; baseline 0.008 -20"><span class='ocrx_word' id='word_1_236' title='bbox 485 2086 957 2148; x_wconf 80' lang='lat' dir='ltr'><strong>teri,saccrdotio</strong></span> <span class='ocrx_word' id='word_1_237' title='bbox 1003 2089 1188 2160; x_wconf 83' lang='lat' dir='ltr'><strong>pulsus</strong></span> <span class='ocrx_word' id='word_1_238' title='bbox 1220 2133 1232 2155; x_wconf 87' lang='lat'><strong>,</strong></span> <span class='ocrx_word' id='word_1_239' title='bbox 1286 2094 1500 2148; x_wconf 62' lang='lat' dir='ltr'><strong>caeteris</strong></span> <span class='ocrx_word' id='word_1_240' title='bbox 1550 2095 1703 2149; x_wconf 86' lang='lat' dir='ltr'><strong>venia</strong></span> <span class='ocrx_word' id='word_1_241' title='bbox 1753 2097 1897 2150; x_wconf 86' lang='lat' dir='ltr'><strong>data.</strong></span> <span class='ocrx_word' id='word_1_242' title='bbox 1946 2091 2081 2153; x_wconf 87' lang='lat' dir='ltr'><strong>Illud</strong></span> 
     </span>
    </p>
   </div>
   <div class='ocr_carea' id='block_1_38' title="bbox 485 2175 2081 2249">
    <p class='ocr_par' dir='ltr' id='par_1_38' title="bbox 485 2175 2081 2249">
     <span class='ocr_line' id='line_1_38' title="bbox 485 2175 2081 2249; baseline 0.01 -18"><span class='ocrx_word' id='word_1_243' title='bbox 485 2178 624 2249; x_wconf 90' lang='lat' dir='ltr'><strong>apud</strong></span> <span class='ocrx_word' id='word_1_244' title='bbox 651 2175 840 2236; x_wconf 84' lang='lat' dir='ltr'><strong>omnes</strong></span> <span class='ocrx_word' id='word_1_245' title='bbox 869 2183 1135 2249; x_wconf 78' lang='lat' dir='ltr'><strong>Constitit,</strong></span> <span class='ocrx_word' id='word_1_246' title='bbox 1166 2185 1326 2239; x_wconf 89' lang='lat' dir='ltr'><strong>unius</strong></span> <span class='ocrx_word' id='word_1_247' title='bbox 1358 2185 1541 2241; x_wconf 87' lang='lat' dir='ltr'><strong>Iliiarii</strong></span> <span class='ocrx_word' id='word_1_248' title='bbox 1577 2179 1848 2244; x_wconf 78' lang='lat' dir='ltr'><strong>beneficio</strong></span> <span class='ocrx_word' id='word_1_249' title='bbox 1876 2190 2081 2247; x_wconf 89' lang='lat' dir='ltr'><strong>Gallias</strong></span> 
     </span>
    </p>
   </div>
   <div class='ocr_carea' id='block_1_39' title="bbox 484 2269 2082 2343">
    <p class='ocr_par' dir='ltr' id='par_1_39' title="bbox 484 2269 2082 2343">
     <span class='ocr_line' id='line_1_39' title="bbox 484 2269 2082 2343; baseline 0.008 -17"><span class='ocrx_word' id='word_1_250' title='bbox 484 2281 704 2328; x_wconf 88' lang='lat' dir='ltr'><strong>nostras</strong></span> <span class='ocrx_word' id='word_1_251' title='bbox 736 2273 950 2343; x_wconf 83' lang='lat' dir='ltr'><strong>piaculo</strong></span> <span class='ocrx_word' id='word_1_252' title='bbox 977 2275 1207 2332; x_wconf 76' lang='lat' dir='ltr'><strong>h.t-resis</strong></span> <span class='ocrx_word' id='word_1_253' title='bbox 1240 2279 1516 2335; x_wconf 85' lang='lat' dir='ltr'><strong>liberatas.</strong></span> <span class='ocrx_word' id='word_1_254' title='bbox 1563 2269 1829 2336; x_wconf 80' lang='lat' dir='ltr'><strong>Caeterum</strong></span> <span class='ocrx_word' id='word_1_255' title='bbox 1863 2283 2082 2340; x_wconf 89' lang='lat' dir='ltr'><strong>Lucifer</strong></span> 
     </span>
    </p>
   </div>
   <div class='ocr_carea' id='block_1_40' title="bbox 485 2359 2080 2438">
    <p class='ocr_par' dir='ltr' id='par_1_40' title="bbox 485 2359 2080 2438">
     <span class='ocr_line' id='line_1_40' title="bbox 485 2359 2080 2438; baseline 0.008 -20"><span class='ocrx_word' id='word_1_256' title='bbox 485 2372 596 2418; x_wconf 91' lang='lat' dir='ltr'><strong>tum</strong></span> <span class='ocrx_word' id='word_1_257' title='bbox 629 2359 1112 2438; x_wconf 75' lang='lat' dir='ltr'><strong>Antiocltirelonge</strong></span> <span class='ocrx_word' id='word_1_258' title='bbox 1131 2360 1345 2426; x_wconf 70' lang='lat' dir='ltr'><strong>di&#39;versa</strong></span> <span class='ocrx_word' id='word_1_259' title='bbox 1377 2375 1648 2427; x_wconf 86' lang='lat' dir='ltr'><strong>sententia</strong></span> <span class='ocrx_word' id='word_1_260' title='bbox 1693 2373 1789 2429; x_wconf 84' lang='lat' dir='ltr'><strong>fuit</strong></span> <span class='ocrx_word' id='word_1_261' title='bbox 1825 2393 1838 2430; x_wconf 89' lang='lat'><strong>:</strong></span> <span class='ocrx_word' id='word_1_262' title='bbox 1870 2391 1993 2430; x_wconf 89' lang='lat' dir='ltr'><strong>nam</strong></span> <span class='ocrx_word' id='word_1_263' title='bbox 2028 2376 2080 2432; x_wconf 93' lang='lat' dir='ltr'><strong>in</strong></span> 
     </span>
    </p>
   </div>
   <div class='ocr_carea' id='block_1_41' title="bbox 484 2454 2084 2535">
    <p class='ocr_par' dir='ltr' id='par_1_41' title="bbox 484 2454 2084 2535">
     <span class='ocr_line' id='line_1_41' title="bbox 484 2454 2084 2535; baseline 0.011 -25"><span class='ocrx_word' id='word_1_264' title='bbox 484 2465 690 2512; x_wconf 88' lang='lat' dir='ltr'><strong>tantum</strong></span> <span class='ocrx_word' id='word_1_265' title='bbox 721 2474 816 2514; x_wconf 91' lang='lat' dir='ltr'><strong>eos</strong></span> <span class='ocrx_word' id='word_1_266' title='bbox 833 2461 923 2531; x_wconf 89' lang='lat' dir='ltr'><strong>qui</strong></span> <span class='ocrx_word' id='word_1_267' title='bbox 948 2457 1171 2517; x_wconf 78' lang='lat' dir='ltr'><strong>Arimini</strong></span> <span class='ocrx_word' id='word_1_268' title='bbox 1194 2463 1431 2529; x_wconf 87' lang='lat' dir='ltr'><strong>fuerant,</strong></span> <span class='ocrx_word' id='word_1_269' title='bbox 1458 2454 1867 2535; x_wconf 76' lang='lat' dir='ltr'><strong>condemnavit,</strong></span> <span class='ocrx_word' id='word_1_270' title='bbox 1919 2479 1976 2525; x_wconf 88' lang='lat' dir='ltr'><strong>ut</strong></span> <span class='ocrx_word' id='word_1_271' title='bbox 2024 2487 2084 2528; x_wconf 89' lang='lat' dir='ltr'><strong>se</strong></span> 
     </span>
    </p>
   </div>
   <div class='ocr_carea' id='block_1_42' title="bbox 479 2550 2085 2632">
    <p class='ocr_par' dir='ltr' id='par_1_42' title="bbox 479 2550 2085 2632">
     <span class='ocr_line' id='line_1_42' title="bbox 479 2550 2085 2632; baseline 0.011 -29"><span class='ocrx_word' id='word_1_272' title='bbox 479 2550 646 2605; x_wconf 80' lang='lat' dir='ltr'><strong>etiam</strong></span> <span class='ocrx_word' id='word_1_273' title='bbox 676 2550 741 2606; x_wconf 90' lang='lat' dir='ltr'><strong>ab</strong></span> <span class='ocrx_word' id='word_1_274' title='bbox 769 2569 958 2607; x_wconf 91' lang='lat' dir='ltr'><strong>eorum</strong></span> <span class='ocrx_word' id='word_1_275' title='bbox 991 2557 1375 2612; x_wconf 82' lang='lat' dir='ltr'><strong>communione</strong></span> <span class='ocrx_word' id='word_1_276' title='bbox 1403 2563 1720 2626; x_wconf 90' lang='lat' dir='ltr'><strong>secreverit,</strong></span> <span class='ocrx_word' id='word_1_277' title='bbox 1752 2563 1950 2632; x_wconf 89' lang='lat' dir='ltr'><strong>quieos</strong></span> <span class='ocrx_word' id='word_1_278' title='bbox 1982 2564 2085 2620; x_wconf 87' lang='lat' dir='ltr'><strong>sub</strong></span> 
     </span>
    </p>
   </div>
   <div class='ocr_carea' id='block_1_43' title="bbox 485 2642 2082 2720">
    <p class='ocr_par' dir='ltr' id='par_1_43' title="bbox 485 2642 2082 2720">
     <span class='ocr_line' id='line_1_43' title="bbox 485 2642 2082 2720; baseline 0.009 -22"><span class='ocrx_word' id='word_1_279' title='bbox 485 2642 854 2700; x_wconf 76' lang='lat' dir='ltr'><strong>satisfactione</strong></span> <span class='ocrx_word' id='word_1_280' title='bbox 878 2647 959 2701; x_wconf 86' lang='lat' dir='ltr'><strong>vel</strong></span> <span class='ocrx_word' id='word_1_281' title='bbox 992 2650 1305 2716; x_wconf 87' lang='lat' dir='ltr'><strong>poenitentia</strong></span> <span class='ocrx_word' id='word_1_282' title='bbox 1330 2652 1685 2720; x_wconf 87' lang='lat' dir='ltr'><strong>recepissent.</strong></span> <span class='ocrx_word' id='word_1_283' title='bbox 1738 2655 1792 2710; x_wconf 93' lang='lat' dir='ltr'><strong>Id</strong></span> <span class='ocrx_word' id='word_1_284' title='bbox 1824 2665 1970 2711; x_wconf 89' lang='lat' dir='ltr'><strong>recte</strong></span> <span class='ocrx_word' id='word_1_285' title='bbox 2013 2673 2082 2712; x_wconf 92' lang='lat' dir='ltr'><strong>an</strong></span> 
     </span>
    </p>
   </div>
   <div class='ocr_carea' id='block_1_44' title="bbox 487 2740 2084 2807">
    <p class='ocr_par' dir='ltr' id='par_1_44' title="bbox 487 2740 2084 2807">
     <span class='ocr_line' id='line_1_44' title="bbox 487 2740 2084 2807; baseline 0.01 -17"><span class='ocrx_word' id='word_1_286' title='bbox 487 2749 776 2807; x_wconf 85' lang='lat' dir='ltr'><strong>perperam</strong></span> <span class='ocrx_word' id='word_1_287' title='bbox 826 2740 1190 2804; x_wconf 83' lang='lat' dir='ltr'><strong>constituerit.</strong></span> <span class='ocrx_word' id='word_1_288' title='bbox 1223 2741 1409 2799; x_wconf 87' lang='lat' dir='ltr'><strong>dicere</strong></span> <span class='ocrx_word' id='word_1_289' title='bbox 1433 2761 1538 2800; x_wconf 93' lang='lat' dir='ltr'><strong>non</strong></span> <span class='ocrx_word' id='word_1_290' title='bbox 1568 2744 1766 2800; x_wconf 87' lang='lat' dir='ltr'><strong>ausim.</strong></span> <span class='ocrx_word' id='word_1_291' title='bbox 1821 2746 2084 2806; x_wconf 86' lang='lat' dir='ltr'><strong>Paulinus</strong></span> 
     </span>
    </p>
   </div>
   <div class='ocr_carea' id='block_1_45' title="bbox 485 2829 2086 2906">
    <p class='ocr_par' dir='ltr' id='par_1_45' title="bbox 485 2829 2086 2906">
     <span class='ocr_line' id='line_1_45' title="bbox 485 2829 2086 2906; baseline 0.009 -22"><span class='ocrx_word' id='word_1_292' title='bbox 485 2837 540 2884; x_wconf 89' lang='lat' dir='ltr'><strong>et</strong></span> <span class='ocrx_word' id='word_1_293' title='bbox 561 2829 944 2887; x_wconf 83' lang='lat' dir='ltr'><strong>Rhodaniusin</strong></span> <span class='ocrx_word' id='word_1_294' title='bbox 978 2829 1205 2906; x_wconf 83' lang='lat' dir='ltr'><strong>Phrygia</strong></span> <span class='ocrx_word' id='word_1_295' title='bbox 1245 2835 1506 2894; x_wconf 90' lang='lat' dir='ltr'><strong>defuncti.</strong></span> <span class='ocrx_word' id='word_1_296' title='bbox 1543 2829 1779 2898; x_wconf 84' lang='lat' dir='ltr'><strong>Hilarius</strong></span> <span class='ocrx_word' id='word_1_297' title='bbox 1805 2851 1960 2899; x_wconf 79' lang='lat' dir='ltr'><strong>Sexto</strong></span> <span class='ocrx_word' id='word_1_298' title='bbox 1988 2859 2086 2898; x_wconf 90' lang='lat' dir='ltr'><strong>an-</strong></span> 
     </span>
    </p>
   </div>
   <div class='ocr_carea' id='block_1_46' title="bbox 482 2925 1639 2999">
    <p class='ocr_par' dir='ltr' id='par_1_46' title="bbox 482 2925 1639 2999">
     <span class='ocr_line' id='line_1_46' title="bbox 482 2925 1639 2999; baseline 0.011 -23"><span class='ocrx_word' id='word_1_299' title='bbox 482 2939 553 2977; x_wconf 89' lang='lat' dir='ltr'><strong>no</strong></span> <span class='ocrx_word' id='word_1_300' title='bbox 585 2935 867 2994; x_wconf 79' lang='lat' dir='ltr'><strong>postquam</strong></span> <span class='ocrx_word' id='word_1_301' title='bbox 895 2925 1152 2992; x_wconf 81' lang='lat' dir='ltr'><strong>redierat,</strong></span> <span class='ocrx_word' id='word_1_302' title='bbox 1198 2930 1249 2984; x_wconf 89' lang='lat' dir='ltr'><strong>in</strong></span> <span class='ocrx_word' id='word_1_303' title='bbox 1285 2932 1457 2999; x_wconf 88' lang='lat' dir='ltr'><strong>patria</strong></span> <span class='ocrx_word' id='word_1_304' title='bbox 1484 2933 1639 2989; x_wconf 89' lang='lat' dir='ltr'><strong>obiit.</strong></span> 
     </span>
    </p>
   </div>
   <div class='ocr_carea' id='block_1_47' title="bbox 556 3015 2084 3100">
    <p class='ocr_par' dir='ltr' id='par_1_47' title="bbox 556 3015 2084 3100">
     <span class='ocr_line' id='line_1_47' title="bbox 556 3015 2084 3100; baseline 0.011 -30"><span class='ocrx_word' id='word_1_305' title='bbox 556 3015 741 3072; x_wconf 80' lang='lat' dir='ltr'><strong>XLVI.</strong></span> <span class='ocrx_word' id='word_1_306' title='bbox 765 3015 1081 3091; x_wconf 81' lang='lat' dir='ltr'><strong>Sequuntur</strong></span> <span class='ocrx_word' id='word_1_307' title='bbox 1112 3031 1353 3093; x_wconf 87' lang='lat' dir='ltr'><strong>tempora</strong></span> <span class='ocrx_word' id='word_1_308' title='bbox 1380 3028 1556 3082; x_wconf 80' lang='lat' dir='ltr'><strong>aetatis</strong></span> <span class='ocrx_word' id='word_1_309' title='bbox 1585 3040 1785 3085; x_wconf 62' lang='lat' dir='ltr'><strong>nostrae</strong></span> <span class='ocrx_word' id='word_1_310' title='bbox 1810 3031 1995 3100; x_wconf 78' lang='lat' dir='ltr'><strong>gravia</strong></span> <span class='ocrx_word' id='word_1_311' title='bbox 2029 3035 2084 3087; x_wconf 83' lang='lat' dir='ltr'><strong>et</strong></span> 
     </span>
    </p>
   </div>
   <div class='ocr_carea' id='block_1_48' title="bbox 491 3111 2152 3202">
    <p class='ocr_par' dir='ltr' id='par_1_48' title="bbox 491 3111 2152 3202">
     <span class='ocr_line' id='line_1_48' title="bbox 491 3111 2152 3202; baseline 0.01 -40"><span class='ocrx_word' id='word_1_312' title='bbox 491 3111 819 3178; x_wconf 88' lang='lat' dir='ltr'><strong>periculosa,</strong></span> <span class='ocrx_word' id='word_1_313' title='bbox 852 3112 1046 3183; x_wconf 88' lang='lat' dir='ltr'><strong>quibus</strong></span> <span class='ocrx_word' id='word_1_314' title='bbox 1077 3132 1182 3168; x_wconf 90' lang='lat' dir='ltr'><strong>non</strong></span> <span class='ocrx_word' id='word_1_315' title='bbox 1208 3117 1409 3173; x_wconf 90' lang='lat' dir='ltr'><strong>usitato</strong></span> <span class='ocrx_word' id='word_1_316' title='bbox 1450 3122 1589 3175; x_wconf 89' lang='lat' dir='ltr'><strong>malo</strong></span> <span class='ocrx_word' id='word_1_317' title='bbox 1632 3122 1854 3191; x_wconf 68' lang='lat' dir='ltr'><strong>polluta:</strong></span> <span class='ocrx_word' id='word_1_318' title='bbox 1889 3123 2084 3178; x_wconf 87' lang='lat' dir='ltr'><strong>Eccle-</strong></span> <span class='ocrx_word' id='word_1_319' title='bbox 2113 3169 2152 3202; x_wconf 23' lang='grc' dir='ltr'><em>Α</em></span> 
     </span>
    </p>
   </div>
   <div class='ocr_carea' id='block_1_49' title="bbox 2189 1889 3786 1970">
    <p class='ocr_par' dir='ltr' id='par_1_49' title="bbox 2189 1889 3786 1970">
     <span class='ocr_line' id='line_1_49' title="bbox 2189 1889 3786 1970; baseline -0.002 -16"><span class='ocrx_word' id='word_1_320' title='bbox 2189 1899 2450 1970; x_wconf 90' lang='lat' dir='ltr'><strong>episcopo</strong></span> <span class='ocrx_word' id='word_1_321' title='bbox 2475 1899 2748 1967; x_wconf 87' lang='lat' dir='ltr'><strong>negotium</strong></span> <span class='ocrx_word' id='word_1_322' title='bbox 2782 1889 2992 1963; x_wconf 88' lang='lat' dir='ltr'><strong>datum,</strong></span> <span class='ocrx_word' id='word_1_323' title='bbox 3024 1893 3382 1950; x_wconf 88' lang='lat' dir='ltr'><strong>utdecretnm</strong></span> <span class='ocrx_word' id='word_1_324' title='bbox 3402 1897 3786 1966; x_wconf 87' lang='lat' dir='ltr'><strong>episcoporum</strong></span> 
     </span>
    </p>
   </div>
   <div class='ocr_carea' id='block_1_50' title="bbox 2191 1988 3785 2061">
    <p class='ocr_par' dir='ltr' id='par_1_50' title="bbox 2191 1988 3785 2061">
     <span class='ocr_line' id='line_1_50' title="bbox 2191 1988 3785 2061; baseline -0.003 -13"><span class='ocrx_word' id='word_1_325' title='bbox 2191 1995 2242 2048; x_wconf 92' lang='lat' dir='ltr'><strong>in</strong></span> <span class='ocrx_word' id='word_1_326' title='bbox 2266 1993 2509 2048; x_wconf 87' lang='lat' dir='ltr'><strong>omnium</strong></span> <span class='ocrx_word' id='word_1_327' title='bbox 2537 1992 2780 2046; x_wconf 89' lang='lat' dir='ltr'><strong>notitiam</strong></span> <span class='ocrx_word' id='word_1_328' title='bbox 2812 1988 3073 2056; x_wconf 86' lang='lat' dir='ltr'><strong>deferret,</strong></span> <span class='ocrx_word' id='word_1_329' title='bbox 3134 1990 3479 2060; x_wconf 84' lang='lat' dir='ltr'><strong>maximeque</strong></span> <span class='ocrx_word' id='word_1_330' title='bbox 3519 1989 3785 2061; x_wconf 84' lang='lat' dir='ltr'><strong>Hyginum</strong></span> 
     </span>
    </p>
   </div>
   <div class='ocr_carea' id='block_1_51' title="bbox 2189 2081 3790 2151">
    <p class='ocr_par' dir='ltr' id='par_1_51' title="bbox 2189 2081 3790 2151">
     <span class='ocr_line' id='line_1_51' title="bbox 2189 2081 3790 2151; baseline -0.004 -9"><span class='ocrx_word' id='word_1_331' title='bbox 2189 2097 2347 2142; x_wconf 82' lang='lat' dir='ltr'><strong>extra</strong></span> <span class='ocrx_word' id='word_1_332' title='bbox 2378 2085 2815 2141; x_wconf 87' lang='lat' dir='ltr'><strong>communionem</strong></span> <span class='ocrx_word' id='word_1_333' title='bbox 2867 2083 3065 2137; x_wconf 85' lang='lat' dir='ltr'><strong>faceret</strong></span> <span class='ocrx_word' id='word_1_334' title='bbox 3094 2099 3106 2135; x_wconf 87' lang='lat'>:</span> <span class='ocrx_word' id='word_1_335' title='bbox 3135 2082 3228 2151; x_wconf 89' lang='lat' dir='ltr'><strong>qui</strong></span> <span class='ocrx_word' id='word_1_336' title='bbox 3273 2094 3392 2134; x_wconf 89' lang='lat' dir='ltr'><strong>eum</strong></span> <span class='ocrx_word' id='word_1_337' title='bbox 3432 2081 3641 2150; x_wconf 85' lang='lat' dir='ltr'><strong>primus</strong></span> <span class='ocrx_word' id='word_1_338' title='bbox 3670 2093 3790 2137; x_wconf 88' lang='lat' dir='ltr'><strong>om-</strong></span> 
     </span>
    </p>
   </div>
   <div class='ocr_carea' id='block_1_52' title="bbox 2190 2173 3789 2250">
    <p class='ocr_par' dir='ltr' id='par_1_52' title="bbox 2190 2173 3789 2250">
     <span class='ocr_line' id='line_1_52' title="bbox 2190 2173 3789 2250; baseline -0.006 -12"><span class='ocrx_word' id='word_1_339' title='bbox 2190 2184 2337 2238; x_wconf 89' lang='lat' dir='ltr'><strong>nium</strong></span> <span class='ocrx_word' id='word_1_340' title='bbox 2361 2180 2613 2237; x_wconf 69' lang='lat' dir='ltr'><strong>insectari</strong></span> <span class='ocrx_word' id='word_1_341' title='bbox 2636 2177 3114 2250; x_wconf 68' lang='lat' dir='ltr'><strong>paiamhzereticos</strong></span> <span class='ocrx_word' id='word_1_342' title='bbox 3136 2173 3414 2246; x_wconf 61' lang='lat' dir='ltr'><strong>coepisset.</strong></span> <span class='ocrx_word' id='word_1_343' title='bbox 3448 2173 3640 2246; x_wconf 84' lang='lat' dir='ltr'><strong>postea</strong></span> <span class='ocrx_word' id='word_1_344' title='bbox 3671 2185 3789 2229; x_wconf 84' lang='lat' dir='ltr'><strong>tur-</strong></span> 
     </span>
    </p>
   </div>
   <div class='ocr_carea' id='block_1_53' title="bbox 2192 2269 3784 2348">
    <p class='ocr_par' dir='ltr' id='par_1_53' title="bbox 2192 2269 3784 2348">
     <span class='ocr_line' id='line_1_53' title="bbox 2192 2269 3784 2348; baseline -0.004 -19"><span class='ocrx_word' id='word_1_345' title='bbox 2192 2276 2333 2348; x_wconf 86' lang='lat' dir='ltr'><strong>piter</strong></span> <span class='ocrx_word' id='word_1_346' title='bbox 2376 2275 2707 2343; x_wconf 79' lang='lat' dir='ltr'><strong>depravatus</strong></span> <span class='ocrx_word' id='word_1_347' title='bbox 2741 2273 2792 2326; x_wconf 91' lang='lat' dir='ltr'><strong>in</strong></span> <span class='ocrx_word' id='word_1_348' title='bbox 2835 2271 3281 2326; x_wconf 89' lang='lat' dir='ltr'><strong>communionem</strong></span> <span class='ocrx_word' id='word_1_349' title='bbox 3331 2283 3426 2324; x_wconf 90' lang='lat' dir='ltr'><strong>eos</strong></span> <span class='ocrx_word' id='word_1_350' title='bbox 3470 2269 3784 2338; x_wconf 82' lang='lat' dir='ltr'><strong>recepisset.</strong></span> 
     </span>
    </p>
   </div>
   <div class='ocr_carea' id='block_1_54' title="bbox 2193 2361 3790 2432">
    <p class='ocr_par' dir='ltr' id='par_1_54' title="bbox 2193 2361 3790 2432">
     <span class='ocr_line' id='line_1_54' title="bbox 2193 2361 3790 2432; baseline -0.005 -8"><span class='ocrx_word' id='word_1_351' title='bbox 2193 2371 2414 2426; x_wconf 89' lang='lat' dir='ltr'><strong>Interim</strong></span> <span class='ocrx_word' id='word_1_352' title='bbox 2467 2367 2760 2424; x_wconf 82' lang='lat' dir='ltr'><strong>Instantius</strong></span> <span class='ocrx_word' id='word_1_353' title='bbox 2793 2378 2847 2422; x_wconf 93' lang='lat' dir='ltr'><strong>et</strong></span> <span class='ocrx_word' id='word_1_354' title='bbox 2871 2363 3157 2420; x_wconf 81' lang='lat' dir='ltr'><strong>Salvianus</strong></span> <span class='ocrx_word' id='word_1_355' title='bbox 3202 2364 3443 2419; x_wconf 88' lang='lat' dir='ltr'><strong>damnati</strong></span> <span class='ocrx_word' id='word_1_356' title='bbox 3472 2362 3677 2432; x_wconf 88' lang='lat' dir='ltr'><strong>judicio</strong></span> <span class='ocrx_word' id='word_1_357' title='bbox 3704 2361 3790 2417; x_wconf 78' lang='lat' dir='ltr'><strong>sa-</strong></span> 
     </span>
    </p>
   </div>
   <div class='ocr_carea' id='block_1_55' title="bbox 2191 2453 3788 2527">
    <p class='ocr_par' dir='ltr' id='par_1_55' title="bbox 2191 2453 3788 2527">
     <span class='ocr_line' id='line_1_55' title="bbox 2191 2453 3788 2527; baseline -0.007 -8"><span class='ocrx_word' id='word_1_358' title='bbox 2191 2461 2496 2527; x_wconf 77' lang='lat' dir='ltr'><strong>Cerdotum,</strong></span> <span class='ocrx_word' id='word_1_359' title='bbox 2537 2460 2957 2526; x_wconf 73' lang='lat' dir='ltr'><strong>Priscillianum,</strong></span> <span class='ocrx_word' id='word_1_360' title='bbox 2987 2457 3151 2513; x_wconf 85' lang='lat' dir='ltr'><strong>etiam</strong></span> <span class='ocrx_word' id='word_1_361' title='bbox 3187 2453 3404 2522; x_wconf 33' lang='lat' dir='ltr'><strong>laicut‘n,</strong></span> <span class='ocrx_word' id='word_1_362' title='bbox 3457 2454 3552 2512; x_wconf 68' lang='lat' dir='ltr'><strong>Sed</strong></span> <span class='ocrx_word' id='word_1_363' title='bbox 3582 2455 3788 2526; x_wconf 86' lang='lat' dir='ltr'><strong>princi-</strong></span> 
     </span>
    </p>
   </div>
   <div class='ocr_carea' id='block_1_56' title="bbox 2193 2541 3785 2630">
    <p class='ocr_par' dir='ltr' id='par_1_56' title="bbox 2193 2541 3785 2630">
     <span class='ocr_line' id='line_1_56' title="bbox 2193 2541 3785 2630; baseline -0.008 -16"><span class='ocrx_word' id='word_1_364' title='bbox 2193 2541 2311 2630; x_wconf 70' lang='lat' dir='ltr'><strong>pem</strong></span> <span class='ocrx_word' id='word_1_365' title='bbox 2347 2543 2608 2612; x_wconf 80' lang='lat' dir='ltr'><strong>malorum</strong></span> <span class='ocrx_word' id='word_1_366' title='bbox 2642 2554 2904 2617; x_wconf 88' lang='lat' dir='ltr'><strong>omnium,</strong></span> <span class='ocrx_word' id='word_1_367' title='bbox 2954 2567 3054 2606; x_wconf 89' lang='lat' dir='ltr'><strong>una</strong></span> <span class='ocrx_word' id='word_1_368' title='bbox 3086 2565 3269 2606; x_wconf 85' lang='lat' dir='ltr'><strong>secum</strong></span> <span class='ocrx_word' id='word_1_369' title='bbox 3295 2550 3785 2619; x_wconf 74' lang='lat' dir='ltr'><strong>Cu‘saraugnstana</strong></span> 
     </span>
    </p>
   </div>
   <div class='ocr_carea' id='block_1_57' title="bbox 2192 2641 3787 2725">
    <p class='ocr_par' dir='ltr' id='par_1_57' title="bbox 2192 2641 3787 2725">
     <span class='ocr_line' id='line_1_57' title="bbox 2192 2641 3787 2725; baseline -0.007 -19"><span class='ocrx_word' id='word_1_370' title='bbox 2192 2651 2399 2725; x_wconf 66' lang='lat' dir='ltr'><strong>synodo</strong></span> <span class='ocrx_word' id='word_1_371' title='bbox 2429 2658 2690 2710; x_wconf 84' lang='lat' dir='ltr'><strong>notatum,</strong></span> <span class='ocrx_word' id='word_1_372' title='bbox 2716 2648 2780 2701; x_wconf 88' lang='lat' dir='ltr'><strong>ad</strong></span> <span class='ocrx_word' id='word_1_373' title='bbox 2807 2643 3212 2701; x_wconf 89' lang='lat' dir='ltr'><strong>confirmandas</strong></span> <span class='ocrx_word' id='word_1_374' title='bbox 3245 2643 3388 2698; x_wconf 88' lang='lat' dir='ltr'><strong>vires</strong></span> <span class='ocrx_word' id='word_1_375' title='bbox 3417 2657 3543 2698; x_wconf 90' lang='lat' dir='ltr'><strong>suas</strong></span> <span class='ocrx_word' id='word_1_376' title='bbox 3570 2641 3787 2711; x_wconf 78' lang='lat' dir='ltr'><strong>episco-</strong></span> 
     </span>
    </p>
   </div>
   <div class='ocr_carea' id='block_1_58' title="bbox 2194 2735 3787 2816">
    <p class='ocr_par' dir='ltr' id='par_1_58' title="bbox 2194 2735 3787 2816">
     <span class='ocr_line' id='line_1_58' title="bbox 2194 2735 3787 2816; baseline -0.006 -18"><span class='ocrx_word' id='word_1_377' title='bbox 2194 2741 2318 2816; x_wconf 89' lang='lat' dir='ltr'><strong>pum</strong></span> <span class='ocrx_word' id='word_1_378' title='bbox 2353 2749 2403 2799; x_wconf 92' lang='lat' dir='ltr'><strong>in</strong></span> <span class='ocrx_word' id='word_1_379' title='bbox 2436 2743 2674 2798; x_wconf 86' lang='lat' dir='ltr'><strong>Abiiensi</strong></span> <span class='ocrx_word' id='word_1_380' title='bbox 2723 2740 2921 2810; x_wconf 90' lang='lat' dir='ltr'><strong>oppido</strong></span> <span class='ocrx_word' id='word_1_381' title='bbox 2951 2736 3295 2793; x_wconf 87' lang='lat' dir='ltr'><strong>constituunt</strong></span> <span class='ocrx_word' id='word_1_382' title='bbox 3321 2754 3333 2788; x_wconf 91' lang='lat'><strong>:</strong></span> <span class='ocrx_word' id='word_1_383' title='bbox 3363 2735 3463 2790; x_wconf 89' lang='lat' dir='ltr'><strong>rati</strong></span> <span class='ocrx_word' id='word_1_384' title='bbox 3492 2735 3750 2788; x_wconf 88' lang='lat' dir='ltr'><strong>nimirum</strong></span> <span class='ocrx_word' id='word_1_385' title='bbox 3771 2775 3787 2800; x_wconf 93' lang='lat'><strong>,</strong></span> 
     </span>
    </p>
   </div>
   <div class='ocr_carea' id='block_1_59' title="bbox 2192 2825 3790 2893">
    <p class='ocr_par' dir='ltr' id='par_1_59' title="bbox 2192 2825 3790 2893">
     <span class='ocr_line' id='line_1_59' title="bbox 2192 2825 3790 2893; baseline -0.006 -2"><span class='ocrx_word' id='word_1_386' title='bbox 2192 2840 2234 2892; x_wconf 86' lang='lat' dir='ltr'><strong>si</strong></span> <span class='ocrx_word' id='word_1_387' title='bbox 2263 2840 2533 2893; x_wconf 85' lang='lat' dir='ltr'><strong>hominem</strong></span> <span class='ocrx_word' id='word_1_388' title='bbox 2557 2849 2736 2890; x_wconf 86' lang='lat' dir='ltr'><strong>acrem</strong></span> <span class='ocrx_word' id='word_1_389' title='bbox 2759 2841 2815 2887; x_wconf 91' lang='lat' dir='ltr'><strong>et</strong></span> <span class='ocrx_word' id='word_1_390' title='bbox 2830 2829 3082 2888; x_wconf 83' lang='lat' dir='ltr'><strong>callidum</strong></span> <span class='ocrx_word' id='word_1_391' title='bbox 3108 2825 3435 2884; x_wconf 84' lang='lat' dir='ltr'><strong>sacerdotali</strong></span> <span class='ocrx_word' id='word_1_392' title='bbox 3466 2827 3790 2882; x_wconf 85' lang='lat' dir='ltr'><strong>auctoritate</strong></span> 
     </span>
    </p>
   </div>
   <div class='ocr_carea' id='block_1_60' title="bbox 2192 2920 3790 2994">
    <p class='ocr_par' dir='ltr' id='par_1_60' title="bbox 2192 2920 3790 2994">
     <span class='ocr_line' id='line_1_60' title="bbox 2192 2920 3790 2994; baseline -0.005 -12"><span class='ocrx_word' id='word_1_393' title='bbox 2192 2937 2494 2990; x_wconf 66' lang='lat' dir='ltr'><strong>armassent</strong></span> <span class='ocrx_word' id='word_1_394' title='bbox 2527 2969 2541 2994; x_wconf 94' lang='lat'><strong>,</strong></span> <span class='ocrx_word' id='word_1_395' title='bbox 2597 2923 2827 2980; x_wconf 88' lang='lat' dir='ltr'><strong>tutiores</strong></span> <span class='ocrx_word' id='word_1_396' title='bbox 2861 2924 2975 2978; x_wconf 90' lang='lat' dir='ltr'><strong>fore</strong></span> <span class='ocrx_word' id='word_1_397' title='bbox 3033 2936 3176 2977; x_wconf 70' lang='lat' dir='ltr'><strong>Sese.</strong></span> <span class='ocrx_word' id='word_1_398' title='bbox 3221 2921 3358 2975; x_wconf 85' lang='lat' dir='ltr'><strong>Tum</strong></span> <span class='ocrx_word' id='word_1_399' title='bbox 3397 2925 3526 2975; x_wconf 85' lang='lat' dir='ltr'><strong>vero</strong></span> <span class='ocrx_word' id='word_1_400' title='bbox 3578 2920 3790 2974; x_wconf 86' lang='lat' dir='ltr'><strong>Idacius</strong></span> 
     </span>
    </p>
   </div>
   <div class='ocr_carea' id='block_1_61' title="bbox 2192 3001 3790 3093">
    <p class='ocr_par' dir='ltr' id='par_1_61' title="bbox 2192 3001 3790 3093">
     <span class='ocr_line' id='line_1_61' title="bbox 2192 3001 3790 3093; baseline -0.003 -18"><span class='ocrx_word' id='word_1_401' title='bbox 2192 3025 2352 3093; x_wconf 87' lang='lat' dir='ltr'><strong>atque</strong></span> <span class='ocrx_word' id='word_1_402' title='bbox 2374 3001 2606 3076; x_wconf 79' lang='lat' dir='ltr'><strong>Itliacius</strong></span> <span class='ocrx_word' id='word_1_403' title='bbox 2638 3022 2818 3076; x_wconf 86' lang='lat' dir='ltr'><strong>acrius</strong></span> <span class='ocrx_word' id='word_1_404' title='bbox 2849 3021 3076 3086; x_wconf 87' lang='lat' dir='ltr'><strong>instare,</strong></span> <span class='ocrx_word' id='word_1_405' title='bbox 3105 3020 3432 3074; x_wconf 88' lang='lat' dir='ltr'><strong>arbitrantes</strong></span> <span class='ocrx_word' id='word_1_406' title='bbox 3463 3033 3624 3087; x_wconf 88' lang='lat' dir='ltr'><strong>posse</strong></span> <span class='ocrx_word' id='word_1_407' title='bbox 3648 3018 3790 3073; x_wconf 91' lang='lat' dir='ltr'><strong>inter</strong></span> 
     </span>
    </p>
   </div>
   <div class='ocr_carea' id='block_1_62' title="bbox 2190 3109 3788 3184">
    <p class='ocr_par' dir='ltr' id='par_1_62' title="bbox 2190 3109 3788 3184">
     <span class='ocr_line' id='line_1_62' title="bbox 2190 3109 3788 3184; baseline -0.003 -16"><span class='ocrx_word' id='word_1_408' title='bbox 2190 3113 2339 3169; x_wconf 86' lang='lat' dir='ltr'><strong>initia</strong></span> <span class='ocrx_word' id='word_1_409' title='bbox 2372 3115 2570 3169; x_wconf 90' lang='lat' dir='ltr'><strong>malum</strong></span> <span class='ocrx_word' id='word_1_410' title='bbox 2599 3113 2913 3184; x_wconf 89' lang='lat' dir='ltr'><strong>comprimi;</strong></span> <span class='ocrx_word' id='word_1_411' title='bbox 2964 3112 3059 3168; x_wconf 89' lang='lat' dir='ltr'><strong>sed</strong></span> <span class='ocrx_word' id='word_1_412' title='bbox 3102 3127 3292 3182; x_wconf 89' lang='lat' dir='ltr'><strong>parum</strong></span> <span class='ocrx_word' id='word_1_413' title='bbox 3349 3112 3498 3165; x_wconf 91' lang='lat' dir='ltr'><strong>sanis</strong></span> <span class='ocrx_word' id='word_1_414' title='bbox 3543 3109 3788 3164; x_wconf 79' lang='lat' dir='ltr'><strong>consiliis</strong></span> 
     </span>
    </p>
   </div>
   <div class='ocr_carea' id='block_1_63' title="bbox 483 3198 3782 3282">
    <p class='ocr_par' dir='ltr' id='par_1_63' title="bbox 483 3198 3782 3282">
     <span class='ocr_line' id='line_1_63' title="bbox 483 3198 3782 3282; baseline 0.001 -30"><span class='ocrx_word' id='word_1_415' title='bbox 483 3198 579 3253; x_wconf 74' lang='lat' dir='ltr'><strong>size</strong></span> <span class='ocrx_word' id='word_1_416' title='bbox 609 3211 662 3255; x_wconf 88' lang='lat' dir='ltr'><strong>et</strong></span> <span class='ocrx_word' id='word_1_417' title='bbox 692 3204 1003 3270; x_wconf 85' lang='lat' dir='ltr'><strong>perturbata</strong></span> <span class='ocrx_word' id='word_1_418' title='bbox 1025 3206 1228 3262; x_wconf 89' lang='lat' dir='ltr'><strong>omnia.</strong></span> <span class='ocrx_word' id='word_1_419' title='bbox 1257 3207 1498 3279; x_wconf 84' lang='lat' dir='ltr'><strong>Namque</strong></span> <span class='ocrx_word' id='word_1_420' title='bbox 1527 3221 1634 3265; x_wconf 89' lang='lat' dir='ltr'><strong>ttnn</strong></span> <span class='ocrx_word' id='word_1_421' title='bbox 1675 3215 1907 3282; x_wconf 79' lang='lat' dir='ltr'><strong>primum</strong></span> <span class='ocrx_word' id='word_1_422' title='bbox 1944 3214 2084 3269; x_wconf 85' lang='lat' dir='ltr'><strong>infa-</strong></span> <span class='ocrx_word' id='word_1_423' title='bbox 2189 3206 2699 3275; x_wconf 65' lang='lat' dir='ltr'><strong>saecularesjndices</strong></span> <span class='ocrx_word' id='word_1_424' title='bbox 2736 3207 2960 3271; x_wconf 88' lang='lat' dir='ltr'><strong>adeunt,</strong></span> <span class='ocrx_word' id='word_1_425' title='bbox 3014 3216 3067 3259; x_wconf 90' lang='lat' dir='ltr'><strong>ut</strong></span> <span class='ocrx_word' id='word_1_426' title='bbox 3109 3219 3296 3258; x_wconf 89' lang='lat' dir='ltr'><strong>eorum</strong></span> <span class='ocrx_word' id='word_1_427' title='bbox 3332 3202 3571 3258; x_wconf 86' lang='lat' dir='ltr'><strong>decretis</strong></span> <span class='ocrx_word' id='word_1_428' title='bbox 3617 3213 3782 3271; x_wconf 85' lang='lat' dir='ltr'><strong>atque</strong></span> 
     </span>
    </p>
   </div>
   <div class='ocr_carea' id='block_1_64' title="bbox 492 3291 2086 3377">
    <p class='ocr_par' dir='ltr' id='par_1_64' title="bbox 492 3291 2086 3377">
     <span class='ocr_line' id='line_1_64' title="bbox 492 3291 2086 3377; baseline 0.013 -34"><span class='ocrx_word' id='word_1_429' title='bbox 492 3291 593 3344; x_wconf 91' lang='lat' dir='ltr'><strong>mis</strong></span> <span class='ocrx_word' id='word_1_430' title='bbox 620 3292 708 3347; x_wconf 93' lang='lat' dir='ltr'><strong>illa</strong></span> <span class='ocrx_word' id='word_1_431' title='bbox 732 3291 1114 3350; x_wconf 87' lang='lat' dir='ltr'><strong>Gnosticorum</strong></span> <span class='ocrx_word' id='word_1_432' title='bbox 1137 3297 1363 3354; x_wconf 80' lang='lat' dir='ltr'><strong>ltzeresis</strong></span> <span class='ocrx_word' id='word_1_433' title='bbox 1394 3301 1535 3356; x_wconf 90' lang='lat' dir='ltr'><strong>intra</strong></span> <span class='ocrx_word' id='word_1_434' title='bbox 1574 3303 1857 3374; x_wconf 80' lang='lat' dir='ltr'><strong>Hispanias</strong></span> <span class='ocrx_word' id='word_1_435' title='bbox 1889 3306 2086 3377; x_wconf 85' lang='lat' dir='ltr'><strong>depre-</strong></span> 
     </span>
    </p>
   </div>
   <div class='ocr_carea' id='block_1_65' title="bbox 489 3383 2089 3456">
    <p class='ocr_par' dir='ltr' id='par_1_65' title="bbox 489 3383 2089 3456">
     <span class='ocr_line' id='line_1_65' title="bbox 489 3383 2089 3456; baseline 0.011 -19"><span class='ocrx_word' id='word_1_436' title='bbox 489 3383 682 3447; x_wconf 84' lang='lat' dir='ltr'><strong>hensa,</strong></span> <span class='ocrx_word' id='word_1_437' title='bbox 711 3389 1024 3455; x_wconf 85' lang='lat' dir='ltr'><strong>superstitio</strong></span> <span class='ocrx_word' id='word_1_438' title='bbox 1054 3384 1352 3445; x_wconf 81' lang='lat' dir='ltr'><strong>exitiabilis</strong></span> <span class='ocrx_word' id='word_1_439' title='bbox 1373 3433 1386 3456; x_wconf 92' lang='lat'><strong>,</strong></span> <span class='ocrx_word' id='word_1_440' title='bbox 1438 3396 1648 3449; x_wconf 89' lang='lat' dir='ltr'><strong>arcanis</strong></span> <span class='ocrx_word' id='word_1_441' title='bbox 1680 3395 1948 3451; x_wconf 87' lang='lat' dir='ltr'><strong>occultata</strong></span> <span class='ocrx_word' id='word_1_442' title='bbox 2001 3397 2089 3454; x_wconf 86' lang='lat' dir='ltr'><strong>se-</strong></span> 
     </span>
    </p>
   </div>
   <div class='ocr_carea' id='block_1_66' title="bbox 489 3476 2087 3559">
    <p class='ocr_par' dir='ltr' id='par_1_66' title="bbox 489 3476 2087 3559">
     <span class='ocr_line' id='line_1_66' title="bbox 489 3476 2087 3559; baseline 0.011 -29"><span class='ocrx_word' id='word_1_443' title='bbox 489 3477 676 3532; x_wconf 79' lang='lat' dir='ltr'><strong>cretis.</strong></span> <span class='ocrx_word' id='word_1_444' title='bbox 715 3476 877 3548; x_wconf 76' lang='lat' dir='ltr'><strong>Origo</strong></span> <span class='ocrx_word' id='word_1_445' title='bbox 921 3483 1078 3537; x_wconf 86' lang='lat' dir='ltr'><strong>istius</strong></span> <span class='ocrx_word' id='word_1_446' title='bbox 1125 3483 1252 3538; x_wconf 90' lang='lat' dir='ltr'><strong>mali</strong></span> <span class='ocrx_word' id='word_1_447' title='bbox 1301 3485 1496 3540; x_wconf 86' lang='lat' dir='ltr'><strong>Oriens</strong></span> <span class='ocrx_word' id='word_1_448' title='bbox 1550 3501 1610 3542; x_wconf 92' lang='lat' dir='ltr'><strong>ac</strong></span> <span class='ocrx_word' id='word_1_449' title='bbox 1642 3487 1928 3559; x_wconf 67' lang='lat' dir='ltr'><strong>Egyptus.</strong></span> <span class='ocrx_word' id='word_1_450' title='bbox 1980 3489 2087 3548; x_wconf 89' lang='lat' dir='ltr'><strong>Sed</strong></span> 
     </span>
    </p>
   </div>
   <div class='ocr_carea' id='block_1_67' title="bbox 487 3571 2084 3641">
    <p class='ocr_par' dir='ltr' id='par_1_67' title="bbox 487 3571 2084 3641">
     <span class='ocr_line' id='line_1_67' title="bbox 487 3571 2084 3641; baseline 0.01 -18"><span class='ocrx_word' id='word_1_451' title='bbox 487 3573 683 3639; x_wconf 79' lang='lat' dir='ltr'><strong>quibus</strong></span> <span class='ocrx_word' id='word_1_452' title='bbox 713 3571 785 3625; x_wconf 86' lang='lat' dir='ltr'><strong>ibi</strong></span> <span class='ocrx_word' id='word_1_453' title='bbox 817 3573 984 3628; x_wconf 87' lang='lat' dir='ltr'><strong>initiis</strong></span> <span class='ocrx_word' id='word_1_454' title='bbox 1003 3577 1288 3641; x_wconf 85' lang='lat' dir='ltr'><strong>eoaluerit,</strong></span> <span class='ocrx_word' id='word_1_455' title='bbox 1322 3575 1459 3633; x_wconf 89' lang='lat' dir='ltr'><strong>haud</strong></span> <span class='ocrx_word' id='word_1_456' title='bbox 1490 3577 1647 3633; x_wconf 88' lang='lat' dir='ltr'><strong>facile</strong></span> <span class='ocrx_word' id='word_1_457' title='bbox 1677 3590 1755 3634; x_wconf 87' lang='lat' dir='ltr'><strong>est</strong></span> <span class='ocrx_word' id='word_1_458' title='bbox 1791 3579 2084 3639; x_wconf 66' lang='lat' dir='ltr'><strong>disserere.</strong></span> 
     </span>
    </p>
   </div>
   <div class='ocr_carea' id='block_1_68' title="bbox 487 3657 2088 3746">
    <p class='ocr_par' dir='ltr' id='par_1_68' title="bbox 487 3657 2088 3746">
     <span class='ocr_line' id='line_1_68' title="bbox 487 3657 2088 3746; baseline 0.009 -28"><span class='ocrx_word' id='word_1_459' title='bbox 487 3661 702 3720; x_wconf 83' lang='lat' dir='ltr'><strong>Primus</strong></span> <span class='ocrx_word' id='word_1_460' title='bbox 731 3673 849 3722; x_wconf 86' lang='lat' dir='ltr'><strong>eam</strong></span> <span class='ocrx_word' id='word_1_461' title='bbox 884 3671 1021 3724; x_wconf 90' lang='lat' dir='ltr'><strong>intra</strong></span> <span class='ocrx_word' id='word_1_462' title='bbox 1055 3657 1340 3740; x_wconf 87' lang='lat' dir='ltr'><strong>Ilispantas</strong></span> <span class='ocrx_word' id='word_1_463' title='bbox 1380 3673 1589 3728; x_wconf 78' lang='lat' dir='ltr'><strong>Marcus</strong></span> <span class='ocrx_word' id='word_1_464' title='bbox 1615 3674 1817 3740; x_wconf 81' lang='lat' dir='ltr'><strong>int&#39;ulit,</strong></span> <span class='ocrx_word' id='word_1_465' title='bbox 1849 3673 2088 3746; x_wconf 62' lang='lat' dir='ltr'><strong>Egypto</strong></span> 
     </span>
    </p>
   </div>
   <div class='ocr_carea' id='block_1_69' title="bbox 489 3757 2088 3839">
    <p class='ocr_par' dir='ltr' id='par_1_69' title="bbox 489 3757 2088 3839">
     <span class='ocr_line' id='line_1_69' title="bbox 489 3757 2088 3839; baseline 0.009 -29"><span class='ocrx_word' id='word_1_466' title='bbox 489 3757 805 3828; x_wconf 88' lang='lat' dir='ltr'><strong>profectus,</strong></span> <span class='ocrx_word' id='word_1_467' title='bbox 858 3760 1091 3839; x_wconf 83' lang='lat' dir='ltr'><strong>Memphi</strong></span> <span class='ocrx_word' id='word_1_468' title='bbox 1155 3771 1325 3819; x_wconf 80' lang='lat' dir='ltr'><strong>Ortus.</strong></span> <span class='ocrx_word' id='word_1_469' title='bbox 1390 3766 1557 3835; x_wconf 77' lang='lat' dir='ltr'><strong>I-Iujus</strong></span> <span class='ocrx_word' id='word_1_470' title='bbox 1602 3761 1878 3824; x_wconf 87' lang='lat' dir='ltr'><strong>auditores</strong></span> <span class='ocrx_word' id='word_1_471' title='bbox 1931 3770 2088 3825; x_wconf 89' lang='lat' dir='ltr'><strong>fuere</strong></span> 
     </span>
    </p>
   </div>
   <div class='ocr_carea' id='block_1_70' title="bbox 488 3849 2085 3931">
    <p class='ocr_par' dir='ltr' id='par_1_70' title="bbox 488 3849 2085 3931">
     <span class='ocr_line' id='line_1_70' title="bbox 488 3849 2085 3931; baseline 0.009 -28"><span class='ocrx_word' id='word_1_472' title='bbox 488 3849 675 3922; x_wconf 82' lang='lat' dir='ltr'><strong>Agape</strong></span> <span class='ocrx_word' id='word_1_473' title='bbox 698 3853 942 3921; x_wconf 83' lang='lat' dir='ltr'><strong>quaedam</strong></span> <span class='ocrx_word' id='word_1_474' title='bbox 973 3863 1081 3910; x_wconf 79' lang='lat' dir='ltr'><strong>non</strong></span> <span class='ocrx_word' id='word_1_475' title='bbox 1113 3854 1368 3928; x_wconf 77' lang='lat' dir='ltr'><strong>ignobilis</strong></span> <span class='ocrx_word' id='word_1_476' title='bbox 1396 3859 1592 3914; x_wconf 77' lang='lat' dir='ltr'><strong>mulier</strong></span> <span class='ocrx_word' id='word_1_477' title='bbox 1623 3869 1678 3914; x_wconf 92' lang='lat' dir='ltr'><strong>et</strong></span> <span class='ocrx_word' id='word_1_478' title='bbox 1716 3863 1908 3916; x_wconf 89' lang='lat' dir='ltr'><strong>rhetor</strong></span> <span class='ocrx_word' id='word_1_479' title='bbox 1934 3859 2085 3931; x_wconf 80' lang='lat' dir='ltr'><strong>Elpi-</strong></span> 
     </span>
    </p>
   </div>
   <div class='ocr_carea' id='block_1_71' title="bbox 487 3943 2087 4016">
    <p class='ocr_par' dir='ltr' id='par_1_71' title="bbox 487 3943 2087 4016">
     <span class='ocr_line' id='line_1_71' title="bbox 487 3943 2087 4016; baseline 0.011 -20"><span class='ocrx_word' id='word_1_480' title='bbox 487 3943 628 3998; x_wconf 89' lang='lat' dir='ltr'><strong>dius.</strong></span> <span class='ocrx_word' id='word_1_481' title='bbox 667 3947 745 3998; x_wconf 77' lang='lat' dir='ltr'><strong>Ab</strong></span> <span class='ocrx_word' id='word_1_482' title='bbox 767 3946 851 4000; x_wconf 87' lang='lat' dir='ltr'><strong>his</strong></span> <span class='ocrx_word' id='word_1_483' title='bbox 884 3947 1257 4004; x_wconf 90' lang='lat' dir='ltr'><strong>Priscillianus</strong></span> <span class='ocrx_word' id='word_1_484' title='bbox 1289 3947 1371 4006; x_wconf 78' lang='lat' dir='ltr'><strong>est</strong></span> <span class='ocrx_word' id='word_1_485' title='bbox 1401 3952 1704 4016; x_wconf 87' lang='lat' dir='ltr'><strong>institutus,</strong></span> <span class='ocrx_word' id='word_1_486' title='bbox 1745 3949 1948 4008; x_wconf 85' lang='lat' dir='ltr'><strong>familia</strong></span> <span class='ocrx_word' id='word_1_487' title='bbox 1985 3972 2087 4012; x_wconf 84' lang='lat' dir='ltr'><strong>no-</strong></span> 
     </span>
    </p>
   </div>
   <div class='ocr_carea' id='block_1_72' title="bbox 491 4035 2087 4113">
    <p class='ocr_par' dir='ltr' id='par_1_72' title="bbox 491 4035 2087 4113">
     <span class='ocr_line' id='line_1_72' title="bbox 491 4035 2087 4113; baseline 0.011 -26"><span class='ocrx_word' id='word_1_488' title='bbox 491 4035 637 4100; x_wconf 72' lang='lat' dir='ltr'><strong>bilis,</strong></span> <span class='ocrx_word' id='word_1_489' title='bbox 659 4037 924 4104; x_wconf 64' lang='lat' dir='ltr'><strong>pra-dives</strong></span> <span class='ocrx_word' id='word_1_490' title='bbox 951 4039 1165 4108; x_wconf 78' lang='lat' dir='ltr'><strong>opibus,</strong></span> <span class='ocrx_word' id='word_1_491' title='bbox 1187 4057 1331 4104; x_wconf 89' lang='lat' dir='ltr'><strong>acer,</strong></span> <span class='ocrx_word' id='word_1_492' title='bbox 1356 4040 1590 4113; x_wconf 83' lang='lat' dir='ltr'><strong>inquies,</strong></span> <span class='ocrx_word' id='word_1_493' title='bbox 1607 4044 1894 4110; x_wconf 85' lang='lat' dir='ltr'><strong>facundus,</strong></span> <span class='ocrx_word' id='word_1_494' title='bbox 1917 4045 2087 4104; x_wconf 87' lang='lat' dir='ltr'><strong>multa</strong></span> 
     </span>
    </p>
   </div>
   <div class='ocr_carea' id='block_1_73' title="bbox 485 4127 2089 4212">
    <p class='ocr_par' dir='ltr' id='par_1_73' title="bbox 485 4127 2089 4212">
     <span class='ocr_line' id='line_1_73' title="bbox 485 4127 2089 4212; baseline 0.011 -33"><span class='ocrx_word' id='word_1_495' title='bbox 485 4127 720 4183; x_wconf 83' lang='lat' dir='ltr'><strong>lectione</strong></span> <span class='ocrx_word' id='word_1_496' title='bbox 747 4130 1010 4196; x_wconf 84' lang='lat' dir='ltr'><strong>eruditus,</strong></span> <span class='ocrx_word' id='word_1_497' title='bbox 1047 4131 1348 4190; x_wconf 85' lang='lat' dir='ltr'><strong>disserendi</strong></span> <span class='ocrx_word' id='word_1_498' title='bbox 1379 4151 1441 4190; x_wconf 86' lang='lat' dir='ltr'><strong>ac</strong></span> <span class='ocrx_word' id='word_1_499' title='bbox 1463 4135 1769 4206; x_wconf 86' lang='lat' dir='ltr'><strong>disputandi</strong></span> <span class='ocrx_word' id='word_1_500' title='bbox 1797 4136 2089 4212; x_wconf 77' lang='lat' dir='ltr'><strong>promptis-</strong></span> 
     </span>
    </p>
   </div>
   <div class='ocr_carea' id='block_1_74' title="bbox 489 4223 2087 4307">
    <p class='ocr_par' dir='ltr' id='par_1_74' title="bbox 489 4223 2087 4307">
     <span class='ocr_line' id='line_1_74' title="bbox 489 4223 2087 4307; baseline 0.011 -32"><span class='ocrx_word' id='word_1_501' title='bbox 489 4223 658 4278; x_wconf 76' lang='lat' dir='ltr'><strong>simus</strong></span> <span class='ocrx_word' id='word_1_502' title='bbox 691 4243 704 4277; x_wconf 91' lang='lat'><strong>:</strong></span> <span class='ocrx_word' id='word_1_503' title='bbox 735 4224 867 4282; x_wconf 83' lang='lat' dir='ltr'><strong>felix</strong></span> <span class='ocrx_word' id='word_1_504' title='bbox 889 4227 1155 4299; x_wconf 79' lang='lat' dir='ltr'><strong>profecto,</strong></span> <span class='ocrx_word' id='word_1_505' title='bbox 1187 4231 1232 4286; x_wconf 89' lang='lat' dir='ltr'><strong>si</strong></span> <span class='ocrx_word' id='word_1_506' title='bbox 1268 4229 1374 4286; x_wconf 89' lang='lat' dir='ltr'><strong>non</strong></span> <span class='ocrx_word' id='word_1_507' title='bbox 1409 4245 1573 4302; x_wconf 87' lang='lat' dir='ltr'><strong>pravo</strong></span> <span class='ocrx_word' id='word_1_508' title='bbox 1599 4233 1777 4288; x_wconf 88' lang='lat' dir='ltr'><strong>studio</strong></span> <span class='ocrx_word' id='word_1_509' title='bbox 1806 4233 2087 4307; x_wconf 74' lang='lat' dir='ltr'><strong>corrupis-</strong></span> 
     </span>
    </p>
   </div>
   <div class='ocr_carea' id='block_1_75' title="bbox 491 4319 2091 4391">
    <p class='ocr_par' dir='ltr' id='par_1_75' title="bbox 491 4319 2091 4391">
     <span class='ocr_line' id='line_1_75' title="bbox 491 4319 2091 4391; baseline 0.012 -23"><span class='ocrx_word' id='word_1_510' title='bbox 491 4325 572 4371; x_wconf 87' lang='lat' dir='ltr'><strong>set</strong></span> <span class='ocrx_word' id='word_1_511' title='bbox 597 4319 859 4384; x_wconf 83' lang='lat' dir='ltr'><strong>optimum</strong></span> <span class='ocrx_word' id='word_1_512' title='bbox 893 4322 1192 4391; x_wconf 82' lang='lat' dir='ltr'><strong>ingenium.</strong></span> <span class='ocrx_word' id='word_1_513' title='bbox 1217 4322 1452 4379; x_wconf 85' lang='lat' dir='ltr'><strong>Pt&#39;Orsus</strong></span> <span class='ocrx_word' id='word_1_514' title='bbox 1476 4325 1645 4380; x_wconf 87' lang='lat' dir='ltr'><strong>multa</strong></span> <span class='ocrx_word' id='word_1_515' title='bbox 1671 4327 1723 4382; x_wconf 83' lang='lat' dir='ltr'><strong>in</strong></span> <span class='ocrx_word' id='word_1_516' title='bbox 1748 4326 1813 4384; x_wconf 81' lang='lat' dir='ltr'><strong>eo</strong></span> <span class='ocrx_word' id='word_1_517' title='bbox 1835 4331 2004 4384; x_wconf 80' lang='lat' dir='ltr'><strong>animi</strong></span> <span class='ocrx_word' id='word_1_518' title='bbox 2034 4334 2091 4386; x_wconf 86' lang='lat' dir='ltr'><strong>ét</strong></span> 
     </span>
    </p>
   </div>
   <div class='ocr_carea' id='block_1_76' title="bbox 489 4413 2088 4486">
    <p class='ocr_par' dir='ltr' id='par_1_76' title="bbox 489 4413 2088 4486">
     <span class='ocr_line' id='line_1_76' title="bbox 489 4413 2088 4486; baseline 0.014 -28"><span class='ocrx_word' id='word_1_519' title='bbox 489 4414 733 4478; x_wconf 84' lang='lat' dir='ltr'><strong>corporis</strong></span> <span class='ocrx_word' id='word_1_520' title='bbox 765 4413 903 4468; x_wconf 81' lang='lat' dir='ltr'><strong>bena</strong></span> <span class='ocrx_word' id='word_1_521' title='bbox 936 4431 1229 4472; x_wconf 89' lang='lat' dir='ltr'><strong>cerneres:</strong></span> <span class='ocrx_word' id='word_1_522' title='bbox 1266 4415 1488 4486; x_wconf 75' lang='lat' dir='ltr'><strong>vigilare</strong></span> <span class='ocrx_word' id='word_1_523' title='bbox 1513 4417 1767 4486; x_wconf 87' lang='lat' dir='ltr'><strong>multum,</strong></span> <span class='ocrx_word' id='word_1_524' title='bbox 1799 4421 1994 4478; x_wconf 84' lang='lat' dir='ltr'><strong>famem</strong></span> <span class='ocrx_word' id='word_1_525' title='bbox 2026 4425 2088 4480; x_wconf 83' lang='lat' dir='ltr'><strong>a&#39;c</strong></span> 
     </span>
    </p>
   </div>
   <div class='ocr_carea' id='block_1_77' title="bbox 486 4501 2087 4582">
    <p class='ocr_par' dir='ltr' id='par_1_77' title="bbox 486 4501 2087 4582">
     <span class='ocr_line' id='line_1_77' title="bbox 486 4501 2087 4582; baseline 0.009 -25"><span class='ocrx_word' id='word_1_526' title='bbox 486 4501 631 4557; x_wconf 81' lang='lat' dir='ltr'><strong>sitim</strong></span> <span class='ocrx_word' id='word_1_527' title='bbox 660 4503 804 4561; x_wconf 81' lang='lat' dir='ltr'><strong>ferre</strong></span> <span class='ocrx_word' id='word_1_528' title='bbox 833 4509 1048 4577; x_wconf 85' lang='lat' dir='ltr'><strong>poterat</strong></span> <span class='ocrx_word' id='word_1_529' title='bbox 1082 4525 1095 4563; x_wconf 90' lang='lat'><strong>:</strong></span> <span class='ocrx_word' id='word_1_530' title='bbox 1126 4509 1355 4565; x_wconf 87' lang='lat' dir='ltr'><strong>habendi</strong></span> <span class='ocrx_word' id='word_1_531' title='bbox 1378 4511 1598 4566; x_wconf 92' lang='lat' dir='ltr'><strong>minime</strong></span> <span class='ocrx_word' id='word_1_532' title='bbox 1621 4511 1872 4582; x_wconf 80' lang='lat' dir='ltr'><strong>capidus,</strong></span> <span class='ocrx_word' id='word_1_533' title='bbox 1899 4515 2087 4571; x_wconf 89' lang='lat' dir='ltr'><strong>utendi</strong></span> 
     </span>
    </p>
   </div>
   <div class='ocr_carea' id='block_1_78' title="bbox 2191 3295 3787 3366">
    <p class='ocr_par' dir='ltr' id='par_1_78' title="bbox 2191 3295 3787 3366">
     <span class='ocr_line' id='line_1_78' title="bbox 2191 3295 3787 3366; baseline -0.004 -11"><span class='ocrx_word' id='word_1_534' title='bbox 2191 3301 2630 3356; x_wconf 89' lang='lat' dir='ltr'><strong>exsecutionibus</strong></span> <span class='ocrx_word' id='word_1_535' title='bbox 2657 3297 2899 3355; x_wconf 72' lang='lat' dir='ltr'><strong>hsrrelici</strong></span> <span class='ocrx_word' id='word_1_536' title='bbox 2944 3297 3168 3354; x_wconf 90' lang='lat' dir='ltr'><strong>urbibus</strong></span> <span class='ocrx_word' id='word_1_537' title='bbox 3210 3298 3568 3366; x_wconf 81' lang='lat' dir='ltr'><strong>pellerentur.</strong></span> <span class='ocrx_word' id='word_1_538' title='bbox 3618 3295 3787 3365; x_wconf 81' lang='lat' dir='ltr'><strong>Igitur</strong></span> 
     </span>
    </p>
   </div>
   <div class='ocr_carea' id='block_1_79' title="bbox 2189 3391 3788 3466">
    <p class='ocr_par' dir='ltr' id='par_1_79' title="bbox 2189 3391 3788 3466">
     <span class='ocr_line' id='line_1_79' title="bbox 2189 3391 3788 3466; baseline -0.001 -18"><span class='ocrx_word' id='word_1_539' title='bbox 2189 3393 2309 3466; x_wconf 81' lang='lat' dir='ltr'><strong>post</strong></span> <span class='ocrx_word' id='word_1_540' title='bbox 2352 3397 2515 3450; x_wconf 88' lang='lat' dir='ltr'><strong>multa</strong></span> <span class='ocrx_word' id='word_1_541' title='bbox 2557 3401 2611 3449; x_wconf 88' lang='lat' dir='ltr'><strong>et</strong></span> <span class='ocrx_word' id='word_1_542' title='bbox 2657 3394 2796 3449; x_wconf 80' lang='lat' dir='ltr'><strong>fmda</strong></span> <span class='ocrx_word' id='word_1_543' title='bbox 2842 3395 3168 3458; x_wconf 89' lang='lat' dir='ltr'><strong>certamina,</strong></span> <span class='ocrx_word' id='word_1_544' title='bbox 3225 3391 3400 3447; x_wconf 87' lang='lat' dir='ltr'><strong>Idacio</strong></span> <span class='ocrx_word' id='word_1_545' title='bbox 3446 3392 3788 3462; x_wconf 82' lang='lat' dir='ltr'><strong>supplicante</strong></span> 
     </span>
    </p>
   </div>
   <div class='ocr_carea' id='block_1_80' title="bbox 2191 3485 3789 3560">
    <p class='ocr_par' dir='ltr' id='par_1_80' title="bbox 2191 3485 3789 3560">
     <span class='ocr_line' id='line_1_80' title="bbox 2191 3485 3789 3560; baseline -0.002 -18"><span class='ocrx_word' id='word_1_546' title='bbox 2191 3487 2453 3543; x_wconf 81' lang='lat' dir='ltr'><strong>elicitura</strong></span> <span class='ocrx_word' id='word_1_547' title='bbox 2481 3487 2738 3543; x_wconf 89' lang='lat' dir='ltr'><strong>Gratiano</strong></span> <span class='ocrx_word' id='word_1_548' title='bbox 2762 3491 2873 3540; x_wconf 88' lang='lat' dir='ltr'><strong>tum</strong></span> <span class='ocrx_word' id='word_1_549' title='bbox 2915 3485 3248 3556; x_wconf 78' lang='lat' dir='ltr'><strong>imperatore</strong></span> <span class='ocrx_word' id='word_1_550' title='bbox 3289 3485 3636 3560; x_wconf 60' lang='lat' dir='ltr'><strong>rescriptum,</strong></span> <span class='ocrx_word' id='word_1_551' title='bbox 3680 3500 3789 3554; x_wconf 90' lang='lat' dir='ltr'><strong>quo</strong></span> 
     </span>
    </p>
   </div>
   <div class='ocr_carea' id='block_1_81' title="bbox 2191 3571 3790 3640">
    <p class='ocr_par' dir='ltr' id='par_1_81' title="bbox 2191 3571 3790 3640">
     <span class='ocr_line' id='line_1_81' title="bbox 2191 3571 3790 3640; baseline 0 -2"><span class='ocrx_word' id='word_1_552' title='bbox 2191 3571 2430 3640; x_wconf 81' lang='lat' dir='ltr'><strong>&#39;nni&#39;versi</strong></span> <span class='ocrx_word' id='word_1_553' title='bbox 2461 3584 2699 3640; x_wconf 71' lang='lat' dir='ltr'><strong>liter-elici</strong></span> <span class='ocrx_word' id='word_1_554' title='bbox 2732 3584 2998 3639; x_wconf 79' lang='lat' dir='ltr'><strong>excedere</strong></span> <span class='ocrx_word' id='word_1_555' title='bbox 3041 3600 3146 3637; x_wconf 92' lang='lat' dir='ltr'><strong>non</strong></span> <span class='ocrx_word' id='word_1_556' title='bbox 3179 3584 3432 3638; x_wconf 86' lang='lat' dir='ltr'><strong>ecclesiis</strong></span> <span class='ocrx_word' id='word_1_557' title='bbox 3459 3581 3668 3636; x_wconf 81' lang='lat' dir='ltr'><strong>tantum</strong></span> <span class='ocrx_word' id='word_1_558' title='bbox 3697 3574 3790 3638; x_wconf 86' lang='lat' dir='ltr'><strong>aut</strong></span> 
     </span>
    </p>
   </div>
   <div class='ocr_carea' id='block_1_82' title="bbox 2195 3672 3785 3745">
    <p class='ocr_par' dir='ltr' id='par_1_82' title="bbox 2195 3672 3785 3745">
     <span class='ocr_line' id='line_1_82' title="bbox 2195 3672 3785 3745; baseline -0.003 -11"><span class='ocrx_word' id='word_1_559' title='bbox 2195 3678 2418 3734; x_wconf 87' lang='lat' dir='ltr'><strong>urbibus</strong></span> <span class='ocrx_word' id='word_1_560' title='bbox 2438 3720 2453 3745; x_wconf 94' lang='lat'><strong>,</strong></span> <span class='ocrx_word' id='word_1_561' title='bbox 2481 3675 2573 3733; x_wconf 87' lang='lat' dir='ltr'><strong>sed</strong></span> <span class='ocrx_word' id='word_1_562' title='bbox 2595 3687 2746 3733; x_wconf 85' lang='lat' dir='ltr'><strong>extra</strong></span> <span class='ocrx_word' id='word_1_563' title='bbox 2769 3693 2956 3733; x_wconf 90' lang='lat' dir='ltr'><strong>omnes</strong></span> <span class='ocrx_word' id='word_1_564' title='bbox 2980 3685 3154 3732; x_wconf 78' lang='lat' dir='ltr'><strong>terras</strong></span> <span class='ocrx_word' id='word_1_565' title='bbox 3188 3672 3412 3744; x_wconf 83' lang='lat' dir='ltr'><strong>propelli</strong></span> <span class='ocrx_word' id='word_1_566' title='bbox 3430 3674 3785 3743; x_wconf 84' lang='lat' dir='ltr'><strong>jubebantur.</strong></span> 
     </span>
    </p>
   </div>
   <div class='ocr_carea' id='block_1_83' title="bbox 2193 3765 3786 3842">
    <p class='ocr_par' dir='ltr' id='par_1_83' title="bbox 2193 3765 3786 3842">
     <span class='ocr_line' id='line_1_83' title="bbox 2193 3765 3786 3842; baseline -0.001 -17"><span class='ocrx_word' id='word_1_567' title='bbox 2193 3772 2308 3839; x_wconf 84' lang='lat' dir='ltr'><strong>Quo</strong></span> <span class='ocrx_word' id='word_1_568' title='bbox 2333 3769 2631 3842; x_wconf 83' lang='lat' dir='ltr'><strong>comperto,</strong></span> <span class='ocrx_word' id='word_1_569' title='bbox 2669 3770 2912 3826; x_wconf 88' lang='lat' dir='ltr'><strong>Gnostici</strong></span> <span class='ocrx_word' id='word_1_570' title='bbox 2944 3769 3108 3824; x_wconf 84' lang='lat' dir='ltr'><strong>diffisi</strong></span> <span class='ocrx_word' id='word_1_571' title='bbox 3141 3767 3304 3822; x_wconf 88' lang='lat' dir='ltr'><strong>rebus</strong></span> <span class='ocrx_word' id='word_1_572' title='bbox 3337 3765 3472 3830; x_wconf 79' lang='lat' dir='ltr'><strong>suis,</strong></span> <span class='ocrx_word' id='word_1_573' title='bbox 3522 3781 3628 3820; x_wconf 91' lang='lat' dir='ltr'><strong>non</strong></span> <span class='ocrx_word' id='word_1_574' title='bbox 3667 3768 3786 3824; x_wconf 84' lang='lat' dir='ltr'><strong>ausi</strong></span> 
     </span>
    </p>
   </div>
   <div class='ocr_carea' id='block_1_84' title="bbox 2185 3857 3786 3934">
    <p class='ocr_par' dir='ltr' id='par_1_84' title="bbox 2185 3857 3786 3934">
     <span class='ocr_line' id='line_1_84' title="bbox 2185 3857 3786 3934; baseline -0.001 -19"><span class='ocrx_word' id='word_1_575' title='bbox 2185 3863 2390 3934; x_wconf 83' lang='lat' dir='ltr'><strong>judicio</strong></span> <span class='ocrx_word' id='word_1_576' title='bbox 2417 3875 2646 3928; x_wconf 87' lang='lat' dir='ltr'><strong>certare,</strong></span> <span class='ocrx_word' id='word_1_577' title='bbox 2681 3873 2874 3932; x_wconf 85' lang='lat' dir='ltr'><strong>sponte</strong></span> <span class='ocrx_word' id='word_1_578' title='bbox 2889 3878 3107 3916; x_wconf 87' lang='lat' dir='ltr'><strong>cessere</strong></span> <span class='ocrx_word' id='word_1_579' title='bbox 3129 3859 3219 3931; x_wconf 90' lang='lat' dir='ltr'><strong>qui</strong></span> <span class='ocrx_word' id='word_1_580' title='bbox 3243 3858 3491 3929; x_wconf 87' lang='lat' dir='ltr'><strong>episcopi</strong></span> <span class='ocrx_word' id='word_1_581' title='bbox 3516 3857 3786 3915; x_wconf 60' lang='lat' dir='ltr'><strong>videbanc</strong></span> 
     </span>
    </p>
   </div>
   <div class='ocr_carea' id='block_1_85' title="bbox 2194 3953 3098 4024">
    <p class='ocr_par' dir='ltr' id='par_1_85' title="bbox 2194 3953 3098 4024">
     <span class='ocr_line' id='line_1_85' title="bbox 2194 3953 3098 4024; baseline -0.003 -14"><span class='ocrx_word' id='word_1_582' title='bbox 2194 3963 2278 4010; x_wconf 81' lang='lat' dir='ltr'><strong>tur</strong></span> <span class='ocrx_word' id='word_1_583' title='bbox 2310 3975 2322 4008; x_wconf 88' lang='lat'><strong>:</strong></span> <span class='ocrx_word' id='word_1_584' title='bbox 2351 3965 2578 4012; x_wconf 72' lang='lat' dir='ltr'><strong>‘czele‘ros</strong></span> <span class='ocrx_word' id='word_1_585' title='bbox 2627 3965 2801 4011; x_wconf 86' lang='lat' dir='ltr'><strong>metus</strong></span> <span class='ocrx_word' id='word_1_586' title='bbox 2823 3953 3098 4024; x_wconf 74' lang='lat' dir='ltr'><strong>dISpersit.</strong></span> 
     </span>
    </p>
   </div>
   <div class='ocr_carea' id='block_1_86' title="bbox 2265 4035 3787 4114">
    <p class='ocr_par' dir='ltr' id='par_1_86' title="bbox 2265 4035 3787 4114">
     <span class='ocr_line' id='line_1_86' title="bbox 2265 4035 3787 4114; baseline -0.001 -11"><span class='ocrx_word' id='word_1_587' title='bbox 2265 4047 2498 4103; x_wconf 71' lang='lat' dir='ltr'><strong>XLVIII.</strong></span> <span class='ocrx_word' id='word_1_588' title='bbox 2543 4035 2613 4102; x_wconf 80' lang='grc' dir='ltr'>Ᾱι</span> <span class='ocrx_word' id='word_1_589' title='bbox 2643 4057 2752 4102; x_wconf 83' lang='grc' dir='ltr'>ιυιιι</span> <span class='ocrx_word' id='word_1_590' title='bbox 2799 4046 3118 4114; x_wconf 87' lang='lat' dir='ltr'><strong>Instantius,</strong></span> <span class='ocrx_word' id='word_1_591' title='bbox 3169 4046 3460 4104; x_wconf 64' lang='lat' dir='ltr'><strong>Salvianm</strong></span> <span class='ocrx_word' id='word_1_592' title='bbox 3486 4058 3540 4104; x_wconf 87' lang='lat' dir='ltr'><strong>et</strong></span> <span class='ocrx_word' id='word_1_593' title='bbox 3570 4047 3787 4103; x_wconf 83' lang='lat' dir='ltr'><strong>Priscil-</strong></span> 
     </span>
    </p>
   </div>
   <div class='ocr_carea' id='block_1_87' title="bbox 2192 4123 3787 4210">
    <p class='ocr_par' dir='ltr' id='par_1_87' title="bbox 2192 4123 3787 4210">
     <span class='ocr_line' id='line_1_87' title="bbox 2192 4123 3787 4210; baseline 0 -15"><span class='ocrx_word' id='word_1_594' title='bbox 2192 4133 2366 4197; x_wconf 86' lang='lat' dir='ltr'><strong>Iiaous</strong></span> <span class='ocrx_word' id='word_1_595' title='bbox 2393 4123 2620 4197; x_wconf 75' lang='lat' dir='ltr'><strong>Romam</strong></span> <span class='ocrx_word' id='word_1_596' title='bbox 2663 4140 2910 4210; x_wconf 82' lang='lat' dir='ltr'><strong>profecti,</strong></span> <span class='ocrx_word' id='word_1_597' title='bbox 2945 4150 3001 4195; x_wconf 91' lang='lat' dir='ltr'><strong>ut</strong></span> <span class='ocrx_word' id='word_1_598' title='bbox 3027 4140 3167 4209; x_wconf 86' lang='lat' dir='ltr'><strong>apud</strong></span> <span class='ocrx_word' id='word_1_599' title='bbox 3206 4141 3496 4196; x_wconf 85' lang='lat' dir='ltr'><strong>Damasum</strong></span> <span class='ocrx_word' id='word_1_600' title='bbox 3533 4137 3696 4197; x_wconf 79' lang='lat' dir='ltr'><strong>Urbis</strong></span> <span class='ocrx_word' id='word_1_601' title='bbox 3723 4155 3787 4196; x_wconf 84' lang='lat' dir='ltr'><strong>ea</strong></span> 
     </span>
    </p>
   </div>
   <div class='ocr_carea' id='block_1_88' title="bbox 2193 4230 3788 4305">
    <p class='ocr_par' dir='ltr' id='par_1_88' title="bbox 2193 4230 3788 4305">
     <span class='ocr_line' id='line_1_88' title="bbox 2193 4230 3788 4305; baseline -0.001 -15"><span class='ocrx_word' id='word_1_602' title='bbox 2193 4230 2513 4304; x_wconf 80' lang='lat' dir='ltr'><strong>tempeSIate</strong></span> <span class='ocrx_word' id='word_1_603' title='bbox 2535 4235 2846 4305; x_wconf 81' lang='lat' dir='ltr'><strong>episcOpem</strong></span> <span class='ocrx_word' id='word_1_604' title='bbox 2871 4235 3080 4305; x_wconf 89' lang='lat' dir='ltr'><strong>objecta</strong></span> <span class='ocrx_word' id='word_1_605' title='bbox 3109 4242 3437 4305; x_wconf 79' lang='lat' dir='ltr'><strong>purgarent;</strong></span> <span class='ocrx_word' id='word_1_606' title='bbox 3471 4235 3564 4289; x_wconf 89' lang='lat' dir='ltr'><strong>sed</strong></span> <span class='ocrx_word' id='word_1_607' title='bbox 3592 4238 3693 4289; x_wconf 86' lang='lat' dir='ltr'><strong>iter</strong></span> <span class='ocrx_word' id='word_1_608' title='bbox 3707 4235 3788 4290; x_wconf 81' lang='lat' dir='ltr'><strong>eis</strong></span> 
     </span>
    </p>
   </div>
   <div class='ocr_carea' id='block_1_89' title="bbox 2194 4317 3786 4400">
    <p class='ocr_par' dir='ltr' id='par_1_89' title="bbox 2194 4317 3786 4400">
     <span class='ocr_line' id='line_1_89' title="bbox 2194 4317 3786 4400; baseline -0.001 -16"><span class='ocrx_word' id='word_1_609' title='bbox 2194 4330 2391 4400; x_wconf 80' lang='lat' dir='ltr'><strong>praeter</strong></span> <span class='ocrx_word' id='word_1_610' title='bbox 2419 4331 2730 4385; x_wconf 85' lang='lat' dir='ltr'><strong>interiorem</strong></span> <span class='ocrx_word' id='word_1_611' title='bbox 2758 4330 3096 4400; x_wconf 82' lang='lat' dir='ltr'><strong>Aquitaniam</strong></span> <span class='ocrx_word' id='word_1_612' title='bbox 3128 4327 3248 4396; x_wconf 76' lang='lat' dir='ltr'><strong>fuit,</strong></span> <span class='ocrx_word' id='word_1_613' title='bbox 3305 4317 3396 4384; x_wconf 89' lang='lat' dir='ltr'><strong>ubi</strong></span> <span class='ocrx_word' id='word_1_614' title='bbox 3428 4337 3540 4384; x_wconf 86' lang='lat' dir='ltr'><strong>tum</strong></span> <span class='ocrx_word' id='word_1_615' title='bbox 3571 4330 3639 4384; x_wconf 84' lang='lat' dir='ltr'><strong>ab</strong></span> <span class='ocrx_word' id='word_1_616' title='bbox 3683 4327 3786 4383; x_wconf 89' lang='lat' dir='ltr'><strong>im-</strong></span> 
     </span>
    </p>
   </div>
   <div class='ocr_carea' id='block_1_90' title="bbox 2190 4416 3780 4493">
    <p class='ocr_par' dir='ltr' id='par_1_90' title="bbox 2190 4416 3780 4493">
     <span class='ocr_line' id='line_1_90' title="bbox 2190 4416 3780 4493; baseline -0.003 -15"><span class='ocrx_word' id='word_1_617' title='bbox 2190 4416 2380 4493; x_wconf 77' lang='lat' dir='ltr'><strong>peritis</strong></span> <span class='ocrx_word' id='word_1_618' title='bbox 2410 4421 2694 4492; x_wconf 81' lang='lat' dir='ltr'><strong>magniﬁce</strong></span> <span class='ocrx_word' id='word_1_619' title='bbox 2719 4428 2977 4490; x_wconf 85' lang='lat' dir='ltr'><strong>suscepti.</strong></span> <span class='ocrx_word' id='word_1_620' title='bbox 3006 4437 3258 4492; x_wconf 87' lang='lat' dir='ltr'><strong>sparsere</strong></span> <span class='ocrx_word' id='word_1_621' title='bbox 3283 4417 3526 4491; x_wconf 73' lang='lat' dir='ltr'><strong>pe&#39;rIIdue</strong></span> <span class='ocrx_word' id='word_1_622' title='bbox 3551 4422 3780 4484; x_wconf 81' lang='lat' dir='ltr'><strong>semina,</strong></span> 
     </span>
    </p>
   </div>
   <div class='ocr_carea' id='block_1_91' title="bbox 2196 4513 3786 4585">
    <p class='ocr_par' dir='ltr' id='par_1_91' title="bbox 2196 4513 3786 4585">
     <span class='ocr_line' id='line_1_91' title="bbox 2196 4513 3786 4585; baseline -0.001 -14"><span class='ocrx_word' id='word_1_623' title='bbox 2196 4516 2541 4584; x_wconf 86' lang='lat' dir='ltr'><strong>maximeque</strong></span> <span class='ocrx_word' id='word_1_624' title='bbox 2575 4516 2864 4570; x_wconf 82' lang='lat' dir='ltr'><strong>Elusan&#39;am</strong></span> <span class='ocrx_word' id='word_1_625' title='bbox 2910 4513 3144 4585; x_wconf 85' lang='lat' dir='ltr'><strong>plebem,</strong></span> <span class='ocrx_word' id='word_1_626' title='bbox 3192 4519 3325 4571; x_wconf 73' lang='lat' dir='ltr'><strong>Sane</strong></span> <span class='ocrx_word' id='word_1_627' title='bbox 3356 4523 3467 4570; x_wconf 89' lang='lat' dir='ltr'><strong>tum</strong></span> <span class='ocrx_word' id='word_1_628' title='bbox 3501 4513 3698 4569; x_wconf 83' lang='lat' dir='ltr'><strong>bonam</strong></span> <span class='ocrx_word' id='word_1_629' title='bbox 3731 4523 3786 4569; x_wconf 89' lang='lat' dir='ltr'><strong>et</strong></span> 
     </span>
    </p>
   </div>
   <div class='ocr_carea' id='block_1_92' title="bbox 491 4597 3788 4679">
    <p class='ocr_par' dir='ltr' id='par_1_92' title="bbox 491 4597 3788 4679">
     <span class='ocr_line' id='line_1_92' title="bbox 491 4597 3788 4679; baseline 0.003 -30"><span class='ocrx_word' id='word_1_630' title='bbox 491 4598 863 4665; x_wconf 79' lang='lat' dir='ltr'><strong>parcissimus.</strong></span> <span class='ocrx_word' id='word_1_631' title='bbox 914 4600 1021 4657; x_wconf 89' lang='lat' dir='ltr'><strong>Sed</strong></span> <span class='ocrx_word' id='word_1_632' title='bbox 1051 4602 1190 4658; x_wconf 86' lang='lat' dir='ltr'><strong>idem</strong></span> <span class='ocrx_word' id='word_1_633' title='bbox 1228 4601 1578 4672; x_wconf 79' lang='lat' dir='ltr'><strong>vanissimas,</strong></span> <span class='ocrx_word' id='word_1_634' title='bbox 1611 4614 1665 4661; x_wconf 91' lang='lat' dir='ltr'><strong>et</strong></span> <span class='ocrx_word' id='word_1_635' title='bbox 1693 4597 1982 4678; x_wconf 75' lang='lat' dir='ltr'><strong>plusjusto</strong></span> <span class='ocrx_word' id='word_1_636' title='bbox 2003 4601 2086 4665; x_wconf 80' lang='lat' dir='ltr'><strong>i&#39;n—</strong></span> <span class='ocrx_word' id='word_1_637' title='bbox 2114 4601 2163 4662; x_wconf 86' lang='grc'><strong>1)</strong></span> <span class='ocrx_word' id='word_1_638' title='bbox 2192 4605 2438 4679; x_wconf 80' lang='lat' dir='ltr'><strong>religioni</strong></span> <span class='ocrx_word' id='word_1_639' title='bbox 2470 4606 2803 4671; x_wconf 89' lang='lat' dir='ltr'><strong>studentem,</strong></span> <span class='ocrx_word' id='word_1_640' title='bbox 2837 4607 3021 4678; x_wconf 84' lang='lat' dir='ltr'><strong>pravis</strong></span> <span class='ocrx_word' id='word_1_641' title='bbox 3055 4605 3530 4677; x_wconf 64' lang='lat' dir='ltr'><strong>praedicationibus</strong></span> <span class='ocrx_word' id='word_1_642' title='bbox 3565 4621 3788 4675; x_wconf 78' lang='lat' dir='ltr'><strong>perver-</strong></span> 
     </span>
    </p>
   </div>
   <div class='ocr_carea' id='block_1_93' title="bbox 489 4686 2087 4771">
    <p class='ocr_par' dir='ltr' id='par_1_93' title="bbox 489 4686 2087 4771">
     <span class='ocr_line' id='line_1_93' title="bbox 489 4686 2087 4771; baseline 0.009 -30"><span class='ocrx_word' id='word_1_643' title='bbox 489 4686 667 4744; x_wconf 89' lang='lat' dir='ltr'><strong>IIatior</strong></span> <span class='ocrx_word' id='word_1_644' title='bbox 696 4691 1044 4762; x_wconf 82' lang='lat' dir='ltr'><strong>profanaruiit</strong></span> <span class='ocrx_word' id='word_1_645' title='bbox 1089 4697 1270 4749; x_wconf 85' lang='lat' dir='ltr'><strong>rerum</strong></span> <span class='ocrx_word' id='word_1_646' title='bbox 1294 4695 1556 4751; x_wconf 83' lang='lat' dir='ltr'><strong>scientia:</strong></span> <span class='ocrx_word' id='word_1_647' title='bbox 1607 4699 1734 4768; x_wconf 90' lang='lat' dir='ltr'><strong>quin</strong></span> <span class='ocrx_word' id='word_1_648' title='bbox 1764 4710 1818 4754; x_wconf 89' lang='lat' dir='ltr'><strong>et</strong></span> <span class='ocrx_word' id='word_1_649' title='bbox 1843 4695 2087 4771; x_wconf 75' lang='lat' dir='ltr'><strong>magicas</strong></span> 
     </span>
    </p>
   </div>
   <div class='ocr_carea' id='block_1_94' title="bbox 491 4781 2081 4851">
    <p class='ocr_par' dir='ltr' id='par_1_94' title="bbox 491 4781 2081 4851">
     <span class='ocr_line' id='line_1_94' title="bbox 491 4781 2081 4851; baseline 0.011 -17"><span class='ocrx_word' id='word_1_650' title='bbox 491 4791 634 4838; x_wconf 85' lang='lat' dir='ltr'><strong>artes</strong></span> <span class='ocrx_word' id='word_1_651' title='bbox 663 4787 730 4840; x_wconf 89' lang='lat' dir='ltr'><strong>ab</strong></span> <span class='ocrx_word' id='word_1_652' title='bbox 753 4785 1116 4846; x_wconf 88' lang='lat' dir='ltr'><strong>adolescentia</strong></span> <span class='ocrx_word' id='word_1_653' title='bbox 1147 4787 1270 4844; x_wconf 87' lang='lat' dir='ltr'><strong>eum</strong></span> <span class='ocrx_word' id='word_1_654' title='bbox 1317 4796 1627 4847; x_wconf 80' lang='lat' dir='ltr'><strong>exercuisse</strong></span> <span class='ocrx_word' id='word_1_655' title='bbox 1657 4781 1926 4849; x_wconf 84' lang='lat' dir='ltr'><strong>creditum</strong></span> <span class='ocrx_word' id='word_1_656' title='bbox 1979 4807 2081 4851; x_wconf 90' lang='lat' dir='ltr'><strong>est.</strong></span> 
     </span>
    </p>
   </div>
   <div class='ocr_carea' id='block_1_95' title="bbox 491 4877 2084 4956">
    <p class='ocr_par' dir='ltr' id='par_1_95' title="bbox 491 4877 2084 4956">
     <span class='ocr_line' id='line_1_95' title="bbox 491 4877 2084 4956; baseline 0.009 -25"><span class='ocrx_word' id='word_1_657' title='bbox 491 4877 541 4932; x_wconf 87' lang='lat' dir='ltr'><strong>Is</strong></span> <span class='ocrx_word' id='word_1_658' title='bbox 573 4881 656 4932; x_wconf 87' lang='lat' dir='ltr'><strong>ubi</strong></span> <span class='ocrx_word' id='word_1_659' title='bbox 685 4879 987 4937; x_wconf 90' lang='lat' dir='ltr'><strong>doctrinam</strong></span> <span class='ocrx_word' id='word_1_660' title='bbox 1027 4881 1362 4940; x_wconf 85' lang='lat' dir='ltr'><strong>exitiabilem</strong></span> <span class='ocrx_word' id='word_1_661' title='bbox 1411 4900 1697 4956; x_wconf 84' lang='lat' dir='ltr'><strong>aggressus</strong></span> <span class='ocrx_word' id='word_1_662' title='bbox 1723 4883 1830 4953; x_wconf 81' lang='lat' dir='ltr'><strong>est,</strong></span> <span class='ocrx_word' id='word_1_663' title='bbox 1877 4878 2084 4945; x_wconf 56' lang='lat' dir='ltr'><strong>m‘uitos</strong></span> 
     </span>
    </p>
   </div>
   <div class='ocr_carea' id='block_1_96' title="bbox 495 4971 2086 5050">
    <p class='ocr_par' dir='ltr' id='par_1_96' title="bbox 495 4971 2086 5050">
     <span class='ocr_line' id='line_1_96' title="bbox 495 4971 2086 5050; baseline 0.009 -26"><span class='ocrx_word' id='word_1_664' title='bbox 495 4971 756 5027; x_wconf 88' lang='lat' dir='ltr'><strong>nobilium</strong></span> <span class='ocrx_word' id='word_1_665' title='bbox 810 4976 1101 5047; x_wconf 86' lang='lat' dir='ltr'><strong>pluresque</strong></span> <span class='ocrx_word' id='word_1_666' title='bbox 1151 4975 1442 5047; x_wconf 82' lang='lat' dir='ltr'><strong>pepulare&#39;s</strong></span> <span class='ocrx_word' id='word_1_667' title='bbox 1488 4981 1809 5035; x_wconf 91' lang='lat' dir='ltr'><strong>auctoritate</strong></span> <span class='ocrx_word' id='word_1_668' title='bbox 1861 4997 2086 5050; x_wconf 71' lang='lat' dir='ltr'><strong>persna-</strong></span> 
     </span>
    </p>
   </div>
   <div class='ocr_carea' id='block_1_97' title="bbox 493 5063 2084 5131">
    <p class='ocr_par' dir='ltr' id='par_1_97' title="bbox 493 5063 2084 5131">
     <span class='ocr_line' id='line_1_97' title="bbox 493 5063 2084 5131; baseline 0.007 -11"><span class='ocrx_word' id='word_1_669' title='bbox 493 5063 734 5123; x_wconf 67' lang='lat' dir='ltr'><strong>delldit‘t</strong></span> <span class='ocrx_word' id='word_1_670' title='bbox 766 5081 882 5126; x_wconf 87' lang='lat' dir='ltr'><strong>arte</strong></span> <span class='ocrx_word' id='word_1_671' title='bbox 924 5071 1232 5127; x_wconf 82' lang='lat' dir='ltr'><strong>blandiettdi</strong></span> <span class='ocrx_word' id='word_1_672' title='bbox 1282 5072 1491 5127; x_wconf 80' lang='lat' dir='ltr'><strong>allicuit</strong></span> <span class='ocrx_word' id='word_1_673' title='bbox 1523 5075 1572 5127; x_wconf 86' lang='lat' dir='ltr'><strong>in</strong></span> <span class='ocrx_word' id='word_1_674' title='bbox 1613 5075 1950 5130; x_wconf 83' lang='lat' dir='ltr'><strong>societatem.</strong></span> <span class='ocrx_word' id='word_1_675' title='bbox 2002 5074 2084 5131; x_wconf 83' lang='lat' dir='ltr'><strong>&#39;Ad</strong></span> 
     </span>
    </p>
   </div>
   <div class='ocr_carea' id='block_1_98' title="bbox 497 5162 2089 5239">
    <p class='ocr_par' dir='ltr' id='par_1_98' title="bbox 497 5162 2089 5239">
     <span class='ocr_line' id='line_1_98' title="bbox 497 5162 2089 5239; baseline 0.007 -23"><span class='ocrx_word' id='word_1_676' title='bbox 497 5162 598 5218; x_wconf 86' lang='lat' dir='ltr'><strong>hoc</strong></span> <span class='ocrx_word' id='word_1_677' title='bbox 628 5164 885 5220; x_wconf 91' lang='lat' dir='ltr'><strong>mulieres</strong></span> <span class='ocrx_word' id='word_1_678' title='bbox 928 5173 1190 5223; x_wconf 81' lang='lat' dir='ltr'><strong>novarum</strong></span> <span class='ocrx_word' id='word_1_679' title='bbox 1220 5184 1401 5224; x_wconf 92' lang='lat' dir='ltr'><strong>rerum</strong></span> <span class='ocrx_word' id='word_1_680' title='bbox 1428 5169 1660 5239; x_wconf 79' lang='lat' dir='ltr'><strong>cupidae,</strong></span> <span class='ocrx_word' id='word_1_681' title='bbox 1692 5169 1832 5225; x_wconf 82' lang='lat' dir='ltr'><strong>ﬂuxa</strong></span> <span class='ocrx_word' id='word_1_682' title='bbox 1862 5170 1966 5226; x_wconf 89' lang='lat' dir='ltr'><strong>llde</strong></span> <span class='ocrx_word' id='word_1_683' title='bbox 1987 5213 2001 5237; x_wconf 92' lang='lat'><strong>,</strong></span> <span class='ocrx_word' id='word_1_684' title='bbox 2034 5181 2089 5227; x_wconf 90' lang='lat' dir='ltr'><strong>et</strong></span> 
     </span>
    </p>
   </div>
   <div class='ocr_carea' id='block_1_99' title="bbox 492 5258 2090 5334">
    <p class='ocr_par' dir='ltr' id='par_1_99' title="bbox 492 5258 2090 5334">
     <span class='ocr_line' id='line_1_99' title="bbox 492 5258 2090 5334; baseline 0.006 -24"><span class='ocrx_word' id='word_1_685' title='bbox 492 5258 558 5312; x_wconf 86' lang='lat' dir='ltr'><strong>ad</strong></span> <span class='ocrx_word' id='word_1_686' title='bbox 583 5261 766 5314; x_wconf 92' lang='lat' dir='ltr'><strong>omnia</strong></span> <span class='ocrx_word' id='word_1_687' title='bbox 799 5261 1018 5316; x_wconf 76' lang='lat' dir='ltr'><strong>curioso</strong></span> <span class='ocrx_word' id='word_1_688' title='bbox 1075 5265 1310 5334; x_wconf 81' lang='lat' dir='ltr'><strong>ingenio,</strong></span> <span class='ocrx_word' id='word_1_689' title='bbox 1363 5267 1682 5319; x_wconf 82' lang='lat' dir='ltr'><strong>catervatim</strong></span> <span class='ocrx_word' id='word_1_690' title='bbox 1707 5266 1772 5320; x_wconf 90' lang='lat' dir='ltr'><strong>ad</strong></span> <span class='ocrx_word' id='word_1_691' title='bbox 1806 5267 1929 5322; x_wconf 88' lang='lat' dir='ltr'><strong>eum</strong></span> <span class='ocrx_word' id='word_1_692' title='bbox 1959 5282 2090 5320; x_wconf 89' lang='lat' dir='ltr'><strong>con-</strong></span> 
     </span>
    </p>
   </div>
   <div class='ocr_carea' id='block_1_100' title="bbox 492 5346 2084 5426">
    <p class='ocr_par' dir='ltr' id='par_1_100' title="bbox 492 5346 2084 5426">
     <span class='ocr_line' id='line_1_100' title="bbox 492 5346 2084 5426; baseline 0.006 -21"><span class='ocrx_word' id='word_1_693' title='bbox 492 5346 766 5408; x_wconf 79' lang='lat' dir='ltr'><strong>ﬂuebant:</strong></span> <span class='ocrx_word' id='word_1_694' title='bbox 793 5355 992 5424; x_wconf 86' lang='lat' dir='ltr'><strong>quippe</strong></span> <span class='ocrx_word' id='word_1_695' title='bbox 1041 5355 1363 5411; x_wconf 80' lang='lat' dir='ltr'><strong>Itnn&#39;tilitalis</strong></span> <span class='ocrx_word' id='word_1_696' title='bbox 1393 5359 1632 5426; x_wconf 82' lang='lat' dir='ltr'><strong>Speciem</strong></span> <span class='ocrx_word' id='word_1_697' title='bbox 1665 5374 1765 5414; x_wconf 88' lang='lat' dir='ltr'><strong>ore</strong></span> <span class='ocrx_word' id='word_1_698' title='bbox 1798 5359 1851 5413; x_wconf 77' lang='lat' dir='ltr'><strong>et</strong></span> <span class='ocrx_word' id='word_1_699' title='bbox 1895 5349 2084 5414; x_wconf 79' lang='lat' dir='ltr'><strong>Iiabitu</strong></span> 
     </span>
    </p>
   </div>
   <div class='ocr_carea' id='block_1_101' title="bbox 490 5447 2083 5516">
    <p class='ocr_par' dir='ltr' id='par_1_101' title="bbox 490 5447 2083 5516">
     <span class='ocr_line' id='line_1_101' title="bbox 490 5447 2083 5516; baseline 0.004 -16"><span class='ocrx_word' id='word_1_700' title='bbox 490 5447 861 5516; x_wconf 53' lang='lat' dir='ltr'><strong>praetendens,</strong></span> <span class='ocrx_word' id='word_1_701' title='bbox 897 5447 1158 5505; x_wconf 88' lang='lat' dir='ltr'><strong>honorem</strong></span> <span class='ocrx_word' id='word_1_702' title='bbox 1186 5452 1265 5505; x_wconf 92' lang='lat' dir='ltr'><strong>sui</strong></span> <span class='ocrx_word' id='word_1_703' title='bbox 1298 5461 1351 5505; x_wconf 89' lang='lat' dir='ltr'><strong>et</strong></span> <span class='ocrx_word' id='word_1_704' title='bbox 1374 5454 1735 5506; x_wconf 81' lang='lat' dir='ltr'><strong>reverentiam</strong></span> <span class='ocrx_word' id='word_1_705' title='bbox 1765 5455 1978 5508; x_wconf 83' lang='lat' dir='ltr'><strong>cunctis</strong></span> <span class='ocrx_word' id='word_1_706' title='bbox 2002 5451 2083 5507; x_wconf 88' lang='lat' dir='ltr'><strong>in-</strong></span> 
     </span>
    </p>
   </div>
   <div class='ocr_carea' id='block_1_102' title="bbox 477 5538 2080 5616">
    <p class='ocr_par' dir='ltr' id='par_1_102' title="bbox 477 5538 2080 5616">
     <span class='ocr_line' id='line_1_102' title="bbox 477 5538 2080 5616; baseline 0.004 -24"><span class='ocrx_word' id='word_1_707' title='bbox 477 5538 935 5611; x_wconf 74' lang='lat' dir='ltr'><strong>jeceralJamque</strong></span> <span class='ocrx_word' id='word_1_708' title='bbox 954 5543 1207 5612; x_wconf 87' lang='lat' dir='ltr'><strong>paulatim</strong></span> <span class='ocrx_word' id='word_1_709' title='bbox 1227 5541 1466 5610; x_wconf 57' lang='lat' dir='ltr'><strong>perfidiae</strong></span> <span class='ocrx_word' id='word_1_710' title='bbox 1482 5544 1640 5598; x_wconf 83' lang='lat' dir='ltr'><strong>istius</strong></span> <span class='ocrx_word' id='word_1_711' title='bbox 1655 5543 1808 5598; x_wconf 85' lang='lat' dir='ltr'><strong>tabes</strong></span> <span class='ocrx_word' id='word_1_712' title='bbox 1824 5545 2080 5616; x_wconf 86' lang='lat' dir='ltr'><strong>pleraque</strong></span> 
     </span>
    </p>
   </div>
   <div class='ocr_carea' id='block_1_103' title="bbox 487 5631 2078 5709">
    <p class='ocr_par' dir='ltr' id='par_1_103' title="bbox 487 5631 2078 5709">
     <span class='ocr_line' id='line_1_103' title="bbox 487 5631 2078 5709; baseline 0.006 -23"><span class='ocrx_word' id='word_1_713' title='bbox 487 5631 757 5701; x_wconf 69' lang='lat' dir='ltr'><strong>Hispaniae</strong></span> <span class='ocrx_word' id='word_1_714' title='bbox 783 5647 1096 5706; x_wconf 87' lang='lat' dir='ltr'><strong>pervaserat</strong></span> <span class='ocrx_word' id='word_1_715' title='bbox 1128 5657 1139 5690; x_wconf 88' lang='lat'><strong><em>:</em></strong></span> <span class='ocrx_word' id='word_1_716' title='bbox 1173 5638 1298 5708; x_wconf 89' lang='lat' dir='ltr'><strong>quin</strong></span> <span class='ocrx_word' id='word_1_717' title='bbox 1331 5647 1383 5690; x_wconf 88' lang='lat' dir='ltr'><strong>et</strong></span> <span class='ocrx_word' id='word_1_718' title='bbox 1417 5639 1666 5692; x_wconf 89' lang='lat' dir='ltr'><strong>nonnulli</strong></span> <span class='ocrx_word' id='word_1_719' title='bbox 1699 5637 2078 5709; x_wconf 83' lang='lat' dir='ltr'><strong>episcoporum</strong></span> 
     </span>
    </p>
   </div>
   <div class='ocr_carea' id='block_1_104' title="bbox 483 5725 2075 5802">
    <p class='ocr_par' dir='ltr' id='par_1_104' title="bbox 483 5725 2075 5802">
     <span class='ocr_line' id='line_1_104' title="bbox 483 5725 2075 5802; baseline 0.002 -19"><span class='ocrx_word' id='word_1_720' title='bbox 483 5727 758 5798; x_wconf 84' lang='lat' dir='ltr'><strong>depravati</strong></span> <span class='ocrx_word' id='word_1_721' title='bbox 785 5748 799 5795; x_wconf 88' lang='lat'><strong>;</strong></span> <span class='ocrx_word' id='word_1_722' title='bbox 829 5733 966 5786; x_wconf 84' lang='lat' dir='ltr'><strong>inter</strong></span> <span class='ocrx_word' id='word_1_723' title='bbox 994 5745 1128 5802; x_wconf 89' lang='lat' dir='ltr'><strong>quos</strong></span> <span class='ocrx_word' id='word_1_724' title='bbox 1163 5725 1450 5782; x_wconf 81' lang='lat' dir='ltr'><strong>Instantius</strong></span> <span class='ocrx_word' id='word_1_725' title='bbox 1476 5739 1523 5784; x_wconf 89' lang='lat' dir='ltr'><strong>et</strong></span> <span class='ocrx_word' id='word_1_726' title='bbox 1544 5731 1826 5786; x_wconf 85' lang='lat' dir='ltr'><strong>Salvianus</strong></span> <span class='ocrx_word' id='word_1_727' title='bbox 1855 5729 2075 5787; x_wconf 64' lang='lat' dir='ltr'><strong>Priscil‘o</strong></span> 
     </span>
    </p>
   </div>
   <div class='ocr_carea' id='block_1_105' title="bbox 487 5820 2079 5910">
    <p class='ocr_par' dir='ltr' id='par_1_105' title="bbox 487 5820 2079 5910">
     <span class='ocr_line' id='line_1_105' title="bbox 487 5820 2079 5910; baseline 0.008 -32"><span class='ocrx_word' id='word_1_728' title='bbox 487 5820 692 5909; x_wconf 68' lang='lat' dir='ltr'><strong>tinuum</strong></span> <span class='ocrx_word' id='word_1_729' title='bbox 747 5839 854 5883; x_wconf 89' lang='lat' dir='ltr'><strong>non</strong></span> <span class='ocrx_word' id='word_1_730' title='bbox 900 5826 1074 5909; x_wconf 68' lang='lat' dir='ltr'><strong>solum</strong></span> <span class='ocrx_word' id='word_1_731' title='bbox 1124 5824 1525 5910; x_wconf 76' lang='lat' dir='ltr'><strong>consensione,</strong></span> <span class='ocrx_word' id='word_1_732' title='bbox 1571 5823 1667 5886; x_wconf 76' lang='lat' dir='ltr'><strong>sed</strong></span> <span class='ocrx_word' id='word_1_733' title='bbox 1697 5825 1796 5886; x_wconf 84' lang='lat' dir='ltr'><strong>sub</strong></span> <span class='ocrx_word' id='word_1_734' title='bbox 1843 5825 2079 5906; x_wconf 81' lang='lat' dir='ltr'><strong>quadam</strong></span> 
     </span>
    </p>
   </div>
   <div class='ocr_carea' id='block_1_106' title="bbox 2196 4692 3785 4771">
    <p class='ocr_par' dir='ltr' id='par_1_106' title="bbox 2196 4692 3785 4771">
     <span class='ocr_line' id='line_1_106' title="bbox 2196 4692 3785 4771; baseline -0.003 -14"><span class='ocrx_word' id='word_1_735' title='bbox 2196 4710 2337 4768; x_wconf 64' lang='lat' dir='ltr'><strong>tere.</strong></span> <span class='ocrx_word' id='word_1_736' title='bbox 2369 4705 2406 4756; x_wconf 87' lang='lat' dir='ltr'><strong>A</strong></span> <span class='ocrx_word' id='word_1_737' title='bbox 2444 4699 2725 4771; x_wconf 77' lang='lat' dir='ltr'><strong>Burdigala</strong></span> <span class='ocrx_word' id='word_1_738' title='bbox 2758 4706 2854 4771; x_wconf 87' lang='lat' dir='ltr'><strong>per</strong></span> <span class='ocrx_word' id='word_1_739' title='bbox 2885 4692 3209 4770; x_wconf 81' lang='lat' dir='ltr'><strong>Delphinum</strong></span> <span class='ocrx_word' id='word_1_740' title='bbox 3236 4693 3459 4770; x_wconf 88' lang='lat' dir='ltr'><strong>repulsi,</strong></span> <span class='ocrx_word' id='word_1_741' title='bbox 3521 4707 3706 4752; x_wconf 87' lang='lat' dir='ltr'><strong>tamen</strong></span> <span class='ocrx_word' id='word_1_742' title='bbox 3732 4701 3785 4753; x_wconf 89' lang='lat' dir='ltr'><strong>in</strong></span> 
     </span>
    </p>
   </div>
   <div class='ocr_carea' id='block_1_107' title="bbox 2194 4773 3789 4867">
    <p class='ocr_par' dir='ltr' id='par_1_107' title="bbox 2194 4773 3789 4867">
     <span class='ocr_line' id='line_1_107' title="bbox 2194 4773 3789 4867; baseline -0.003 -17"><span class='ocrx_word' id='word_1_743' title='bbox 2194 4811 2325 4867; x_wconf 83' lang='lat' dir='ltr'><strong>agro</strong></span> <span class='ocrx_word' id='word_1_744' title='bbox 2339 4773 2644 4850; x_wconf 68' lang='lat' dir='ltr'><strong>Euchrotiaa</strong></span> <span class='ocrx_word' id='word_1_745' title='bbox 2661 4795 3050 4864; x_wconf 72' lang='lat' dir='ltr'><strong>aliquantisper</strong></span> <span class='ocrx_word' id='word_1_746' title='bbox 3067 4789 3282 4852; x_wconf 77' lang='lat' dir='ltr'><strong>morati,</strong></span> <span class='ocrx_word' id='word_1_747' title='bbox 3306 4790 3540 4846; x_wconf 84' lang='lat' dir='ltr'><strong>infecere</strong></span> <span class='ocrx_word' id='word_1_748' title='bbox 3555 4789 3789 4846; x_wconf 82' lang='lat' dir='ltr'><strong>nonnul-</strong></span> 
     </span>
    </p>
   </div>
   <div class='ocr_carea' id='block_1_108' title="bbox 2196 4880 3786 4955">
    <p class='ocr_par' dir='ltr' id='par_1_108' title="bbox 2196 4880 3786 4955">
     <span class='ocr_line' id='line_1_108' title="bbox 2196 4880 3786 4955; baseline -0.007 -9"><span class='ocrx_word' id='word_1_749' title='bbox 2196 4893 2280 4946; x_wconf 85' lang='lat' dir='ltr'><strong>los</strong></span> <span class='ocrx_word' id='word_1_750' title='bbox 2305 4894 2414 4946; x_wconf 83' lang='lat' dir='ltr'><strong>suis</strong></span> <span class='ocrx_word' id='word_1_751' title='bbox 2439 4891 2743 4946; x_wconf 86' lang='lat' dir='ltr'><strong>erroribus.</strong></span> <span class='ocrx_word' id='word_1_752' title='bbox 2765 4880 2895 4945; x_wconf 81' lang='lat' dir='ltr'><strong>Inde</strong></span> <span class='ocrx_word' id='word_1_753' title='bbox 2933 4889 3035 4942; x_wconf 90' lang='lat' dir='ltr'><strong>iter</strong></span> <span class='ocrx_word' id='word_1_754' title='bbox 3061 4887 3296 4955; x_wconf 74' lang='lat' dir='ltr'><strong>ereptum</strong></span> <span class='ocrx_word' id='word_1_755' title='bbox 3347 4884 3601 4955; x_wconf 84' lang='lat' dir='ltr'><strong>ingressi,</strong></span> <span class='ocrx_word' id='word_1_756' title='bbox 3644 4886 3786 4952; x_wconf 85' lang='lat' dir='ltr'><strong>turpi</strong></span> 
     </span>
    </p>
   </div>
   <div class='ocr_carea' id='block_1_109' title="bbox 2196 4977 3786 5054">
    <p class='ocr_par' dir='ltr' id='par_1_109' title="bbox 2196 4977 3786 5054">
     <span class='ocr_line' id='line_1_109' title="bbox 2196 4977 3786 5054; baseline -0.002 -15"><span class='ocrx_word' id='word_1_757' title='bbox 2196 4999 2326 5039; x_wconf 88' lang='lat' dir='ltr'><strong>sane</strong></span> <span class='ocrx_word' id='word_1_758' title='bbox 2376 4982 2794 5054; x_wconf 89' lang='lat' dir='ltr'><strong>pudibundoque</strong></span> <span class='ocrx_word' id='word_1_759' title='bbox 2841 4979 3136 5044; x_wconf 90' lang='lat' dir='ltr'><strong>comitatu,</strong></span> <span class='ocrx_word' id='word_1_760' title='bbox 3167 4981 3289 5032; x_wconf 89' lang='lat' dir='ltr'><strong>cum</strong></span> <span class='ocrx_word' id='word_1_761' title='bbox 3327 4977 3588 5034; x_wconf 87' lang='lat' dir='ltr'><strong>uxoribus</strong></span> <span class='ocrx_word' id='word_1_762' title='bbox 3627 4985 3786 5050; x_wconf 83' lang='lat' dir='ltr'><strong>atque</strong></span> 
     </span>
    </p>
   </div>
   <div class='ocr_carea' id='block_1_110' title="bbox 2193 5071 3785 5142">
    <p class='ocr_par' dir='ltr' id='par_1_110' title="bbox 2193 5071 3785 5142">
     <span class='ocr_line' id='line_1_110' title="bbox 2193 5071 3785 5142; baseline -0.002 -11"><span class='ocrx_word' id='word_1_763' title='bbox 2193 5077 2386 5132; x_wconf 87' lang='lat' dir='ltr'><strong>alienis</strong></span> <span class='ocrx_word' id='word_1_764' title='bbox 2416 5075 2576 5131; x_wconf 77' lang='lat' dir='ltr'><strong>etiam</strong></span> <span class='ocrx_word' id='word_1_765' title='bbox 2611 5071 2847 5138; x_wconf 87' lang='lat' dir='ltr'><strong>feminis,</strong></span> <span class='ocrx_word' id='word_1_766' title='bbox 2879 5074 2928 5126; x_wconf 90' lang='lat' dir='ltr'><strong>iu</strong></span> <span class='ocrx_word' id='word_1_767' title='bbox 2962 5072 3116 5142; x_wconf 81' lang='lat' dir='ltr'><strong>quei&#39;s</strong></span> <span class='ocrx_word' id='word_1_768' title='bbox 3157 5082 3273 5125; x_wconf 86' lang='lat' dir='ltr'><strong>erat</strong></span> <span class='ocrx_word' id='word_1_769' title='bbox 3323 5071 3616 5126; x_wconf 79' lang='lat' dir='ltr'><strong>Eucltrotia</strong></span> <span class='ocrx_word' id='word_1_770' title='bbox 3648 5115 3662 5136; x_wconf 91' lang='lat'><strong>,</strong></span> <span class='ocrx_word' id='word_1_771' title='bbox 3721 5089 3785 5128; x_wconf 87' lang='lat' dir='ltr'><strong>ac</strong></span> 
     </span>
    </p>
   </div>
   <div class='ocr_carea' id='block_1_111' title="bbox 2189 5165 3781 5240">
    <p class='ocr_par' dir='ltr' id='par_1_111' title="bbox 2189 5165 3781 5240">
     <span class='ocr_line' id='line_1_111' title="bbox 2189 5165 3781 5240; baseline -0.005 -14"><span class='ocrx_word' id='word_1_772' title='bbox 2189 5167 2295 5226; x_wconf 81' lang='lat' dir='ltr'><strong>filia</strong></span> <span class='ocrx_word' id='word_1_773' title='bbox 2326 5171 2443 5240; x_wconf 85' lang='lat' dir='ltr'><strong>ejus</strong></span> <span class='ocrx_word' id='word_1_774' title='bbox 2476 5165 2707 5227; x_wconf 81' lang='lat' dir='ltr'><strong>Procula</strong></span> <span class='ocrx_word' id='word_1_775' title='bbox 2735 5187 2747 5222; x_wconf 70' lang='grc' dir='ltr'><strong>ι</strong></span> <span class='ocrx_word' id='word_1_776' title='bbox 2781 5168 2847 5223; x_wconf 89' lang='lat' dir='ltr'><strong>de</strong></span> <span class='ocrx_word' id='word_1_777' title='bbox 2873 5171 2974 5237; x_wconf 85' lang='lat' dir='ltr'><strong>qua</strong></span> <span class='ocrx_word' id='word_1_778' title='bbox 3004 5165 3179 5221; x_wconf 77' lang='lat' dir='ltr'><strong>fuitin</strong></span> <span class='ocrx_word' id='word_1_779' title='bbox 3206 5167 3781 5232; x_wconf 85' lang='lat' dir='ltr'><strong>sermoneitominum,</strong></span> 
     </span>
    </p>
   </div>
   <div class='ocr_carea' id='block_1_112' title="bbox 2189 5255 3782 5333">
    <p class='ocr_par' dir='ltr' id='par_1_112' title="bbox 2189 5255 3782 5333">
     <span class='ocr_line' id='line_1_112' title="bbox 2189 5255 3782 5333; baseline -0.005 -12"><span class='ocrx_word' id='word_1_780' title='bbox 2189 5265 2512 5321; x_wconf 79' lang='lat' dir='ltr'><strong>Priscilliani</strong></span> <span class='ocrx_word' id='word_1_781' title='bbox 2539 5265 2725 5332; x_wconf 86' lang='lat' dir='ltr'><strong>stitpro</strong></span> <span class='ocrx_word' id='word_1_782' title='bbox 2751 5255 3031 5333; x_wconf 77' lang='lat' dir='ltr'><strong>gravidam</strong></span> <span class='ocrx_word' id='word_1_783' title='bbox 3063 5263 3280 5331; x_wconf 73' lang='lat' dir='ltr'><strong>partum</strong></span> <span class='ocrx_word' id='word_1_784' title='bbox 3313 5262 3412 5316; x_wconf 68' lang='lat' dir='ltr'><strong>$th</strong></span> <span class='ocrx_word' id='word_1_785' title='bbox 3446 5259 3782 5331; x_wconf 77' lang='lat' dir='ltr'><strong>graminibus</strong></span> 
     </span>
    </p>
   </div>
   <div class='ocr_carea' id='block_1_113' title="bbox 2187 5349 3785 5427">
    <p class='ocr_par' dir='ltr' id='par_1_113' title="bbox 2187 5349 3785 5427">
     <span class='ocr_line' id='line_1_113' title="bbox 2187 5349 3785 5427; baseline -0.005 -15"><span class='ocrx_word' id='word_1_786' title='bbox 2187 5358 2456 5427; x_wconf 78' lang='lat' dir='ltr'><strong>abegisse.</strong></span> <span class='ocrx_word' id='word_1_787' title='bbox 2490 5349 2549 5411; x_wconf 87' lang='lat' dir='ltr'><strong>IIi</strong></span> <span class='ocrx_word' id='word_1_788' title='bbox 2581 5356 2667 5409; x_wconf 90' lang='lat' dir='ltr'><strong>ubi</strong></span> <span class='ocrx_word' id='word_1_789' title='bbox 2703 5355 2930 5409; x_wconf 71' lang='lat' dir='ltr'><strong>[mtuam</strong></span> <span class='ocrx_word' id='word_1_790' title='bbox 2968 5359 3272 5425; x_wconf 76' lang='lat' dir='ltr'><strong>pervenere</strong></span> <span class='ocrx_word' id='word_1_791' title='bbox 3312 5352 3544 5408; x_wconf 82' lang='lat' dir='ltr'><strong>Damaso</strong></span> <span class='ocrx_word' id='word_1_792' title='bbox 3572 5367 3631 5408; x_wconf 85' lang='lat' dir='ltr'><strong>se</strong></span> <span class='ocrx_word' id='word_1_793' title='bbox 3661 5368 3785 5422; x_wconf 88' lang='lat' dir='ltr'><strong>pur-</strong></span> 
     </span>
    </p>
   </div>
   <div class='ocr_carea' id='block_1_114' title="bbox 2189 5443 3787 5520">
    <p class='ocr_par' dir='ltr' id='par_1_114' title="bbox 2189 5443 3787 5520">
     <span class='ocr_line' id='line_1_114' title="bbox 2189 5443 3787 5520; baseline 0 -21"><span class='ocrx_word' id='word_1_794' title='bbox 2189 5461 2317 5520; x_wconf 85' lang='lat' dir='ltr'><strong>gare</strong></span> <span class='ocrx_word' id='word_1_795' title='bbox 2358 5449 2660 5518; x_wconf 74' lang='lat' dir='ltr'><strong>cupientes,</strong></span> <span class='ocrx_word' id='word_1_796' title='bbox 2713 5451 2780 5502; x_wconf 80' lang='lat' dir='ltr'><strong>&#39;ne</strong></span> <span class='ocrx_word' id='word_1_797' title='bbox 2814 5443 2864 5502; x_wconf 76' lang='lat' dir='ltr'><strong>in</strong></span> <span class='ocrx_word' id='word_1_798' title='bbox 2913 5445 3263 5518; x_wconf 82' lang='lat' dir='ltr'><strong>conspectum</strong></span> <span class='ocrx_word' id='word_1_799' title='bbox 3294 5447 3511 5517; x_wconf 89' lang='lat' dir='ltr'><strong>quidem</strong></span> <span class='ocrx_word' id='word_1_800' title='bbox 3543 5445 3663 5516; x_wconf 86' lang='lat' dir='ltr'><strong>ejus</strong></span> <span class='ocrx_word' id='word_1_801' title='bbox 3691 5446 3787 5499; x_wconf 87' lang='lat' dir='ltr'><strong>ad-</strong></span> 
     </span>
    </p>
   </div>
   <div class='ocr_carea' id='block_1_115' title="bbox 2187 5539 3785 5616">
    <p class='ocr_par' dir='ltr' id='par_1_115' title="bbox 2187 5539 3785 5616">
     <span class='ocr_line' id='line_1_115' title="bbox 2187 5539 3785 5616; baseline -0.004 -16"><span class='ocrx_word' id='word_1_802' title='bbox 2187 5541 2337 5600; x_wconf 83' lang='lat' dir='ltr'><strong>missi</strong></span> <span class='ocrx_word' id='word_1_803' title='bbox 2364 5555 2508 5600; x_wconf 90' lang='lat' dir='ltr'><strong>sunt.</strong></span> <span class='ocrx_word' id='word_1_804' title='bbox 2542 5543 2793 5616; x_wconf 69' lang='lat' dir='ltr'><strong>Regressi</strong></span> <span class='ocrx_word' id='word_1_805' title='bbox 2817 5539 3198 5604; x_wconf 79' lang='lat' dir='ltr'><strong>Mediolanum,</strong></span> <span class='ocrx_word' id='word_1_806' title='bbox 3225 5553 3378 5611; x_wconf 69' lang='lat' dir='ltr'><strong>aeque</strong></span> <span class='ocrx_word' id='word_1_807' title='bbox 3405 5541 3785 5604; x_wconf 68' lang='lat' dir='ltr'><strong>adversantem</strong></span> 
     </span>
    </p>
   </div>
   <div class='ocr_carea' id='block_1_116' title="bbox 2188 5635 3784 5710">
    <p class='ocr_par' dir='ltr' id='par_1_116' title="bbox 2188 5635 3784 5710">
     <span class='ocr_line' id='line_1_116' title="bbox 2188 5635 3784 5710; baseline -0.003 -16"><span class='ocrx_word' id='word_1_808' title='bbox 2188 5641 2288 5694; x_wconf 90' lang='lat' dir='ltr'><strong>sibi</strong></span> <span class='ocrx_word' id='word_1_809' title='bbox 2320 5640 2673 5695; x_wconf 80' lang='lat' dir='ltr'><strong>Ambrosium</strong></span> <span class='ocrx_word' id='word_1_810' title='bbox 2704 5649 3046 5710; x_wconf 89' lang='lat' dir='ltr'><strong>repererunt.</strong></span> <span class='ocrx_word' id='word_1_811' title='bbox 3095 5637 3231 5691; x_wconf 85' lang='lat' dir='ltr'><strong>Tum</strong></span> <span class='ocrx_word' id='word_1_812' title='bbox 3267 5645 3483 5692; x_wconf 87' lang='lat' dir='ltr'><strong>vertere</strong></span> <span class='ocrx_word' id='word_1_813' title='bbox 3510 5635 3738 5691; x_wconf 88' lang='lat' dir='ltr'><strong>consilia</strong></span> <span class='ocrx_word' id='word_1_814' title='bbox 3771 5678 3784 5701; x_wconf 92' lang='lat'><strong>,</strong></span> 
     </span>
    </p>
   </div>
   <div class='ocr_carea' id='block_1_117' title="bbox 2191 5728 3786 5803">
    <p class='ocr_par' dir='ltr' id='par_1_117' title="bbox 2191 5728 3786 5803">
     <span class='ocr_line' id='line_1_117' title="bbox 2191 5728 3786 5803; baseline -0.003 -17"><span class='ocrx_word' id='word_1_815' title='bbox 2191 5729 2246 5786; x_wconf 78' lang='lat' dir='ltr'><strong>tit</strong></span> <span class='ocrx_word' id='word_1_816' title='bbox 2275 5731 2420 5803; x_wconf 86' lang='lat' dir='ltr'><strong>(quia</strong></span> <span class='ocrx_word' id='word_1_817' title='bbox 2453 5731 2664 5785; x_wconf 87' lang='lat' dir='ltr'><strong>duobus</strong></span> <span class='ocrx_word' id='word_1_818' title='bbox 2714 5728 2982 5801; x_wconf 80' lang='lat' dir='ltr'><strong>episcopis</strong></span> <span class='ocrx_word' id='word_1_819' title='bbox 3012 5769 3025 5793; x_wconf 94' lang='lat'><strong>,</strong></span> <span class='ocrx_word' id='word_1_820' title='bbox 3076 5739 3305 5798; x_wconf 88' lang='lat' dir='ltr'><strong>quorum</strong></span> <span class='ocrx_word' id='word_1_821' title='bbox 3351 5742 3415 5782; x_wconf 88' lang='lat' dir='ltr'><strong>ea</strong></span> <span class='ocrx_word' id='word_1_822' title='bbox 3463 5736 3786 5798; x_wconf 84' lang='lat' dir='ltr'><strong>tempestate</strong></span> 
     </span>
    </p>
   </div>
   <div class='ocr_carea' id='block_1_118' title="bbox 2189 5820 3783 5912">
    <p class='ocr_par' dir='ltr' id='par_1_118' title="bbox 2189 5820 3783 5912">
     <span class='ocr_line' id='line_1_118' title="bbox 2189 5820 3783 5912; baseline -0.002 -27"><span class='ocrx_word' id='word_1_823' title='bbox 2189 5839 2399 5885; x_wconf 85' lang='lat' dir='ltr'><strong>summa</strong></span> <span class='ocrx_word' id='word_1_824' title='bbox 2422 5826 2716 5898; x_wconf 85' lang='lat' dir='ltr'><strong>auctoritas</strong></span> <span class='ocrx_word' id='word_1_825' title='bbox 2739 5831 2876 5896; x_wconf 87' lang='lat' dir='ltr'><strong>erat,</strong></span> <span class='ocrx_word' id='word_1_826' title='bbox 2910 5838 3018 5880; x_wconf 90' lang='lat' dir='ltr'><strong>non</strong></span> <span class='ocrx_word' id='word_1_827' title='bbox 3043 5820 3354 5909; x_wconf 83' lang='lat' dir='ltr'><strong>iliuserunt)</strong></span> <span class='ocrx_word' id='word_1_828' title='bbox 3409 5821 3694 5910; x_wconf 82' lang='lat' dir='ltr'><strong>largiendo</strong></span> <span class='ocrx_word' id='word_1_829' title='bbox 3728 5830 3783 5912; x_wconf 77' lang='lat' dir='ltr'><strong>et</strong></span> 
     </span>
    </p>
   </div>
  </div>
