4194 6192
392 330 492 385 I37

1583 297 1911 381 ﬂlSTORiA
1948 304 2199 380 saeua.
2242 314 2372 379 LIB.
2422 325 2483 380 ιι.

3601 327 3623 378 ι
3637 304 3706 378 δἐι

386 438 681 506 ambiendo
730 451 797 504 ab
848 420 1187 517 imperatore
1230 445 1411 516 cupita
1460 438 1867 514 extorquere-nt.
1923 436 2001 496 Ita
2029 444 2078 503 Α
2111 456 2298 511 Scopa,
2332 436 2447 495 vir‘o
2480 438 2641 509 plane
2675 432 2953 509 Apustiiis
2982 434 3351 504 conferendo,
3402 434 3577 509 palam
3610 433 3710 492 ob.

386 552 653 611 corrupto
684 532 1004 595 Macedonio
1037 547 1151 591 tum
1172 532 1434 604 magistro
1454 535 1781 599 ofﬁciorum,
1806 534 2007 589 rescri-

390 648 545 706 ptum
572 636 813 697 eliciunt,
845 649 953 705 quo
981 632 1206 687 calcatis
1240 647 1362 701 quae
1392 629 1542 700 prius
1569 630 1784 684 decreta
1818 622 1995 693 erant,

388 733 605 788 restitui
632 726 887 785 Ecclesiis
911 724 1265 798 jubebantur.
1312 725 1428 780 Hoc
1475 725 1594 779 freti
1626 722 1924 777 Instantius
1952 720 2006 777 et

390 824 765 879 Priscillianus
787 823 1093 892 repetivere
1137 818 1427 889 liispanias
1448 821 1595 889 (nam
1623 817 1913 873 Salvianus
1948 815 2001 871 iu

392 918 525 971 urbe
555 914 815 982 obierat),
850 930 913 969 ac
945 924 1058 967 tum
1090 911 1214 965 sine
1258 911 1373 966 ullo
1397 910 1704 967 certamine
1730 909 2005 964 Eccle~ias

386 1008 586 1080 quibus
614 1008 967 1076 praefuerant,
1003 1020 1279 1073 recepere.

465 1101 658 1157 XLIX.
685 1102 884 1156 Verum
910 1099 1114 1154 Ithacio
1144 1098 1211 1152 ad
1240 1096 1601 1153 resistendum
1631 1112 1736 1149 n0n
1767 1096 2001 1161 animus,

392 1194 484 1249 sed
505 1194 735 1248 facultas
758 1193 969 1247 defuit:
997 1191 1119 1261 qnia
1146 1188 1387 1244 haeretici
1418 1200 1679 1257 corrupto
1712 1186 2005 1243 Volventio

392 1289 717 1356 proconsule
739 1287 882 1341 vires
900 1300 1025 1339 suas
1039 1286 1516 1339 confirmaverant.
1534 1283 1673 1350 Quin
1687 1284 1847 1336 etiam
1864 1281 2004 1335 ltha-

392 1381 508 1434 cius
521 1381 589 1434 ab
606 1381 693 1434 bis
712 1380 865 1449 quasi
888 1377 1234 1449 perturbatur
1262 1377 1653 1439 Ecclesiarum,
1679 1390 1803 1429 reus
1820 1385 2004 1443 postu-

393 1472 552 1533 latus,
569 1474 861 1541 jussusque
879 1486 976 1539 per
995 1478 1230 1524 atrocem
1246 1469 1650 1523 exsecutionem
1664 1466 1881 1534 deduci,
1900 1476 2005 1521 tre-

395 1566 550 1634 pidus
567 1565 801 1636 profugit
822 1564 888 1619 ad
914 1564 1137 1620 Gallias.
1164 1546 1238 1617 Ibi
1263 1562 1581 1632 Gregorium
1610 1560 1917 1631 praefectum
1936 1552 2000 1614 ad

395 1659 579 1728 iit;qui
597 1659 889 1727 compertis
915 1672 1034 1726 quae
1065 1664 1406 1727 gestaerant,
1437 1652 1629 1723 rapiad
1645 1668 1704 1707 se
1722 1653 2003 1707 turbarum

396 1762 646 1806 auctores
666 1752 840 1821 jubet,
868 1766 931 1805 ac
952 1750 1020 1805 de
1035 1750 1286 1803 omnibus
1312 1748 1378 1803 ad
1408 1748 1790 1816 imperatorem
1814 1744 2001 1809 refert,

2106 537 2317 605 jcctare
2361 532 2589 589 bteresis
2644 532 2961 588 infamiam:
3014 532 3251 600 namque
3294 526 3406 586 tum
3453 529 3713 586 Martinus

2112 627 2255 696 apud
2281 622 2556 682 Treveros
2586 622 2949 692 constitutus,
2982 639 3089 679 non
3120 622 3410 679 desinebat
3430 624 3714 692 increpare

2108 716 2404 780 Itliacinm,
2438 729 2493 772 ut
2538 716 2605 773 ab
2647 712 2991 771 accusatione
3035 716 3365 780 desisteret;
3416 716 3706 771 Maximum

2111 827 2301 879 orare,
2332 820 2390 865 ut
2435 813 2701 880 sanguine
2734 811 3033 865 infelicium
3069 811 3406 873 ahsﬁneret;
3450 810 3584 864 satis
3618 823 3709 863 su-

2113 922 2313 974 perque
2355 900 2640 969 sufficere,
2695 918 2751 958 ut
2793 901 3096 975 episcopali
3149 906 3419 958 sententia
3466 902 3710 957 hmretici

2104 999 2335 1069 judicati
2370 999 2625 1053 Ecclesiis
2660 998 3027 1066 pellerentur;
3061 1014 3259 1051 novum
3302 1013 3423 1052 esse
3463 1006 3518 1051 et
3546 996 3705 1051 inau-

2110 1095 2279 1148 ditum
2314 1093 2464 1147 nefas
2488 1134 2503 1159 ,
2533 1108 2750 1148 causam
2784 1092 3045 1146 Ecclesia:
3070 1091 3236 1161 jndex
3267 1089 3452 1145 smculi
3495 1089 3709 1159 judica-

2113 1196 2214 1240 ret.
2266 1185 2509 1256 Denique
2557 1183 2734 1253 qutiad
2777 1199 2943 1253 usque
2988 1182 3257 1237 Martinus
3288 1181 3546 1237 Treveris
3578 1179 3706 1245 fuit,

2111 1282 2279 1335 dilata
2310 1282 2552 1350 cognitio
2579 1288 2691 1344 est;
2723 1286 2779 1333 et
2807 1293 2929 1331 mox
2961 1277 3306 1331 discessurus
3336 1274 3549 1345 egregia
3581 1289 3708 1328 auc-

2115 1374 2329 1427 toritate
2361 1388 2386 1423 a
2418 1370 2651 1424 Maximo
2679 1368 2866 1423 elicuit
2906 1368 3258 1437 sponsionem
3283 1406 3297 1429 ,
3333 1366 3469 1420 nihil
3509 1380 3707 1420 cruen-

2113 1476 2224 1520 tum
2272 1466 2323 1518 in
2375 1480 2497 1519 reos
2526 1458 2994 1518 constituendum.
3028 1459 3135 1517 Sed
3170 1460 3358 1529 postea
3405 1460 3707 1528 imperator

2106 1568 2207 1630 per
2255 1558 2497 1628 Magnum
2530 1566 2583 1612 et
2623 1554 2824 1611 Rufum
2874 1555 3163 1626 episcopos
3196 1554 3554 1623 d‘cpravalus,
3589 1562 3642 1605 et
3674 1565 3706 1605 a

2110 1652 2417 1707 mitioribus
2444 1650 2687 1704 consiliis
2718 1649 2993 1714 deflexus,
3026 1662 3240 1701 causam
3278 1646 3535 1715 pra-feeto
3567 1642 3707 1698 Evo-

2110 1747 2198 1799 diu
2231 1745 2511 1815 permisit,
2546 1746 2661 1798 viro
2693 1745 2804 1799 acri
2834 1753 2888 1798 et
2915 1758 3140 1809 severo,
3171 1741 3262 1811 qui
3296 1740 3703 1795 Priscillianmn

399 1854 453 1898 ut
506 1844 784 1899 haareticis
824 1842 964 1897 viam
1022 1841 1294 1896 ambiendi
1349 1841 1733 1909 przec!uderet.
1796 1838 1903 1893 Sed
1950 1839 2002 1893 id
2036 1842 2080 1901 Β
2106 1839 2329 1910 gemino
2356 1837 2562 1905 judicio
2605 1837 2853 1891 auditum
2882 1878 2895 1901 ,
2941 1836 3358 1904 convictumque
3403 1834 3697 1897 maleﬁcii,

400 1937 594 1990 frustra
631 1936 749 2001 fuit,
779 1936 902 2006 quia
935 1951 1032 2005 per
1073 1934 1350 1989 libidinem
1385 1944 1439 1988 et
1467 1933 1763 2003 potentiam
1794 1948 1997 2003 pauci»

398 2044 516 2083 rum
547 2038 739 2083 cuncta
797 2028 871 2081 ibi
922 2024 1134 2083 venalia
1186 2024 1359 2082 erant.
1395 2025 1561 2097 Igitur
1589 2022 1837 2081 hzeretici
1884 2022 2000 2081 suis

399 2120 628 2179 artibus.
656 2121 842 2190 grandi
871 2123 1097 2189 pecunia
1129 2119 1448 2175 Macedonio
1479 2120 1624 2178 data.
1655 2120 1908 2175 obtinent
1943 2128 2002 2174 ut

402 2213 671 2275 imperiali
704 2214 1021 2268 auctoritate
1050 2212 1312 2283 przefecto
1331 2221 1515 2282 erepta
1533 2212 1774 2283 cognitio
1809 2210 2001 2282 Hispa-

400 2309 614 2361 niarum
664 2306 867 2361 vicario
899 2308 1047 2377 (nam
1071 2308 1181 2377 jam
1235 2309 1617 2377 proemisulem
1668 2307 1866 2363 habere
1906 2309 2000 2362 de-

396 2398 744 2469 sierant).....
778 2399 1039 2470 missique
1066 2416 1094 2453 a
1129 2401 1391 2470 magistro
1421 2398 1708 2464 officiales,
1741 2400 1830 2468 qui
1858 2398 2001 2453 ltha-

395 2495 540 2549 cium
564 2506 673 2549 tum
698 2493 1211 2565 Treverisagentcm
1232 2494 1296 2547 ad
1320 2493 1603 2563 Hispanias
1618 2495 1996 2560 retraherent;

399 2602 535 2655 quos
563 2586 658 2641 ille
684 2586 886 2642 callide
915 2585 1211 2641 frustratur
1245 2603 1257 2640 :
1298 2601 1363 2641 ac
1396 2599 1581 2655 pOSIea
1639 2601 1735 2655 per
1786 2585 2000 2641 Pritan-

404 2680 548 2733 nium
598 2680 919 2751 episcopum
966 2680 1227 2737 defensus
1282 2681 1471 2736 illusit.
1526 2682 1642 2737 Jatn
1676 2694 1784 2735 tum
1816 2697 2003 2737 rumor

405 2777 722 2841 incesserat,
776 2776 1112 2830 Clementem
1162 2776 1450 2831 Maximum
1509 2777 1647 2829 intra
1696 2774 2000 2830 Britannias

400 2868 698 2939 sumpsisse
723 2866 1033 2931 imperium,
1059 2881 1119 2919 ac
1146 2866 1295 2921 brevi
1334 2865 1386 2920 in
1428 2865 1633 2922 Gallias
1655 2874 1995 2935 erupturum.

405 2958 476 3010 lia
512 2968 617 3011 Iuni
650 2958 884 3013 Ithzcins
907 2960 1115 3023 Statuit,
1148 2960 1272 3015 licet
1305 2960 1468 3015 rebus
1499 2960 1701 3026 dubiis,
1754 2960 1876 3014 novi
1902 2962 2002 3014 ini-

407 3052 667 3117 peramris
687 3050 982 3107 adventum
1013 3063 1333 3121 exSpectare
1377 3069 1389 3106 :
1445 3053 1659 3107 interim
1712 3053 1817 3109 sibi
1869 3054 1999 3108 nihil

402 3141 730 3206 agitandum.
765 3144 926 3213 Igitur
950 3144 1037 3198 tibi
1070 3143 1332 3198 Maximus
1357 3143 1613 3213 oppidum
1640 3144 1997 3199 Treverorum

2104 1946 2203 1982 nec
2254 1927 2577 1982 diffitentem
2628 1928 2906 1983 obscmnis
2958 1943 3015 1981 se
3066 1925 3342 1981 studuisse
3394 1925 3702 1991 doctrinis,

2105 2022 2404 2079 nocturnos
2432 2024 2595 2076 etiam
2627 2024 2866 2091 turpium
2900 2020 3227 2076 fetninaruin
3261 2020 3437 2088 egisse
3469 2033 3707 2073 conven-

2105 2128 2190 2171 tns
2218 2157 2231 2182 ,
2285 2118 2601 2186 nudumque
2645 2132 2805 2172 orare
2837 2116 3055 2170 solitum
3083 2156 3098 2181 ,
3130 2123 3419 2169 nocentem
3465 2127 3707 2182 pronun-

2105 2204 2287 2276 tiavii,
2319 2208 2637 2281 redegitque
2660 2213 2709 2263 in
2735 2208 3038 2265 cuswdiam
3059 2251 3073 2273 ,
3099 2209 3273 2262 donec
3303 2207 3368 2259 ad
3404 2206 3701 2276 principem

2105 2307 2353 2362 referret.
2395 2304 2575 2360 Gestis
2606 2305 2671 2358 ad
2722 2304 2983 2374 palatium
3016 2302 3245 2365 delatis,
3278 2300 3493 2355 censuit
3534 2300 3705 2368 impe-

2104 2410 2252 2455 rator
2299 2400 2699 2455 Priscillianum
2745 2399 3036 2468 sociosque
3076 2398 3195 2467 ejus
3224 2396 3419 2466 capitis
3450 2392 3704 2449 damnari

2104 2503 2381 2563 Oportcre.

2174 2586 2262 2642 LI.
2315 2586 2583 2641 Czeterum
2634 2584 2872 2640 lthaeius
2922 2583 3113 2640 videns
3162 2598 3323 2654 quam
3376 2582 3703 2637 invidiosum

2103 2680 2205 2733 sibi
2229 2680 2372 2749 apud
2399 2681 2690 2749 episcOpos
2714 2678 2885 2744 foret,
2915 2678 2959 2732 si
2988 2688 3280 2733 accusatur
3302 2678 3464 2732 etiam
3493 2683 3706 2746 postre-

2105 2771 2209 2828 mis
2238 2788 2419 2827 rerum
2452 2771 2769 2841 capitalium
2799 2770 3022 2839 judiciis
3048 2771 3317 2825 astitisset
3343 2769 3571 2840 (etenim
3602 2769 3705 2823 ite-

2106 2865 2494 2935 rarijudicium
2526 2879 2753 2919 necesse
2783 2864 2959 2935 erat),
2990 2864 3262 2918 subtrahit
3285 2878 3345 2917 se
3366 2862 3664 2932 cognitioni
3689 2878 3701 2913 :

2106 2960 2347 3023 frustra,
2378 2960 2577 3013 callido
2617 2960 2725 3028 jam
2761 2960 2971 3015 scelere
3016 2958 3282 3027 perfecto.
3331 2959 3401 3012 At
3450 2966 3557 3012 tum
3608 2972 3707 3027 per

2106 3053 2396 3107 Maximum
2448 3060 2733 3106 accusator
2776 3050 3070 3122 apponitur
3113 3050 3387 3105 Patricius
3433 3050 3699 3120 quidam,

2109 3143 2223 3198 ﬁsci
2257 3153 2515 3213 patronus
2543 3162 2555 3198 :
2592 3144 2663 3198 ita
2694 3160 2759 3198 eo
2793 3144 3078 3199 insistente
3106 3141 3485 3198 Priscillianus
3506 3142 3703 3212 capitis

408 3242 573 3294 victor
603 3239 882 3308 ingressos
904 3248 987 3290 cst
1008 3277 1026 3302 ,
1059 3238 1254 3308 ingerit
1275 3252 1464 3307 preces
1494 3237 1677 3306 plenas
1707 3238 1758 3291 in
1787 3236 2001 3292 Priscil-
2029 3238 2073 3295 C
2108 3239 2401 3291 damnatus
2447 3248 2530 3291 est
2557 3279 2570 3303 ,
2612 3254 2826 3305 unaque
2856 3252 2978 3292 eum
3010 3252 3075 3291 eo
3108 3236 3485 3291 Felicissimus
3514 3246 3569 3290 ct
3600 3240 3703 3290 Ar-

405 3334 600 3386 Iianum
630 3347 695 3387 ac
723 3330 901 3385 socios
931 3332 1051 3400 ejus
1085 3331 1297 3385 invidiae
1329 3341 1491 3403 atque
1520 3332 1832 3387 criminum.
1868 3332 1999 3399 Qui-

403 3426 502 3481 bus
531 3435 806 3495 permotus
836 3424 1149 3492 imperator.
1182 3423 1321 3478 dalis
1355 3424 1421 3478 ad
1455 3422 1768 3494 prrefertum
1796 3424 1997 3479 Gallia-

409 3534 527 3571 rum
561 3526 720 3585 atque
750 3517 813 3569 ad
845 3518 1101 3571 vicarium
1136 3517 1512 3586 IIiSpaniarum
1547 3517 1774 3579 litteris,
1808 3532 2000 3571 nntnes

408 3612 638 3665 omnino
665 3626 801 3681 quos
839 3611 984 3666 labes
1018 3611 1107 3665 illa
1140 3610 1468 3677 involverat,
1503 3610 1695 3665 deduri
1728 3610 1793 3664 ad
1835 3627 2002 3681 syno-

405 3703 532 3756 dum
567 3702 1027 3773 Burdegalensem
1053 3702 1227 3772 jubet.
1263 3700 1338 3756 Ita
1373 3703 1584 3757 deducti
1626 3702 1917 3757 Instantius
1946 3712 2001 3757 et

408 3796 802 3851 l’riscillianus:
830 3813 1061 3868 quorum
1091 3797 1383 3852 Instantius
1410 3798 1558 3869 prior
1577 3799 1759 3867 jussus
1780 3812 1998 3851 causam

406 3889 625 3955 dicere,
674 3896 960 3958 postquam
1009 3904 1068 3944 se
1114 3905 1299 3959 parum
1346 3888 1713 3960 expurgahat,
1746 3889 2001 3959 indignus

409 3998 526 4035 esse
551 3981 865 4051 episcopatu
901 3984 1276 4052 pronuntiatus
1306 3993 1407 4037 est.
1444 3983 1814 4038 Prisciltianus
1844 3997 1994 4050 vero,

411 4088 475 4126 ne
504 4073 571 4128 ab
598 4075 870 4145 episcopis
899 4076 1198 4137 audiretur,
1229 4076 1293 4129 ad
1325 4076 1621 4146 principem
1656 4076 1998 4145 provocavit;

410 4167 842 4234 permissumque
886 4167 937 4221 id
980 4178 1290 4222 nostrorum
1336 4168 1726 4232 inconstantia,
1775 4167 1865 4239 qui
1909 4173 2002 4221 aut

407 4260 731 4315 sententiain
776 4262 827 4315 in
862 4260 1224 4331 refragantem
1258 4259 1401 4316 ferre
1431 4260 1769 4322 debuerant,
1819 4269 1912 4314 aut
1956 4260 2001 4313 si

410 4353 508 4421 ipsi
542 4354 784 4422 suSpecti
819 4353 1188 4421 habebantur,
1218 4353 1341 4409 aliis
1367 4353 1640 4424 episcopis
1662 4347 2000 4408 audientiam

410 4459 716 4511 reservare,
749 4461 853 4500 nun
886 4461 1103 4501 causam
1137 4445 1451 4516 imperatori
1477 4445 1545 4501 de
1568 4457 1673 4499 tam
1703 4444 2001 4501 manifestis

410 4538 725 4592 criminibus
759 4540 1095 4608 permittere.
1129 4535 1206 4594 Ita
1240 4554 1432 4594 omnes
1463 4554 1600 4610 quos
1629 4555 1789 4593 causa
1832 4539 2002 4593 iuvat;

413 4640 591 4696 verat,
622 4630 690 4685 ad
720 4647 899 4702 regem
931 4631 1170 4687 deducti.

479 4722 539 4779 L.
573 4723 759 4780 Secuti
804 4725 968 4783 etiam
1012 4735 1365 4781 accusatores
1406 4726 1617 4781 Idacius
1664 4734 1723 4780 et
1770 4726 2005 4781 lthaeius

410 4818 647 4887 episcopi
670 4838 687 4872 τ
718 4836 948 4889 quorum
974 4820 1219 4875 studium
1248 4820 1301 4875 in
1332 4820 1708 4892 expugnandis
1734 4821 2008 4876 haereticis

410 4926 515 4967 non
566 4911 1059 4979 reprehenderem,
1109 4914 1154 4969 si
1200 4929 1309 4968 non
1359 4912 1544 4968 studio
1586 4912 1838 4969 Vincendi
1885 4913 2006 4983 plus

407 5018 565 5069 quam
598 5004 838 5075 oportuit
885 5013 1215 5060 certassent.
1275 5010 1353 5061 Ae
1385 5022 1503 5061 mea
1532 5006 1753 5076 quidem
1781 5016 2009 5061 senten-

408 5096 481 5149 tia
508 5106 624 5158 est,
657 5096 789 5150 mihi
820 5105 928 5152 tam
956 5111 1088 5152 reos
1115 5110 1278 5168 quam
1306 5109 1650 5153 accusatores
1685 5099 2003 5168 displicere.

407 5186 570 5243 Certe
621 5188 884 5243 ltltacium
934 5188 1065 5243 nihil
1109 5190 1296 5259 pensi,
1344 5190 1474 5245 nihil
1526 5191 1700 5246 sancti
1749 5191 2005 5246 habuisse

406 5280 608 5337 deﬁnio
632 5302 645 5337 ε
677 5281 782 5338 fuit
810 5286 955 5340 enim
984 5284 1162 5339 audax
1186 5326 1202 5350 ,
1233 5286 1453 5355 loquax,
1477 5285 1801 5354 impudens,
1823 5300 2009 5355 sump-

409 5380 632 5438 tuosus,
687 5374 865 5429 ventri
906 5384 963 5430 et
1000 5376 1144 5446 gulae
1178 5374 1473 5446 plurimum
1524 5377 1859 5446 impertiens.
1909 5376 2005 5431 llic

406 5464 653 5520 stultitiae
700 5481 767 5521 eo
820 5482 994 5537 usque
1050 5476 1433 5537 processerat,
1485 5479 1545 5522 ut
1589 5484 1781 5523 omnes
1836 5468 2002 5523 etiam

408 5570 625 5614 sanctos
655 5561 840 5625 viros,
872 5560 1069 5629 quibus
1094 5572 1189 5616 aut
1230 5560 1469 5615 studium
1504 5563 1679 5615 inerat
1709 5561 1997 5625 lectionis,

408 5662 501 5706 aut
524 5654 866 5723 propositum
893 5664 1012 5711 erat
1041 5664 1251 5711 certare
1277 5654 1536 5725 ieiuniis,
1570 5665 1844 5725 tamquam
1885 5655 2003 5710 Pri-

407 5747 636 5805 scilliani
668 5750 846 5805 socios
872 5760 967 5807 aut
994 5750 1319 5823 discipulos,
1345 5752 1399 5808 in
1429 5751 1638 5808 crimen
1666 5748 1997 5808 arcesseret.

403 5846 585 5905 Ausus
618 5844 786 5931 etiam
823 5846 993 5909 miser
1024 5858 1109 5910 ett
1147 5863 1210 5915 ea
1247 5856 1572 5939 tempestate
1603 5846 1833 5908 Martino
1884 5848 2002 5925 epi-

2106 3334 2351 3397 menius,
2384 3331 2476 3401 qui
2508 3348 2679 3402 nuper
2712 3349 2739 3385 a
2773 3332 3096 3399 catholicis,
3124 3347 3246 3386 cum
3277 3342 3465 3387 essent
3492 3330 3696 3395 clerici,

2110 3425 2508 3481 l'risciilianum
2543 3427 2714 3480 scenti
2766 3428 3134 3482 desciverant.
3168 3425 3532 3480 Latronianus
3564 3440 3699 3494 quo—

2105 3536 2211 3587 que
2242 3530 2297 3574 et
2326 3518 2621 3576 Euchrntia
2656 3519 2839 3590 gladio
2884 3520 3171 3589 perempti.
3212 3519 3504 3573 Instantius
3536 3534 3697 3586 quem

2105 3612 2358 3680 superius
2400 3610 2467 3663 ab
2499 3611 2769 3678 episcopis
2800 3610 3117 3664 damnatum
3151 3611 3389 3664 diximus
3416 3653 3429 3677 ,
3468 3610 3518 3663 in
3554 3608 3701 3681 Syli-

2108 3718 2231 3755 nam
2266 3702 2534 3766 insulam,
2568 3717 2687 3771 quae
2720 3704 2857 3754 ultra
2889 3702 3200 3756 Britannias
3227 3704 3328 3754 sita
3362 3708 3478 3765 est,
3506 3702 3706 3770 depor-

2107 3804 2269 3849 tatus.
2306 3794 2440 3847 Itum
2474 3795 2673 3849 deinde
2714 3795 2765 3846 in
2794 3796 3036 3864 reliquus
3064 3794 3419 3862 sequentihus
3439 3793 3659 3862 judiciis
3686 3833 3701 3858 ,

2105 3889 2461 3959 damnatique
2500 3889 2765 3945 Asariuus
2805 3897 2860 3943 et
2890 3889 3144 3943 Aurelius
3188 3889 3454 3942 diaconus
3497 3886 3699 3956 gladio.

2105 3982 2457 4046 Tiberianus,
2508 3980 2780 4048 ademptis
2831 3982 3021 4045 bonis,
3073 3982 3124 4035 in
3168 3981 3411 4053 Sylinam
3460 3980 3699 4034 insulam

2105 4078 2281 4128 datus.
2336 4074 2645 4138 Tertullus,
2697 4074 2972 4128 Potamins
3014 4085 3067 4128 et
3114 4074 3374 4139 Joannes,
3422 4086 3694 4144 tamquam

2106 4166 2327 4221 viliores
2375 4182 2622 4235 personze
2668 4179 2721 4220 et
2770 4166 2917 4235 digni
2967 4166 3372 4232 misericordia,
3408 4167 3529 4235 quia
3576 4176 3700 4221 ante

2106 4259 2465 4327 qua‘stionem
2504 4274 2565 4312 se
2608 4274 2672 4312 ac
2702 4260 2885 4311 socios
2928 4257 3332 4329 prodidissent,
3370 4260 3704 4327 temporaria

2106 4348 2303 4405 exsilio
2334 4346 2478 4405 intra
2506 4349 2717 4405 Gallias
2745 4351 2993 4421 relegati.
3029 4351 3140 4405 Hoc
3172 4353 3282 4406 fere
3321 4353 3481 4406 modo
3525 4352 3701 4406 homi-

2107 4459 2202 4499 nes
2233 4446 2356 4499 luce
2388 4445 2782 4515 indignissimi,
2818 4447 3056 4515 pessimo
3086 4447 3338 4516 exemplo
3362 4489 3375 4512 ,
3407 4447 3583 4502 necati
3612 4458 3706 4502 aut

2107 4540 2317 4594 exsiliis
2374 4541 2617 4595 inuictati
2668 4559 2679 4592 :
2731 4540 2876 4611 quod
2911 4542 3067 4595 initio
3109 4541 3235 4611 jure
3278 4542 3604 4611 judicinrum
3651 4552 3706 4597 et

2028 4633 2083 4692 D
2108 4637 2329 4704 egregio
2361 4634 2581 4704 publico
2605 4634 2890 4690 defensum
2914 4676 2928 4702 ,
2955 4644 3144 4705 postea
3171 4635 3406 4691 lthaeius
3432 4637 3484 4691 in
3508 4638 3704 4707 jurgiis

2108 4724 2303 4782 solitus
2331 4770 2346 4795 ,
2392 4722 2461 4782 ad
2490 4734 2829 4795 postremum
2860 4730 3178 4798 convictus,
3212 4730 3264 4784 in
3296 4734 3391 4785 eos
3423 4732 3709 4800 retorque-

2110 4824 2232 4890 bat,
2267 4828 2497 4894 quorum
2525 4824 2576 4878 id
2600 4825 2859 4879 mandato
2881 4835 2934 4880 et
2960 4824 3207 4879 consiliis
3231 4808 3483 4879 eii'ecerai
3504 4865 3518 4891 ,
3549 4825 3701 4882 solus

2111 4926 2292 4971 tamen
2330 4916 2572 4970 omnium
2606 4916 2924 4985 episcopatu
2965 4916 3259 4971 detrusus:
3294 4930 3417 4970 nam
3455 4916 3699 4983 Idacius,

2112 5008 2241 5062 licet
2276 5009 2457 5061 minus
2510 5023 2747 5074 nocens,
2800 5019 2999 5078 sponte
3030 5024 3088 5063 se
3118 5009 3435 5077 episcopatu
3483 5010 3707 5064 abdica-

2112 5104 2262 5154 verat
2289 5117 2304 5151 :
2348 5102 2622 5167 sapienter
2652 5101 2701 5153 id
2734 5098 2789 5152 et
2820 5100 3156 5167 verecunde,
3191 5102 3292 5155 nisi
3324 5112 3510 5171 postea
3542 5104 3706 5157 amis-

2107 5205 2227 5246 Stttn
2259 5193 2431 5247 locum
2464 5202 2713 5261 repetere
2742 5201 3029 5247 tentasset.
3057 5194 3332 5249 (laterum
3364 5197 3705 5251 i'riscilliano

2110 5288 2291 5341 occiso
2340 5301 2445 5339 non
2479 5287 2655 5340 solum
2706 5294 2814 5339 non
2866 5300 3110 5356 rrpressa
3145 5297 3227 5342 est
3274 5288 3527 5353 lurrcsis,
3578 5303 3700 5355 qua}

2105 5379 2201 5433 illo
2226 5388 2451 5433 auctore
2480 5386 2804 5447 proruperat
2829 5419 2843 5444 ,
2875 5377 2970 5434 sed
3002 5379 3349 5441 confirmata,
3386 5381 3549 5433 latius
3579 5393 3701 5447 pro-

2110 5480 2301 5542 pagata
2329 5480 2413 5527 est
2438 5489 2450 5525 :
2486 5478 2721 5543 namque
2751 5481 3061 5527 sectatores
3084 5474 3237 5542 ejus,
3262 5474 3354 5543 'qui
3383 5484 3505 5526 eum
3556 5471 3703 5539 prius

2108 5575 2169 5621 nt
2187 5564 2438 5621 sanetum
2459 5565 2889 5631 bonoraveran',
2917 5578 3101 5636 postea
3126 5576 3183 5620 ut
3203 5558 3495 5633 titurtyrcm
3520 5565 3705 5620 colere

2111 5670 2413 5731 creperum.
2460 5660 2880 5730 Perem‘ptorum
2913 5672 3145 5730 corpora
3176 5659 3241 5711 ad
3289 5658 3578 5725 Hispanias
3618 5662 3703 5713 re:

2112 5755 2217 5810 lata
2252 5784 2265 5821 δ
2300 5755 2623 5827 magniSqne
2652 5758 2932 5826 obsequiis
2970 5756 3241 5811 celebrata
3272 5762 3459 5808 eorum
3496 5754 3706 5812 funera.

2116 5850 2261 5922 Quin
2286 5860 2343 5931 et
2384 5852 2574 5925 jurare
2602 5866 2697 5945 per
2728 5850 3131 5910 Priscillianum
3157 5861 3368 5908 summa
3397 5850 3592 5930 religio
3619 5867 3718 5943 pu-
