4200 6180
478 252 584 312 159

1833 244 2127 307 SULPICII
2165 245 2426 305 SEVERI

3690 249 3794 306 160

477 370 716 428 tabatur.
750 371 831 429 Ac
878 371 1026 428 inter
1067 380 1288 426 nostros
1318 375 1643 440 perpetuum
1677 365 2082 422 discordiarum
2110 372 2162 431 Α
2189 364 2392 422 invidia
2413 407 2427 430 ,
2482 364 2752 430 factione,
2798 363 3030 420 libidine
3057 407 3072 430 ,
3124 364 3390 433 avaritia,
3437 366 3750 436 arrogantia
3780 410 3794 434 ,

483 463 684 520 bellum
732 471 1048 524 exarserat,
1092 460 1235 532 quod
1273 460 1382 528 jam
1416 475 1511 530 per
1550 459 1862 530 quindecim
1907 473 2080 514 annos

475 555 639 614 [tedis
685 555 1134 614 dissensionibus
1181 552 1480 624 agitatum,
1524 553 1672 608 nullo
1703 552 1865 608 modo
1912 553 2082 622 sopiri

487 659 724 721 poterat.
760 650 826 703 lit
853 663 995 703 nunc
1016 688 1030 712 ,
1059 662 1184 702 cum
1217 649 1454 701 maxime
1483 645 1775 702 discordiis
1801 648 2085 717 episcopo-

481 758 602 798 rum
649 739 860 796 turbari
889 748 986 794 aut
1017 739 1236 794 misceri
1282 739 1464 794 omnia
1495 749 1884 803 cernerentur,
1915 753 2084 794 cunc-

481 845 645 908 taque
683 850 781 906 per
821 849 916 892 eos
946 834 1074 891 odio
1101 843 1198 890 aut
1228 835 1398 907 gratia
1423 875 1438 898 .
1471 842 1651 903 metu,
1687 833 2081 899 inconstantia,

2190 473 2420 522 somno,
2452 457 2663 514 desidia
2695 466 2884 514 essent
2912 458 3213 528 depravata
3244 477 3257 513 :
3303 467 3584 531 postremo
3614 459 3798 529 plures

2190 549 2480 606 adversum
2515 565 2720 620 paucos
2747 550 2889 605 bene
2915 550 3289 615 consulentes,
3319 551 3528 606 insanis
3553 551 3798 608 consiliis

2191 653 2248 698 et
2279 642 2654 714 pertinacibus
2698 642 2892 697 studiis
2933 643 3220 698 certabant
3263 661 3276 697 :
3323 643 3469 699 inter
3496 644 3610 697 haec
3643 643 3797 710 plebs

2195 737 2293 791 Dei
2323 744 2380 791 et
2403 737 2640 806 Optimus
2667 735 2898 806 quisque
2927 736 3127 806 probro
3158 743 3323 806 atque
3351 733 3595 792 ludibrio
3631 734 3799 791 habe-

2195 831 2374 887 batur.

493 984 3776 1012 MM

1368 1183 2148 1298 SULPICII
2223 1181 2914 1296 SEVERI

891 1394 1163 1537 DE
1259 1393 1733 1539 VITA
1834 1386 2427 1532 BEATI
2521 1389 3383 1534 MARTINI

1782 1631 2112 1705 LIBER
2197 1630 2500 1714 UNUS.

986 1965 1591 2053 AUCTORIS
1666 1970 1828 2053 AD
1905 1969 2656 2055 DESIDERIUM
2733 1967 3298 2074 EPISTOLA

1546 2132 1650 2195 DE
1696 2134 1939 2198 ΠΒΒο
1983 2135 2201 2198 VlTjE
2245 2137 2315 2198 B.
2362 2133 2729 2197 MARTINI.

657 2464 908 2521 Βενειιυς
949 2461 1242 2516 Βεεωειιιο
1279 2459 1609 2515 charissima
1647 2458 1908 2514 salutem.

555 2557 671 2629 Ego
701 2557 917 2626 quidem
943 2596 956 2618 ,
992 2551 1166 2610 frater
1198 2553 1471 2610 unanimis
1495 2598 1509 2619 ,
1542 2553 1790 2609 libellum
1823 2569 1986 2624 quem
2024 2553 2092 2608 de

485 2653 592 2706 vita
623 2649 797 2704 sancti
822 2647 1035 2703 Martini
1068 2649 1426 2720 scripseram,
1459 2647 1660 2703 scheda
1689 2663 1785 2703 sua
1821 2663 2092 2717 premere,

492 2753 548 2798 et
581 2743 723 2798 intra
756 2739 1090 2796 domesticos
1115 2741 1356 2812 parietes
1398 2741 1662 2796 cohibere
1690 2739 2050 2796 decreveram
2078 2758 2092 2807 ;

487 2834 651 2906 quia,
686 2845 742 2888 ut
771 2849 889 2889 sum
930 2843 1122 2889 natura
1156 2835 1405 2888 inlirmus
1429 2878 1442 2900 ,
1481 2835 1685 2905 judicia
1733 2834 1970 2890 humana
2013 2835 2094 2888 vi-

490 2929 700 2993 tabam,
763 2942 831 2981 ne
877 2925 1059 2998 (quod
1112 2927 1228 2982 fore
1272 2927 1550 2998 arbitror)
1608 2943 1789 2983 sermo
1843 2929 2096 2983 incultior

491 3025 798 3096 legentibus
847 3023 1204 3095 displiceret,
1261 3027 1615 3095 omniumque
1662 3025 2097 3095 reprehensione

496 3119 851 3189 dignissimus
878 3118 1178 3188 judicarer,
1214 3119 1300 3186 qui
1335 3119 1619 3172 materiam
1649 3119 1868 3172 disertis
1900 3118 2096 3173 merito

494 3210 858 3280 scriptoribus
914 3208 1302 3264 reservandum
1358 3211 1648 3280 impudens
1697 3224 2093 3276 occupassem:

495 3304 590 3360 sed
621 3305 822 3375 petenti
851 3304 943 3358 tibi
969 3306 1171 3376 saepius
1201 3321 1400 3376 negare
1435 3321 1541 3360 non
1577 3307 1748 3375 potui.
1782 3305 1923 3373 Quid
1951 3308 2095 3360 enim

493 3407 672 3462 esset,
705 3397 846 3468 quod
879 3411 986 3452 non
1015 3398 1188 3453 amori
1224 3408 1319 3454 tuo
1349 3399 1433 3454 vel
1464 3415 1586 3454 cum
1619 3400 1950 3455 detrimento
1991 3400 2098 3453 mei

496 3489 718 3560 pudoris
766 3489 1179 3560 impenderem?
1223 3491 1606 3547 Verumtamen
1651 3508 1712 3548 ea
1760 3493 1852 3548 tibi
1902 3491 2096 3546 ﬁducia

495 3583 739 3639 libellum
770 3585 950 3651 edidi,
983 3601 1088 3655 qua
1121 3586 1255 3642 nulli
1285 3601 1313 3640 a
1345 3597 1396 3641 te
1424 3587 1762 3657 prodendum
1791 3603 1936 3653 reor;
1971 3590 2096 3657 quia

493 3677 544 3731 id
569 3677 932 3748 spepondisti.
957 3676 1066 3733 Sed
1093 3693 1306 3745 vereor,
1331 3695 1399 3734 ne
1423 3691 1477 3734 tu
1502 3681 1550 3735 ei
1573 3681 1736 3748 janua
1764 3681 1836 3736 sis
1861 3681 2095 3748 futurus,

493 3777 550 3823 et
577 3769 812 3826 emissus
842 3770 1011 3825 semel
1051 3785 1159 3826 non
1192 3783 1355 3842 queat
1389 3777 1630 3828 revocari
1660 3789 1674 3837 ;
1708 3773 1852 3843 quod
1881 3773 1925 3827 si
1954 3773 2098 3827 acci-

495 3861 682 3928 derit,
710 3870 766 3915 et
793 3861 862 3916 ab
893 3862 1164 3933 aliquibus
1191 3879 1314 3918 eum
1349 3865 1455 3935 legi
1485 3864 1718 3931 videris,
1754 3865 1892 3920 bona
1924 3865 1976 3920 id
2008 3881 2099 3919 ve-

495 3953 582 4008 nia
611 3968 642 4007 a
676 3952 972 4009 lectoribus
1003 3955 1330 4026 postulabis,
1354 3969 1411 4013 ut
1436 3974 1522 4014 res
1545 3958 1725 4030 p0tius
1746 3975 1909 4030 quam
1933 3959 2097 4014 verba

2125 2463 2172 2523 Β
2203 2462 2540 2534 perpendant
2566 2507 2580 2531 ,
2615 2471 2668 2517 et
2698 2476 2856 2532 teque
2885 2461 3070 2516 animo
3101 2459 3310 2528 ferant,
3347 2461 3394 2515 si
3424 2475 3584 2518 aures
3614 2476 3804 2520 eorum

2202 2558 2433 2612 vitiosus
2479 2555 2726 2610 forsitam
2777 2569 2960 2610 sermo
3011 2553 3355 2624 perculerit:
3401 2555 3526 2624 quia
3576 2570 3806 2624 regnum

2204 2650 2298 2705 Dei
2330 2665 2437 2705 non
2472 2651 2523 2704 itt
2553 2649 2883 2718 eloquentia,
2928 2647 3024 2704 sed
3059 2651 3109 2702 in
3141 2648 3244 2703 lide
3275 2657 3514 2703 constat.
3548 2648 3808 2706 Memine-

2201 2745 2309 2799 rint
2341 2745 2544 2808 etiam,
2577 2743 2809 2798 salutem
2849 2742 3051 2797 saeculo
3094 2757 3200 2797 non
3233 2740 3302 2796 ab
3331 2741 3678 2808 oratoribus,
3711 2744 3807 2799 sed

2199 2853 2229 2892 a
2283 2837 2645 2908 piscatoribus
2689 2835 3080 2906 praedicatam;
3129 2849 3252 2890 cum
3299 2835 3526 2905 utique,
3580 2836 3624 2890 si
3675 2835 3809 2891 utile

2201 2931 2426 2997 fuisset,
2461 2931 2512 2986 id
2545 2945 2759 3002 quoque
2791 2929 3052 2984 Dominus
3083 2941 3346 3000 prwsmre
3374 2931 3661 3000 potuisset.
3697 2930 3808 3002 Ego

2202 3026 2344 3082 enim
2388 3040 2510 3079 cum
2557 3025 2790 3095 primum
2825 3025 3065 3077 animum
3097 3024 3163 3079 ad
3196 3023 3546 3078 scribendum
3579 3026 3759 3096 appuli
3791 3067 3806 3091 ,

2200 3118 2324 3188 quia
2372 3116 2523 3172 nefas
2563 3127 2813 3187 putarem
2851 3117 2985 3171 tanti
3021 3117 3122 3170 viri
3157 3118 3332 3172 latere
3365 3117 3594 3172 virtutes
3618 3158 3633 3184 ,
3664 3118 3808 3188 apud

2201 3227 2288 3266 me
2318 3212 2435 3282 ipse
2464 3211 2642 3266 decidi
2667 3219 2726 3264 ut
2747 3209 3077 3265 solmeismis
3101 3224 3208 3264 uon
3239 3209 3623 3265 erubescerem
3645 3227 3656 3263 :
3682 3211 3806 3280 quia

2200 3321 2301 3361 nec
2332 3321 2579 3377 magnam
2609 3304 2835 3359 istarum
2867 3319 3121 3373 umquam
3147 3319 3333 3358 rerum
3365 3304 3648 3359 scientiam
3673 3317 3806 3358 eon-

2203 3398 2486 3468 tigissem;
2533 3408 2627 3465 et,
2665 3397 2712 3452 si
2743 3397 2874 3469 quid
2916 3412 2981 3453 ex
3019 3397 3104 3453 his
3150 3397 3348 3452 studiis
3398 3397 3529 3452 olim
3577 3395 3808 3451 fortasse

2202 3493 2461 3548 libztssem
2489 3535 2504 3558 ,
2541 3499 2712 3546 totum
2741 3489 2794 3544 id
2829 3489 3190 3546 desuetudine
3220 3489 3357 3545 tanti
3389 3490 3655 3559 temporis
3689 3504 3807 3559 per-

2201 3584 2488 3639 didissem.
2539 3583 2646 3640 Sed
2679 3594 2858 3639 tamen
2882 3626 2897 3652 ,
2933 3599 2999 3638 ne
3041 3599 3140 3637 nos
3171 3591 3388 3637 maneat
3432 3593 3540 3635 tam
3574 3580 3806 3636 molesta

2201 3680 2484 3744 defensio,
2532 3694 2862 3749 suppresso,
2897 3680 2941 3734 si
2983 3678 3076 3732 tibi
3117 3676 3352 3740 videtur,
3389 3675 3610 3729 nomine
3647 3673 3810 3728 lihel-

2202 3774 2285 3830 lus
2308 3775 2522 3828 edatur.
2548 3772 2700 3842 Quod
2731 3783 2787 3826 ut
2816 3772 2933 3826 ﬁeri
2956 3771 3156 3835 valeat,
3183 3770 3398 3824 titulum
3428 3766 3591 3822 lronti
3617 3767 3804 3831 erade,

2204 3878 2262 3921 ut
2307 3877 2454 3921 muta
2501 3867 2571 3921 sit
2619 3868 2848 3936 pagina;
2899 3874 3028 3933 aut,
3079 3863 3221 3934 quod
3271 3860 3511 3930 sufﬁcit,
3545 3862 3805 3932 loquatur

2204 3961 2486 4014 materiam
2512 4001 2528 4025 ,
2558 3974 2664 4014 non
2701 3959 2950 4029 loquatur
2980 3965 3282 4012 auctorem.

1688 4295 2115 4381 INCIPIT
2189 4292 2571 4378 LIBER.

1976 4494 2317 4509 *—

559 4669 599 4726 l.
644 4669 902 4741 Plerique
952 4670 1212 4726 mortales
1265 4667 1449 4726 studio
1501 4678 1556 4725 et
1602 4669 1792 4741 gloriae
1842 4669 2090 4725 saeculari
2119 4692 2164 4755 ρ
2198 4671 2518 4744 sophantem
2543 4674 2566 4729 ?
2593 4686 2719 4730 cum
2753 4690 2849 4731 eos
2875 4691 2983 4732 non
3013 4675 3190 4732 solum
3220 4678 3420 4734 imitari
3449 4678 3676 4734 stultitia
3701 4682 3796 4750 sit,

490 4763 722 4818 inaniter
748 4761 922 4818 dediti
949 4762 1146 4817 exinde
1190 4777 1481 4832 perennem
1504 4803 1520 4828 ,
1548 4772 1606 4816 ut
1639 4760 1898 4832 putabant
1923 4803 1937 4826 ,
1972 4776 2087 4815 me-

495 4857 725 4912 moriam
768 4856 1006 4910 nominis
1036 4856 1120 4912 sui
1147 4856 1548 4926 quaesiverunt,
1579 4855 1626 4909 si
1655 4856 1791 4908 vitas
1816 4855 2086 4909 clarorum

495 4953 737 5007 virorum
771 4949 914 5022 style
943 4949 1331 5006 illustrassent.
1365 4949 1496 5016 Quae
1525 4961 1612 5004 res
1641 4950 1825 5018 utique
1858 4962 1962 5002 non
1999 4965 2091 5018 pe-

491 5059 721 5099 rennetn
749 5041 970 5113 quidem
994 5083 1010 5109 ,
1040 5043 1134 5098 sed
1179 5041 1571 5113 aliquantulum
1607 5051 1784 5095 tamen
1811 5049 2089 5107 concepta:

489 5139 604 5208 spei
639 5139 872 5192 fructum
903 5135 1165 5194 all‘erebat
1193 5155 1205 5192 :
1237 5138 1360 5208 quia
1391 5147 1446 5192 et
1473 5135 1558 5191 sui
1589 5138 1941 5201 memoriam,
1964 5133 2091 5188 licet

492 5230 766 5285 incassum
798 5271 814 5294 ,
861 5230 1268 5300 propagabant;
1324 5238 1378 5284 et
1425 5229 1721 5299 propositis
1770 5243 2090 5299 magnorum

490 5321 735 5378 virorum
785 5321 1055 5391 exemplis
1100 5336 1206 5376 non
1258 5337 1422 5391 parva
1458 5321 1741 5376 aemulatio
1786 5321 2093 5391 legentibus

486 5416 856 5472 excitabatur.
893 5415 999 5472 Sed
1034 5426 1214 5470 tamen
1245 5414 1377 5470 nihil
1407 5414 1474 5469 ad
1505 5415 1719 5470 beatam
1754 5415 1902 5470 illam
1933 5425 2096 5470 aster-

492 5529 727 5585 namque
754 5513 920 5567 vitam
949 5509 1066 5566 haec
1095 5525 1282 5566 eorum
1311 5525 1442 5565 ettra
1471 5509 1752 5579 pertinuit.
1783 5510 1920 5576 Quid
1947 5510 2093 5565 enim

488 5617 584 5662 aut
623 5607 757 5677 ipsis
795 5618 1056 5660 occasura
1117 5619 1242 5658 cum
1267 5602 1467 5658 sarculo
1502 5603 1832 5675 scriptorum
1867 5618 2091 5660 suorum

489 5697 666 5767 gloria
700 5696 948 5767 profuit?
978 5706 1072 5752 aut
1098 5695 1227 5767 quid
1257 5697 1549 5766 posteritas
1578 5696 1932 5758 emolumenti
1968 5696 2094 5752 tulit

499 5773 726 5846 lese-mlo
758 5783 1045 5844 Hectorem
1078 5797 1440 5856 pugnantem.
1473 5800 1562 5842 aut
1601 5785 1880 5844 Socratem
1917 5788 2092 5854 phlln~

2197 4766 2292 4821 sed
2359 4781 2467 4821 non
2516 4769 2784 4824 acerrime
2839 4770 3003 4825 etiam
3063 4771 3422 4842 impugnare,
3478 4771 3792 4830 dementia:

2197 4861 2400 4931 quippe
2428 4863 2518 4931 qui
2568 4861 2857 4916 humanam
2889 4864 3054 4918 vitam
3083 4865 3440 4934 praesentibus
3473 4875 3679 4921 tantum
3709 4880 3798 4922 ac-

2200 4955 2344 5008 tihus
2373 4955 2711 5010 aestimantes
2734 4997 2747 5019 ,
2780 4970 2907 5026 spes
2934 4971 3060 5010 suas
3089 4956 3288 5011 fabulis
3315 5000 3329 5023 ,
3364 4961 3574 5013 animas
3614 4959 3798 5029 sepul-

2200 5045 2309 5101 cris
2335 5045 2588 5102 dederint
2616 5067 2629 5100 :
2661 5047 2927 5116 siquidem
2959 5048 3025 5102 ad
3053 5048 3226 5103 solam
3258 5048 3540 5105 hominum
3585 5066 3795 5106 memo-

2203 5139 2337 5194 riam
2387 5155 2446 5196 se
2494 5140 2895 5211 perpetuandos
2943 5141 3334 5209 crediderunt;
3381 5161 3504 5200 cum
3559 5143 3797 5200 hominis

2195 5231 2431 5288 ofﬁcium
2460 5233 2568 5296 sit,
2597 5249 2889 5303 perennem
2915 5236 3094 5303 potius
3118 5236 3282 5290 vitam
3307 5252 3469 5305 quant
3500 5251 3793 5308 perennem

2197 5325 2520 5380 memoriam
2551 5340 2796 5395 qttzcrere
2824 5367 2838 5392 ,
2884 5341 2990 5381 non
3037 5327 3331 5382 scribendo
3371 5338 3464 5383 aut
3505 5328 3795 5400 pugnando

2198 5418 2280 5472 vel
2319 5417 2753 5488 pltlIOStlpllandO
2778 5460 2792 5485 ,
2820 5419 2916 5474 sed
2949 5422 3040 5491 pie
3061 5462 3074 5486 ,
3105 5434 3294 5478 sanete
3324 5423 3687 5492 religioseque
3715 5421 3794 5476 vi-

2198 5511 2396 5566 vendo.
2431 5511 2535 5580 Qui
2567 5512 2787 5582 quidem
2819 5527 2976 5569 error
3017 5515 3283 5570 humanus
3325 5515 3519 5571 litteris
3565 5515 3793 5570 traditus

2202 5604 2254 5660 in
2282 5611 2490 5660 tantum
2519 5606 2724 5672 valuit,
2753 5616 2806 5661 ut
2832 5608 3031 5662 multos
3061 5608 3219 5677 plane
3247 5610 3472 5664 aetttulos
3499 5611 3582 5664 vel
3611 5608 3788 5665 inanis

2202 5694 2602 5766 philosottbiaz,
2666 5698 2747 5752 vel
2796 5699 2974 5756 stultae
3030 5697 3172 5752 illius
3223 5699 3439 5770 virtutis
3499 5697 3788 5773 invenerit.

2205 5780 2353 5842 Unde
2395 5788 2631 5844 facturus
2661 5786 2790 5844 mihi
2822 5801 3000 5855 operte
3043 5788 3274 5859 predum
3309 5791 3514 5861 videor,
3549 5791 3592 5848 at
3626 5792 3786 5847 vitam
