4200 6180
363 275 459 333 Hii

1412 267 1501 332 DE
1543 272 1701 332 VlTA
1742 271 1804 331 Β.
1846 272 2134 332 MARTINI
2175 264 2383 333 LIBER
2426 271 2627 333 UNUS.

3563 274 3670 332 162

361 387 694 445 sanctiSs-imi
740 387 838 444 viri
862 430 878 456 ,
920 388 1174 461 exemplo
1206 388 1328 446 aliis
1372 405 1504 445 mox
1533 389 1804 456 futuram,
1837 404 1964 460 per-
1989 389 2041 449 Α
2068 389 2191 444 dam
2226 390 2382 445 bonis
2413 389 2673 459 operibus
2715 385 3054 451 baptismatis
3081 386 3432 443 candidatum
3460 402 3474 442 :
3504 389 3670 445 assis-

357 481 638 552 scripsero
665 499 677 537 :
711 498 818 550 quo
849 481 1036 552 utique
1062 481 1132 537 ad
1161 497 1352 538 veram
1397 483 1725 553 sapientiam
1755 489 1811 537 et
1854 499 1964 540 coa-

361 573 559 628 lestem
593 573 838 628 militiam
880 573 1233 644 divinamque
1263 575 1519 631 virtutem
1551 574 1800 645 legentes
1830 575 1964 630 inci-

361 667 642 723 tabuntur.
669 667 727 723 ln
751 683 858 738 quo
878 669 946 722 ita
972 668 1144 724 n05tri
1160 685 1377 741 quoque
1398 670 1664 726 rationem
1687 671 1965 728 commodi

358 760 616 818 ducimus
640 804 655 828 ,
689 773 747 818 ut
777 778 882 818 non
915 763 1131 819 inanem
1161 764 1230 820 ab
1261 764 1578 820 hominibus
1601 765 1917 820 memoriam
1943 807 1961 834 ,

361 855 460 910 sed
507 865 769 912 aeternum
820 871 849 910 a
897 856 1010 912 Deo
1055 858 1339 927 praemium
1386 869 1806 928 exspectemus:
1839 858 1965 929 quia

361 947 463 1003 etsi
498 949 599 1018 ipsi
628 963 736 1004 non
768 949 841 1004 ita
871 948 1110 1005 viximus
1132 992 1146 1019 ,
1176 959 1233 1004 ut
1261 948 1387 1005 aliis
1411 951 1663 1020 exemplo
1691 966 1814 1006 esse
1840 965 1966 1021 pos-

359 1039 568 1107 simus;
611 1042 868 1098 dedimus
902 1053 1084 1100 tamen
1118 1059 1341 1114 operam
1371 1087 1385 1111 ,
1414 1061 1482 1101 ne
1513 1044 1598 1100 bis
1640 1046 1832 1102 lateret
1875 1045 1966 1116 qui

359 1145 504 1192 esset
553 1136 874 1192 imitandus.
929 1137 1100 1208 igitur
1142 1137 1200 1194 S.
1248 1138 1462 1194 Martini
1510 1139 1675 1193 vitam
1723 1139 1967 1195 scribere

360 1231 620 1288 exordiar
644 1273 660 1296 ,
691 1241 752 1286 ut
793 1247 852 1287 se
877 1234 962 1287 vel
995 1240 1123 1288 ante
1153 1232 1526 1304 episcopatum
1553 1234 1635 1288 vel
1667 1235 1717 1289 in
1748 1233 1968 1304 episco—

362 1331 490 1392 patu
518 1323 776 1394 gesserit.
821 1322 1085 1390 Quamvis
1117 1339 1460 1396 nequaquam
1494 1325 1561 1380 ad
1593 1326 1775 1380 omnia
1821 1325 1966 1382 illius

364 1416 639 1485 potuerim
675 1417 964 1484 pervenire
991 1458 1004 1479 ,
1037 1416 1173 1472 adeo
1210 1432 1275 1474 ea
1304 1418 1360 1472 in
1386 1418 1583 1488 quibus
1611 1419 1725 1488 ipse
1755 1430 1965 1474 tantum

362 1508 464 1564 sibi
488 1510 743 1564 conscius
771 1509 868 1564 fttit
893 1509 1232 1574 nesciunlur,
1258 1512 1382 1580 quia
1407 1552 1422 1578 ,
1453 1511 1670 1567 laudem
1700 1513 1768 1567 ab
1793 1513 1970 1567 homi-

364 1600 525 1657 nibus
555 1617 662 1657 non
707 1604 998 1674 requirens
1022 1645 1038 1669 ,
1071 1613 1330 1673 quantum
1363 1605 1417 1660 in
1460 1604 1580 1674 ipso
1608 1606 1739 1669 fuit,
1773 1621 1968 1661 omnes

367 1695 594 1750 virtutes
635 1711 766 1750 suas
811 1695 983 1751 latere
1009 1696 1293 1753 voluisset.
1325 1697 1660 1769 Quamquam
1704 1700 1865 1754 etiam
1897 1714 1968 1756 ex

2070 490 2186 538 tere
2209 483 2418 537 scilicet
2444 478 2821 535 laborantibus
2839 521 2853 544 ,
2880 495 3040 549 opem
3065 479 3210 536 ferre
3239 479 3456 536 miseris
3479 521 3493 544 ,
3522 479 3671 537 alere

2067 584 2290 647 egentes
2317 616 2332 643 ,
2363 575 2568 632 vestire
2616 574 2838 631 nudos:
2873 573 3012 630 nihil
3052 574 3158 630 sibi
3199 591 3268 633 ex
3313 574 3525 632 militia:
3569 576 3676 631 sti-

2069 670 2289 739 pendiis
2329 677 2531 738 praeter
2560 667 2942 738 quotidianum
2973 667 3174 723 victum
3211 681 3530 736 reservans,
3557 668 3672 738 jam

2069 770 2182 816 tum
2216 761 2501 833 Evangelii
2543 776 2651 816 non
2694 759 2893 816 surdus
2935 759 3154 816 auditor
3177 759 3247 817 de
3275 760 3522 817 crastino
3562 776 3674 817 non

2069 854 2364 925 cogitabat.

2143 948 2228 1002 Ill.
2270 946 2516 1015 Quodam
2545 947 2726 1019 itaque
2760 956 3036 1017 tempore,
3068 962 3190 1003 cum
3213 947 3326 1018 jam
3354 947 3493 1005 nihil
3521 962 3666 1019 pra:-

2070 1053 2155 1098 ter
2185 1058 2334 1097 arma
2364 1052 2419 1099 et
2435 1043 2737 1114 simplicem
2761 1041 2970 1097 militiae
2993 1051 3196 1097 vestem
3223 1041 3469 1108 haberet,
3495 1042 3674 1099 media

2071 1136 2253 1192 hieme
2302 1135 2460 1208 (qum
2505 1136 2666 1190 solito
2708 1136 2956 1206 asperior
2999 1134 3386 1203 inhorruerat,
3434 1135 3572 1192 adeo
3617 1145 3678 1192 ut

2071 1231 2362 1302 plerosque
2388 1229 2471 1284 vis
2500 1230 2704 1300 algoris
2740 1230 3139 1301 exstingueret)
3171 1229 3391 1284 obvium
3423 1230 3588 1285 habet
3619 1230 3672 1286 in

2076 1333 2232 1393 porta
2259 1322 2712 1378 Ambianensium
2737 1324 2975 1378 civitatis
3000 1337 3294 1396 pauperem
3311 1322 3516 1378 nudum
3548 1342 3564 1380 :
3586 1321 3679 1394 qui

2070 1431 2194 1472 cum
2230 1425 2626 1486 praetereuntes
2658 1424 2715 1471 ut
2742 1417 2828 1472 sui
2862 1418 3254 1472 misererentur
3306 1424 3510 1483 oraret,
3559 1431 3676 1472 om-

2071 1527 2278 1582 nesque
2311 1512 2568 1568 miserum
2603 1513 2975 1583 praeterirent;
3012 1511 3280 1567 intellexit
3309 1511 3396 1566 vir
3423 1510 3536 1566 Deo
3563 1510 3676 1581 ple-

2075 1619 2180 1659 nus
2212 1604 2316 1659 sibi
2348 1604 2497 1659 illum
2521 1645 2535 1669 ,
2569 1603 2688 1659 aliis
2729 1605 3163 1660 misericordiam
3212 1621 3320 1660 non
3369 1604 3678 1674 praestanti-

2075 1696 2216 1762 bus,
2271 1697 2562 1752 reservari.
2607 1697 2748 1765 Quid
2800 1706 2982 1754 tamen
3027 1697 3251 1768 ageret?
3297 1695 3429 1752 nihil
3478 1704 3679 1766 pra-ter

370 1787 454 1843 his
501 1804 621 1860 quae
665 1801 943 1860 comperta
987 1791 1144 1847 nobis
1190 1799 1349 1846 erant
1375 1834 1388 1856 ,
1437 1793 1592 1862 plura
1639 1791 1967 1847 omisimus:
2000 1787 2051 1848 B
2077 1791 2422 1863 chlamydem
2447 1831 2464 1855 ,
2496 1809 2598 1862 qua
2629 1793 2849 1847 indutus
2879 1802 3017 1858 erat,
3053 1792 3287 1849 habebat
3330 1810 3342 1846 :
3383 1793 3496 1862 jatu
3525 1793 3675 1849 enim

365 1881 489 1951 quia
515 1880 772 1937 sufﬁcere
817 1881 1150 1937 credidimus
1179 1925 1193 1949 ,
1241 1884 1286 1938 si
1333 1893 1540 1939 tantum
1574 1885 1967 1941 excellentinra

368 1983 710 2031 notarentur.
752 1975 926 2032 Simul
955 1986 1010 2032 et
1048 1977 1358 2046 legentibus
1387 1978 1781 2034 consulendum
1824 1977 1925 2033 fuit
1949 2019 1965 2043 ,

366 2082 437 2122 ne
464 2068 606 2138 quod
641 2070 724 2123 his
755 2081 972 2140 pareret
1000 2070 1155 2141 copia
1183 2080 1441 2141 congesta
1467 2071 1762 2126 fastidium.
1793 2071 1968 2127 Obse-

367 2175 466 2216 cro
489 2171 670 2218 autem
701 2179 796 2219 eos
819 2163 913 2234 qui
941 2165 1134 2219 lecturi
1161 2173 1288 2219 sunt
1312 2207 1327 2228 ,
1354 2177 1412 2219 ut
1441 2165 1602 2221 ﬁdem
1625 2167 1785 2221 dictis
1809 2165 1967 2220 adhi-

371 2253 579 2318 beant;
613 2271 786 2327 neque
815 2273 903 2312 me
933 2256 1224 2327 quidquam
1257 2259 1359 2313 nisi
1396 2268 1735 2328 compertum
1761 2267 1816 2314 et
1841 2272 1970 2327 pro-

367 2345 554 2403 batum
581 2347 869 2417 scripsisse
895 2350 1236 2405 arbitrentur
1264 2367 1278 2406 :
1304 2350 1546 2422 alioquin
1573 2361 1777 2416 tacere,
1804 2365 1968 2422 quam

369 2440 500 2497 falsa
529 2441 715 2502 dieere
737 2485 753 2508 ,
783 2445 1124 2501 maluissem.

442 2537 506 2594 ll.
551 2537 718 2608 Igitur
760 2537 1022 2593 Martinus
1065 2537 1291 2594 Sabaria
1334 2539 1739 2595 Pannoniarum
1769 2537 1972 2609 oppido

369 2631 632 2688 oriundus
675 2632 817 2698 fuit,
863 2633 958 2688 sed
1007 2635 1145 2689 intra
1197 2634 1402 2690 Italiam
1448 2634 1625 2691 Ticini
1656 2636 1800 2690 altus
1846 2644 1968 2702 est,

371 2726 691 2797 parentibus
713 2728 1014 2782 secundum
1038 2729 1224 2784 saeculi
1253 2728 1570 2800 dignitatem
1603 2745 1710 2785 non
1742 2730 1969 2794 inlimis,

368 2820 662 2891 gentilibus
705 2832 908 2876 tamen.
956 2820 1116 2878 Pater
1158 2823 1276 2892 ejus
1320 2824 1480 2878 miles
1525 2825 1756 2895 primttm
1785 2866 1799 2887 ,
1851 2833 1974 2894 post

370 2915 622 2971 tribunus
649 2916 880 2970 militum
911 2915 1028 2972 fuit.
1055 2917 1174 2988 Ipse
1195 2927 1459 2973 armatam
1488 2918 1736 2974 tnilitiam
1763 2919 1816 2972 in
1842 2918 1974 2972 ado-

370 3007 631 3064 lescentia
655 3018 877 3065 secutus
894 3051 908 3075 ,
935 3011 1076 3065 inter
1101 3012 1386 3068 scholares
1410 3012 1522 3066 alas
1551 3014 1653 3068 sub
1680 3029 1807 3082 rege
1829 3013 1974 3068 Con-

369 3101 602 3167 stantiu,
638 3101 837 3158 deinde
869 3103 972 3158 sub
999 3103 1218 3160 Juliauo
1259 3105 1476 3161 Cmsare
1521 3107 1810 3162 militavit:
1861 3121 1970 3161 non

2075 1885 2282 1955 reliqua
2317 1886 2368 1939 in
2403 1900 2541 1956 opus
2562 1886 2742 1941 simile
2762 1894 3200 1956 consumpserat.
3235 1886 3474 1955 Arrepto
3495 1888 3675 1955 itaque

2077 1981 2240 2046 ferro,
2266 1993 2374 2049 quo
2394 1980 2670 2036 acciuetus
2697 1988 2837 2044 erat,
2863 1980 3099 2036 mediam
3124 1979 3340 2047 dividit,
3360 1989 3680 2051 partemque

2075 2075 2193 2146 ejus
2225 2077 2450 2147 pauperi
2483 2076 2698 2144 tribuit,
2725 2076 2933 2146 reliqua
2962 2092 3153 2132 rursus
3183 2077 3446 2132 induitur.
3465 2075 3680 2132 Interea

2073 2170 2143 2224 de
2188 2171 2675 2226 circumstantibus
2717 2171 2898 2227 ridere
2941 2171 3212 2235 nonnulli,
3243 2170 3366 2242 quia
3413 2169 3679 2226 deformis

2075 2276 2197 2317 esse
2220 2271 2503 2318 truncatus
2527 2264 2717 2321 habitu
2738 2264 3016 2320 videretur
3042 2282 3054 2318 :
3082 2264 3232 2318 multi
3258 2263 3679 2334 tamen,quibus

2076 2367 2194 2412 erat
2236 2373 2391 2413 meus
2423 2360 2642 2425 sanior,
2675 2359 2839 2414 altius
2866 2374 3109 2430 gemere,
3142 2359 3286 2429 quod
3330 2358 3468 2414 nihil
3499 2357 3682 2414 simile

2077 2450 2364 2518 fecissent;
2393 2468 2514 2507 cum
2545 2453 2730 2524 utique
2757 2454 2878 2524 plus
2909 2452 3177 2508 habentes
3202 2494 3216 2517 ,
3247 2453 3449 2508 vestire
3475 2467 3681 2525 paupe-

2077 2560 2191 2601 rem
2217 2547 2334 2600 sinc
2366 2562 2463 2601 sua
2497 2546 2745 2602 nuditate
2778 2547 3103 2618 potuissent.
3145 2545 3317 2602 Nocte
3342 2545 3506 2617 igitur
3532 2546 3675 2601 inse-

2076 2647 2221 2702 cuta,
2251 2653 2373 2693 cum
2421 2654 2481 2695 se
2526 2640 2709 2710 δοροτὶ
2739 2638 3020 2705 dedisset,
3053 2638 3192 2694 vidit
3216 2639 3496 2695 Christum
3527 2638 3682 2695 chla-

2077 2729 2257 2801 mydis
2304 2746 2457 2798 suae,
2508 2745 2614 2802 qua
2665 2746 2960 2802 pauperem
3009 2741 3255 2797 texerat,
3308 2741 3465 2802 parte
3507 2730 3681 2788 vesti-

2078 2831 2210 2876 tum.
2269 2822 2469 2877 Intueri
2520 2823 2938 2892 diligentissime
2986 2823 3309 2890 Dominum,
3361 2833 3681 2893 vestemque

2077 2930 2238 2983 quam
2273 2913 2523 2980 dederat,
2565 2914 2790 2984 jubetur
2835 2929 3158 2985 agnoscere.
3205 2914 3323 2969 Mox
3358 2914 3424 2968 ad
3455 2913 3682 2984 angelo-

2077 3023 2197 3063 rum
2265 3008 2739 3064 circumstantium
2806 3007 3209 3063 multitudinem
3275 3006 3425 3062 audit
3493 3006 3678 3062 Jesum

2079 3099 2225 3154 clara
2257 3115 2393 3156 voce
2418 3099 2693 3156 dicentem
2721 3118 2733 3154 :
2762 3098 3024 3155 Martinus
3047 3099 3225 3154 adhuc
3251 3099 3681 3155 catechumenus

372 3202 550 3250 tamen
575 3205 770 3264 sponte
796 3213 809 3250 :
836 3195 959 3266 quia
985 3211 1014 3250 a
1050 3196 1239 3266 primis
1277 3197 1389 3252 fere
1415 3199 1576 3253 annis
1604 3198 1845 3253 divinam
1878 3216 1972 3270 ρο·
2000 3181 2046 3244 C
2082 3193 2182 3249 hac
2213 3209 2299 3249 me
2337 3204 2491 3250 veste
2517 3193 2780 3250 contexit.
2816 3193 2956 3249 Vere
2983 3208 3194 3248 memor
3221 3192 3480 3247 Dominus
3505 3192 3681 3247 dicto-

371 3287 478 3344 tius
503 3290 822 3345 servitutem
848 3305 1002 3344 sacra
1035 3290 1262 3346 illustris
1286 3291 1438 3362 pueri
1466 3294 1691 3362 spiravit
1719 3292 1969 3348 infantia.

370 3377 505 3435 Nam
529 3395 656 3436 cum
683 3391 828 3437 esset
867 3397 1139 3438 annorum
1185 3382 1372 3438 decem
1394 3422 1411 3450 ,
1443 3383 1624 3438 invitis
1653 3384 1973 3454 parentibus

370 3471 440 3528 ad
489 3473 779 3528 ecclesiam
825 3477 1106 3545 confugit,
1145 3492 1313 3544 seque
1358 3476 1812 3531 catechumeuum
1852 3476 1971 3533 fieri

375 3566 692 3636 postulavit.
725 3567 843 3622 Mox
864 3571 1055 3624 mirum
1085 3570 1138 3624 in
1166 3570 1386 3625 modum
1417 3579 1564 3625 totus
1593 3573 1645 3625 in
1679 3571 1772 3627 Dei
1802 3587 1972 3641 opere

368 3676 703 3729 conversus,
742 3678 864 3718 cum
888 3674 1029 3720 esset
1064 3665 1649 3732 annorutirduodccim
1672 3706 1686 3730 ,
1724 3680 1972 3720 eremum

371 3755 723 3828 concupivit:
770 3756 1096 3830 fecissetque
1142 3759 1282 3814 votis
1325 3759 1490 3826 satis,
1521 3759 1568 3814 si
1598 3759 1780 3813 attatis
1821 3757 1972 3812 inﬁr-

373 3848 534 3904 mitas
568 3865 674 3906 non
705 3849 1031 3907 ObSlilisscl.
1058 3853 1287 3909 Animus
1317 3863 1498 3910 tamen
1549 3861 1642 3908 aut
1669 3852 1814 3908 circa
1849 3867 1973 3906 mo-

372 3947 645 4012 nasteria,
679 3956 772 3999 aut
797 3945 940 4001 circa
975 3948 1264 4004 ecclesiam
1298 3963 1519 4019 semper
1549 3949 1790 4003 intentus
1813 3988 1826 4009 ,
1859 3960 1973 4002 me-

373 4036 649 4093 ditabatur
673 4039 852 4095 adhuc
878 4041 931 4095 in
955 4051 1113 4097 :etate
1136 4042 1335 4111 puerili
1363 4043 1506 4113 quod
1535 4050 1719 4113 postea
1743 4042 1974 4099 devotus

374 4131 641 4196 implevit.
682 4133 788 4190 Sed
831 4149 954 4190 cum
998 4135 1230 4191 edictum
1261 4146 1410 4192 esset
1440 4151 1470 4191 a
1497 4137 1716 4209 regibus
1739 4178 1755 4204 ,
1788 4146 1846 4192 ut
1876 4153 1973 4193 vc-

378 4234 694 4282 Ieranorum
748 4227 842 4283 lilii
873 4229 939 4284 ad
989 4229 1233 4285 militiam
1265 4229 1672 4295 scriberentur;
1707 4231 1975 4300 prodente

375 4330 568 4390 patre,
613 4320 704 4391 qui
755 4321 1012 4378 felicibus
1055 4323 1175 4394 ejus
1220 4325 1431 4381 actibus
1480 4324 1791 4391 invidebat,
1843 4341 1973 4380 cum

375 4425 526 4470 esset
557 4429 827 4471 annorum
872 4417 1221 4486 quindecim,
1254 4426 1447 4487 captus
1479 4425 1534 4472 et
1563 4427 1846 4472 catenatus
1883 4430 1973 4471 sa-

375 4507 672 4564 cramentis
715 4508 1038 4565 militaribus
1085 4509 1395 4580 implicatus
1441 4518 1556 4576 est,
1606 4525 1713 4564 uno
1765 4517 1972 4564 tantum

377 4618 542 4657 servo
572 4604 774 4660 comite
819 4614 1112 4660 contentus
1135 4647 1149 4672 ,
1190 4604 1278 4661 cui
1323 4616 1503 4662 tamen
1535 4621 1695 4661 versa
1726 4605 1846 4660 vice
1876 4605 1978 4660 do-

377 4696 560 4752 minus
604 4698 915 4765 serviebat,
962 4698 1098 4754 adeo
1144 4709 1202 4754 ut
1245 4699 1561 4770 plerumque
1599 4699 1648 4753 ei
1682 4708 1737 4754 et
1779 4698 1980 4754 calcia-

376 4799 558 4846 menta
609 4789 727 4860 ipse
778 4790 1099 4848 detraheret
1147 4799 1202 4846 et
1247 4791 1365 4862 ipse
1414 4791 1761 4863 detergeret;
1792 4791 1978 4847 cibum

373 4899 482 4940 una
514 4894 776 4954 caperent
801 4927 815 4949 ,
851 4885 937 4941 hic
965 4894 1144 4942 tamen
1176 4888 1375 4956 saepius
1401 4887 1760 4942 ministraret.
1785 4885 1980 4941 Trien-

373 4978 526 5033 nium
561 4977 674 5033 fere
701 4991 830 5036 ante
856 4980 1126 5051 baptisma
1159 4982 1212 5037 in
1259 4983 1427 5037 armis
1470 4981 1608 5048 fuit,
1644 4983 1853 5054 integer
1899 4991 1982 5037 ta-

372 5085 502 5127 men
554 5071 624 5127 ab
677 5071 744 5127 iis
791 5074 982 5140 vitiis,
1034 5075 1228 5147 quibus
1277 5076 1410 5130 illttd
1464 5076 1746 5130 hominum
1803 5090 1974 5147 genus

373 5161 650 5235 implicari
691 5163 851 5220 solet.
883 5166 1048 5222 Multa
1082 5167 1158 5223 illi
1190 5167 1335 5223 circa
1374 5166 1777 5222 commilitones
1824 5167 1977 5222 beni-

373 5258 587 5329 gnitas,
619 5258 758 5313 mira
787 5259 984 5315 caritas
1010 5277 1024 5327 ;
1059 5261 1321 5330 patientia
1351 5277 1480 5317 vero
1505 5270 1668 5334 atque
1696 5261 1977 5316 humilitas

374 5351 525 5406 ultra
577 5353 878 5408 humanum
931 5354 1174 5410 tnodttm.
1228 5354 1360 5410 Nam
1404 5354 1768 5427 frugalitatem
1818 5356 1869 5410 in
1908 5371 1976 5411 eo

374 5444 604 5502 laudare
653 5462 762 5502 non
795 5459 879 5503 est
918 5465 1174 5516 neci-sse,
1206 5465 1311 5522 qua
1344 5450 1419 5505 ita
1451 5466 1583 5505 usus
1610 5461 1724 5514 est,
1774 5459 1832 5505 ut
1863 5451 1977 5520 jam

377 5537 476 5593 illo
519 5547 767 5610 tempore
807 5557 912 5596 non
954 5542 1149 5610 miles,
1191 5541 1289 5598 sed
1331 5541 1632 5597 monachus
1675 5552 1976 5614 putaretur.

378 5632 588 5699 Quibus
618 5635 786 5691 rebus
816 5637 887 5691 ita
931 5637 1036 5692 sibi
1063 5653 1251 5694 omnes
1291 5636 1697 5694 cnmmilitOnes
1724 5651 1853 5691 suos
1879 5635 1980 5691 de-

378 5729 672 5797 vinxerat,
720 5742 780 5788 ut
823 5749 946 5789 cum
979 5734 1120 5789 mito
1165 5733 1358 5789 alii-ctu
1407 5740 1827 5788 venerat-entur.
1875 5729 1986 5786 Nec

377 5819 516 5878 dum
563 5832 743 5881 tamen
788 5836 1151 5899 regeneratus
1194 5827 1247 5885 in
1275 5826 1531 5896 Christo,
1561 5825 1758 5898 agebat
1795 5841 1986 5898 quem-

2081 3302 2199 3340 rum
2235 3302 2456 3341 suorum
2490 3287 2604 3358 (qui
2631 3298 2757 3342 ante
2789 3286 3120 3357 prtcdixerat
3145 3286 3444 3355 :Quamdiu
3477 3284 3685 3342 fecistis

2081 3379 2173 3434 uni
2203 3394 2269 3434 ex
2303 3379 2527 3435 minime
2576 3379 2734 3446 istis,
2782 3378 2912 3434 mihi
2966 3379 3195 3450 fecistis)
3235 3393 3294 3435 se
3339 3379 3394 3435 in
3439 3393 3683 3451 paupere

2080 3471 2360 3540 professus
2389 3480 2476 3529 cst
2517 3471 2687 3528 fuisse
2738 3475 3024 3540 vestitum;
3056 3483 3112 3529 et
3139 3474 3209 3529 ad
3241 3474 3682 3531 confirmandum

2083 3571 2192 3618 tam
2227 3564 2353 3620 boni
2401 3566 2589 3635 operis
2637 3565 3037 3633 testimonium,
3067 3567 3121 3622 in
3152 3567 3344 3624 eodem
3389 3583 3450 3624 se
3496 3568 3684 3624 habitu

2080 3673 2242 3728 quem
2273 3673 2484 3728 pauper
2508 3669 2815 3729 acceperat,
2836 3670 2919 3715 est
2939 3660 3190 3731 dignatus
3213 3662 3528 3719 ostendere.
3563 3664 3683 3728 Quo

2081 3753 2234 3820 viso,
2267 3753 2349 3807 vir
2379 3753 2728 3808 beatissimus
2775 3769 2882 3810 non
2915 3756 2966 3811 in
2996 3755 3227 3827 gloriam
3262 3769 3344 3811 est
3372 3757 3546 3813 elatus
3575 3757 3682 3812 bu-

2081 3861 2324 3912 manam,
2353 3848 2450 3903 sed
2483 3849 2780 3904 bonitatem
2808 3849 2902 3905 Dei
2926 3851 2980 3906 in
3002 3865 3100 3907 suo
3122 3866 3288 3922 opere
3319 3867 3683 3923 cognoscens,

2081 3955 2206 3996 cum
2255 3951 2402 3998 esset
2449 3959 2714 4000 annorum
2763 3944 3176 4018 duodeviginti,
3233 3947 3299 4002 ad
3351 3947 3680 4019 baptismum

2082 4035 2413 4091 convolavit.
2459 4035 2570 4092 Nec
2611 4045 2793 4093 tamen
2842 4038 3025 4094 statim
3077 4040 3291 4096 militiae
3324 4041 3679 4110 renuntiavit,

2084 4128 2292 4184 tribuni
2332 4128 2414 4185 sui
2461 4130 2717 4201 precibus
2762 4131 3002 4196 evictus,
3030 4132 3117 4187 cui
3159 4132 3576 4189 contubernium
3608 4135 3685 4190 fa-

2085 4223 2298 4278 miliare
2341 4223 2655 4293 prmstabat.
2708 4222 2926 4280 Etenim
2961 4234 3235 4281 transacto
3266 4227 3572 4284 tribunatus
3597 4229 3682 4284 sui

2087 4325 2354 4385 tempore,
2380 4317 2812 4374 reuuntiaturum
2841 4333 2900 4375 se
2926 4320 3129 4375 sacculo
3157 4321 3533 4391 pollicebatur.
3564 4324 3683 4392 Qua

2085 4409 2351 4466 Martinus
2412 4412 2825 4482 exspectatione
2875 4428 3213 4485 suspensus,
3257 4431 3355 4486 per
3400 4414 3681 4472 biennium

2087 4503 2204 4560 fere
2233 4513 2586 4578 posteaquam
2617 4515 2701 4562 est
2731 4505 3000 4578 baptisma
3029 4519 3380 4576 consecutus,
3409 4509 3529 4565 solo
3559 4509 3688 4566 licet

2004 4579 2060 4640 Ῑ)
2086 4599 2308 4654 nomine
2325 4641 2340 4667 ,
2373 4599 2642 4655 militavit.

2158 4692 2250 4748 IV.
2290 4694 2504 4749 Interea
2553 4693 2886 4751 irruentibus
2948 4693 3091 4750 intra
3147 4695 3353 4752 Gallias
3399 4697 3682 4766 barbaris,

2085 4785 2340 4841 Julianus
2371 4786 2552 4842 Caesar
2581 4796 2772 4842 coacto
2805 4786 2856 4842 in
2891 4802 3058 4844 unum
3090 4789 3336 4844 exercitu
3367 4788 3509 4858 apud
3543 4789 3686 4846 Van-

2084 4880 2306 4950 gionqu
2347 4880 2650 4946 civitatem,
2683 4879 3000 4937 donativum
3043 4882 3210 4953 cmpit
3238 4898 3469 4955 erogare
3499 4885 3691 4942 militi-

2086 4971 2188 5027 bus
2219 4983 2310 5027 :et
2335 5013 2350 5040 ,
2391 4981 2452 5028 ut
2491 4982 2578 5030 est
2620 4974 3065 5042 consuetudinis,
3115 4976 3311 5047 singuli
3358 4978 3687 5049 citabantur,

2084 5067 2261 5123 donec
2302 5066 2368 5122 ad
2414 5065 2703 5126 Martinum
2735 5080 2959 5124 ventum
2992 5081 3097 5126 est.
3129 5069 3266 5126 Tum
3311 5087 3446 5128 vero
3481 5089 3688 5146 oppor-

2086 5168 2277 5215 tunum
2329 5168 2546 5230 tempus
2593 5161 2948 5227 existimans,
2978 5176 3087 5232 quo
3131 5172 3342 5232 peteret
3370 5165 3688 5224 missionem

2087 5254 2289 5327 (neque
2335 5256 2480 5310 enim
2532 5255 2805 5328 integrum
2835 5257 2942 5313 sibi
2973 5259 3086 5313 fore
3114 5258 3487 5317 arbitrabatur
3513 5263 3558 5317 si
3589 5261 3690 5316 do-

2087 5348 2326 5404 nativqu
2370 5365 2476 5405 non
2522 5351 2856 5406 militaturus
2881 5351 3179 5425 acciperet)
3227 5371 3241 5410 :
3280 5355 3577 5422 llactenus,
3606 5354 3691 5410 in-

2088 5444 2202 5514 quit
2230 5443 2297 5501 ad
2326 5444 2596 5502 Caesarem
2623 5489 2638 5513 ,
2670 5446 2894 5502 militavi
2928 5448 3023 5504 tibi
3051 5467 3064 5504 :
3090 5460 3278 5522 patere
3317 5459 3377 5505 ut
3409 5465 3553 5504 nunc
3585 5446 3690 5502 ini-

2089 5539 2237 5595 litcm
2285 5541 2395 5596 Deo
2439 5557 2452 5594 :
2495 5539 2811 5596 donativum
2843 5551 2994 5597 tuum
3040 5554 3374 5614 pugnaturus
3414 5541 3688 5610 accipiat:

2087 5633 2294 5692 Christi
2322 5651 2424 5708 ego
2446 5636 2602 5693 miles
2630 5651 2749 5692 sum
2771 5653 2786 5701 ;
2819 5652 3060 5709 pugnare
3083 5637 3214 5692 mihi
3243 5651 3348 5691 non
3381 5635 3528 5690 licet.
3551 5634 3689 5693 Tum

2089 5746 2222 5787 vero
2267 5731 2532 5788 adversus
2581 5730 2722 5787 hanc
2755 5746 2942 5788 vocem
2986 5741 3250 5803 tyrannus
3281 5729 3579 5800 infremuit,
3610 5732 3695 5790 di-

2088 5836 2242 5893 cens,
2272 5839 2394 5882 eum
2421 5833 2566 5881 metu
2590 5839 2806 5897 pugnae,
2831 5839 2952 5895 quae
2978 5833 3193 5896 postera
3222 5823 3311 5883 die
3341 5836 3461 5886 erat
3482 5825 3688 5901 futura,
