4194 6192
514 262 619 335 i635.

1855 244 2149 328 sumen
2189 252 2442 329 severo

3708 243 3818 310 1-61:

505 400 617 440 non
645 381 925 454 religionis
946 380 1121 454 gratia
1145 379 1453 435 detrectare
1476 374 1744 438 militiam.
1764 372 2108 430 AtMartinus
2136 371 2191 434 Α
2215 386 2373 436 rens;
2404 381 2638 441 cumque
2664 365 2720 442 id
2741 379 2768 420 a
2797 363 3034 442 Manilio
3063 363 3310 434 responsi
3351 363 3677 434 accepisset,
3711 379 3769 420 se
3791 407 3805 430 ,

505 478 842 548 intrepidus,
878 475 1049 531 immo
1078 475 1231 529 illato
1271 472 1374 525 sibi
1411 481 1620 525 terrore
1660 469 2028 524 constantior:
2055 465 2110 520 Si

510 569 617 633 hoc
643 611 656 633 ,
703 569 879 638 inquit
906 610 920 633 ,
972 567 1201 635 ignavia:
1240 563 1531 628 ascribitur
1563 578 1667 628 non
1697 561 1842 628 ﬁdei,
1875 561 2107 626 crastina

514 665 601 728 die
629 675 756 734 ante
787 663 959 725 aciem
996 659 1220 724 inermis
1251 659 1442 722 aetabo
1464 667 1549 714 :et
1571 658 1623 712 in
1649 655 1866 723 nomine
1895 652 2110 712 Domini

511 759 640 818 Iesu
667 798 681 822 ,
715 758 872 827 signo
902 755 1081 811 cruris
1125 767 1232 812 non
1280 754 1470 825 clypeo
1501 762 1777 821 prolectus
1807 759 1900 806 aut
1926 749 2106 820 galea,

511 853 746 908 hostium
778 865 982 907 cuneos
1013 849 1317 922 penetrabo
1351 861 1596 903 securus.
1645 843 1874 900 Retrndi
1903 859 2032 913 ergo
2059 843 2111 898 in

505 945 808 1005 custodiam
833 944 1082 1014 iubetur,
1120 942 1361 998 facturus
1395 941 1554 1000 ﬁdem
1584 939 1768 1004 dictis,
1799 946 1858 992 ut
1886 935 2115 1010 inermis

506 1040 758 1100 barb‘tris
803 1038 1158 1104 obiiceretur.
1187 1035 1416 1098 Postera
1457 1033 1545 1090 die
1587 1032 1771 1094 hostes
1801 1032 2015 1100 legatos
2044 1027 2115 1096 de

511 1147 644 1202 pace
676 1131 964 1194 miserunt,
999 1143 1093 1183 sna
1142 1127 1324 1192 omnia
1363 1138 1598 1192 seseque
1624 1122 1911 1178 dedentes.
1955 1118 2115 1178 Unde

510 1221 888 1294 quisduhitet
916 1221 1056 1275 hanc
1086 1235 1216 1276 vere
1246 1217 1397 1274 beati
1441 1215 1540 1272 viri
1585 1215 1754 1272 fuisse
1797 1212 2109 1282 victoriam,

510 1315 596 1382 cui
633 1313 936 1384 praestitum
978 1313 1088 1380 sit,
1122 1326 1188 1365 ne
1223 1309 1448 1368 inermis
1478 1306 1545 1363 ad
1577 1305 1824 1378 praelium
1873 1305 2116 1360 mittere-

513 1410 634 1466 tur?
661 1416 716 1468 ei
737 1407 985 1478 quamvis
1009 1391 1129 1476 pius
1155 1404 1414 1471 Dominus
1439 1416 1660 1471 servare
1677 1398 1904 1456 militem
1933 1412 2110 1464 suum,

510 1501 640 1556 licet
672 1500 814 1556 inter
846 1497 1084 1567 hostium
1117 1494 1329 1566 gladios
1361 1504 1414 1548 et
1443 1493 1573 1560 tela,
1603 1491 1901 1560 potuisset;
1937 1498 2115 1563 tamen

513 1609 584 1650 ne
610 1593 692 1648 vel
718 1594 947 1648 aliorum
977 1599 1150 1644 morte
1179 1588 1363 1644 Sancti
1398 1587 1698 1656 violaretur
1721 1584 1964 1650 obtutus,
1991 1596 2118 1637 exe-

513 1689 614 1756 mit
662 1702 854 1757 pugnae
903 1685 1285 1755 necessitatem
1335 1699 1348 1736 :
1389 1695 1566 1750 neque
1613 1678 1759 1746 enim
1808 1676 1967 1744 aliam
2017 1691 2117 1748 pro

2215 481 2323 534 quo
2353 463 2614 532 Dominus
2642 465 2866 524 vocaret
2884 501 2898 524 ,
2928 455 3235 532 intendere,
3263 457 3340 512 ait
3365 455 3432 512 ad
3460 471 3585 512 eum
3616 474 3629 509 :
3658 455 3806 522 ρηο-

2214 572 2450 629 cumque,
2492 554 2655 625 ieris,
2688 554 2776 616 vel
2805 567 3162 626 quaecumque
3203 537 3525 620 tentaveris,
3558 549 3810 608 diabolus

2216 651 2312 726 tibi
2344 647 2744 721 adversabitur.
2773 645 2926 718 Tunc
2963 646 3014 715 ei
3045 644 3365 719 prophetica
3407 659 3539 714 voce
3585 659 3810 716 respon-

2215 743 2296 820 dit
2331 761 2345 797 :
2387 742 2650 817 Dominus
2695 739 2828 816 mihi
2871 738 3090 808 adjutor
3133 746 3246 810 est;
3277 753 3383 812 non
3434 736 3638 810 timeba
3681 736 3810 808 quid

2216 835 2378 913 faciat
2408 834 2540 911 mihi
2582 835 2768 896 homo.
2818 831 3130 907 Statimque
3155 846 3185 886 e
3214 839 3512 904 conspcrtu
3547 829 3666 906 eius
3704 830 3810 885 iui-

2217 928 2389 996 micus
2434 926 2671 1002 evanuit.
2721 924 2907 1000 itaque
2937 931 2998 1000 ut
3021 925 3202 982 animo
3234 939 3297 988 ac
3331 931 3512 982 tuente
3538 938 3812 997 concepe-

2218 1030 2339 1099 rat,
2372 1030 2604 1097 matrem
2651 1018 2971 1096 gentilitatis
3014 1017 3249 1080 absolvit
3292 1031 3519 1091 errore,
3567 1027 3721 1090 patre
3755 1018 3824 1088 iu,’

2217 1113 2376 1191 malis
2432 1121 2822 1187 perseverante
2868 1129 2882 1166 :
2932 1110 3110 1190 plures
3171 1119 3352 1186 tamen
3417 1124 3516 1174 suo
3580 1107 3811 1172 salvavit

2216 1207 2488 1288 exemplo.
2523 1204 2729 1282 Deinde
2776 1212 2920 1274 (cum
2970 1203 3196 1283 turresis
3240 1203 3439 1272 Ariana
3489 1218 3584 1279 per
3635 1213 3808 1278 gotum

2215 1303 2410 1376 orbem
2441 1312 2497 1357 et
2541 1300 2780 1375 maxime.
2822 1299 2964 1360 intra
2998 1297 3270 1374 Illyricum
3305 1296 3658 1372 pullumset)
3686 1314 3807 1352 cum

2217 1393 2478 1468 adversus
2512 1391 2791 1463 perﬁdiatn
2823 1389 3163 1468 sacerdotum
3197 1390 3345 1456 solus
3377 1404 3518 1459 pene
3546 1391 3812 1462 acerrime

2220 1494 2506 1562 pugnaret,
2551 1485 2844 1561 multisque
2889 1482 3171 1561 suppliciis
3215 1489 3365 1559 esset
3403 1479 3630 1557 allectus
3661 1479 3816 1557 (nam

2217 1589 2268 1634 et
2299 1579 2510 1654 publice
2539 1579 2707 1650 virgis
2730 1592 2906 1636 cmsus
2929 1586 3012 1634 est
3032 1618 3047 1642 ,
3071 1585 3126 1632 et
3154 1574 3222 1653 ad
3248 1585 3556 1649 extremum
3585 1576 3650 1640 de
3681 1576 3811 1630 civi-

2218 1682 2329 1742 tate
2375 1673 2524 1728 exire
2565 1668 2934 1746 compulsus),
2969 1669 3177 1742 Italiam
3203 1678 3479 1742 repetens,
3520 1684 3642 1734 cum
3671 1669 3812 1736 intra

511 1780 688 1852 utilite
712 1795 812 1846 suo
841 1777 1090 1834 Christus
1113 1774 1299 1849 debuit
1330 1781 1592 1847 praestare
1615 1769 1923 1842 victoriam,
1947 1783 2110 1840 quam
2142 1763 2189 1845 ﬁ
2217 1765 2414 1845 Gallias
2443 1779 2658 1836 quoque
2680 1762 2927 1820 discessu
2949 1763 3126 1830 sancti
3153 1760 3364 1834 llilarii,
3392 1775 3550 1837 quem
3579 1761 3644 1835 ad
3667 1761 3812 1832 exsi-

515 1881 604 1937 ut,
663 1870 903 1927 subactis
950 1870 1068 1938 sine
1105 1865 1368 1943 sanguine
1399 1864 1668 1936 hostibus,
1705 1876 1867 1937 uerno
1928 1875 2111 1924 more-

515 1971 686 2022 retur.

526 2037 528 2039 ’
594 2051 656 2106 v.
701 2049 913 2118 Exinde
941 2048 1125 2116 relicta
1164 2048 1395 2113 militia,
1438 2053 1682 2118 sanctum
1728 2042 1992 2108 Hilarium
2027 2042 2112 2098 Pi-

512 2156 684 2202 ctavae
715 2143 1030 2214 episcopum
1062 2141 1298 2196 civitatis
1326 2181 1341 2208 ,
1391 2139 1546 2209 cujus
1582 2149 1708 2200 tunc
1737 2138 1788 2198 in
1821 2137 1918 2194 Dei
1954 2137 2115 2203 rebus

517 2223 764 2310 spectata
808 2246 862 2291 et
902 2235 1117 2305 cognita
1167 2233 1301 2290 ﬁdes
1353 2231 1688 2297 habebatur,
1719 2228 2029 2310 cXpetivit;
2063 2240 2115 2310 er

517 2307 851 2402 aliquamdiu
903 2327 1043 2399 apud
1104 2311 1228 2390 cum
1289 2335 1659 2390 commoratus
1714 2309 1815 2399 est.
1861 2307 2118 2386 Tentavit

515 2435 695 2498 autem
743 2425 885 2480 idem
937 2421 1170 2484 Hilarius
1221 2420 1476 2490 imposito
1516 2418 1751 2474 diaconii
1783 2416 1965 2478 olﬁcio
2012 2416 2115 2486 sibi

517 2526 640 2586 eum
666 2517 872 2580 arctius
902 2513 1209 2586 implicare,
1238 2523 1291 2567 et
1326 2510 1632 2566 ministerio
1664 2509 1881 2563 vincere
1912 2508 2113 2562 divino.

516 2612 625 2685 Sed
671 2625 793 2686 cum
843 2608 1143 2679 saepissime
1191 2606 1508 2668 restitisset,
1551 2603 1832 2674 indignum
1884 2616 1945 2656 se
1995 2615 2117 2656 esse

517 2700 858 2776 vociferans;
900 2697 1170 2754 intellexit
1199 2696 1284 2770 vir
1311 2694 1523 2762 altioris
1570 2691 1808 2766 ingenii,
1845 2692 1946 2745 hoc
1991 2705 2113 2744 eum

517 2797 682 2870 modo
714 2809 872 2866 posse
903 2789 1225 2862 constringi,
1251 2789 1294 2844 si
1329 2787 1379 2843 id
1421 2788 1470 2843 ei
1510 2784 1672 2856 ofﬁcii
1703 2786 2031 2860 imponeret,
2063 2781 2114 2836 in

517 2905 625 2962 quo
657 2889 877 2962 quidam
906 2887 1056 2942 locus
1100 2884 1315 2954 injuria:
1359 2881 1656 2944 videretur.
1691 2880 1874 2951 Itaque
1906 2877 2119 2932 exorci-

516 2989 655 3040 stam
682 2997 805 3046 eum
839 2995 959 3037 esse
987 2979 1262 3051 prtecepit,
1297 2991 1458 3046 quam
1486 2974 1574 3029 ille
1604 2973 2025 3038 ordinationem,
2051 2985 2119 3025 ne

518 3055 838 3145 despexisse
866 3082 1137 3142 tamquam
1168 3053 1526 3130 humiliorem
1559 3065 1857 3134 videretur,
1892 3079 1997 3118 non
2033 3078 2118 3118 re-

2217 1857 2348 1913 litnn
2380 1855 2766 1934 haereticorum
2791 1854 2872 1928 vis
2912 1863 3182 1933 coegerat,
3213 1854 3485 1929 turbatam
3522 1853 3810 1928 ecclesiam

2215 1950 2596 2028 comperisset,
2631 1948 2918 2028 Mediolani
2943 1947 3053 2020 sibi.
3080 1948 3464 2024 monasterium
3496 1948 3702 2018 statuit.
3732 1946 3810 2002 lbi

2217 2061 2432 2118 quoque
2462 2060 2585 2118 eum
2616 2041 2918 2120 Auxentitts
2936 2083 2953 2109 ,
2989 2051 3180 2116 auctor
3205 2050 3260 2100 et
3287 2042 3545 2114 princeps
3580 2041 3812 2112 Ariano-

2218 2153 2361 2202 rum,
2394 2141 2716 2208 gravissime
2756 2135 3052 2213 insectatus
3082 2143 3196 2198 est;
3233 2131 3526 2206 multisque
3557 2130 3812 2207 affectum

2219 2230 2435 2308 injuriis
2479 2229 2549 2307 de
2593 2228 2811 2306 civitate
2872 2226 3204 2302 exturbavit.
3270 2226 3580 2303 cedendum
3631 2226 3818 2294 itaque

2219 2325 2454 2400 tempori
2489 2324 2814 2402 arbitratus,
2844 2323 2911 2394 ad
2941 2322 3172 2398 insulam
3203 2321 3558 2398 Gallinariam
3593 2320 3823 2394 nomine

2218 2420 2486 2484 secessit,
2542 2419 2744 2472 comite
2804 2417 3036 2488 quodam
3085 2417 3446 2490 presbytero,
3497 2430 3816 2490 magnarum

2219 2516 2480 2587 virtutum
2531 2513 2670 2575 viro.
2705 2511 2804 2588 Hic
2832 2510 3164 2589 aliquamdiu
3207 2509 3478 2585 radicibus
3512 2510 3641 2564 vixit
3692 2509 3815 2564 ber-

2219 2606 2408 2668 barum
2453 2622 2466 2658 :
2509 2620 2616 2684 quo
2667 2614 2913 2682 rempore
2963 2603 3340 2681 ltellcborum,
3379 2613 3720 2679 venenatum,
3753 2613 3816 2660 ut

2221 2695 2424 2764 ferunt,
2455 2712 2678 2770 gramen
2710 2697 2764 2752 in
2793 2696 2973 2756 cibum
3002 2696 3272 2770 sumpsit;
3302 2693 3402 2770 sed
3428 2711 3553 2773 cum
3584 2696 3690 2764 vim
3726 2710 3817 2750 reo

2223 2794 2346 2870 ncni
2379 2794 2431 2846 in
2475 2809 2533 2854 se
2582 2795 2882 2870 grassantis
2931 2790 3108 2870 vicina
3155 2792 3266 2870 iam
3317 2799 3493 2854 morte
3533 2790 3818 2865 sensisset,

2221 2887 2516 2958 imntinens
2570 2887 2878 2965 periculum
2929 2886 3180 2965 oratione
3229 2883 3469 2956 repulit,
3523 2884 3822 2962 statimque

2220 2982 2401 3054 omnis
2428 2963 2586 3046 dolor
2612 2980 2824 3050 fugatus
2849 2985 2955 3039 est.
2987 2963 3096 3050 Ner
3120 2977 3288 3052 multo
3314 2986 3457 3058 post,
3478 2992 3601 3041 cum
3627 2987 3822 3044 sancto

2224 3076 2429 3133 llilario
2456 3073 2820 3152 comperissei
2858 3073 3000 3150 regis
3028 3072 3354 3152 prettitentia
3385 3080 3708 3146 potestatem
3740 3072 3820 3125 in-

515 3167 778 3240 pttdiavil-
807 3164 919 3220 Nec
945 3165 1116 3236 μιαιιο
1163 3171 1283 3234 νοει
1310 3159 1623 3216 αάιηοηίιυε
1654 3173 1752 3228 Per
1777 3171 2031 3228 soporem.
2060 3163 2116 3209 ιιι
2220 3167 2427 3232 dultam
2459 3167 2625 3226 fuisse
2647 3167 2933 3234 redeundi,
2965 3167 3150 3244 Roma:
3176 3169 3225 3238 ei
3251 3168 3476 3232 tentavit
3499 3182 3818 3242 orrurrere,

519 3259 751 3338 patriam
799 3265 1183 3341 parentesque,
1226 3269 1362 3323 quos
1393 3253 1570 3307 adhuc
1599 3252 1875 3322 gentilitas
1906 3250 2118 3305 detine-

519 3352 647 3421 bat,
679 3351 935 3422 religiosa
987 3350 1361 3404 sollicitudine
1413 3348 1696 3412 visitarct,
1727 3362 1794 3400 ex
1841 3345 2118 3400 voluntate

519 3445 694 3504 saneti
745 3443 933 3500 Hilarii
982 3442 1260 3513 profectus
1290 3450 1406 3506 est,
1438 3439 1624 3508 multis
1655 3439 1723 3492 ab
1756 3453 1820 3512 eo
1860 3437 2118 3496 astrictus

519 3539 774 3626 precibus
805 3547 860 3592 et
889 3538 1144 3610 lacrymis
1191 3544 1249 3602 ut
1293 3535 1514 3590 rediret.
1555 3533 1798 3596 ll‘lcestus,
1829 3541 1888 3588 ut
1918 3532 2117 3597 lerunt,

523 3630 1021 3720 peregrinationem
1081 3629 1226 3685 illam
1277 3643 1565 3702 aggressus
1614 3636 1732 3694 est,
1783 3633 2121 3698 contestatns

518 3718 756 3790 fratres,
792 3723 958 3777 multa
1006 3738 1064 3776 se
1110 3722 1336 3775 adversa
1385 3734 1703 3790 passurum;
1736 3718 1880 3789 qttod
1935 3727 2120 3786 postea

518 3815 768 3886 probavit
809 3820 1058 3870 eventus.
1094 3814 1173 3868 Ac
1212 3797 1443 3884 primum
1485 3813 1626 3866 inter
1655 3809 1820 3880 Alpes
1851 3809 2002 3864 devia
2031 3824 2119 3864 se-

519 3918 679 3964 cutus
706 3907 893 3963 incidit
917 3908 968 3961 in
999 3911 1264 3974 latrones,
1285 3919 1520 3974 cumque
1545 3919 1682 3958 unus
1705 3905 1880 3959 securi
1911 3903 2120 3958 elevata

520 4003 575 4055 in
626 4009 787 4070 caput
830 3999 948 4067 ejus
1000 3997 1256 4070 librasset
1304 3997 1504 4059 ictum,
1548 3995 1790 4049 ferientis
1841 3995 2120 4049 dexteram

520 4089 778 4146 sustinuit
827 4090 997 4155 alter;
1030 4089 1223 4142 vinctis
1267 4098 1446 4141 tamen
1479 4096 1602 4157 post
1631 4097 1838 4162 tergunt
1874 4089 2122 4156 manibus

524 4186 618 4242 uni
652 4186 953 4240 servandus
981 4193 1035 4238 et
1063 4181 1382 4252 spoliandus
1425 4182 1675 4236 traditur.
1713 4181 1812 4249 Qui
1842 4196 1964 4236 cum
1997 4197 2121 4236 eum

519 4279 588 4335 ad
619 4278 912 4336 remotiora
941 4277 1208 4340 duxisset,
1245 4275 1553 4346 percontari
1584 4275 1650 4330 ab
1677 4291 1743 4344 eo
1770 4275 1937 4345 carpit
1972 4275 2121 4345 quis-

520 4388 645 4429 nam
679 4381 857 4437 esset;
894 4370 1201 4440 respondit,
1233 4367 1600 4424 Christiannm
1633 4384 1692 4423 se
1723 4383 1867 4424 esse.
1896 4369 2120 4435 Quaere-

527 4464 625 4519 bat
668 4466 830 4520 etiam
863 4462 932 4515 ab
957 4476 1024 4516 eo
1047 4504 1063 4530 ,
1093 4477 1158 4514 an
1193 4461 1430 4535 timeret.
1463 4459 1599 4516 Tum
1631 4476 1764 4534 vero
1793 4462 2122 4516 constantis-

2224 3261 2609 3331 profectusqne
2634 3261 2700 3316 ad
2733 3259 2922 3316 urbem
2946 3268 3050 3322 est.

2297 3353 2407 3407 VII.
2445 3352 2580 3410 Cum
2628 3352 2740 3422 jam
2790 3351 3031 3408 Hilarius
3078 3352 3447 3430 praeterisset,
3480 3353 3555 3420 ita
3585 3366 3706 3406 cum
3736 3361 3824 3425 est

2221 3447 2465 3517 vestigiis
2491 3455 2810 3517 prosecutus
2832 3463 2846 3511 ;
2866 3461 3098 3517 cumque
3119 3446 3186 3524 ab
3208 3461 3275 3504 eo
3295 3447 3608 3522 gratissime
3628 3444 3826 3520 [uisser

2221 3549 2534 3610 susceptus,
2564 3537 2706 3600 haud
2751 3538 2912 3614 longe
2941 3538 3043 3594 sibi
3075 3538 3144 3594 ab
3180 3539 3384 3609 oppido
3430 3538 3823 3612 monasterium

2222 3631 2532 3708 collocavit.
2565 3630 2683 3698 Quo
2708 3639 2956 3706 tempore
2983 3645 3042 3688 se
3062 3630 3114 3690 ei
3142 3630 3360 3701 quidam
3394 3632 3824 3704 ratecllumetrus

2220 3723 2420 3796 jnnxit,
2450 3724 2679 3798 cupiens
2709 3723 3040 3796 sanctissimi
3080 3723 3180 3792 viri
3227 3723 3437 3788 institui
3484 3721 3822 3798 disciplinis;

2224 3818 2517 3890 paucisque
2550 3818 2890 3887 interpositis
2932 3816 3126 3878 diebus
3155 3815 3413 3885 languore
3450 3811 3743 3894 correptus
3771 3818 3826 3872 vi

2225 3910 2453 3968 febrium
2487 3895 2788 3968 laborabat.
2829 3910 3045 3966 Actum
3092 3908 3354 3973 Martinus
3389 3909 3526 3965 forte
3555 3907 3827 3984 discessi)-

2224 4013 2336 4070 rat;
2366 4013 2419 4058 et
2445 4019 2566 4060 cum
2593 4019 2690 4074 per
2718 4001 2956 4068 triduum
2985 4000 3270 4070 defuisset,
3294 3983 3611 4075 regressus,
3626 3983 3826 4074 corpus

2223 4095 2472 4158 exanime
2506 4095 2712 4155 invenit
2741 4112 2753 4147 :
2782 4095 2852 4148 ita
2883 4094 3064 4150 subita
3105 4108 3255 4150 mors
3286 4073 3493 4171 fuerat,
3528 4073 3825 4166 urabsque

2223 4186 2550 4260 baptismate
2602 4187 2858 4242 humanis
2917 4187 3082 4243 rebus
3139 4187 3449 4244 excederet.
3503 4188 3719 4260 Corpus
3770 4189 3822 4254 in

2224 4281 2405 4336 medio
2442 4282 2677 4351 positum
2712 4281 2851 4334 tristi
2884 4280 3228 4358 maerentium
3261 4279 3484 4344 fratrum
3516 4279 3827 4358 frequenta-

2225 4373 2385 4452 batur
2407 4367 2609 4444 ofﬁcio,
2640 4390 2762 4434 cum
2791 4373 3052 4429 lllartinus
3080 4372 3216 4445 ﬂens
3241 4383 3297 4442 et
3323 4375 3533 4451 ejulaps
3557 4375 3822 4448 accurrit.

2226 4467 2362 4522 Tum
2395 4483 2524 4544 vero
2557 4477 2806 4523 sanctum
2837 4467 3098 4542 Spiritum
3133 4479 3244 4522 tota
3276 4479 3459 4546 mente
3486 4460 3823 4546 concipiens,

523 4558 661 4612 sitne
712 4557 1024 4627 proﬁtetur,
1076 4569 1366 4626 numquam
1397 4570 1455 4610 se
1486 4554 1651 4611 fuisse
1681 4566 1788 4630 tam
1831 4570 2118 4623 securum,
2150 4539 2203 4622 η
2231 4561 2413 4640 egredi
2446 4539 2719 4638 cellulam,
2753 4563 2804 4617 in
2845 4539 2953 4642 qua
2985 4577 3186 4633 corpus
3211 4539 3451 4638 μυθικὴ,
3485 4539 3825 4632 “ieros‘ju-

524 4653 646 4723 quia
725 4653 891 4707 sciret
965 4650 1398 4728 misericordiam
1480 4651 1692 4724 Domini
1763 4650 2000 4706 maxime
2068 4651 2122 4705 in

523 4745 921 4818 tentationibus
961 4737 1272 4798 adiuturam
1301 4761 1314 4798 :
1340 4758 1400 4818 se
1458 4743 1629 4818 magis
1662 4743 1737 4798 illi
1782 4743 2000 4808 dolere,
2030 4743 2120 4814 qni

523 4833 728 4892 Christi
783 4837 1190 4902 misericordia.
1241 4846 1428 4908 utpote
1478 4835 1764 4908 latrocinia
1815 4851 2118 4904 exercens,

525 4941 673 4986 esset
719 4931 1003 5000 indignus;
1036 4930 1427 5002 ingressusque
1473 4931 1845 5006 evangelicam
1875 4932 2119 4999 disputa-

523 5024 752 5090 tionem,
781 5024 1009 5079 verbum
1034 5023 1127 5084 Dei
1153 5022 1351 5078 latroni
1373 5021 1722 5094 prmdicabat.
1744 5005 1882 5094 Quid
1907 5024 2124 5096 longius

523 5118 745 5173 morer?
779 5118 918 5192 latro
945 5117 1208 5184 credidit,
1242 5128 1672 5190 prosecutusque
1702 5118 1992 5173 Martinum
2027 5119 2125 5174 viae

523 5209 803 5273 reddidit,
840 5226 1002 5266 orans
1053 5219 1112 5286 nt
1171 5225 1268 5281 pro
1324 5225 1382 5271 sc
1443 5210 1727 5266 Dominum
1785 5220 2120 5286 precaretur.

524 5303 782 5375 Idemque
825 5316 1010 5376 postea
1058 5289 1364 5376 religiosam
1408 5319 1574 5372 agens
1606 5307 1771 5359 vitam
1817 5304 1963 5359 visus
1992 5314 2122 5362 est:

526 5400 662 5455 adeo
697 5409 756 5455 ut
787 5399 932 5466 hcce,
977 5416 1097 5470 quae
1142 5391 1304 5468 supra
1355 5398 1661 5464 retulimus,
1696 5399 1763 5454 ab
1795 5399 1914 5472 ipso
1947 5399 2124 5455 audita

523 5497 798 5550 dicantur.

595 5585 680 5656 Vl.
726 5587 896 5657 igitur
927 5585 1191 5640 Martinus
1242 5582 1370 5640 inde
1413 5599 1737 5656 progressus
1767 5599 1890 5639 cum
1921 5583 2124 5644 Medio-

521 5675 704 5735 lanum
738 5682 1113 5751 praeterisset,
1142 5677 1396 5733 diabolus
1427 5678 1480 5732 in
1513 5677 1708 5736 itinere
1730 5678 1963 5742 humana
1995 5693 2120 5750 spe-

524 5770 610 5826 cie
637 5784 916 5843 assumpta
948 5787 1007 5828 se
1034 5769 1086 5828 ei
1113 5769 1331 5828 obvium
1363 5771 1502 5840 tulit,
1529 5787 1638 5843 quo
1687 5773 1937 5828 tenderet
1977 5787 2125 5847 quaa-

2228 4655 2443 4729 bet;ac
2474 4655 2682 4724 foribus
2719 4641 2987 4728 obseratis
3021 4673 3190 4730 super
3235 4657 3546 4734 exanimata
3583 4641 3829 4728 defuncti

2226 4749 2411 4818 fratris
2466 4752 2714 4821 membra
2772 4751 3139 4832 prosternitur
3185 4768 3199 4804 :
3243 4760 3293 4824 et
3340 4765 3464 4826 eum
3510 4747 3828 4823 aliquandiu

2227 4843 2458 4922 orationi
2481 4843 3218 4921 incubuisset,sensisselque
3234 4861 3329 4915 per
3342 4844 3596 4920 spiritum.
3613 4841 3828 4910 Domini

2225 4939 2420 4994 adesse
2465 4941 2726 5014 virtutem
2752 4982 2767 5006 ,
2795 4949 3013 5008 erectus
3061 4938 3344 5009 paululum
3367 4980 3381 5005 ,
3411 4947 3466 5014 et
3493 4936 3545 5004 in
3577 4935 3821 5006 defunrti

2227 5048 2321 5086 ora
2349 5031 2580 5102 deﬁxus,
2617 5033 2881 5108 orationis
2921 5048 3036 5088 suae
3079 5047 3144 5098 ac
3188 5031 3577 5108 misericordia:
3608 5030 3827 5100 Domini

2226 5123 2530 5196 intrepidus
2547 5125 2899 5203 exspectabat
2922 5134 3174 5202 eventum
3204 5143 3216 5177 :
3240 5107 3440 5203 vixque.
3461 5124 3687 5198 duarum
3715 5124 3830 5188 fere

2229 5216 2490 5292 horarum
2546 5201 2778 5290 spatium
2840 5201 3270 5288 intercesserat,
3320 5201 3455 5288 vidit
3508 5215 3827 5295 defunctum

2229 5309 2488 5390 paulatim
2520 5305 2782 5378 membris
2813 5310 3070 5374 omnibus
3099 5312 3454 5388 commoveri,
3483 5319 3536 5376 et
3560 5310 3754 5378 laxatis
3775 5309 3828 5366 in

2228 5420 2385 5460 usum
2416 5404 2635 5461 videndi
2663 5405 2930 5481 palpitare
2957 5405 3275 5482 luminibus.
3308 5406 3447 5478 Tum
3477 5419 3608 5482 vero
3638 5419 3830 5482 magna

2232 5497 2297 5553 ad
2333 5497 2620 5570 Dominum
2645 5513 2776 5569 voce
2800 5513 3097 5556 conversus
3119 5499 3323 5578 gratias
3355 5513 3548 5578 agens,
3578 5497 3831 5570 cellulam

2231 5587 2475 5646 clamore
2521 5591 3060 5670 compleveratzquo
3107 5575 3293 5648 audito
3337 5593 3429 5664 qni
3479 5575 3577 5664 pro
3625 5592 3831 5652 foribus

2232 5684 2544 5765 astiterant,
2574 5669 2756 5740 statim
2778 5669 3016 5758 irruunt.
3042 5683 3240 5760 Mirum
3263 5687 3658 5776 spectaculum,
3685 5683 3831 5758 quod

2232 5774 2490 5852 videbant
2537 5775 2722 5854 vivere
2771 5790 2932 5856 quem
2982 5783 3260 5852 mortuum
3299 5772 3705 5852 reliquissent!
3753 5772 3831 5830 Ita
