4194 6192
353 261 459 339 ἐϋὲ

1401 269 1489 327 DE
1532 266 1695 329 VITA
1732 272 1794 329 Ii.
1842 264 2130 330 MABTINI
2159 272 2366 331 LIBER
2409 264 2609 333 UNUS.

3558 266 3659 337 tea

352 385 606 451 redditus
648 386 802 451 vitta,
834 386 1020 449 statim
1070 386 1340 457 baptisma
1388 399 1738 454 consecutus,
1771 389 1955 459 plures
1981 390 2037 453 Δ
2063 396 2169 445 tur.
2221 390 2398 460 Atque
2443 392 2513 446 ita
2561 391 2804 451 habitum
2842 400 2945 457 est,
2979 392 3169 449 divino
3213 402 3343 449 nutu
3395 395 3657 464 psalmum

352 489 549 549 postea
578 478 709 541 vixit
738 494 915 535 annos
941 498 953 531 :
977 479 1296 549 primusque
1318 479 1461 548 apud
1490 495 1592 535 nos
1618 480 1828 535 Martini
1850 482 1958 536 vir-

356 582 534 637 tutum
568 572 652 626 vel
677 572 904 627 materia
933 572 1017 627 vel
1053 571 1423 633 testimonium
1456 572 1574 628 fuit.
1609 573 1751 628 Idem
1778 584 1956 628 tamen

357 666 574 725 referre
601 676 717 722 erat
746 666 960 729 solitus,
992 681 1052 721 se
1081 681 1313 735 corpore
1344 675 1565 723 exutum
1607 667 1672 721 ad
1720 667 1960 723 tribunal

354 764 562 834 judicia
580 763 827 829 ductum,
862 763 1292 835 deputatumque
1320 764 1572 820 obscuris
1600 764 1734 819 locis
1761 773 1817 819 et
1844 764 1962 819 vul-

360 859 586 931 garibus
638 857 819 913 turbis
865 858 1072 912 tristem
1122 858 1405 926 excepisse
1450 859 1814 912 sententiam:
1849 867 1960 911 tum

359 966 458 1022 per
483 951 621 1004 duos
646 950 878 1019 angelos
902 948 1072 1017 judici
1107 949 1273 1003 fuisse
1299 959 1637 1019 suggestum,
1669 950 1813 1005 hunc
1840 962 1963 1002 esse

360 1057 459 1112 pro
478 1057 588 1111 quo
616 1040 883 1095 Martinus
912 1052 1134 1099 oraret:
1163 1043 1235 1095 ita
1264 1056 1363 1112 per
1391 1040 1618 1099 eosdem
1648 1042 1874 1111 angelos
1906 1055 1966 1096 se

355 1135 565 1206 jussum
592 1134 804 1195 reduci.
828 1147 884 1189 et
914 1134 1145 1191 Μαι·ιὶηο
1165 1134 1440 1191 redditum
1468 1136 1699 1204 vitaeque
1725 1134 1965 1203 pristinae

360 1231 697 1289 restitutum.
754 1230 838 1286 Ab
892 1229 996 1286 hoc
1052 1230 1289 1300 primum
1345 1240 1592 1298 tempore
1646 1229 1789 1284 beati
1860 1229 1963 1283 viri

363 1341 565 1383 nomen
605 1326 835 1392 enituit,
890 1335 948 1381 ut
1009 1327 1100 1395 qui
1150 1332 1374 1381 sanctus
1427 1324 1538 1395 jam
1586 1323 1656 1379 ab
1710 1323 1965 1378 omnibus

363 1420 697 1483 habebatur,
729 1430 929 1490 potens
951 1420 1113 1476 etiam
1159 1429 1216 1475 et
1247 1434 1375 1475 vere
1417 1417 1753 1488 apostolicus
1795 1416 1966 1472 hahe-

366 1521 539 1569 retur.

443 1606 572 1661 Vlll.
615 1604 727 1663 Nec
752 1605 926 1666 multo
959 1613 1103 1674 post,
1127 1604 1257 1661 dum
1288 1619 1481 1675 agrum
1512 1602 1763 1672 Lupicini
1784 1600 1969 1669 cujus-

366 1701 488 1763 dam
514 1700 776 1757 honorati
812 1699 1115 1757 secundum
1158 1698 1423 1753 saeculum
1473 1696 1575 1753 viri
1623 1696 1965 1765 praeteriret.

2063 483 2206 539 hunc
2248 484 2447 539 lectum
2498 485 2664 540 fuisse
2689 528 2702 549 ,
2740 495 2796 540 ιιι
2828 488 3200 543 testimonium
3238 493 3425 559 operis
3452 491 3534 544 sui
3569 492 3664 546 dc-

2062 576 2247 632 fensor
2274 578 2528 644 audiret;
2559 578 2708 648 quia,
2732 594 2797 634 ex
2823 596 2918 635 ore
2947 582 3232 635 infantium
3260 592 3422 652 atque
3455 583 3629 638 lar-ten
3649 613 3661 623 -

2065 671 2196 724 tium
2229 671 2282 725 in
2323 672 2553 725 Martino
2583 672 2796 731 Domini
2833 673 2988 728 laude
3019 674 3255 743 perfecta
3279 717 3294 741 ,
3328 685 3383 729 et
3412 687 3665 733 ostensus

2065 766 2268 833 pariter
2298 775 2349 819 et
2380 768 2692 821 destructus
2718 775 2800 821 est
2829 769 3100 822 inimicus.

2138 855 2208 911 Χ.
2248 857 2369 912 Iam
2413 874 2545 912 vero
2568 871 2785 928 sumpto
2811 863 3129 930 episcopatu
3160 863 3373 932 qualem
3406 879 3465 919 se
3496 881 3667 934 quan-

2068 960 2290 1021 tumque
2320 952 2636 1020 praestiterit
2665 997 2677 1017 ,
2714 970 2821 1008 non
2852 965 2934 1011 est
2964 965 3165 1011 nostrm
3199 958 3475 1014 facultatis
3518 960 3669 1015 evol-

2066 1060 2214 1099 vere.
2260 1044 2407 1101 Idem
2452 1048 2595 1101 enim
2650 1049 3094 1103 constantissime
3149 1052 3531 1119 perseverabat
3579 1055 3668 1121 qui

2067 1139 2218 1208 prius
2268 1140 2459 1194 fuerat.
2508 1141 2709 1196 Eadem
2759 1142 2810 1196 in
2842 1144 3008 1199 corde
3047 1144 3347 1210 humilitas,
3393 1147 3581 1202 eadem
3615 1149 3667 1203 in

2067 1231 2268 1285 vestitu
2315 1232 2437 1302 ejus
2483 1232 2667 1289 vilitas
2712 1243 2828 1289 erat
2856 1254 2867 1288 :
2893 1244 3056 1306 atque
3089 1236 3193 1303 its,
3246 1239 3437 1307 plenus
3478 1251 3667 1295 aucto-

2067 1323 2244 1377 ritatis
2288 1334 2343 1379 et
2387 1327 2577 1395 gratim
2604 1369 2617 1389 .
2670 1328 2930 1397 implebat
2990 1328 3235 1398 episcopi
3306 1332 3624 1401 dignitatem
3654 1376 3668 1395 .

2069 1424 2126 1469 ut
2158 1432 2263 1472 non
2290 1426 2467 1471 tamen
2515 1421 2855 1488 propositum
2898 1422 3150 1477 monachi
3184 1424 3551 1495 virtutemque
3581 1428 3674 1481 tle—

2070 1519 2297 1567 sereret.
2348 1509 2696 1580 Aliquamdiu
2733 1529 2864 1585 ergo
2909 1516 3225 1572 adhmrente
3265 1518 3331 1573 ad
3379 1520 3671 1575 Ecclesium

2070 1603 2268 1657 cellula
2298 1619 2430 1658 usus
2459 1614 2570 1673 est;
2603 1606 2803 1661 deinde
2850 1622 2972 1662 cum
3007 1610 3437 1678 inquietudinem
3472 1626 3530 1667 se
3564 1614 3671 1666 fre.

2073 1699 2453 1767 quentantium
2504 1702 2645 1754 ferre
2697 1717 2799 1756 neu
2851 1712 3067 1771 posset,
3102 1704 3316 1760 duobus
3369 1707 3481 1761 fere
3527 1717 3677 1762 extra

365 1795 607 1852 clamore
648 1802 705 1849 et
752 1792 901 1849 luctu
963 1792 1133 1851 turbae
1189 1790 1494 1861 plangentis
1548 1789 1842 1855 excipitur.
1888 1787 1968 1846 Ad
2005 1784 2349 1847 Iicivitatom
2406 1793 2642 1848 millibus
2702 1797 3094 1851 monasterium
3152 1798 3252 1851 sibi
3305 1801 3516 1853 statuit.
3574 1800 3677 1867 Qui

368 1904 529 1959 quam
557 1887 834 1947 sollicitus
861 1902 983 1943 cum
1011 1887 1298 1947 astitisset,
1332 1892 1387 1941 et
1415 1884 1538 1954 quis
1567 1892 1715 1940 esset
1747 1882 1835 1940 hic
1866 1880 1967 1936 fle-

372 1990 454 2037 tus
488 1981 825 2051 inquireret;
861 1978 1133 2034 indicatur
1180 1994 1346 2033 unum
1378 1992 1408 2030 e
1438 1975 1643 2035 familia
1692 1974 1969 2034 servulum

368 2075 566 2144 laqueo
592 2075 696 2131 sibi
726 2075 893 2133 vitam
926 2073 1252 2129 extorsisse.
1288 2072 1407 2139 Quo
1438 2071 1657 2139 cognito
1678 2069 1930 2125 cellulam
1952 2108 1968 2134 ,

373 2169 428 2225 in
458 2183 565 2236 qua
597 2182 799 2236 corpus
826 2166 1040 2236 iacebat
1066 2208 1082 2230 ,
1115 2164 1452 2234 ingreditur;
1485 2163 1830 2251 exclttsistpte
1854 2176 1973 2217 om—

374 2262 538 2317 nibus
597 2260 809 2325 turbis,
866 2267 1238 2329 superstratns
1295 2255 1514 2326 corpori
1580 2253 1974 2323 aliquantisper

371 2355 567 2413 oravit.
603 2354 727 2409 Mox
762 2353 1055 2411 viviseente
1082 2352 1235 2411 vultu
1257 2394 1271 2415 ,
1305 2349 1772 2409 marcescentibus
1802 2348 1974 2404 oculis

372 2448 423 2505 in
454 2463 551 2509 ora
592 2448 740 2504 illius
770 2446 1064 2506 defunctus
1090 2446 1354 2516 erigitur;
1386 2447 1645 2512 lentoque
1690 2450 1974 2499 cenamtne

371 2543 559 2599 enisus
587 2554 885 2610 assurgere
906 2582 920 2605 ,
953 2539 1293 2609 apprehensa
1334 2538 1480 2593 beati
1508 2538 1609 2592 viri
1637 2536 1891 2597 dextera.
1923 2536 1975 2589 in

373 2634 541 2704 pedes
588 2634 1075 2702 constitit;atquc
1122 2633 1195 2686 ita
1224 2646 1348 2691 eum
1383 2645 1449 2689 eo
1480 2644 1652 2697 usque
1695 2627 1761 2683 ad
1812 2628 1976 2687 vesti-

374 2727 561 2783 bulum
606 2726 840 2791 domus,
900 2726 1052 2781 turba
1116 2724 1265 2778 omni
1320 2723 1698 2792 inspectante,
1753 2735 1977 2791 proces-

376 2823 470 2879 sit.

451 2915 543 2972 IX.
585 2914 699 2969 Sub
734 2913 877 2973 idem
908 2913 1022 2969 fere
1055 2922 1271 2981 tempus
1301 2910 1368 2966 ad
1397 2910 1771 2979 episcopatum
1799 2907 1979 2963 Turo-

379 3009 519 3063 nica:
555 3007 817 3063 Ecclesiae
850 3005 1164 3074 petebatur;
1185 3004 1281 3060 sed
1309 3019 1433 3059 cum
1457 3003 1575 3060 erui
1599 3017 1629 3056 a
1652 3002 1982 3057 monasterio

380 3115 481 3156 suo
509 3114 618 3155 non
649 3097 812 3155 facile
842 3109 1051 3167 posset,
1078 3097 1331 3155 Ruricius
1356 3094 1597 3163 quidam,
1632 3108 1772 3149 unus
1800 3108 1830 3147 e
1854 3093 1985 3147 civi-

2076 1887 2228 1941 locus
2253 1894 2360 1940 tam
2390 1899 2637 1943 secretus
2663 1898 2717 1943 et
2748 1898 2990 1943 remotus
3020 1900 3134 1945 erat
3155 1936 3167 1956 ,
3206 1901 3263 1945 ιιι
3293 1894 3460 1947 eremi
3487 1894 3677 1948 solitu-

2074 1978 2255 2033 dinem
2290 1994 2397 2035 non
2429 1980 2772 2035 desideraret
2807 1997 2911 2036 :ex
2942 1998 3048 2035 uno
3071 1984 3213 2037 enim
3249 1984 3421 2038 latere
3456 1988 3681 2052 prmcisa

2076 2074 2280 2127 montis
2309 2073 2510 2127 excelsi
2537 2088 2674 2143 rupe
2695 2073 3070 2141 ambiebatur;
3103 2075 3367 2145 reliquam
3402 2078 3679 2145 planitiem

2077 2165 2237 2236 Liger
2266 2165 2461 2221 fluvius
2489 2168 2721 2222 reducto
2766 2169 3045 2237 paululum
3079 2170 3200 2224 sinu
3230 2170 3524 2225 clauserat.
3560 2170 3679 2228 Una

2081 2272 2286 2315 tantum
2317 2262 2619 2333 cadentque
2649 2272 2800 2318 arcta
2833 2265 3125 2320 admodum
3163 2266 3248 2320 via
3279 2267 3415 2321 adiri
3449 2276 3678 2337 poterat.

2079 2353 2199 2425 Ipse
2227 2370 2293 2410 ex
2316 2356 2474 2425 lignis
2502 2366 2816 2412 contextam
2841 2359 3093 2415 cellulam
3123 2359 3357 2414 habebat
3382 2377 3394 2413 :
3424 2360 3687 2429 multique

2081 2462 2111 2501 c
2143 2447 2401 2502 fratribus
2436 2449 2489 2502 in
2522 2450 2773 2504 eumdem
2802 2451 3059 2515 modum;
3112 2453 3386 2523 plerique,
3430 2469 3562 2509 saxo
3599 2471 3689 2510 su—

2084 2539 2311 2609 perjeeti
2360 2542 2559 2595 montis
2600 2553 2827 2609 cavato,
2880 2546 3220 2612 receptacula
3272 2545 3374 2599 sibi
3424 2545 3685 2601 fecerant.

2084 2629 2346 2701 Discipuli
2390 2648 2519 2686 vero
2569 2635 2847 2703 octoginta
2895 2647 3052 2689 erant
3079 2677 3092 2696 .
3122 2636 3214 2705 qui
3258 2637 3323 2691 ad
3377 2638 3688 2701 exemplum

2081 2723 2223 2778 beati
2271 2726 2512 2794 magistri
2557 2728 3001 2782 instituebantur.
3051 2728 3222 2783 Nemo
3268 2729 3342 2783 ibi
3393 2728 3687 2799 quidquam

2085 2816 2363 2885 proprium
2392 2817 2663 2879 habebat;
2695 2818 2876 2873 omnia
2911 2820 2964 2873 in
3012 2819 3194 2877 medio
3226 2818 3685 2883 conferebantur;

2086 2926 2193 2965 non
2221 2926 2426 2977 emere,
2456 2922 2547 2965 aut
2572 2912 2835 2980 vendere,
2882 2922 2937 2967 ut
2969 2913 3244 2983 plerisque
3272 2914 3554 2968 monachis
3582 2929 3697 2969 11ῐο-

2088 3006 2163 3059 ris
2189 3016 2303 3071 est,
2328 3005 2624 3077 quidquam
2657 3007 2879 3062 licebat.
2910 3008 3013 3061 Ars
3047 3007 3140 3073 ibi,
3187 3009 3427 3076 exceptis
3461 3011 3691 3078 scripto-

2089 3097 2262 3161 ribus,
2295 3099 2441 3154 nulla
2481 3099 2818 3165 habebatur;
2849 3102 2933 3155 cui
2965 3108 3143 3155 tamen
3173 3101 3323 3170 operi
3361 3102 3540 3156 minor
3568 3110 3698 3157 mtas

379 3196 502 3257 bus.
533 3193 721 3253 uxoris
751 3194 1013 3263 languore
1056 3192 1340 3256 simulato,
1369 3190 1435 3247 ad
1468 3205 1644 3260 genua
1681 3189 1827 3244 illius
1860 3202 1984 3256 pro-
2010 3176 2056 3239 C
2088 3190 2452 3260 deputabatur
2480 3210 2495 3250 :
2521 3193 2760 3264 majores
2788 3195 3019 3249 orationi
3050 3197 3339 3251 vacabant.
3372 3196 3549 3252 Rarus
3588 3200 3702 3251 cui—

380 3287 621 3353 volutus,
647 3294 706 3341 ut
729 3287 1085 3356 egrederetur
1109 3284 1358 3340 obtinuit.
1394 3284 1466 3339 Ita
1492 3282 1772 3351 dispositis
1789 3281 1900 3350 jam
1930 3281 1982 3334 in

382 3379 577 3439 itinere
606 3381 805 3436 civium
839 3379 1051 3440 turbis.
1082 3380 1186 3435 sub
1210 3377 1445 3447 quadam
1474 3376 1723 3432 custodia
1752 3376 1818 3429 ad
1846 3375 1987 3429 civi-

386 3481 556 3535 tatem
582 3487 755 3541 usque
775 3470 1077 3528 deducitur.
1105 3470 1301 3525 Mirum
1329 3474 1379 3525 in
1408 3468 1626 3525 modum
1652 3466 1989 3525 incredibilis

385 3564 690 3627 multitudo
738 3581 845 3619 non
890 3565 1061 3620 solum
1106 3580 1173 3619 ex
1213 3564 1306 3621 illo
1341 3562 1573 3634 Oppido,
1607 3560 1704 3621 sed
1733 3561 1895 3617 etiam
1923 3575 1988 3617 ex

386 3660 589 3717 vicinis
616 3659 841 3719 urbibus
862 3658 927 3717 ad
952 3658 1205 3729 suffragia
1235 3656 1458 3713 ferenda
1489 3664 1842 3713 convenerat.
1876 3651 1992 3707 Una

388 3753 634 3813 omnium
666 3753 940 3814 voluntas,
967 3752 1157 3807 eadem
1186 3760 1308 3809 vota
1328 3790 1344 3816 ,
1375 3749 1673 3819 eademth
1699 3745 1989 3808 sententia,

390 3846 683 3903 Martinutu
737 3847 1056 3916 epiSCOpatu
1117 3859 1241 3902 esse
1292 3844 1671 3913 dignissimum
1722 3858 1735 3893 :
1780 3840 1994 3899 felicem

394 3938 510 3994 fore
540 3939 634 3996 tali
669 3938 976 3996 Ecclesium
1010 3937 1315 3995 sacerdote.
1350 3935 1511 3991 Pauci
1542 3944 1748 3998 tamen,
1776 3943 1830 3989 et
1858 3949 1992 3989 nou-

406 4034 539 4090 nnlli
566 4049 631 4089 ex
678 4034 975 4103 episcopis,
1006 4034 1097 4099 qui
1124 4032 1193 4087 ad
1223 4030 1663 4089 constituendum
1698 4028 1999 4083 antistitem

405 4126 618 4183 fuerant
666 4127 911 4192 evocati,
938 4125 1101 4194 impie
1141 4123 1545 4194 repugnabant,
1574 4122 1820 4175 dicentes
1847 4119 1999 4174 scili-

402 4232 488 4278 cet
513 4239 526 4273 :
553 4219 1026 4288 contemptibilem
1062 4232 1187 4275 esse
1217 4232 1505 4287 personam
1528 4255 1543 4280 ,
1572 4215 1852 4284 indignum
1881 4227 2005 4269 esse

406 4317 743 4384 episc0patu,
780 4312 1056 4369 hominem
1082 4312 1232 4365 vultu
1262 4310 1676 4379 despicabilem,
1700 4317 1858 4365 veste
1886 4322 2007 4361 sor-

407 4408 592 4465 didum
622 4447 637 4472 ,
686 4408 840 4464 crine
895 4404 1219 4461 deformem.
1264 4402 1343 4459 Ita
1388 4420 1415 4459 a
1469 4403 1671 4471 populo
1718 4400 2009 4457 sententia:

406 4502 642 4559 sanioris
671 4500 790 4557 hare
828 4498 1043 4557 illorum
1088 4497 1245 4553 irrisa
1296 4496 1575 4551 dementia
1612 4505 1720 4560 ast,
1751 4494 1840 4561 qui
1885 4492 2007 4547 illn-

2089 3299 2252 3355 quatn
2297 3294 2449 3340 extra
2496 3287 2751 3341 cellulam
2797 3304 2951 3342 suant
2994 3304 3285 3356 egressus,
3332 3288 3431 3345 nisi
3462 3305 3583 3345 eum
3629 3290 3696 3345 ad

2091 3376 2270 3434 locum
2324 3380 2592 3434 orationis
2638 3382 3060 3436 conveniebant.
3117 3382 3310 3438 Cibum
3361 3398 3465 3438 una
3512 3400 3702 3439 omnes

2092 3479 2216 3540 post
2239 3469 2431 3525 horam
2469 3472 2664 3541 jejunii
2704 3473 3083 3543 accipiebant:
3111 3476 3295 3529 vinum
3339 3491 3502 3531 nemo
3538 3491 3695 3532 nove-

2094 3574 2202 3627 rat,
2234 3564 2337 3617 nisi
2375 3579 2539 3633 quem
2574 3565 2862 3619 infirmitas
2893 3567 3185 3638 coegisset.
3221 3568 3475 3638 Plerique
3521 3586 3704 3625 came-

2097 3655 2274 3709 lorum
2324 3658 2454 3710 setis
2500 3658 2904 3724 vestiebantur;
2949 3660 3167 3713 mollior
3221 3660 3293 3713 ibi
3344 3662 3559 3716 habitus
3607 3679 3705 3731 pro

2098 3749 2327 3804 crimine
2354 3758 2470 3815 erat
2491 3767 2503 3802 π
2524 3750 2666 3819 qttod
2695 3766 2762 3804 eo
2796 3753 2966 3819 magis
3000 3753 3073 3805 sit
3104 3753 3302 3806 mirum
3336 3769 3567 3809 necesse
3597 3766 3703 3822 est,

2101 3843 2246 3913 quod
2274 3842 2429 3899 multi
2451 3843 2597 3899 inter
2637 3860 2731 3900 eos
2764 3845 2978 3899 nobiles
3019 3844 3386 3913 habebantur,
3421 3849 3510 3916 qui
3546 3849 3707 3921 longe

2102 3937 2264 3993 aliter
2298 3937 2512 3992 educati
2543 3937 2608 3992 ad
2639 3937 2777 3992 hanc
2815 3953 2875 3993 se
2905 3938 3267 4001 humilitatem
3298 3949 3352 3993 et
3392 3941 3705 4010 patientium

2104 4038 2437 4101 coegerant;
2472 4031 2764 4101 pluresque
2797 4047 2862 4086 ex
2897 4031 2982 4087 bis
3021 4042 3206 4099 postea
3239 4032 3529 4102 episcopos
3568 4034 3708 4089 vidi-

2107 4140 2245 4179 mus.
2281 4123 2411 4192 Qua:
2441 4124 2584 4185 enirn
2615 4133 2764 4177 esset
2789 4123 2979 4179 civitas
3004 4165 3017 4187 ,
3054 4134 3145 4177 aut
3174 4124 3430 4187 ecclesia,
3458 4140 3579 4195 qua:
3602 4142 3710 4182 non

2108 4218 2210 4273 sibi
2239 4218 2307 4273 de
2336 4218 2552 4271 Martini
2594 4218 2931 4271 monasterio
2975 4227 3199 4286 cuperet
3228 4217 3606 4273 sacerdotem?

2183 4312 2271 4367 XI.
2314 4311 2421 4368 Sed
2450 4320 2507 4365 ut
2543 4310 2778 4381 reliquas
2831 4312 3058 4365 virtutes
3106 4310 3243 4381 ejus,
3313 4328 3446 4381 quas
3489 4313 3543 4365 in
3589 4314 3706 4382 epio

2114 4417 2339 4477 scopatu
2362 4407 2492 4475 egit,
2517 4405 2822 4475 aggrediar;
2868 4413 2985 4459 erat
3031 4404 3174 4458 haud
3218 4406 3376 4475 longe
3407 4405 3475 4459 ab
3512 4407 3713 4477 oppido

2114 4504 2404 4572 proximus
2451 4499 2788 4555 monasterio
2838 4499 3008 4563 locus,
3052 4514 3212 4569 quem
3260 4500 3388 4552 falsa
3436 4500 3715 4555 hominum

409 4604 575 4649 strena
627 4593 803 4654 virum
830 4592 957 4645 dum
990 4592 1301 4659 Vituperal‘e
1328 4588 1586 4658 cupiam.
1618 4585 2008 4656 Ρνωάἱωῦθηῑο
2041 4574 2089 4633 Π
2120 4592 2326 4664 Opinio,
2351 4593 2499 4648 velut
2520 4591 2857 4663 consepttltis
2886 4592 2956 4645 ibi
2986 4592 3335 4662 martyribus,
3377 4602 3717 4648 sacraverat:

410 4684 521 4739 Nec
543 4700 678 4741 vero
695 4684 846 4745 aliud
876 4682 964 4741 his
992 4681 1175 4739 facere
1203 4681 1376 4744 licuit,
1406 4694 1568 4750 quam
1600 4678 1744 4749 quod
1780 4677 2012 4748 populus

414 4779 644 4838 Domino
682 4780 900 4837 volente
929 4777 1178 4849 cogebat.
1206 4778 1353 4835 inter
1378 4776 1668 4847 episcopos
1708 4785 1891 4831 tamen
1922 4779 2013 4845 qui

413 4873 704 4939 affuerant,
738 4873 1009 4944 praecipue
1033 4872 1291 4928 defensor
1311 4872 1532 4942 quidam
1564 4871 1786 4926 nomine
1814 4871 2016 4925 dicitur

414 4968 722 5025 restitisse:
749 4966 894 5025 unde
942 4966 1381 5023 animadversum
1422 4974 1535 5028 est,
1570 4966 1819 5036 graviter
1860 4964 2014 5019 illntn

416 5061 648 5118 lectione
679 5061 992 5131 protdteticn
1027 5073 1151 5115 tunc
1182 5071 1448 5117 notatum.
1478 5060 1610 5115 Nam
1640 5076 1762 5117 cum
1795 5059 2019 5113 fortuito

423 5156 615 5223 lector,
646 5156 730 5215 cui
761 5155 974 5226 legendi
1019 5170 1086 5210 eo
1112 5156 1200 5210 die
1244 5154 1484 5211 officium
1515 5161 1663 5217 erat,
1695 5153 2022 5209 interclusus

423 5264 451 5303 a
476 5250 676 5319 populo
692 5249 982 5316 defuisset,
1008 5248 1242 5305 turbatis
1269 5246 1557 5313 ministris,
1578 5246 1710 5302 dum
1740 5252 2025 5315 exspecta-

424 5350 511 5399 tur
540 5342 629 5411 qui
660 5358 766 5399 non
794 5342 999 5407 aderat,
1036 5357 1173 5395 unus
1204 5356 1235 5397 e
1277 5339 1760 5397 circumstantibus
1805 5348 2027 5408 sumpto

422 5436 721 5504 psalterio,
753 5450 913 5504 quem
964 5436 1197 5502 primum
1248 5448 1465 5491 versum
1508 5432 1739 5494 invenit,
1771 5431 2023 5499 arripuit.

428 5528 675 5587 Psalntus
702 5540 887 5585 autem
917 5528 1003 5584 hic
1032 5537 1151 5587 erat
1182 5545 1193 5580 :
1222 5526 1307 5585 Ea:
1331 5543 1421 5583 ore
1450 5526 1731 5594 infantium
1756 5534 1803 5582 et
1837 5526 2030 5579 lacten-

434 5624 558 5679 tiaun
628 5623 891 5693 traiecisti
956 5622 1166 5681 laudem
1224 5628 1435 5691 propter
1474 5619 1713 5687 inimice;
1770 5626 1926 5683 tuos,
1977 5626 2034 5671 ut

432 5716 669 5773 deum“:
710 5718 976 5775 inisti-icitur
1003 5728 1047 5771 et
1076 5716 1400 5784 defensorem
1429 5713 1606 5787 (Prol.
1640 5730 1759 5779 vna,
1790 5712 1867 5781 ὅ).
1913 5712 2036 5781 Quo

440 5806 583 5865 lecto
604 5812 814 5870 clamor
852 5809 1034 5881 populi
1069 5809 1294 5875 tollitur,
1328 5823 1456 5879 pars
1501 5805 1716 5865 diversa
1742 5802 2036 5864 confundi-

2125 4703 2246 4741 nam
2276 4694 2332 4741 et
2355 4687 2526 4743 altare
2552 4686 2624 4740 ibi
2652 4701 2684 4741 a
2735 4685 3110 4754 superioribus
3137 4686 3408 4754 episcottis
3458 4687 3723 4741 constitu-

2125 4790 2236 4836 tum
2266 4780 2588 4835 habebatur.
2621 4778 2727 4836 Sed
2767 4778 3028 4833 Martinus
3058 4795 3163 4833 non
3208 4786 3417 4832 temere
3458 4778 3723 4834 adhibens

2126 4872 2348 4928 incertis
2378 4871 2560 4937 fidem,
2586 4871 2653 4925 ab
2680 4870 2785 4935 his,
2811 4871 2901 4941 qui
2929 4872 3163 4939 majores
3196 4880 3323 4925 natu
3351 4883 3533 4939 erant,
3566 4889 3724 4941 pres-

2124 4964 2331 5035 byteris
2354 4963 2436 5017 vel
2474 4961 2690 5017 clericis
2739 4961 3034 5030 ﬂagitabat,
3062 4962 3161 5017 sibi
3206 4977 3405 5018 nomen
3451 4964 3726 5037 martyris,

2127 5056 2211 5111 vel
2242 5067 2485 5125 tempora
2530 5054 2802 5123 passionis
2846 5053 3093 5111 ostendi:
3130 5054 3325 5125 grandi
3373 5070 3431 5111 se
3468 5058 3729 5126 scrupulo

2129 5152 2457 5221 permoveri,
2481 5148 2624 5219 quod
2657 5147 2793 5203 nihil
2829 5148 2967 5203 certi
2994 5158 3257 5204 constans
3305 5150 3408 5205 sibi
3461 5154 3728 5221 majorum

2132 5245 2391 5301 memoria
2425 5242 2760 5307 tradidisset.
2785 5240 2918 5298 Cum
2944 5243 3254 5311 aliquandiu
3279 5260 3411 5316 ergo
3436 5261 3465 5300 a
3498 5246 3621 5301 loco
3642 5246 3735 5300 illo

2131 5356 2193 5396 se
2216 5339 2592 5406 abstinuisset,
2623 5353 2720 5393 nec
2743 5338 3016 5409 derogans
3045 5337 3315 5410 religioni,
3345 5342 3466 5407 quia
3491 5341 3733 5395 incertus

2135 5442 2271 5496 erat,
2292 5447 2393 5488 uec
2418 5433 2796 5487 auctoritatem
2827 5448 2982 5486 suam
3009 5432 3168 5500 vulgo
3196 5433 3636 5495 accommodans,
3669 5444 3738 5487 uc

2140 5526 2454 5596 superstitio
2485 5525 2914 5589 convalesceret;
2943 5523 3179 5595 quodam
3223 5524 3312 5578 die
3335 5523 3521 5593 paucis
3550 5536 3735 5579 secum

2142 5618 2404 5675 adhibitis
2446 5618 2707 5675 fratribus
2737 5617 2803 5673 ad
2855 5618 3033 5673 locum
3069 5619 3265 5687 pergit.
3312 5616 3516 5669 Deinde
3574 5631 3739 5686 super

2143 5710 2450 5779 sepulcrum
2476 5711 2655 5779 ipsum
2684 5719 2871 5764 astans
2895 5709 3065 5764 oravit
3099 5707 3168 5761 ad
3188 5705 3497 5775 Dominum,
3532 5719 3587 5764 ut
3621 5712 3742 5777 quis

2145 5813 2310 5870 esset,
2356 5803 2439 5860 vel
2468 5803 2624 5873 cujus
2672 5802 2852 5859 meriti
2904 5800 3171 5870 sepultus,
3214 5798 3552 5859 ostenderet.
3605 5803 3745 5861 Tum
