4200 6180
502 242 601 300 167

1847 236 2137 301 SULPICII
2175 237 2429 298 SEVERI

3696 234 3800 295 I68

495 353 1687 429 conversusadirevamviditpmpeassistere
1708 354 1957 411 umbram
1983 353 2327 417 sor-Acum
2379 354 2588 427 ingenti
2638 354 2839 427 gaudio
2885 352 3185 426 laetitiaque
3237 364 3538 429 cmperunt.
3596 354 3800 413 Aderat

494 445 701 518 didam,
758 460 985 506 trucem.
1066 452 1321 523 Imperat,
1368 466 1570 507 nomen
1620 451 1983 521 meritumque
2035 458 2094 505 ut

493 540 832 614 loqueretur.
876 543 1087 600 Nomen
1137 544 1324 612 edicit,
1366 544 1437 601 de
1490 542 1722 600 crimine
1760 543 2089 600 confitetur:

493 632 765 691 latronem
801 650 861 691 se
887 634 1079 702 fuisse,
1112 634 1183 692 ob
1208 637 1417 693 scelera
1453 652 1794 708 percussum,
1834 636 1974 707 vulgi
2008 651 2096 691 er-

496 744 621 785 rore
660 729 1036 796 celebratum;
1092 730 1197 787 sibi
1245 731 1380 786 nihil
1420 746 1543 787 cum
1590 731 1923 803 martyribus
1971 745 2095 787 esse

495 834 808 887 commune,
837 836 962 877 cum
1022 821 1148 877 illos
1177 822 1374 893 gloria,
1406 837 1465 879 se
1495 838 1652 894 paena
1682 822 1969 879 retineret.
2000 821 2098 877 Mi—

493 928 613 968 rum
640 913 691 967 in
718 912 940 969 modum
973 928 1167 970 vocem
1200 915 1478 987 loquentis
1512 916 1605 987 qui
1648 914 1877 972 aderant
1909 917 2096 973 audie-

416 1009 431 1019 ”
493 1003 643 1072 bant,
677 1020 967 1075 personam
1002 1016 1181 1063 tamen
1209 1022 1317 1063 non
1352 1006 1634 1064 videbant.
1662 1006 1801 1063 Tum
1830 1006 2095 1065 Martinus

490 1099 618 1170 quid
652 1100 884 1158 vidisset
906 1100 1193 1173 'exposuit,
1223 1102 1495 1172 iussitque
1531 1118 1599 1157 ex
1628 1116 1695 1156 eo
1721 1102 1842 1157 loco
1894 1100 2094 1167 altare,

493 1194 637 1265 quod
667 1194 739 1250 ibi
755 1193 952 1263 fuerat,
976 1195 1320 1252 submoveri:
1346 1205 1511 1266 atque
1529 1197 1600 1251 ita
1621 1195 1881 1267 populum
1903 1209 2097 1265 super-

494 1288 734 1345 stitionis
762 1288 905 1345 illius
948 1288 1181 1345 absolvit
1209 1304 1419 1346 errore.

565 1380 677 1438 XII.
720 1381 932 1439 Accidit
956 1392 1141 1438 autem
1174 1382 1482 1455 insequenti
1528 1389 1798 1453 tempore,
1831 1380 1961 1436 dum
1992 1379 2097 1435 iter

492 1485 699 1550 ageret,
725 1486 784 1532 ut
803 1477 1020 1548 gentilis
1060 1476 1342 1548 cujusdam
1369 1490 1586 1547 corpus,
1636 1474 1780 1546 quod
1805 1473 1872 1530 ad
1914 1472 2097 1545 sepul-

492 1584 644 1627 crum
677 1585 799 1626 cum
830 1571 1217 1642 superstitioso
1244 1570 1436 1626 funere
1467 1568 1843 1634 deferebatur,
1871 1566 2092 1623 obvium

486 1661 743 1720 haberet:
770 1664 1228 1736 conspicalusque
1240 1664 1457 1719 eminus
1481 1662 1820 1719 venientium
1850 1663 2090 1727 turbam,

2197 448 2413 503 eminus
2443 448 2599 505 turba
2650 448 2992 505 mirantium.
3047 447 3280 519 Jamque
3309 448 3568 516 paulatim
3610 458 3800 507 nutare

2198 541 2375 611 pinus,
2407 550 2462 598 et
2491 542 2704 598 ruinam
2756 558 2912 598 suam
2954 557 3152 597 casura
3209 542 3473 598 minitari.
3520 541 3801 599 Pallebant

2196 637 2409 711 eminus
2437 636 2719 705 monachi,
2760 646 2817 693 et
2842 636 3096 708 periculo
3131 636 3243 707 jam
3276 638 3535 708 propiore
3582 647 3801 694 conter-

2197 728 2311 796 riti,
2329 744 2480 800 spem
2508 743 2727 785 omnem
2756 728 3029 801 fidemque
3052 728 3431 800 perdiderant,
3457 729 3629 785 solam
3659 728 3801 786 Mar-

2197 821 2294 876 tini
2324 832 2552 877 mortem
2568 831 2971 893 exspectantes.
3000 822 3177 878 Atille
3195 821 3435 878 conlisus
3464 822 3516 877 iu
3541 822 3797 890 Domino,

2198 916 2502 987 intrepidus
2529 917 2844 988 opperiens,
2886 932 3008 973 cum
3046 917 3157 986 jam
3187 916 3461 987 fragorem
3508 918 3591 973 sui
3637 918 3800 988 pinus

2197 1010 2492 1065 concidens
2549 1010 2836 1077 edidisset,
2873 1009 2985 1081 jam
3058 1009 3321 1072 cadenti,
3362 1008 3473 1079 jam
3532 1024 3696 1079 super
3736 1025 3798 1067 se

2198 1103 2376 1157 ruenti
2407 1102 2619 1159 elevata
2647 1100 2865 1157 obviam
2895 1118 3055 1157 manu
3088 1101 3300 1173 signum
3324 1100 3519 1157 salutis
3541 1101 3794 1173 opponit:

2198 1204 2309 1251 tum
2330 1211 2465 1252 vero
2487 1196 2507 1267 (
2530 1195 2759 1252 turbinis
2788 1195 2950 1251 modo
2976 1204 3308 1252 retroactam
3336 1197 3597 1267 putares)
3620 1196 3797 1253 diver-

2198 1306 2312 1346 sam
2363 1292 2415 1347 in
2472 1300 2677 1362 partem
2722 1291 2859 1346 ruit:
2889 1290 3030 1346 adeo
3087 1299 3142 1344 ut
3188 1291 3447 1356 rusticos,
3474 1291 3565 1362 qui
3596 1300 3709 1346 toto
3742 1292 3796 1347 iu

2200 1387 2319 1442 loco
2354 1394 2649 1452 steterant,
2685 1401 2821 1456 pene
2854 1385 3234 1456 prostraverit.
3266 1385 3403 1440 Tum
3447 1400 3576 1441 vero
3603 1386 3654 1441 in
3685 1401 3796 1443 ca:—

2195 1482 2306 1536 Ium
2353 1480 2593 1537 clamore
2645 1481 2882 1544 sublato,
2945 1480 3179 1552 gentiles
3226 1490 3451 1551 stupere
3500 1480 3791 1545 miraculo;

2197 1573 2445 1628 monachi
2476 1573 2610 1628 flere
2655 1588 2767 1644 prae
2817 1572 3047 1642 gaudio;
3078 1570 3282 1629 Christi
3328 1586 3523 1627 nomen
3555 1572 3607 1629 in
3646 1587 3796 1628 com-

2198 1684 2361 1723 mune
2403 1667 2473 1724 ab
2498 1668 2752 1723 omnibus
2782 1667 3087 1738 praedicari.
3130 1666 3383 1737 Satisque
3422 1667 3687 1731 constitit,
3728 1682 3795 1723 eo

486 1756 746 1829 quidnam
775 1756 829 1813 id
860 1767 1007 1816 esset
1030 1759 1269 1829 ignarus,
1303 1756 1584 1828 paululum
1612 1756 1794 1811 stetit:
1822 1769 1946 1810 nam
1979 1752 2093 1809 fere
2121 1752 2169 1814 B
2196 1760 2284 1817 die
2316 1761 2547 1817 salutem
2598 1761 2677 1817 illi
2728 1760 2950 1817 venisse
2977 1760 3219 1833 regioni:
3246 1776 3369 1816 nam
3396 1776 3556 1817 nemo
3584 1762 3697 1817 fere
3727 1777 3794 1818 ex

488 1850 911 1923 quingentorum
942 1866 1197 1923 passuum
1230 1850 1578 1906 intervallum
1609 1858 1748 1917 erat,
1779 1857 1839 1904 ut
1869 1846 2091 1903 difﬁcile

422 1968 425 1973 ί
489 1944 652 2001 fuerit
677 1945 1000 2015 dignoscere
1024 1943 1154 2016 quid
1180 1943 1411 2001 videret.
1442 1942 1645 1999 Tamen
1676 1942 1804 2013 quia
1832 1941 2091 1996 rusticam

490 2054 714 2097 manum
746 2047 1019 2106 cerneret,
1061 2048 1117 2094 et
1164 2048 1360 2109 agente
1389 2038 1562 2093 'vento
1602 2035 1917 2091 linteamina
1969 2050 2091 2090 cor-

488 2132 606 2203 pori
648 2132 953 2203 superjecta
1013 2132 1331 2199 volitarent,
1387 2130 1645 2203 profanos
1692 2128 2089 2185 sacrificiorum

488 2223 628 2280 ritus
647 2226 732 2296 agi
757 2224 1027 2282 credidit:
1069 2225 1198 2296 quia
1228 2234 1376 2281 esset
1411 2223 1528 2280 haec
1566 2223 1845 2280 Gallorum
1875 2220 2092 2278 rusticis

488 2316 854 2383 consuetudo,
895 2318 1186 2373 simulacra
1218 2316 1531 2373 daemonum
1562 2315 1799 2371 candido
1830 2324 1971 2371 tecta
1994 2328 2089 2370 ve-

486 2409 694 2466 lamine
712 2410 914 2469 misera
946 2425 1043 2482 per
1072 2426 1234 2482 agros
1261 2426 1392 2466 suos
1409 2410 1770 2467 circumferre
1787 2408 2087 2465 dementia.

486 2503 712 2561 Elevato
729 2520 864 2578 ergo
895 2505 950 2561 in
972 2506 1236 2562 adversos
1260 2505 1631 2577 signocrucis,
1664 2505 1897 2575 imperat
1918 2504 2091 2558 turba:

486 2611 597 2655 non
629 2598 838 2655 moveri
873 2600 1017 2667 loco,
1047 2614 1297 2669 onusque
1322 2598 1622 2668 deponere.
1666 2596 1766 2651 llic
1818 2610 1950 2650 vero
1990 2595 2092 2649 mi-

488 2707 609 2747 rum
636 2692 689 2749 in
725 2691 943 2749 modum
984 2693 1205 2749 videres
1228 2692 1468 2748 miseros
1502 2691 1734 2761 primum
1782 2689 1932 2744 velut
1960 2701 2089 2743 saxa

486 2786 756 2860 riguisse:
785 2788 934 2855 dein,
961 2803 1084 2845 cum
1118 2800 1445 2859 promovere
1471 2799 1533 2841 se
1558 2799 1776 2841 summo
1801 2782 2091 2839 conamine

484 2882 815 2951 niterentur,
860 2881 999 2937 ultra
1026 2880 1290 2936 accedere
1341 2895 1449 2933 non
1492 2877 1769 2943 valentes,
1802 2874 2089 2931 ridiculam

487 2975 542 3032 in
594 2978 915 3049 vertiginem
963 2976 1308 3043 rotabautur,
1366 2975 1543 3029 donec
1606 2973 1786 3038 victi,
1843 2970 2090 3041 corporis

484 3084 625 3126 onus
647 3080 876 3141 ponunt.
906 3068 1141 3125 Attoniti
1168 3078 1223 3124 et
1248 3076 1423 3123 semet
1450 3066 1685 3121 invicem
1715 3073 2083 3135 aspectantes,

2196 1853 2421 1909 immani
2452 1854 2543 1909 illa
2583 1854 2931 1909 multitudine
2952 1854 3238 1926 gentilium
3270 1854 3391 1920 fuit,
3426 1855 3515 1924 qui
3562 1871 3668 1910 non
3693 1854 3794 1910 im-

2196 1948 2466 2019 positione
2504 1964 2698 2004 manus
2736 1949 3071 2017 desiderata,
3116 1948 3408 2004 Dominum
3452 1947 3656 2015 Iesum,
3707 1964 3796 2005 re-

2197 2042 2327 2098 licto
2356 2042 2654 2113 impietatis
2676 2057 2885 2106 errore,
2916 2041 3231 2098 crediderit.
3266 2043 3333 2098 Et
3354 2058 3481 2098 vere
3504 2052 3628 2098 ante
3653 2042 3796 2098 Mar-

2197 2135 2368 2190 tinum
2423 2135 2579 2204 pauci
2636 2134 2950 2199 admodum,
2998 2134 3164 2190 immo
3215 2150 3352 2203 pene
3401 2134 3533 2189 nulli
3581 2133 3635 2189 in
3686 2134 3796 2189 illis

2196 2227 2515 2299 regionibus
2556 2226 2756 2284 Christi
2801 2243 3001 2283 nomen
3063 2237 3414 2298 receperant:
3460 2227 3603 2297 quod
3656 2227 3793 2283 adeo

2197 2319 2487 2376 virtutibus
2517 2320 2666 2377 illius
2713 2322 3079 2392 exemp'oque
3117 2321 3415 2383 convaluit,
3465 2330 3524 2375 ut
3557 2321 3670 2389 jam
3720 2320 3793 2375 ibi

2198 2414 2381 2469 nullus
2430 2413 2586 2469 locus
2631 2413 2726 2479 sit,
2779 2415 2875 2486 qui
2908 2429 3014 2470 non
3050 2423 3147 2470 aut
3175 2415 3422 2471 ecclesiis
3472 2413 3794 2486 frequentis-
3884 2422 3887 2423 '

2196 2508 2375 2573 simis,
2413 2516 2506 2563 aut
2533 2508 2883 2564 monasteriis
2913 2509 2987 2564 sit
3032 2508 3297 2579 repletus.
3346 2507 3478 2563 Nam
3529 2507 3619 2562 ubi
3668 2506 3791 2563 fana

2194 2600 2567 2669 destruxerat,
2592 2601 2777 2659 statim
2809 2601 2883 2657 ibi
2912 2612 3005 2657 aut
3031 2602 3297 2658 ecclesias
3321 2609 3414 2657 aut
3463 2600 3789 2657 monasteria

2193 2693 2572 2750 construebat.

2265 2785 2406 2842 XIV.
2447 2786 2557 2843 Nec
2586 2788 2851 2843 minorem
2888 2788 2989 2844 sub
3010 2787 3151 2845 idem
3185 2787 3299 2844 fere
3326 2798 3542 2859 tempus
3593 2788 3787 2845 eodem

2196 2878 2246 2932 in
2277 2892 2442 2947 opere
2482 2880 2738 2935 virtutem
2765 2879 2970 2936 edidit:
3002 2895 3128 2935 nam
3151 2895 3273 2936 cunt
3299 2880 3353 2936 in
3382 2881 3502 2937 vico
3552 2879 3785 2950 quodam

2193 2971 2319 3027 fano
2343 2973 2723 3043 antiquissimo
2751 2984 2807 3029 et
2832 2975 3190 3030 celeberrimo
3228 2975 3406 3045 ignem
3450 2974 3784 3039 immisisset,

2193 3064 2245 3118 in
2294 3065 2596 3136 proximam
2659 3066 2825 3121 immo
2880 3065 3249 3122 adhaerentem
3304 3065 3524 3121 domum
3592 3076 3788 3136 agente

483 3160 742 3232 quidnam
774 3161 880 3217 sibi
909 3161 1225 3227 accidisset,
1251 3158 1745 3229 taciticogitabant.
1768 3156 1875 3213 Sed
1899 3157 2088 3213 beatus
2115 3145 2163 3211 C
2195 3165 2356 3212 vento
2382 3156 2721 3213 flammarum
2755 3158 2903 3230 globi
2939 3159 3275 3215 ferebantur.
3327 3158 3482 3227 Quod
3522 3156 3616 3213 ubi
3649 3158 3788 3212 Mar-

481 3254 565 3309 vir
589 3269 717 3310 cum
761 3253 1153 3324 comperisset,
1182 3253 1569 3323 exsequiarum
1615 3265 1741 3307 esse
1781 3250 1931 3305 illam
1978 3248 2088 3306 frc-

482 3350 763 3419 quentiatn
790 3362 897 3402 non
929 3361 1234 3416 sacrorum,
1266 3346 1477 3403 elevata
1510 3360 1729 3401 rursum
1778 3358 1963 3410 manu,
1991 3341 2087 3397 dat

484 3443 567 3498 eis
592 3441 828 3499 abeundi
871 3451 929 3499 et
960 3442 1183 3498 tollendi
1211 3442 1464 3513 corporis
1492 3450 1839 3513 potestatem.
1879 3440 1957 3495 Ita
1988 3453 2084 3496 eos

480 3543 682 3592 etcum
728 3535 919 3602 voluit,
948 3546 1096 3592 stare
1124 3535 1414 3608 compulit;
1442 3543 1500 3592 et
1546 3550 1670 3591 cum
1710 3534 1891 3601 libuit,
1930 3534 2085 3590 abire

485 3628 757 3700 permisit.

551 3720 693 3778 XIII.
746 3720 881 3779 Item
926 3736 1051 3778 cum
1086 3722 1141 3778 in
1190 3723 1313 3779 vico
1357 3722 1594 3795 quodam
1627 3724 1888 3793 templum
1934 3720 2081 3775 anti-

477 3815 805 3889 quissimum
853 3815 1137 3885 diruisset,
1166 3826 1222 3874 et
1252 3818 1509 3874 arborem
1565 3817 1773 3888 pinum,
1806 3830 1929 3887 quae
1958 3815 2082 3870 fano

477 3919 599 3967 erat
639 3912 916 3982 proxima,
946 3920 1098 3968 esset
1150 3925 1409 3981 agressus
1452 3909 1745 3976 excidere;
1780 3917 1894 3964 tum
1948 3921 2081 3964 vero

474 4003 705 4060 antistes
733 4004 838 4059 loci
864 4003 1031 4072 illius,
1060 4013 1370 4074 cateraque
1402 4004 1689 4074 gentilium
1721 4004 1881 4059 turba
1915 4000 2082 4073 coepit

478 4088 773 4155 obsistere,
819 4095 879 4144 et
897 4104 1023 4145 cum
1052 4088 1218 4145 iidem
1241 4089 1342 4158 illi,
1361 4091 1492 4146 dum
1513 4091 1773 4161 templum
1794 4089 2076 4153 evertitur,

478 4179 783 4253 imperante
804 4180 1036 4237 Domino
1062 4182 1422 4254 quievisseut,
1450 4183 1656 4239 succidi
1686 4182 1936 4238 arborem
1968 4197 2077 4237 non

474 4272 843 4343 patiebantur.
874 4271 970 4330 Ille
994 4288 1093 4331 eos
1132 4274 1326 4331 sedqu
1365 4289 1746 4342 commonere,
1789 4274 1927 4330 nihil
1956 4288 2079 4330 esse

475 4368 757 4441 religionis
789 4369 845 4424 in
866 4368 1088 4439 stipite:
1128 4368 1297 4426 Deum
1327 4369 1530 4441 potius,
1558 4368 1644 4425 cui
1675 4368 1905 4424 serviret
1934 4368 2073 4439 ipse,

474 4474 878 4535 sequerentur:
909 4465 1162 4520 arborem
1213 4463 1382 4536 illam;
1408 4463 1588 4521 excidi
1634 4473 1912 4534 oportere,
1948 4462 2072 4534 quia

474 4567 621 4615 esset
648 4558 887 4615 dremoni
924 4559 1192 4618 dedicata.
1227 4558 1363 4615 Tum
1394 4575 1461 4616 ex
1491 4559 1597 4615 illis
1623 4574 1784 4626 unus,
1812 4560 1905 4631 qui
1953 4564 2075 4614 erat

469 4650 731 4709 audacior
758 4653 1003 4709 caeteris:
1036 4650 1096 4710 Si
1131 4651 1321 4720 habes,
1356 4651 1550 4724 inquit,
1584 4653 1819 4724 aliquam
1860 4653 1931 4708 de
1962 4652 2073 4709 Deo

472 4752 590 4813 tuo,
624 4761 787 4818 quem
815 4745 953 4802 dicis
974 4757 1029 4802 te
1056 4746 1265 4815 colere,
1291 4746 1568 4815 fiduciam,
1600 4748 1917 4819 nosmetipsi
1949 4762 2073 4804 suc-

470 4839 717 4898 cidemus
744 4841 887 4897 hanc
931 4840 1208 4908 arborem,
1244 4851 1300 4897 tu
1327 4852 1580 4897 ruentem
1614 4842 1804 4913 excipe
1833 4859 1849 4897 :
1881 4852 1968 4909 et,
2023 4842 2073 4898 si

472 4941 654 4991 tecum
684 4941 771 4990 est
800 4942 949 5002 tuus,
982 4942 1041 4990 ut
1069 4934 1229 5003 dicis,
1260 4934 1544 5002 Dominus,
1570 4934 1790 4992 evades.
1815 4934 1954 4991 Tum
1983 4935 2073 4993 ille

470 5025 749 5099 intrepide
775 5027 1014 5085 conlisus
1032 5028 1084 5084 in
1103 5028 1357 5097 Domino,
1379 5028 1648 5085 facturum
1668 5044 1728 5085 se
1752 5029 2061 5099 pollicetur.

465 5119 569 5178 Hic
608 5136 739 5178 vero
768 5121 835 5177 ad
862 5121 1167 5179 istiusmodi
1193 5122 1561 5180 conditionem
1590 5122 1770 5178 omnis
1809 5123 1899 5178 illa
1937 5137 2066 5194 gen-

462 5214 641 5272 tilium
691 5215 846 5273 turba
916 5217 1238 5275 consensit:
1297 5215 1623 5289 facilemque
1679 5216 1892 5273 arboris
1953 5231 2066 5273 suae

463 5307 711 5368 habuere
748 5309 1045 5381 jacturam,
1105 5313 1151 5366 si
1198 5310 1475 5366 inimicum
1525 5326 1803 5367 sacrorum
1841 5325 2064 5367 suorum

462 5416 594 5459 casu
621 5402 771 5460 illius
801 5402 1137 5459 obruissent.
1172 5402 1359 5473 Itaque
1401 5416 1523 5458 cum
1554 5418 1719 5459 unam
1750 5402 1805 5458 in
1852 5412 2063 5471 partem

459 5494 622 5567 pinus
652 5495 746 5552 illa
769 5504 918 5552 esset
938 5494 1186 5559 acclinis,
1216 5506 1279 5549 ut.
1307 5510 1413 5550 non
1450 5505 1596 5550 esset
1627 5494 1876 5560 dubium,
1901 5508 2060 5565 quam

454 5589 511 5646 in
542 5599 755 5661 partem
782 5589 992 5645 succisa
1011 5598 1318 5655 corrueret;
1344 5602 1413 5644 eo
1433 5588 1553 5643 loco
1570 5587 1783 5643 vinctus
1804 5587 2062 5643 statuitur
2092 5651 2096 5659 η

458 5694 560 5750 pro
588 5681 821 5739 arbitrio
852 5683 1208 5746 rusticorum,
1241 5698 1352 5752 quo
1374 5680 1627 5737 arborem
1670 5695 1794 5738 esse
1814 5694 2060 5737 casuram

454 5783 619 5828 nemo
662 5772 967 5831 dubi‘abat.
1001 5773 1297 5833 Succidere
1323 5772 1489 5848 igitur
1540 5774 1644 5847 ipsi
1688 5790 1843 5831 suam
1872 5776 2060 5848 pinum

2191 3250 2335 3305 tinus
2360 3250 2620 3317 advertit,
2648 3251 2839 3323 rapido
2877 3268 3044 3307 cursu
3078 3262 3278 3309 tectum
3324 3252 3520 3307 domus
3551 3250 3781 3317 scandit,

2188 3341 2404 3398 obvium
2435 3358 2496 3399 se
2518 3343 2938 3400 advenientibus
2957 3344 3189 3400 flammis
3213 3343 3476 3401 inferens.
3496 3344 3633 3400 Tum
3652 3358 3783 3399 vero

2190 3436 2386 3493 mirum
2427 3438 2480 3493 in
2514 3438 2730 3495 modum
2755 3454 3017 3497 cerneres
3054 3451 3244 3495 contra
3274 3441 3383 3495 vim
3428 3440 3577 3495 venti
3604 3440 3781 3512 ignem

2187 3532 2512 3604 retorqueri,
2541 3542 2597 3588 ut
2627 3534 3104 3605 compugnantium
3138 3532 3281 3588 inter
3306 3548 3366 3589 se
3386 3533 3780 3589 elementorum

2186 3622 2405 3696 quidam
2431 3626 2713 3681 conflictus
2758 3625 3055 3682 videretur.
3104 3624 3181 3681 Ita
3209 3626 3410 3680 virtute
3457 3624 3673 3679 Martini
3708 3624 3783 3679 ibi

2187 3725 2398 3773 tantum
2441 3718 2580 3790 ignis
2626 3728 2711 3775 est
2754 3729 3034 3789 operatus,
3066 3718 3155 3772 ubi
3197 3717 3381 3787 jussus
3426 3726 3530 3770 est.
3559 3715 3617 3770 In
3657 3714 3780 3771 vico

2183 3820 2406 3876 autem,
2457 3811 2542 3867 cui
2596 3811 2894 3881 Leprosum
2961 3824 3159 3888 nomen
3218 3818 3347 3872 est,
3396 3822 3520 3863 cum
3591 3807 3778 3864 itidem

2184 3903 2446 3975 templum
2508 3903 2975 3973 opulentissimum
3034 3902 3428 3972 superstitione
3496 3898 3779 3971 religionis

2179 3994 2443 4051 voluisset
2487 4004 2759 4059 evertere,
2799 3994 2997 4049 restitit
3044 3995 3095 4049 ei
3128 3993 3419 4049 multitudo
3465 3991 3771 4064 gentilium,

2180 4084 2317 4142 adeo
2375 4094 2433 4140 ut
2478 4099 2586 4141 non
2631 4084 2840 4157 absque
2888 4084 3085 4156 injuria
3131 4086 3206 4141 sit
3262 4085 3532 4156 repulsus.
3588 4084 3775 4154 Itaque

2178 4181 2404 4238 secessit
2425 4180 2495 4238 ad
2529 4182 2771 4253 proxima
2804 4181 2947 4245 loca,
2974 4180 3161 4253 ibique
3189 4196 3289 4252 per
3316 4181 3555 4237 triduum
3594 4180 3774 4236 cilicio

2180 4284 2357 4333 tectus
2381 4284 2437 4333 et
2460 4276 2668 4344 cinere,
2694 4276 2951 4348 jejunans
2975 4290 3195 4346 semper
3224 4284 3383 4346 atque
3414 4290 3601 4343 orans,
3648 4290 3774 4345 pre-

2177 4369 2402 4425 cabatur
2430 4385 2459 4424 a
2486 4369 2741 4437 Domino,
2771 4380 2850 4437 ut,
2881 4371 3007 4443 quia
3036 4371 3295 4441 templum
3344 4370 3474 4425 illud
3518 4377 3771 4425 evertere

2177 4460 2412 4518 humana
2442 4478 2634 4522 manus
2678 4478 2786 4519 non
2846 4462 3135 4533 potuisset,
3183 4462 3359 4518 virtus
3408 4461 3538 4517 illud
3587 4460 3770 4516 divina

2099 4536 2438 4613 Ddirueret.
2487 4556 2623 4612 Tum
2662 4556 2843 4613 subito
2888 4556 2937 4613 ei
2968 4556 3077 4611 duo
3126 4555 3305 4627 angeli
3359 4554 3558 4611 hastati
3606 4562 3769 4625 atque

2178 4650 2373 4706 scutati
2394 4650 2568 4705 instar
2586 4648 2792 4706 militia:
2806 4649 3044 4706 caelestis
3061 4664 3119 4705 se
3136 4648 3468 4716 obtulerunt,
3487 4647 3730 4703 dicentes
3752 4664 3766 4702 :

2180 4744 2375 4799 missos
2403 4758 2463 4800 se
2484 4759 2515 4799 a
2540 4742 2793 4811 Domino,
2817 4752 2877 4799 ut
2905 4746 3159 4799 rusticam
3187 4740 3589 4798 multitudinem
3621 4740 3771 4811 fuga-

2178 4845 2323 4901 rent,
2352 4835 2787 4907 pmsidiumque
2816 4834 3049 4891 Martino
3084 4835 3317 4900 ferrent,
3354 4849 3425 4890 ne
3461 4833 3607 4905 quis,
3640 4832 3767 4888 dum

2178 4931 2437 5001 templum
2479 4929 2810 4997 dirueretur,
2862 4928 3187 4985 obsisteret:
3244 4928 3452 4985 rediret
3502 4940 3663 4998 ergo,
3711 4935 3769 4983 et

2172 5041 2312 5097 opus
2359 5034 2600 5097 coeptum
2650 5024 2883 5081 devotus
2940 5024 3213 5095 impleret.
3247 5022 3322 5079 Ita
3354 5037 3641 5094 regressus
3696 5021 3764 5077 ad

2172 5121 2352 5177 vicum
2381 5118 2853 5194 (inspectantibus
2872 5117 3159 5189 gentilium
3197 5116 3373 5171 turbis
3399 5126 3454 5172 et
3474 5117 3764 5188 quiescen-

2170 5214 2335 5282 tibus,
2364 5213 2493 5269 dum
2528 5211 2806 5282 profanam
2834 5210 3008 5266 aedem
3036 5223 3210 5281 usque
3237 5207 3303 5264 ad
3345 5207 3761 5264 fundamentum

2169 5309 2449 5379 dirueret)
2499 5321 2622 5362 aras
2673 5320 2867 5362 omnes
2905 5314 3071 5376 atque
3106 5304 3402 5360 simulacra
3450 5300 3660 5372 redegit
3707 5300 3761 5356 in

2170 5404 2475 5475 pulverem.
2504 5400 2624 5470 Quo
2674 5399 2792 5455 viso
2842 5398 3062 5465 rustici,
3102 5414 3227 5455 cum
3275 5411 3334 5454 se
3389 5396 3763 5467 intelligerent

2165 5495 2354 5551 divino
2402 5504 2540 5551 nutu
2589 5491 3001 5563 obstupefactos
3053 5502 3217 5563 atque
3274 5489 3618 5561 perterritos,
3690 5503 3760 5544 ne

2165 5589 2425 5661 episcopo
2441 5596 2830 5659 repugnarent,
2850 5600 3041 5642 omnes
3064 5584 3178 5642 fere
3191 5585 3245 5641 in
3260 5583 3449 5641 Iesum
3470 5583 3757 5640 Dominum

2164 5682 2542 5748 crediderunt,
2569 5681 2869 5737 clamantes
2902 5678 3079 5748 palam
3106 5687 3158 5733 et
3184 5677 3539 5743 confitentes,
3585 5675 3756 5731 Deum

2162 5776 2384 5833 Martini
2402 5773 2718 5842 colendum,
2745 5771 2885 5829 idola
2910 5768 3262 5845 negligenda,
3285 5786 3409 5842 qua:
3437 5769 3542 5828 sibi
3565 5768 3763 5828 adesse
