4194 6192
376 249 474 308 I69

1409 259 1499 315 ne
1538 259 1699 317 vm
1746 262 1806 316 Β.
1849 263 2136 321 uanum
2178 266 2386 324 LIBER
2426 227 2631 329 usus.

3571 286 3673 341 I70

371 384 476 424 non
502 369 1115 463 possent.—XV.Quid
1130 374 1364 429 etiamin
1385 377 1974 451 pagoZEduoruniges-
2000 388 2048 447 Α
2080 383 2237 439 batur
2264 385 2307 457 ).
2334 386 2580 457 Spondet
2606 389 2768 459 igitur
2796 406 2877 458 se,
2898 392 2940 446 si
2959 392 3025 447 de
3056 408 3225 463 puero
3241 396 3456 453 daemon
3488 399 3684 456 fuisset

372 470 488 517 tum
504 463 602 531 sit,
627 462 881 518 referam.
909 462 1008 520 Ubi
1033 463 1161 520 dum
1188 469 1450 538 templum
1472 470 1656 524 itidem
1679 481 1976 539 everteret,

374 557 861 627 fureiisgentiliuin
887 560 1223 615 rusticorum
1243 563 1433 617 ineum
1463 563 1626 618 irruit
1651 566 1975 633 multitudo;

376 664 615 722 cumque
638 667 777 707 unus
798 652 1064 709 audacior
1092 655 1309 712 caeteris
1330 659 1521 713 stricto
1543 674 1666 713 eum
1690 661 1874 729 gladio
1891 678 1980 731 pe-

379 753 537 811 teret,
555 744 761 815 rejecto
786 746 950 816 pallio
981 746 1181 802 nudam
1201 749 1475 805 cervicem
1510 753 1821 820 percussori
1844 769 1981 822 prte-

379 837 495 893 buit
511 855 523 892 :
542 853 643 893 nec
664 839 1135 896 cunctatusferire
1153 842 1405 912 gentilis;
1429 843 1525 898 sed
1553 860 1674 900 cum
1698 845 1978 901 dexteram

380 930 536 984 altius
550 932 864 995 extulisset,
888 935 1182 1004 resupinus
1210 936 1319 991 ruit
1345 946 1865 1009 :consternatusque
1896 940 1980 993 di-

375 1025 502 1079 vino
517 1028 928 1091 metu,veniam
944 1028 1297 1097 precabatur.
1318 1028 1706 1087 Necdissiniile
1729 1034 1855 1088 huic
1882 1033 1982 1088 fuit

376 1117 540 1171 illud:
601 1134 726 1173 cum
763 1134 886 1174 eum
919 1119 1065 1175 idola
1105 1119 1478 1177 destruentem
1528 1125 1709 1178 cultro
1760 1125 1979 1193 quidam

374 1211 540 1269 ferire
568 1213 855 1281 voluisset,
892 1216 945 1269 in
979 1217 1098 1286 ipso
1148 1217 1258 1271 ictu
1289 1217 1495 1272 ferrum
1536 1218 1584 1271 ei
1608 1219 1676 1274 de
1729 1219 1980 1274 manibus

379 1324 667 1363 excussum
700 1325 807 1363 non
832 1309 1165 1379 comparuit."
1196 1310 1522 1381 Plerumque
1558 1320 1736 1366 autem
1764 1322 1981 1366 contra-

375 1400 688 1455 dicentibus
716 1402 821 1456 sibi
850 1402 1093 1467 rusticis,
1122 1416 1192 1457 ne
1241 1402 1365 1456 fana
1407 1418 1599 1458 eorum
1644 1403 1977 1471 destrueret,

373 1493 445 1550 ita
474 1495 869 1566 praedicatione
889 1504 1076 1551 sancta
1110 1496 1397 1565 gentilium
1430 1499 1643 1551 animos
1671 1498 1977 1568 mitigabat,

378 1597 433 1642 ut
476 1587 593 1642 luce
651 1586 732 1642 eis
760 1589 1008 1643 veritatis
1039 1598 1284 1655 ostensa,
1315 1589 1416 1658 ipsi
1473 1604 1567 1643 sua
1618 1589 1818 1659 templa
1851 1589 1982 1644 sub-

379 1690 680 1736 verterent.

2082 489 2326 545 exactus,
2376 481 2740 537 christianum
2795 485 2931 541 fore.
2991 488 3064 542 lla
3108 488 3370 547 Martinus
3424 492 3679 562 imposita

2081 587 2241 626 manu
2275 590 2469 641 puero,
2499 575 2835 632 immundum
2865 580 2934 634 ab
2974 597 3041 635 eo
3067 583 3315 651 spiritum
3350 585 3539 655 ejecit:
3573 602 3682 657 quo

2082 663 2196 716 viso
2223 662 2513 720 Tetradius
2540 666 2830 722 Dominum
2853 669 3037 725 .lesum
3087 672 3355 739 credidit;
3388 677 3688 745 statimque

2080 755 2504 811 catechuinenus
2525 758 2724 825 faetus,
2757 758 2856 816 ne’c
2888 763 3059 817 multo
3089 775 3209 834 post
3241 766 3547 835 baptizatus
3575 776 3683 835 est,

2082 860 2407 917 semperque
2444 849 2736 905 Martinam
2797 854 2990 909 salutis
3048 872 3161 910 suae
3208 866 3493 914 auctorem
3546 861 3688 916 miro

2081 938 2249 992 eoluit
2274 938 2495 994 affectu.
2531 941 2636 996 Per
2677 942 2817 998 idem
2870 955 3083 1015 tempus
3138 948 3189 1003 in
3244 950 3437 1005 eodem
3484 952 3688 1020 oppido

2082 1029 2363 1099 ingressus
2386 1033 2795 1101 patrisfamilias
2826 1037 3109 1105 cujusdam
3136 1040 3383 1107 domum,
3412 1044 3463 1097 in
3498 1044 3691 1101 limine

2083 1119 2204 1190 ipso
2230 1125 2453 1191 restitit,
2506 1127 2722 1181 dicens:
2769 1128 3033 1185 horribile
3064 1132 3117 1185 in
3150 1136 3291 1188 atrio
3335 1136 3531 1193 donius
3576 1134 3690 1193 die-

2084 1216 2324 1269 monium
2359 1233 2418 1272 se
2447 1220 2650 1275 videre.
2682 1219 2781 1275 Cui
2811 1238 2934 1277 cuin
2957 1235 3011 1277 ut
3032 1225 3343 1283 discederet
3374 1230 3693 1299 imperaret.

2082 1311 2373 1378 quemdam
2414 1329 2444 1367 e
2473 1314 2700 1383 familia,
2732 1320 2823 1385 qui
2876 1321 2929 1373 in
2985 1320 3246 1378 interiore
3304 1335 3460 1394 parte
3492 1329 3691 1383 mdium

2084 1405 2421 1471 morabatur,
2452 1410 2702 1478 arripuit.
2732 1412 2940 1469 Saevire
2985 1415 3244 1471 dentibus
3287 1419 3456 1475 miser
3502 1422 3693 1491 cmpit,

2084 1502 2139 1547 et
2183 1495 2373 1550 obvios
2433 1514 2804 1571 quoscumque
2848 1503 3074 1561 laniare.
3126 1506 3423 1564 Commma
3472 1511 3695 1579 domus,

2082 1585 2291 1641 familia
2320 1589 2556 1655 turbata,
2585 1597 2813 1662 populus
2854 1598 2907 1650 in
2952 1596 3131 1669 fugam
3166 1617 3387 1658 versus.
3430 1604 3701 1664 Martinus

2086 1692 2144 1731 se
2179 1680 2382 1734 furenti
2410 1683 2629 1752 objecit,
2655 1700 2718 1739 ac
2750 1686 2983 1755 primum
3023 1702 3169 1747 stare
3209 1694 3258 1747 ei
3309 1695 3566 1763 imperat;
3600 1697 3699 1752 sed

448 1772 589 1828 XVI.
629 1773 984 1828 Curationum
1039 1787 1173 1829 vero
1223 1783 1331 1828 tam
1362 1782 1558 1843 potens
1609 1774 1661 1827 in
1692 1789 1759 1828 eo
1804 1773 1979 1843 gratia
2011 1787 2060 1846 B
2085 1782 2206 1822 cum
2235 1772 2492 1827 dentibus
2525 1778 2802 1841 fremeret,
2828 1780 3105 1849 hiantiqiie
3128 1799 3224 1837 ore
3249 1800 3493 1841 morsum
3526 1790 3700 1842 mina-

379 1877 518 1933 erat,
548 1876 605 1921 ut
632 1866 816 1921 nullus
842 1865 959 1922 fere
994 1867 1059 1921 ad
1088 1882 1213 1921 eum
1263 1876 1500 1937 aegrotus
1543 1867 1863 1933 accesserit,
1892 1867 1987 1936 qui

381 1977 482 2015 non
514 1962 778 2015 continuo
812 1962 1085 2033 receperit
1113 1961 1434 2015 sanitatem:
1464 1960 1607 2029 quod
1644 1960 1728 2014 vel
1750 1975 1819 2013 ex
1850 1975 1985 2014 cono

379 2053 627 2123 sequenti
655 2053 890 2123 liquebit
922 2053 1198 2122 exemplo.
1233 2052 1489 2107 Treveris
1530 2054 1709 2122 puella
1738 2051 1987 2121 quaedam

381 2146 499 2203 dira
529 2148 797 2219 paralysis
827 2146 1164 2217 aegritudine
1194 2148 1504 2212 tenebatur,
1558 2149 1635 2202 ita
1668 2158 1724 2202 ut
1746 2148 1859 2218 jam
1891 2162 1989 2217 per

384 2239 616 2293 multum
651 2248 861 2309 tempus
906 2239 1059 2294 nullo
1102 2239 1170 2292 ad
1227 2238 1507 2293 humanos
1559 2255 1688 2294 usus
1740 2240 1989 2309 corporis

383 2332 564 2388 ofﬁcio
603 2334 954 2401 fungeretur:
1008 2333 1160 2387 omni
1190 2348 1258 2387 ex
1312 2343 1469 2402 parte
1516 2342 1869 2401 praemortua,
1898 2331 1991 2387 vix

385 2430 533 2484 tenui
593 2430 789 2496 Spiritu
846 2428 1171 2499 palpitabat.
1207 2427 1413 2483 Tristes
1467 2429 1533 2481 ad
1563 2430 1737 2483 solam
1786 2427 1989 2482 funeris

382 2524 846 2591 exspectationem
892 2522 1229 2577 assistebant
1273 2521 1588 2591 pr0pinqui,
1633 2538 1758 2576 cuin
1807 2522 1991 2577 subito

386 2615 665 2669 nuntiatur
719 2614 787 2668 ad
834 2616 1118 2668 civitatem
1182 2612 1331 2666 illam
1387 2614 1611 2668 venisse
1672 2613 1987 2667 Martinum.

387 2707 539 2776 Quod
568 2708 662 2762 ubi
690 2715 848 2777 pater
871 2708 1064 2777 puella:
1094 2707 1381 2774 comperit,
1410 2706 1656 2761 cucurrit
1701 2705 1989 2771 exanimis,

387 2816 493 2871 pro
516 2800 623 2855 ﬁlia
654 2799 1048 2871 rogaturus.Et
1078 2798 1223 2854 forte
1249 2798 1513 2853 Martinus
1548 2800 1660 2868 jam
1689 2798 1991 2853 Ecclesiam

386 2896 561 2951 fuerat
608 2896 913 2965 ingressus.
949 2894 1025 2949 Ibi
1068 2895 1415 2963 inspectante
1463 2894 1665 2963 populo
1703 2893 1996 2960 multisque

388 2988 510 3042 aliis
539 2988 817 3057 episc0pis
872 2988 1274 3057 praesentibus,
1330 2986 1544 3056 ejulans
1592 3002 1761 3042 senex
1813 3002 1993 3057 genua

390 3080 508 3156 ejus
536 3080 888 3148 amplectitur
922 3120 939 3147 ,
963 3080 1185 3135 dicens:
1218 3079 1357 3134 Filia
1382 3095 1499 3134 mea
1527 3081 1760 3134 moritur
1788 3079 1994 3135 misero

2090 1873 2263 1930 retur,
2294 1864 2496 1934 digitos
2534 1869 2583 1921 ei
2628 1870 2892 1925 Martinus
2920 1873 2971 1926 in
3005 1889 3066 1928 os
3119 1876 3336 1931 intulit:
3389 1879 3448 1934 Si
3503 1881 3696 1949 habes,

2088 1958 2286 2025 inquit,
2320 1960 2522 2029 aliquid
2555 1966 2864 2030 potestatis,
2898 1966 2996 2019 hos
3029 1967 3255 2023 devora.
3287 1969 3427 2025 Tum
3455 1988 3606 2039 vero,
3635 1989 3700 2030 ac

2088 2052 2136 2107 si
2156 2052 2397 2106 candens
2428 2053 2629 2107 ferrum
2658 2053 2906 2111 faucibus
2949 2062 3277 2128 accepisset,
3307 2065 3464 2133 l0uge
3494 2066 3698 2121 reduc-

2090 2145 2159 2198 tis
2187 2145 2440 2199 deiitibus
2465 2146 2672 2215 digitos
2717 2148 2859 2203 beati
2896 2151 2995 2205 viri
3026 2153 3233 2209 vitabat
3286 2158 3591 2228 attingere:
3645 2168 3702 2215 et

2089 2252 2212 2291 cum
2242 2237 2429 2307 fugere
2451 2239 2521 2292 de
2547 2239 2781 2295 obsesso
2802 2255 3035 2312 corpore
3067 2248 3243 2314 poenis
3278 2257 3334 2302 et
3363 2250 3699 2305 cruciatibus

2091 2340 2404 2399 cogeretur,
2442 2346 2544 2384 nec
2566 2339 2747 2387 tanien
2779 2335 2933 2389 exire
2962 2335 3009 2389 ei
3057 2352 3151 2405 per
3178 2354 3253 2391 tos
3284 2340 3493 2409 liceret,
3551 2342 3698 2397 foeda

2092 2422 2413 2492 relinquens
2443 2424 2679 2493 vestigia
2713 2424 2867 2479 fluxu
2893 2430 3098 2483 ventris
3120 2442 3342 2499 egestus
3379 2444 3481 2488 est.

2162 2515 2351 2571 XVIII.
2396 2517 2609 2573 Interea
2641 2534 2764 2574 cum
2805 2521 2872 2575 de
2904 2530 3052 2577 motu
3108 2532 3271 2595 atque
3321 2528 3524 2598 impetu
3565 2530 3699 2587 Bar-

2092 2610 2345 2665 barorum
2399 2612 2575 2666 subita
2629 2614 2905 2669 civitatein
2946 2616 3091 2671 fama
3143 2622 3438 2690 turbasset,
3489 2624 3695 2681 daemo—

2093 2702 2307 2757 niacum
2339 2703 2404 2757 ad
2430 2718 2490 2758 se
2512 2705 2762 2761 exhiberi
2798 2708 2949 2776 jubet
2988 2728 3001 2762 :
3038 2712 3273 2781 imperat
3300 2726 3375 2780 ut,
3414 2733 3479 2771 an
3533 2735 3701 2776 verus

2092 2806 2235 2849 esset
2262 2794 2350 2851 hic
2376 2796 2621 2864 nuntius,
2647 2797 2931 2855 fateretur.
2977 2803 3130 2857 Tunc
3164 2807 3450 2863 confessus
3483 2821 3587 2877 est,
3635 2827 3697 2867 se

2095 2887 2287 2943 decem
2312 2890 2585 2945 datmones
2611 2892 2799 2957 fuisse,
2823 2895 2913 2962 qui
2938 2911 3211 2951 rumorem
3238 2900 3383 2955 hunc
3408 2919 3504 2971 per
3528 2920 3703 2974 popu-

2096 2983 2206 3037 lum
2260 2982 2733 3051 disseminassent,
2794 2997 2851 3040 ut
2882 2987 2985 3042 hoc
3036 2991 3231 3046 saltem
3282 3006 3425 3049 metu
3482 3012 3550 3051 ex
3601 2998 3702 3055 illo

2098 3076 2359 3131 Martinus
2405 3078 2603 3146 oppido
2641 3077 2948 3148 fugaretur:
3017 3081 3289 3140 Barbaros
3330 3086 3464 3141 nihil
3521 3090 3702 3146 minus

386 3190 584 3245 genere
617 3176 925 3246 languoris,
989 3183 1045 3230 et
1066 3178 1209 3244 quod
1238 3174 1357 3244 ipsa
1389 3184 1472 3229 est
1497 3184 1671 3229 morte
1691 3173 1990 3239 crudelius,
2020 3177 2065 3239 (ζ
2099 3186 2259 3237 quam
2289 3172 2645 3240 irruptiouem
2674 3173 2936 3242 eogitare.
2968 3175 3041 3229 Ita
3068 3192 3191 3231 cum
3236 3178 3352 3235 haec
3385 3182 3700 3239 immundus

387 3268 505 3323 solo
526 3270 723 3355 spjritu
743 3268 897 3331 vivit,
919 3267 1033 3337 jam
1049 3283 1215 3323 carne
1232 3278 1596 3336 praemortua;
1626 3283 1757 3339 rogo
1787 3276 1848 3322 tit
1870 3283 1990 3323 eam

389 3362 576 3427 adeas,
636 3373 799 3434 atque
847 3362 1175 3428 benedicas,
1202 3362 1421 3418 confido
1452 3364 1596 3418 enim
1630 3363 1776 3434 quod
1808 3378 1903 3432 per
1940 3371 1994 3418 te

392 3455 673 3511 reddenda
704 3454 773 3508 sit
798 3455 1041 3509 sanitati.
1070 3454 1185 3522 Qua
1221 3455 1315 3510 ille
1355 3470 1489 3511 voce
1512 3455 1775 3511 confusus
1805 3456 1996 3511 obstu-

394 3555 539 3620 puit,
566 3557 625 3604 et
642 3549 838 3619 refugit
867 3550 1085 3605 dicens:
1138 3549 1251 3604 Hoc
1279 3565 1391 3603 suae
1433 3563 1545 3603 non
1574 3564 1698 3610 esse
1739 3549 1989 3612 virtutis;

393 3656 586 3697 senem
620 3655 806 3694 errare
826 3640 1060 3710 judicio;
1088 3656 1195 3695 non
1215 3655 1337 3695 esse
1358 3657 1418 3694 se
1441 3640 1688 3710 dignum,
1717 3655 1813 3708 per
1829 3654 1991 3709 quem

392 3733 667 3789 Dominus
694 3733 907 3803 signum
936 3734 1156 3788 virtutis
1184 3733 1521 3789 ostenderet.
1554 3733 1805 3787 Perstare
1831 3732 1995 3786 vehe-

396 3828 633 3882 mentius
656 3827 792 3881 ﬂens
818 3836 1002 3897 pater,
1034 3838 1089 3881 et
1117 3841 1274 3882 orare
1303 3835 1359 3880 ut
1389 3827 1695 3881 exanimem
1719 3824 1991 3878 visitaret.

394 3923 680 3979 Postremo
701 3938 728 3973 a
758 3922 1245 3977 circumstantibus
1266 3921 1542 3991 episcopis
1571 3919 1653 3975 ire
1676 3917 1993 3987 compulsus

399 4016 682 4072 descendit
709 4015 777 4069 ad
804 4014 1028 4069 domum
1058 4014 1273 4084 puellte.
1324 4014 1520 4084 Ingens
1552 4012 1704 4066 turba
1735 4026 1834 4081 pro
1864 4011 1995 4065 fori-

399 4110 502 4164 bus
528 4109 881 4179 cxspectabat
912 4108 1172 4179 quidnam
1204 4109 1297 4161 Dei
1328 4122 1521 4162 servus
1549 4114 1698 4162 esset
1727 4104 1990 4161 facturus.

398 4200 477 4257 Ac
498 4202 756 4272 primum,
779 4216 903 4272 quae
932 4209 1091 4256 erant
1111 4200 1257 4255 illius
1284 4199 1566 4254 familiaria
1598 4202 1653 4254 iu
1682 4198 1996 4254 istiusmodi

399 4298 562 4349 rebus
592 4309 741 4348 arma
778 4335 793 4361 ,
827 4294 949 4348 solo
972 4300 1279 4363 prostratus
1305 4293 1520 4358 oravit;
1563 4293 1762 4348 deinde
1792 4307 1990 4361 tegram

397 4387 621 4441 intuens
650 4387 771 4441 dari
800 4387 902 4441 sibi
928 4387 1108 4441 oleum
1154 4387 1428 4455 postulat;
1461 4383 1605 4455 quod
1651 4398 1773 4439 cuin
1822 4383 1991 4437 bene-

398 4480 655 4542 dixisset,
687 4479 738 4532 in
770 4494 833 4534 os
865 4478 1061 4548 puella:
1117 4478 1224 4532 vim
1255 4478 1429 4533 sancti
1486 4476 1717 4548 liquoris
1767 4478 1985 4545 infudit,

2095 3265 2322 3334 spiritus
2370 3264 2546 3319 media
2570 3266 2623 3318 in
2666 3267 2901 3321 ecclesia
2932 3266 3215 3337 fateretur,
3248 3284 3393 3328 metu
3434 3286 3489 3330 et
3523 3277 3705 3333 turba-

2094 3357 2242 3411 tione
2292 3357 2545 3426 prtesenti
2576 3357 2768 3413 civitas
2822 3359 3053 3415 liberata
3096 3374 3200 3418 est.
3249 3365 3405 3435 Apud
3460 3368 3703 3424 Parisios

2092 3463 2249 3514 vero,
2277 3447 2403 3502 dum
2446 3460 2651 3516 portam
2682 3450 2921 3505 civitatis
2950 3451 3098 3507 illius
3121 3457 3333 3525 magnis
3361 3473 3551 3513 secum
3587 3470 3701 3515 tur-

2092 3539 2175 3594 bis
2220 3540 2476 3594 euntibus
2524 3541 2796 3607 introiret,
2855 3543 3135 3612 leprosum
3189 3550 3496 3605 miserabili
3561 3553 3701 3609 facie

2092 3629 2441 3684 horrentibus
2478 3634 2691 3685 cunctis
2722 3634 3004 3688 osculatus
3051 3647 3136 3690 est
3181 3648 3345 3708 atque
3374 3641 3697 3697 benedixit:

2092 3723 2385 3791 statimque
2432 3724 2577 3775 omni
2620 3722 2763 3776 malo
2804 3725 3155 3793 eiiiuiidatus,
3217 3742 3438 3796 postero
3483 3733 3573 3787 die
3631 3735 3699 3789 ad

2094 3818 2380 3872 ecclesiam
2412 3816 2637 3871 veniens
2669 3817 2863 3870 nitenti
2891 3826 3039 3883 eute,
3075 3823 3279 3890 gratias
3325 3840 3424 3892 pro
3454 3828 3696 3883 sanitate

2093 3926 2255 3980 quam
2287 3900 2587 3979 receperat,
2618 3909 2831 3979 agebat.
2858 3909 2966 3965 Sed
2996 3927 3096 3967 nec
3129 3914 3230 3968 hoc
3257 3920 3696 3984 praetereundum

2095 4013 2202 4065 est,
2230 4001 2372 4072 quod
2408 4000 2637 4055 liiiihrize
2665 4002 3007 4057 vestimentis
3036 4004 3157 4073 ejus
3171 4006 3458 4078 cilicioquc
3481 4013 3702 4067 detrac-

2096 4106 2184 4160 tat,
2216 4096 2438 4171 crebras
2459 4109 2624 4163 super
2651 4094 3053 4151 infirmantibus
3077 4114 3238 4169 egere
3264 4103 3497 4158 virtutes
3522 4122 3536 4159 :
3568 4121 3693 4161 nam

2093 4198 2187 4245 aut
2235 4188 2419 4259 digitis
2471 4188 2714 4257 illigatae,
2747 4198 2840 4242 aut
2886 4191 3031 4246 collo
3087 4193 3273 4248 inditae
3337 4212 3580 4268 μετεωρο
3628 4201 3696 4256 ιιι)

2095 4281 2485 4352 :egrotaiitibus
2514 4282 2733 4335 morbos
2759 4281 3151 4353 eliugavcrunt.

2169 4373 2310 4428 XIX.
2350 4374 2611 4428 Arborius
2636 4384 2841 4441 autem,
2872 4378 2953 4429 vir
2974 4376 3372 4447 praafectorius,
3398 4385 3569 4438 sancti
3599 4386 3697 4439 ad-

2096 4468 2313 4523 modum
2341 4476 2397 4521 et
2426 4467 2601 4521 fidelis
2631 4468 2855 4538 ingenii,
2886 4485 3011 4523 cum
3053 4470 3158 4525 filia
3203 4472 3321 4541 ejus
3350 4479 3694 4545 gravissimis

395 4572 688 4640 suumque
740 4587 849 4624 vox
877 4571 1087 4625 reddim
1118 4579 1222 4625 εει,
1270 4570 1423 4624 Tunc
1475 4572 1733 4639 paulatim
1784 4572 1993 4640 singula
2021 4563 2075 4622 D
2101 4564 2377 4632 quartanis
2407 4559 2654 4615 febribus
2690 4573 2960 4629 ureretur,
2993 4562 3276 4632 epistolam
3316 4567 3529 4624 Martini
3571 4588 3693 4641 qua:

397 4675 649 4719 contactu
674 4665 792 4733 ejus
812 4674 1096 4731 cmperunt
1123 4665 1363 4719 membra
1388 4665 1677 4731 vivisrere,
1697 4665 1875 4721 donec
1902 4668 1996 4720 lir-

395 4759 558 4811 matis
588 4758 889 4825 greSsibus,
922 4757 1120 4825 populo
1149 4766 1312 4823 teste,
1338 4756 1608 4811 surrexit.

470 4850 632 4905 XVII.
679 4851 883 4906 Eodem
913 4862 1165 4920 tempore
1191 4850 1431 4906 Tetratlii
1461 4851 1741 4919 cujusdam
1764 4866 1995 4920 procon-

392 4943 591 4997 suiaris
623 4944 724 4997 viri
751 4958 945 4999 servus
970 4944 1244 4999 daemonio
1265 4952 1550 5012 correptus
1576 4943 1814 4999 dolendo
1842 4945 1994 4999 exitu

390 5037 761 5092 cruciabatur.
814 5036 1054 5105 Rogatus
1102 5052 1232 5107 ergo
1277 5037 1560 5102 Martinus,
1604 5048 1658 5091 ut
1692 5039 1743 5092 ei
1775 5054 1992 5092 manum

390 5127 722 5195 imponeret,
769 5128 962 5183 deduci
1020 5144 1143 5183 eum
1170 5128 1239 5183 ad
1280 5145 1340 5184 se
1378 5130 1554 5199 jubet;
1609 5130 1704 5184 sed
1764 5146 1992 5199 nequam

388 5221 617 5290 spiritus
678 5221 832 5275 nullo
863 5222 1089 5290 proferri
1133 5222 1296 5276 modo
1334 5238 1399 5276 ex
1442 5222 1579 5276 cella
1634 5224 1820 5291 inqua
1876 5233 1997 5276 erat

389 5320 603 5386 potuit:
633 5318 708 5371 ita
742 5319 792 5370 in
821 5318 1180 5371 advenientes
1202 5315 1411 5371 rabidis
1437 5316 1690 5370 dentibus
1712 5316 1992 5370 Saevit-bat.

388 5410 529 5465 Tum
556 5410 848 5466 Tetratlius
864 5411 928 5465 ad
956 5425 1129 5480 genua
1160 5409 1304 5465 beati
1336 5406 1439 5463 viri
1475 5408 1782 5462 advolvitur
1807 5424 1989 5472 orans,

387 5517 453 5558 ut
490 5506 556 5559 ad
584 5506 835 5571 domum,
870 5505 922 5558 in
964 5520 1066 5574 qua
1105 5485 1477 5557 daemoniactts
1512 5502 1832 5566 habebatur,
1875 5503 1992 5567 ipse

385 5596 773 5655 descenderet.
805 5597 940 5652 Tum
971 5612 1106 5651 vero
1144 5595 1405 5650 Martinus
1437 5610 1657 5663 negare.
1690 5609 1748 5648 se
1780 5592 1990 5664 profani

286 5746 293 5750 .
384 5701 453 5746 et
479 5692 698 5762 gentilis
752 5690 976 5745 domum
1020 5689 1173 5744 adire
1211 5702 1371 5759 posse
1399 5688 1417 5756 (
1446 5703 1566 5740 nam
1598 5684 1883 5739 Tetradius
1928 5700 1993 5740 eo

384 5795 641 5855 tempore
671 5783 849 5839 adhuc
892 5782 1216 5854 gentilitatis
1267 5795 1455 5837 errore
1502 5778 1796 5849 implicitus
1849 5788 1997 5835 tene-

678 5881 962 5943 PATBOL.
1013 5877 1160 5939 XX.

2094 4669 2223 4711 casu
2264 4654 2329 4708 ad
2364 4669 2487 4708 eum
2528 4655 2706 4709 delata
2743 4655 2937 4717 fuerat.
2986 4657 3195 4725 pectori
3237 4661 3431 4728 puella:
3475 4666 3528 4716 in
3576 4666 3694 4733 ipso

2096 4762 2322 4801 accessu
2350 4744 2833 4808 ardorisinseruit,
2865 4748 3157 4817 statimque
3180 4752 3354 4819 fugata
3388 4752 3552 4807 febris
3583 4766 3695 4813 est.

2096 4839 2226 4907 Qum
2256 4854 2342 4893 res
2370 4838 2509 4905 apud
2542 4838 2832 4892 Arhorium
2868 4840 2919 4894 in
2951 4849 3158 4896 tantum
3190 4845 3375 4912 valuit,
3412 4856 3469 4900 ut
3505 4851 3689 4906 statim

2099 4932 2330 5001 puellam
2363 4930 2471 4985 Deo
2504 4932 2730 4994 voverit,
2762 4941 2816 4985 et
2843 4943 3117 5001 perpetuae
3140 4936 3434 5005 virginitati
3464 4941 3690 5009 dicarit;

2098 5024 2481 5095 profectusque
2508 5026 2573 5077 ad
2601 5024 2910 5090 Martinam,
2944 5028 3176 5096 puellam
3209 5033 3281 5097 ei,
3317 5048 3557 5101 pra‘scns
3587 5038 3695 5093 vir-

2099 5132 2271 5174 tutum
2314 5118 2432 5188 ejus
2472 5120 2866 5180 testiinonium.
2916 5137 3036 5191 qua:
3089 5138 3186 5191 per
3234 5126 3519 5184 absentem
3565 5132 3696 5188 licet

2095 5224 2280 5268 curata
2310 5223 2474 5277 essm,
2500 5213 2718 5277 obtulit,
2740 5230 2917 5284 neque
2940 5217 3007 5272 ab
3034 5217 3142 5272 alio
3167 5234 3285 5273 caiu
3313 5237 3473 5291 quam
3495 5241 3523 5277 a
3548 5226 3691 5279 Mar-

2098 5308 2231 5371 tiiio,
2267 5307 2450 5359 habitu
2484 5308 2807 5376 virginitatis
2850 5310 3123 5377 imposito,
3163 5327 3355 5379 passus
3380 5326 3462 5369 est
3498 5334 3693 5373 conse-

2094 5403 2257 5454 cral‘i.
2291 5400 2547 5453 Paulinus
2584 5417 2731 5458 veri).
2765 5404 2845 5454 vir
2879 5404 3054 5468 iiiagtii
3090 5407 3434 5475 postmodum
3481 5410 3693 5465 futurus

2090 5490 2348 5560 exempli,
2389 5507 2509 5545 cum
2550 5492 2767 5547 oculum
2813 5495 3050 5563 graviter
3087 5498 3275 5552 dolere
3317 5504 3588 5568 caspiSset,
3635 5512 3693 5557 et

2089 5587 2197 5655 jaiii
2233 5588 2488 5655 pupillam
2518 5587 2637 5655 ejus
2676 5591 2914 5643 crassior
2954 5593 3125 5646 nubes
3163 5595 3488 5661 superducta
3524 5597 3692 5651 texis~

2093 5688 2193 5745 set,
2227 5677 2504 5733 oculunici
2538 5679 2800 5732 Martinus
2825 5683 3077 5749 peniculo
3100 5684 3345 5751 coiitigit,
3377 5684 3689 5752 pristinam-

2094 5793 2199 5848 que
2222 5779 2273 5833 ei
2303 5777 2596 5832 sanitatem
2622 5777 2841 5833 sublato
2872 5778 3017 5832 omni
3056 5778 3244 5832 dolore
3276 5780 3537 5835 restituit.
3567 5784 3687 5855 Ipse

3078 5868 3116 5928 6
