4200 6180
475 235 577 310 t'tt

1842 213 2135 278 SULPlGll
2169 212 2423 276 SEVERI

3675 213 3778 271 I73

475 357 657 412 autem
689 361 816 410 cum
847 360 977 406 casu
1011 343 1247 416 quodam
1278 347 1427 398 esset
1453 337 1520 394 de
1549 333 1830 394 caenaculo
1854 333 2074 398 devolu-
2105 332 2160 393 Α
2185 331 2426 388 tinianus
2447 330 2500 386 in
2524 329 2702 400 fugam
2728 342 2920 386 versus
2939 340 3058 386 est:
3081 326 3280 386 deinde
3304 337 3424 400 post
3447 343 3648 385 annum
3667 331 3776 387 fere

479 451 588 508 tus,
617 448 671 508 et
701 456 797 514 per
823 437 1174 506 confragosos
1203 433 1366 490 scala:
1395 429 1594 501 gradus
1619 428 1905 494 decidens,
1936 427 2074 482 mul-

478 536 548 594 tis
591 532 912 594 vulneribus
952 537 1102 592 esset
1128 525 1373 593 allectus,
1418 538 1543 586 cum
1578 523 1843 580 exanimis
1870 521 2077 592 jaceret

478 627 534 684 in
562 626 778 691 cellula,
802 633 858 678 et
894 620 1202 684 immodicis
1229 617 1510 678 doloribus
1531 617 1890 682 cruciaretur,
1918 623 2076 670 nocte

476 719 525 776 ei
554 718 781 788 angelus
813 715 960 770 visus
990 722 1075 770 est
1121 713 1308 770 eluere
1347 712 1594 777 vulnere,
1635 717 1690 768 et
1727 709 1931 766 salubri
1979 724 2076 764 un-

475 811 636 886 guine
659 808 872 868 Cuntusi
897 807 1144 875 corporis
1170 805 1418 868 membra
1443 804 1793 874 contingere:
1819 813 1985 874 atque
2005 803 2076 857 ita

478 913 699 977 postero
729 900 818 964 die
844 901 1130 958 restitutus
1155 910 1240 956 est
1274 899 1515 962 sanitati,
1558 907 1616 957 ut
1644 897 1780 953 nihil
1820 912 2074 967 umquam

477 995 769 1070 pertulisse
794 994 1125 1056 incommodi
1152 1003 1460 1064 putaretur.
1485 992 1592 1050 Sed
1614 993 1737 1061 quia
1757 992 1977 1062 longum
1993 1000 2077 1050 est

476 1089 555 1144 ire
593 1103 688 1155 per
729 1087 966 1157 singula,
1007 1086 1285 1144 sufﬁciant
1324 1087 1440 1141 tunc
1474 1085 1563 1141 vel
1602 1100 1770 1155 pauca
1797 1084 1868 1140 de
1912 1085 2077 1154 pluri-

477 1181 580 1236 mis
606 1199 619 1235 :
650 1180 898 1252 satisque
925 1181 995 1236 sit
1024 1195 1124 1246 nos
1155 1190 1205 1237 et
1236 1180 1289 1240 in
1312 1179 1710 1237 excellentibus
1731 1193 1839 1234 non
1862 1179 2076 1234 subtra-

475 1273 607 1334 here
639 1276 951 1341 veritatem,
983 1282 1037 1330 et
1065 1274 1120 1338 in
1150 1274 1337 1338 multis
1358 1274 1527 1338 vitare
1549 1273 1843 1338 fastidium.

544 1367 666 1426 XX.
685 1367 864 1442 Atque
890 1375 950 1422 ut
981 1366 1189 1428 minora
1219 1367 1382 1428 tantis
1417 1367 1655 1424 inseram
1699 1365 1989 1437 (quamvis,
2017 1375 2076 1421 ut

475 1469 559 1535 est
600 1469 915 1524 nostrorum
959 1468 1092 1520 aetas
1125 1468 1460 1528 temporum,
1503 1458 1702 1528 quibus
1725 1459 1835 1530 jam
1883 1459 2078 1529 depra-

474 1563 594 1626 vata
625 1553 812 1618 omnia
860 1559 1022 1623 atque
1049 1561 1305 1621 corrupta
1359 1559 1506 1617 sunt,
1557 1566 1698 1623 pene
1744 1550 2074 1620 prmcipuum

477 1646 567 1719 sit,
601 1644 897 1700 adulationi
933 1644 1098 1714 regiae
1129 1643 1523 1702 sacerdotalem
1552 1657 1660 1698 non
1688 1644 1921 1698 cessisse
1947 1659 2076 1698 con-

2181 424 2476 488 resumptis
2499 422 2725 488 viribus,
2758 432 2975 494 captum
3007 421 3147 478 intra
3171 421 3436 493 Aquileiae
3454 438 3643 478 muros
3669 423 3779 479 Ma-

2179 515 2384 572 ximum
2413 514 2708 571 interfecit.

2249 607 2392 665 XXI.
2435 609 2660 666 Constat
2688 618 2870 664 autent
2898 608 3059 664 etiam
3089 607 3314 680 angelos
3345 610 3414 666 ab
3443 625 3509 665 eo
3540 611 3781 680 plerum-

2180 717 2285 773 que
2306 704 2472 770 visos,
2497 703 2570 758 ita
2592 711 2648 758 ut
2673 713 2929 758 conserto
2948 703 3182 760 invicem
3214 704 3358 772 apud
3379 719 3503 760 eum
3526 720 3781 762 sermone

2178 795 2535 867 loquerentur
2571 817 2584 854 :
2632 797 2915 853 diabolum
2955 813 3086 854 vero
3116 807 3223 852 tam
3265 798 3694 869 conspicabilem
3725 811 3782 856 et

2177 889 2482 956 subjectum
2505 889 2679 945 oculis
2704 889 2972 956 habebat,
2999 900 3055 944 ut
3076 891 3194 946 sive
3225 906 3285 946 se
3316 891 3369 945 in
3402 891 3616 961 propria
3650 893 3780 949 sub-

2178 985 2381 1040 stantia
2410 985 2740 1050 contineret,
2793 985 2908 1040 sive
2936 984 2988 1038 in
3015 983 3264 1040 diversas
3296 986 3494 1056 llguras
3521 986 3779 1056 spiritua-

2179 1074 2247 1132 lis
2268 1077 2522 1145 nequitiae
2551 1076 2932 1141 transtulisset,
2965 1077 3207 1147 qualibet
3233 1077 3302 1131 ab
3330 1091 3396 1131 eo
3419 1077 3520 1134 sub
3544 1079 3781 1148 imagine

2178 1168 2477 1234 videretur,
2517 1169 2661 1239 quod
2691 1185 2812 1225 cum
2838 1169 3084 1226 diabolus
3132 1171 3298 1226 sciret
3326 1187 3388 1226 se
3407 1174 3648 1242 ellugere
3671 1190 3778 1228 non

2181 1275 2364 1331 posse,
2391 1262 2651 1317 conviciis
2682 1263 3051 1333 eumurgebat
3073 1263 3409 1336 frequenter,
3433 1267 3561 1336 quia
3594 1267 3781 1324 fallere

2181 1370 2286 1414 non
2329 1367 2514 1425 posset
2561 1355 2793 1412 insidiis.
2835 1356 3083 1425 Quodam
3114 1369 3296 1414 autem
3337 1370 3582 1431 tempore
3607 1378 3778 1419 cornu

2179 1449 2335 1506 bovis
2360 1459 2644 1506 cruentum
2677 1451 2729 1506 in
2758 1465 2920 1506 manu
2947 1459 3144 1506 tenens
3171 1468 3296 1507 cum
3324 1453 3528 1524 ingenti
3557 1455 3777 1512 fremitu

2180 1542 2426 1598 cellulam
2454 1542 2571 1613 ejus
2601 1543 2820 1613 irrupit,
2844 1553 3237 1615 cruentamque
3265 1554 3550 1602 ostentans
3589 1546 3782 1605 dexte-

2182 1650 2319 1698 ram,
2351 1646 2404 1689 et
2426 1635 2664 1691 admisso
2691 1651 2883 1692 recens
2906 1636 3116 1691 scelere
3144 1638 3516 1707 congaudens,
3540 1637 3642 1694 Ubi
3673 1650 3777 1709 est,

473 1734 757 1808 stantiam)
788 1753 803 1789 :
836 1750 960 1800 cum
990 1735 1058 1790 ad
1093 1736 1492 1806 imperatorem
1523 1735 1846 1799 Maximum,
1875 1734 2074 1790 ferocis
2104 1721 2152 1796 Β
2183 1729 2377 1795 inquit,
2420 1729 2671 1796 Martine,
2705 1731 2882 1785 virtus
2905 1731 3030 1786 tua?
3060 1746 3224 1785 unum
3267 1730 3338 1786 de
3368 1733 3472 1786 tuis
3501 1733 3663 1790 modo
3693 1734 3781 1788 in-

475 1831 672 1904 ingenji
704 1832 881 1892 virum
914 1840 969 1885 et
1011 1829 1283 1890 bellorum
1308 1829 1550 1886 civilium
1583 1828 1809 1883 victoria
1845 1829 2070 1893 elatum,

475 1924 659 2004 plures
685 1938 752 1990 et
783 1921 1021 1982 diversis
1055 1921 1298 1990 partibus
1328 1919 1571 1989 episcopi
1592 1919 1996 1986 convenissent,
2019 1929 2076 1975 et

476 2017 620 2086 [teda
652 2018 797 2086 circa
844 2015 1145 2086 principem
1187 2015 1430 2074 omnium
1477 2013 1718 2069 adulatio
1767 2020 2072 2079 notaretur,

477 2126 644 2182 seque
665 2109 924 2181 degeneri
957 2110 1319 2164 inconstantia
1341 2107 1508 2178 regize
1527 2105 1798 2164 clientelae
1819 2105 2077 2161 sacerdo-

479 2204 604 2264 talis
632 2203 870 2273 dignitas
896 2200 1270 2267 subdidisset,
1301 2200 1358 2258 in
1377 2199 1497 2256 solo
1523 2198 1756 2254 Ilartino
1777 2198 2075 2268 apostolica

475 2297 777 2356 auctoritas
806 2293 1193 2364 permanebat;
1217 2307 1340 2348 nam
1369 2300 1424 2348 et
1452 2292 1496 2348 si
1530 2306 1627 2359 pro
1654 2291 1930 2360 aliquibus
1948 2306 2073 2360 sup-

475 2386 788 2456 plicandum
818 2387 932 2455 regi
953 2383 1073 2447 fuit,
1110 2384 1409 2454 imperavit
1433 2381 1616 2452 pmius
1639 2398 1801 2452 quam
1821 2383 2034 2453 rogavit
2059 2399 2074 2435 :

476 2489 532 2547 et
566 2493 599 2550 Ἀ
635 2477 887 2542 convivio
921 2477 1040 2546 ejus
1071 2475 1386 2544 frequenter
1418 2482 1640 2544 rogatus
1667 2473 1950 2538 abstinuit,
1994 2472 2077 2527 di-

475 2585 626 2636 cens,
659 2586 718 2632 se
749 2585 952 2634 mensa:
973 2570 1094 2638 ejus
1132 2566 1451 2638 participem
1483 2579 1606 2622 esse
1635 2581 1742 2623 non
1775 2580 1955 2636 posse,
1985 2565 2077 2634 qui

477 2663 616 2731 duos
643 2664 1026 2734 imperatores,
1055 2678 1221 2728 unum
1266 2675 1456 2730 regno,
1499 2658 1732 2714 alterum
1764 2659 1874 2713 vita
1901 2672 2075 2728 expu-

477 2755 652 2822 lisset.
678 2757 986 2822 Postremo,
1012 2771 1134 2810 cum
1167 2754 1433 2817 Maximus
1454 2769 1512 2809 se
1541 2769 1652 2810 non
1673 2760 1870 2822 sponte
1895 2765 2080 2821 sump-

476 2851 616 2910 sisse
645 2849 934 2922 imperium
967 2848 1288 2916 afﬁrmaret,
1321 2845 1416 2902 sed
1452 2846 1758 2913 impositam
1788 2844 1892 2900 sibi
1919 2859 1948 2899 a
1979 2842 2080 2900 mi-

477 2943 665 3000 litibus
701 2943 892 3006 divino
920 2950 1053 3004 nutu
1076 2940 1229 3011 regni
1261 2939 1650 3002 necessitatem
1686 2937 1852 2998 armis
1883 2935 2075 2994 defen-

477 3035 644 3102 disse;
682 3044 738 3090 et
765 3052 872 3094 non
907 3034 1142 3099 alienam
1185 3032 1252 3100 ab
1282 3047 1348 3090 eo
1379 3031 1478 3094 Dei
1513 3030 1844 3092 voluntatem
1881 3028 2074 3094 videri,

2183 1819 2390 1876 terfeci.
2431 1820 2584 1876 Tunc
2630 1822 2721 1877 ille
2768 1823 3089 1879 convocatis
3133 1821 3392 1878 fratribus
3437 1824 3606 1880 refert
3647 1825 3781 1897 quid

2179 1914 2426 1970 diabolus
2462 1915 2786 1983 indicasset;
2837 1917 3212 1988 sollicitosque
3251 1932 3373 1973 esse
3396 1919 3639 1990 principii
3681 1935 3782 1990 per

2179 2008 2409 2064 cellulas
2462 2009 2824 2079 singulorum,
2869 2011 3119 2079 quisnam
3169 2010 3272 2065 hoc
3309 2026 3434 2066 casu
3477 2011 3669 2068 fuisset
3698 2014 3782 2068 af-

2179 2098 2375 2156 fectus.
2413 2101 2695 2158 Neminem
2733 2103 2954 2173 quidem
2993 2104 3184 2159 deesse
3219 2104 3289 2160 de
3332 2104 3631 2170 monachis,
3680 2106 3778 2162 sed

2181 2211 2346 2250 unum
2393 2197 2656 2251 rusticum
2701 2196 2955 2252 mercede
3009 2195 3361 2259 conductum,
3423 2207 3482 2252 ut
3527 2197 3780 2255 vehiculo
3849 2267 3852 2269 λ

2179 2289 2322 2359 ligna
2351 2289 2614 2355 deferret,
2649 2290 2761 2346 isse
2790 2291 2855 2346 ad
2886 2290 3082 2345 silvam
3113 2295 3381 2346 nuntiant.
3422 2291 3584 2347 lubet
3615 2292 3780 2363 igitur

2179 2382 2392 2451 aliquos
2420 2381 2502 2438 ire
2536 2382 2587 2438 ei
2612 2383 2857 2438 obviam.
2901 2385 2974 2440 Ita
3014 2387 3154 2442 haud
3197 2387 3358 2455 longe
3383 2399 3413 2438 ιι
3444 2385 3781 2440 monasterio

2175 2472 2289 2542 jam
2317 2489 2456 2543 pene
2477 2474 2746 2532 exanimis
2771 2475 3068 2532 invenitur.
3103 2479 3426 2534 Extremum
3453 2485 3632 2533 tamen
3670 2477 3780 2547 spi-

2181 2567 2344 2621 ritum
2368 2567 2611 2631 trahens,
2631 2568 2831 2624 indicat
2855 2570 3116 2627 fratribus
3137 2587 3354 2625 causam
3372 2571 3564 2626 mortis
3584 2580 3637 2626 et
3662 2570 3780 2626 vul-

2186 2660 2360 2716 neris:
2379 2660 2584 2728 junctis
2603 2661 2809 2716 scilicet
2824 2661 3002 2718 bubus
3022 2664 3150 2718 dum
3166 2664 3430 2720 dissoluta
3445 2664 3648 2718 arctius
3662 2663 3778 2718 lora

2181 2754 2525 2821 constringit,
2555 2753 2748 2809 bovem
2774 2755 2878 2809 sibi
2909 2770 3143 2812 excusso
3178 2757 3358 2827 capite
3387 2757 3530 2810 inter
3555 2754 3782 2824 inguina

2181 2861 2354 2902 cornu
2381 2846 2628 2916 adegisse
2652 2864 2666 2900 :
2692 2861 2794 2904 nec
2818 2849 2990 2902 multo
3004 2858 3128 2917 post
3151 2849 3314 2902 vitam
3342 2847 3597 2904 reddidit.
3617 2848 3782 2904 Vide-

2182 2938 2252 2994 rit
2270 2939 2336 3005 is,
2357 2954 2465 3008 quo
2492 2939 2696 3008 judicio
2729 2939 2940 2998 Domini
2961 2941 3178 2996 diabolo
3204 2940 3328 2996 data
3354 2941 3520 2996 fuerit
3548 2941 3662 2995 haec
3686 2955 3782 3010 po-

2185 3039 2370 3088 testas.
2421 3030 2481 3085 ln
2523 3029 2755 3086 Hartino
2803 3031 2938 3086 illud
2989 3033 3238 3088 mirabile
3285 3042 3427 3098 erat,
3477 3032 3622 3102 quod
3671 3047 3780 3088 non

477 3143 648 3200 penes
691 3141 854 3197 quem
898 3136 1005 3192 tam
1037 3121 1346 3190 incredibili
1384 3131 1582 3190 eventu
1608 3121 1832 3190 victoria
1861 3119 2074 3186 fuisset,
2105 3108 2154 3182 CI.
2183 3124 2358 3184 sel-mu
2388 3123 2492 3181 hoc
2521 3122 2664 3194 quod
2703 3139 2864 3194 supra
2900 3126 3206 3190 retulimus,
3252 3125 3350 3180 sed
3385 3125 3552 3180 multa
3594 3125 3765 3179 istius,

480 3221 804 3290 nullumque
835 3232 899 3286 es
945 3214 1276 3282 adversariis
1318 3214 1424 3272 nisi
1473 3215 1524 3270 in
1563 3215 1678 3270 acie
1720 3212 2076 3277 occubuisse;

481 3311 702 3383 tandem
716 3310 895 3368 victus
921 3308 1004 3363 vel
1029 3309 1243 3370 ratione
1265 3308 1352 3370 vel
1376 3307 1644 3376 precibus,
1672 3305 1743 3368 ad
1771 3305 2082 3362 convivium

482 3406 668 3472 venit;
703 3405 899 3476 mirum
930 3402 989 3474 in
1009 3401 1231 3466 modum
1254 3400 1526 3472 gaudente
1549 3415 1697 3470 rege,
1721 3397 1868 3468 quod
1901 3397 1950 3460 id
1978 3397 2080 3456 im-

483 3510 778 3574 petrasset.
823 3498 1083 3560 Conviva:
1114 3507 1297 3558 autem
1345 3495 1593 3561 aderant,
1630 3493 1802 3550 veluti
1829 3491 1896 3550 ad
1937 3491 2085 3548 diem

484 3595 681 3657 festum
703 3590 937 3658 evocati.
959 3590 1158 3653 summi
1188 3599 1351 3658 atque
1383 3588 1626 3642 illustres
1646 3585 1767 3647 viri,
1795 3583 2088 3652 praefectus

486 3687 741 3760 idemque
766 3685 962 3752 consul
994 3683 1250 3747 Evodius,
1293 3682 1371 3736 vir
1393 3694 1499 3748 quo
1532 3678 1662 3736 nihil
1695 3693 1956 3747 umquam
1971 3676 2086 3745 jus-

482 3781 595 3842 tius
622 3779 752 3844 fuit;
783 3776 1025 3842 Comites
1048 3775 1154 3842 duo
1177 3788 1392 3830 summa
1423 3779 1693 3840 potestate
1711 3768 1942 3838 praediti,
1971 3766 2087 3826 fra-

487 3883 570 3932 ter
598 3874 744 3945 regis
774 3882 828 3938 et
855 3882 1108 3941 patruus:
1135 3866 1350 3932 medius
1385 3868 1525 3922 inter
1556 3863 1655 3920 bos
1684 3862 1901 3922 Martini
1932 3875 2087 3930 pres-

486 3967 648 4040 byter
688 3965 1056 4034 occubuerat:
1103 3962 1217 4030 ipse
1263 3969 1445 4018 autem
1480 3959 1674 4014 sellula
1706 3958 1862 4028 juxta
1902 3971 2086 4025 regem

489 4063 668 4134 posita
711 4057 1061 4124 considerat.
1109 4055 1190 4112 Ad
1230 4054 1465 4112 medium
1504 4054 1620 4109 fere
1656 4049 1990 4113 convivium,
2032 4057 2092 4104 ut

491 4154 666 4222 moris
691 4161 797 4221 est,
829 4161 1075 4224 pateram
1105 4149 1217 4216 regi
1252 4148 1498 4206 minister
1527 4145 1748 4204 obtulit.
1776 4145 1868 4200 llle
1896 4150 2096 4198 sancto.

492 4246 784 4302 admodum
814 4246 1074 4315 episcopo
1100 4241 1278 4310 potius
1305 4239 1421 4310 dari
1449 4241 1625 4309 jubet,
1649 4247 1972 4309 exspectans
2007 4245 2090 4298 at-

490 4356 599 4410 que
629 4335 897 4404 ambiens,
931 4345 988 4400 ut
1012 4334 1084 4394 ab.
1103 4334 1246 4394 illius
1270 4333 1496 4396 dextera
1523 4331 1774 4400 poculum
1806 4339 2046 4386 sumeret
2074 4345 2088 4394 ;

492 4432 593 4496 sed
624 4430 889 4496 Martinus
912 4428 1000 4485 tibi
1024 4428 1212 4491 ebibit,
1242 4436 1486 4496 pateram
1509 4426 1830 4496 presbytero
1861 4441 1964 4479 suo
1984 4433 2091 4478 tra-

2183 3217 2352 3284 mudi,
2394 3217 2608 3288 ιμωιίες
2652 3218 3003 3282 accidissent,
3048 3221 3208 3291 longe
3252 3231 3380 3276 ante
3423 3220 3778 3290 praevidebat,

2183 3320 2274 3366 aut
2305 3311 2412 3369 sibi
2437 3313 2684 3370 nuntiata
2709 3311 2976 3367 fratribus
3005 3313 3298 3368 indicabat.

2257 3403 2422 3459 XXII.
2468 3403 2806 3474 Frequenter
2831 3414 3011 3460 autem
3052 3406 3325 3471 diabolus,
3353 3405 3483 3461 dum
3515 3406 3664 3460 mille
3687 3419 3782 3461 no-

2185 3496 2342 3556 cendi
2390 3497 2604 3553 artibus
2649 3509 2900 3553 sanctum
2950 3503 3125 3553 virum
3176 3500 3484 3555 conabatur
3528 3498 3780 3563 illudere,

2187 3591 2452 3648 visibilem
2485 3607 2548 3648 se
2573 3592 2621 3646 ei
2659 3591 2850 3648 formis
2874 3593 3274 3648 diversissimis
3304 3592 3605 3662 ingereht.
3649 3592 3786 3646 Nam

2187 3683 2462 3738 interdum
2488 3684 2546 3738 in
2571 3684 2723 3739 Jovis
2746 3700 3002 3754 persona,
3029 3684 3349 3752 plerumque
3363 3683 3633 3744 Mercurii,
3664 3699 3789 3750 per—

2187 3791 2336 3846 saepe
2377 3778 2540 3832 etiam
2584 3793 2648 3833 se
2680 3778 2902 3834 Veneris
2946 3792 3010 3832 ac
3054 3777 3310 3831 Minervae
3340 3777 3785 3846 transﬁguratum

2188 3868 2426 3926 vultibus
2445 3867 2709 3924 oﬂ'erebat
2731 3885 2744 3920 :
2768 3867 3037 3922 adversus
3053 3881 3216 3936 quem
3234 3880 3454 3936 semper
3477 3866 3785 3932 interritus,

2189 3958 2344 4026 signo
2379 3974 2440 4015 se
2467 3960 2646 4014 crucis
2675 3967 2733 4014 et
2758 3958 3031 4018 orationis
3055 3959 3264 4013 auxilio
3301 3957 3643 4029 protegebat.
3675 3960 3786 4013 Au-

2190 4050 2476 4112 diebantur
2522 4053 2686 4108 etiam
2719 4052 3042 4123 plerumque
3089 4053 3359 4119 convicia,
3389 4052 3594 4122 quibus
3636 4051 3788 4106 illum

2194 4143 2348 4206 turba
2379 4143 2684 4202 damonum
2720 4145 3000 4215 protervis
3037 4145 3266 4200 vocibus
3306 4143 3660 4214 increpabat:
3693 4143 3793 4198 sed

2193 4237 2380 4296 culinis,
2399 4236 2535 4292 lalsa
2563 4245 2620 4294 et
2646 4252 2782 4292 vana
2810 4252 3170 4307 cognoscens,
3210 4252 3320 4292 non
3357 4235 3676 4292 nmvebatur
3696 4235 3789 4290 ob-

2187 4326 2372 4397 jectis.
2405 4327 2769 4386 Testabantur
2789 4329 2956 4384 etiam
2987 4329 3153 4398 aliqui
3183 4343 3248 4382 ex
3283 4327 3541 4382 fratribus
3566 4325 3792 4381 audisse

2195 4435 2256 4480 se
2280 4421 2590 4482 dammam
2615 4424 2884 4492 protervis
2921 4423 3208 4478 Martinum
3246 4421 3470 4480 vocibus
3511 4423 3795 4492 iocre-pan-

495 4491 655 4594 didit,
679 4491 884 4588 nullum
919 4520 1128 4586 scilicet
1156 4491 1475 4582 existimans
1505 4491 1809 4588 digniorem
1840 4518 1936 4586 qui
1971 4524 2092 4585 post
2120 4491 2172 4568 Ι)
2201 4523 2334 4584 tein,
2367 4529 2464 4574 cur
2488 4491 2631 4572 intra
2657 4516 3050 4580 umnasterium
3071 4515 3288 4586 aliquos
3312 4529 3380 4570 ex
3416 4491 3672 4574 fratribus
3697 4514 3800 4584 qui

497 4631 558 4682 se
583 4616 730 4696 prior
753 4614 988 4679 biberet,
1015 4627 1120 4668 nec
1143 4613 1414 4682 inteng
1436 4610 1540 4668 sibi
1559 4609 1697 4675 fore,
1721 4610 1770 4666 si
1789 4619 1884 4666 aut
1905 4625 2090 4680 regem

495 4708 674 4780 ipsum
716 4717 809 4774 allii
836 4720 934 4774 vos
963 4706 1054 4774 qui
1084 4721 1112 4762 a
1145 4719 1273 4773 rese
1301 4712 1460 4762 erant
1488 4700 1742 4772 proximi,
1773 4701 2102 4772 presbytero.

2191 4605 2324 4668 olim
2344 4607 2670 4677 baptismum
2690 4607 2926 4664 diversis
2945 4607 3227 4663 erroribus
3248 4605 3640 4678 perdidissent,
3662 4621 3797 4660 con-

2194 4715 2383 4755 versos
2428 4711 2615 4770 postea
2647 4701 2966 4772 recepisset,
2998 4710 3370 4772 exponentem
3399 4702 3627 4755 crimina
3675 4701 3790 4754 sin-

496 4801 851 4873 ρτῳιιιιίεεθι.
879 4797 1034 4868 Quod
1077 4798 1273 4862 tantum
1324 4796 1622 4864 imperator
1662 4807 1961 4862 omnesque
2000 4793 2100 4861 qni
2194 4795 2491 4866 gulosum:
2537 4795 2826 4852 Martiarum
2867 4796 3092 4851 diabolo
3124 4805 3514 4866 repugnantem
3561 4809 3790 4863 respon-

495 4901 627 4962 ιιιωο
652 4892 902 4961 aderant,
934 4892 1008 4959 ita
1035 4889 1289 4952 admirati
1315 4895 1458 4954 sunt,
1495 4897 1551 4944 ut
1585 4890 1686 4941 hoc
1709 4885 1884 4954 ipsum
1911 4885 2009 4950 eis,
2039 4884 2096 4940 in

497 4998 606 5056 quo
636 4983 929 5052 contempti
970 4981 1203 5046 inerant,
1242 4979 1519 5058 placeret:
1562 4977 2092 5046 celeberrimumque

497 5095 598 5150 per
625 5091 788 5138 clune
825 5075 1082 5148 palatium
1120 5074 1235 5140 fuit,
1274 5071 1472 5132 iecisse
1522 5071 1817 5132 Martinam
1848 5069 1900 5128 in
1945 5069 2092 5138 regis

497 5171 732 5242 prandio
774 5168 918 5242 quod
955 5168 1007 5232 in
1036 5165 1382 5237 inﬁrmorum
1409 5165 1654 5235 judieum
1682 5161 1952 5230 conviviis
1976 5162 2092 5230 cpi-

496 5280 792 5337 scoporuni
804 5280 966 5332 inemo
980 5261 1221 5328 fecisset;
1241 5259 1528 5328 eidenultlﬁ
1543 5259 1658 5326 Ma)
1668 5259 1774 5318 imo
1791 5260 1952 5328 longe
1967 5266 2092 5320 ante

496 5359 746 5429 praedixit
777 5357 1038 5426 futurum,
1069 5366 1126 5420 ut
1161 5354 1208 5414 si
1248 5353 1314 5410 ad
1341 5351 1544 5414 Italiam
1579 5363 1850 5422 pergeret,
1877 5365 1986 5420 quo
2016 5351 2096 5406 ire

494 5451 768 5524 studebat,
801 5449 1010 5516 bellum
1040 5444 1422 5516 Valentiniano
1463 5444 1788 5514 imperatori.
1828 5442 2092 5507 inferens,

499 5543 667 5608 sciret
701 5557 762 5604 se.
799 5541 978 5622 primo
999 5538 1220 5607 quidem
1254 5538 1460 5607 impetu
1493 5536 1732 5602 biturum
1770 5550 1894 5594 esse
1923 5535 2095 5595 victo-

512 5648 651 5698 rem,
685 5633 781 5702 sed
814 5646 978 5720 parvo
1009 5641 1126 5700 post
1157 5640 1402 5701 tempore
1427 5645 1552 5686 esse
1582 5630 1906 5699 periturum.
1937 5628 2094 5696 Quod

510 5723 733 5794 quidem
755 5725 840 5800 ita,
867 5723 1130 5798 vidimus:
1155 5739 1286 5794 nam
1309 5723 1485 5797 primo
1501 5723 1746 5790 adventu.
1765 5725 1882 5797 eius
1906 5725 2095 5786 Vale»

2200 4890 2352 4948 disse
2405 4899 2752 4957 constanter,
2824 4891 3046 4960 antiqua
3104 4891 3303 4954 delicta
3362 4891 3606 4947 melioris
3667 4889 3793 4945 vita!

2197 4981 2618 5042 conversatione
2647 4983 2898 5053 purgari;
2927 4992 2984 5037 et
3011 4998 3106 5050 per
3126 4983 3558 5038 misericordiam
3576 4981 3791 5037 Domini

2196 5074 2562 5138 absolvendos
2589 5090 2715 5131 esse
2756 5076 3014 5145 peccatis,
3056 5076 3146 5143 qui
3187 5090 3416 5144 peccare
3451 5076 3787 5130 desinerent.

2195 5166 2400 5224 Contra
2420 5167 2637 5228 dicente
2661 5167 2902 5234 diabolo,
2933 5183 3038 5220 non
3067 5167 3342 5236 pertinere
3363 5166 3428 5221 ad
3446 5165 3660 5223 veniam
3683 5165 3794 5218 cri-

2197 5264 2456 5326 minosus,
2489 5274 2542 5318 et
2572 5263 2744 5317 semel
2785 5261 2947 5332 lapsis
2989 5261 3192 5316 nullum
3215 5277 3243 5315 a
3289 5261 3524 5316 Domino
3551 5259 3795 5314 clemen-

2196 5358 2328 5414 tiam
2363 5357 2632 5428 μέθυ-πῆς
2655 5365 2782 5412 ttuic
2808 5356 2862 5410 in
2891 5356 3029 5411 hanc
3045 5371 3238 5413 vocem
3263 5356 3431 5410 fertur
3453 5355 3804 5409 exclamasse

2201 5453 2510 5510 Martinus:
2548 5451 2604 5508 Si
2645 5460 2701 5507 tu
2749 5452 2885 5522 ipse,
2935 5466 2969 5505 ο
3018 5448 3368 5512 miserabilis,
3402 5447 3472 5502 ab
3512 5447 3796 5502 hominum

2197 5547 2558 5614 insectatione
2596 5545 2916 5610 dosisteres,
2947 5553 3007 5600 et
3042 5553 3094 5598 te
3134 5543 3401 5598 factorum
3449 5551 3668 5597 morum
3710 5540 3806 5594 vel

2199 5639 2305 5696 hoc
2335 5649 2586 5710 tempore
2614 5657 2736 5697 cum
2759 5640 2882 5696 dies
2900 5636 3090 5706 judicii
3116 5638 3172 5691 In
3193 5637 3448 5706 proximo
3473 5645 3580 5702 est,
3620 5636 3764 5707 pani
3781 5664 3800 5676 ς

2201 5738 2372 5795 teret;
2405 5746 2508 5802 ego
2539 5730 2636 5788 tibi
2662 5743 2795 5786 vere
2823 5727 3062 5784 conlisus
3084 5727 3140 5782 in
3169 5725 3409 5784 Domino.
3427 5725 3556 5785 lese
3578 5724 3803 5788 Cbidsto
