  <div class='ocr_page' id='page_1' title='image "/cluster/home/n/w/nwhite01/storage/ocr_20150623/20/hvd.32044096580469/092.png"; bbox 0 0 4194 6192; ppageno 0'>
   <div class='ocr_carea' id='block_1_1' title="bbox 390 268 497 324">
    <p class='ocr_par' dir='ltr' id='par_1_1' title="bbox 390 268 497 324">
     <span class='ocr_line' id='line_1_1' title="bbox 390 268 497 324; baseline 0.009 -1"><span class='ocrx_word' id='word_1_1' title='bbox 390 268 497 324; x_wconf 62' lang='lat'><strong>{73</strong></span> 
     </span>
    </p>
   </div>
   <div class='ocr_carea' id='block_1_2' title="bbox 1438 277 2653 344">
    <p class='ocr_par' dir='ltr' id='par_1_2' title="bbox 1438 277 2653 344">
     <span class='ocr_line' id='line_1_2' title="bbox 1438 277 2653 344; baseline 0.007 -10"><span class='ocrx_word' id='word_1_2' title='bbox 1438 278 1527 335; x_wconf 84' lang='lat' dir='ltr'><strong>DE</strong></span> <span class='ocrx_word' id='word_1_3' title='bbox 1569 277 1730 337; x_wconf 82' lang='lat' dir='ltr'><strong>VlTA</strong></span> <span class='ocrx_word' id='word_1_4' title='bbox 1777 278 1836 335; x_wconf 85' lang='grc' dir='ltr'><strong>Β.</strong></span> <span class='ocrx_word' id='word_1_5' title='bbox 1882 277 2167 337; x_wconf 77' lang='grc' dir='ltr'><strong>ΜΑΒΤΙΝΙ</strong></span> <span class='ocrx_word' id='word_1_6' title='bbox 2210 280 2414 340; x_wconf 77' lang='lat' dir='ltr'><strong>LIBER</strong></span> <span class='ocrx_word' id='word_1_7' title='bbox 2458 285 2653 344; x_wconf 85' lang='lat' dir='ltr'><strong>UNUS.</strong></span> 
     </span>
    </p>
   </div>
   <div class='ocr_carea' id='block_1_3' title="bbox 3606 298 3709 353">
    <p class='ocr_par' dir='ltr' id='par_1_3' title="bbox 3606 298 3709 353">
     <span class='ocr_line' id='line_1_3' title="bbox 3606 298 3709 353; baseline 0.019 -2"><span class='ocrx_word' id='word_1_8' title='bbox 3606 298 3709 353; x_wconf 71' lang='grc' dir='ltr'><strong>ιη</strong></span> 
     </span>
    </p>
   </div>
   <div class='ocr_carea' id='block_1_4' title="bbox 384 386 3707 474">
    <p class='ocr_par' dir='ltr' id='par_1_4' title="bbox 384 386 3707 474">
     <span class='ocr_line' id='line_1_4' title="bbox 384 386 3707 474; baseline 0.007 -35"><span class='ocrx_word' id='word_1_9' title='bbox 384 386 827 443; x_wconf 84' lang='lat' dir='ltr'><strong>misericordiam</strong></span> <span class='ocrx_word' id='word_1_10' title='bbox 859 389 1178 459; x_wconf 81' lang='lat' dir='ltr'><strong>pollicerer.</strong></span> <span class='ocrx_word' id='word_1_11' title='bbox 1210 392 1257 451; x_wconf 80' lang='lat'><strong>0</strong></span> <span class='ocrx_word' id='word_1_12' title='bbox 1278 409 1438 466; x_wconf 91' lang='lat' dir='ltr'><strong>quam</strong></span> <span class='ocrx_word' id='word_1_13' title='bbox 1467 407 1653 454; x_wconf 89' lang='lat' dir='ltr'><strong>saneta</strong></span> <span class='ocrx_word' id='word_1_14' title='bbox 1685 398 1755 455; x_wconf 90' lang='lat' dir='ltr'><strong>de</strong></span> <span class='ocrx_word' id='word_1_15' title='bbox 1787 399 1995 455; x_wconf 84' lang='lat' dir='ltr'><strong>Domini</strong></span> <span class='ocrx_word' id='word_1_16' title='bbox 2029 401 2082 458; x_wconf 85' lang='lat' dir='ltr'><strong>A</strong></span> <span class='ocrx_word' id='word_1_17' title='bbox 2176 400 2369 459; x_wconf 74' lang='lat' dir='ltr'><strong>XXIV.</strong></span> <span class='ocrx_word' id='word_1_18' title='bbox 2400 403 2851 461; x_wconf 83' lang='lat' dir='ltr'><strong>Animadversum</strong></span> <span class='ocrx_word' id='word_1_19' title='bbox 2878 412 2959 461; x_wconf 87' lang='lat' dir='ltr'><strong>est</strong></span> <span class='ocrx_word' id='word_1_20' title='bbox 2984 412 3187 474; x_wconf 89' lang='lat' dir='ltr'><strong>tamen,</strong></span> <span class='ocrx_word' id='word_1_21' title='bbox 3213 405 3405 463; x_wconf 90' lang='lat' dir='ltr'><strong>eodem</strong></span> <span class='ocrx_word' id='word_1_22' title='bbox 3433 408 3547 464; x_wconf 89' lang='lat' dir='ltr'><strong>fere</strong></span> <span class='ocrx_word' id='word_1_23' title='bbox 3571 416 3707 465; x_wconf 92' lang='lat' dir='ltr'><strong>tem-</strong></span> 
     </span>
    </p>
   </div>
   <div class='ocr_carea' id='block_1_5' title="bbox 384 480 1997 564">
    <p class='ocr_par' dir='ltr' id='par_1_5' title="bbox 384 480 1997 564">
     <span class='ocr_line' id='line_1_5' title="bbox 384 480 1997 564; baseline 0.011 -32"><span class='ocrx_word' id='word_1_24' title='bbox 384 480 597 550; x_wconf 90' lang='lat' dir='ltr'><strong>pietate</strong></span> <span class='ocrx_word' id='word_1_25' title='bbox 611 486 982 556; x_wconf 59' lang='lat' dir='ltr'><strong>praesumptio,</strong></span> <span class='ocrx_word' id='word_1_26' title='bbox 1004 487 1053 541; x_wconf 92' lang='lat' dir='ltr'><strong>in</strong></span> <span class='ocrx_word' id='word_1_27' title='bbox 1079 503 1181 557; x_wconf 87' lang='lat' dir='ltr'><strong>qua</strong></span> <span class='ocrx_word' id='word_1_28' title='bbox 1208 491 1313 545; x_wconf 90' lang='lat' dir='ltr'><strong>etsi</strong></span> <span class='ocrx_word' id='word_1_29' title='bbox 1335 492 1713 547; x_wconf 90' lang='lat' dir='ltr'><strong>auctoritatem</strong></span> <span class='ocrx_word' id='word_1_30' title='bbox 1735 500 1997 564; x_wconf 81' lang='lat' dir='ltr'><strong>praestare</strong></span> 
     </span>
    </p>
   </div>
   <div class='ocr_carea' id='block_1_6' title="bbox 387 580 1999 658">
    <p class='ocr_par' dir='ltr' id='par_1_6' title="bbox 387 580 1999 658">
     <span class='ocr_line' id='line_1_6' title="bbox 387 580 1999 658; baseline 0.01 -29"><span class='ocrx_word' id='word_1_31' title='bbox 387 590 499 630; x_wconf 91' lang='lat' dir='ltr'><strong>non</strong></span> <span class='ocrx_word' id='word_1_32' title='bbox 522 580 715 647; x_wconf 87' lang='lat' dir='ltr'><strong>potuit,</strong></span> <span class='ocrx_word' id='word_1_33' title='bbox 741 580 984 636; x_wconf 82' lang='lat' dir='ltr'><strong>ostendit</strong></span> <span class='ocrx_word' id='word_1_34' title='bbox 1007 582 1291 640; x_wconf 78' lang='lat' dir='ltr'><strong>affectum!</strong></span> <span class='ocrx_word' id='word_1_35' title='bbox 1322 586 1523 657; x_wconf 88' lang='lat' dir='ltr'><strong>thuia</strong></span> <span class='ocrx_word' id='word_1_36' title='bbox 1545 588 1612 643; x_wconf 89' lang='lat' dir='ltr'><strong>de</strong></span> <span class='ocrx_word' id='word_1_37' title='bbox 1626 588 1843 645; x_wconf 85' lang='lat' dir='ltr'><strong>diabolo</strong></span> <span class='ocrx_word' id='word_1_38' title='bbox 1859 591 1999 658; x_wconf 88' lang='lat' dir='ltr'><strong>ejus-</strong></span> 
     </span>
    </p>
   </div>
   <div class='ocr_carea' id='block_1_7' title="bbox 387 666 1992 752">
    <p class='ocr_par' dir='ltr' id='par_1_7' title="bbox 387 666 1992 752">
     <span class='ocr_line' id='line_1_7' title="bbox 387 666 1992 752; baseline 0.011 -30"><span class='ocrx_word' id='word_1_39' title='bbox 387 666 629 738; x_wconf 78' lang='lat' dir='ltr'><strong>demque</strong></span> <span class='ocrx_word' id='word_1_40' title='bbox 654 671 860 726; x_wconf 83' lang='lat' dir='ltr'><strong>artibus</strong></span> <span class='ocrx_word' id='word_1_41' title='bbox 880 687 1060 730; x_wconf 88' lang='lat' dir='ltr'><strong>sermo</strong></span> <span class='ocrx_word' id='word_1_42' title='bbox 1086 686 1312 733; x_wconf 82' lang='lat' dir='ltr'><strong>exortus</strong></span> <span class='ocrx_word' id='word_1_43' title='bbox 1335 688 1440 746; x_wconf 88' lang='lat' dir='ltr'><strong>est,</strong></span> <span class='ocrx_word' id='word_1_44' title='bbox 1461 696 1565 736; x_wconf 90' lang='lat' dir='ltr'><strong>non</strong></span> <span class='ocrx_word' id='word_1_45' title='bbox 1583 682 1650 735; x_wconf 90' lang='lat' dir='ltr'><strong>ab</strong></span> <span class='ocrx_word' id='word_1_46' title='bbox 1670 698 1729 737; x_wconf 90' lang='lat' dir='ltr'><strong>re</strong></span> <span class='ocrx_word' id='word_1_47' title='bbox 1753 684 1992 752; x_wconf 88' lang='lat' dir='ltr'><strong>videtur,</strong></span> 
     </span>
    </p>
   </div>
   <div class='ocr_carea' id='block_1_8' title="bbox 390 757 1995 845">
    <p class='ocr_par' dir='ltr' id='par_1_8' title="bbox 390 757 1995 845">
     <span class='ocr_line' id='line_1_8' title="bbox 390 757 1995 845; baseline 0.011 -30"><span class='ocrx_word' id='word_1_48' title='bbox 390 757 527 816; x_wconf 87' lang='lat' dir='ltr'><strong>licet.</strong></span> <span class='ocrx_word' id='word_1_49' title='bbox 558 762 929 833; x_wconf 78' lang='lat' dir='ltr'><strong>extrinsecus,</strong></span> <span class='ocrx_word' id='word_1_50' title='bbox 965 765 1172 823; x_wconf 86' lang='lat' dir='ltr'><strong>referre</strong></span> <span class='ocrx_word' id='word_1_51' title='bbox 1203 773 1347 840; x_wconf 88' lang='lat' dir='ltr'><strong>quod</strong></span> <span class='ocrx_word' id='word_1_52' title='bbox 1386 782 1603 844; x_wconf 85' lang='lat' dir='ltr'><strong>gestum</strong></span> <span class='ocrx_word' id='word_1_53' title='bbox 1630 784 1713 829; x_wconf 92' lang='lat' dir='ltr'><strong>est</strong></span> <span class='ocrx_word' id='word_1_54' title='bbox 1742 794 1755 830; x_wconf 91' lang='lat'><strong>:</strong></span> <span class='ocrx_word' id='word_1_55' title='bbox 1787 778 1909 845; x_wconf 91' lang='lat' dir='ltr'><strong>quia</strong></span> <span class='ocrx_word' id='word_1_56' title='bbox 1944 788 1995 832; x_wconf 90' lang='lat' dir='ltr'><strong>et</strong></span> 
     </span>
    </p>
   </div>
   <div class='ocr_carea' id='block_1_9' title="bbox 388 854 1995 939">
    <p class='ocr_par' dir='ltr' id='par_1_9' title="bbox 388 854 1995 939">
     <span class='ocr_line' id='line_1_9' title="bbox 388 854 1995 939; baseline 0.012 -35"><span class='ocrx_word' id='word_1_57' title='bbox 388 854 640 922; x_wconf 67' lang='lat' dir='ltr'><strong>quaedam</strong></span> <span class='ocrx_word' id='word_1_58' title='bbox 666 855 718 908; x_wconf 90' lang='lat' dir='ltr'><strong>in</strong></span> <span class='ocrx_word' id='word_1_59' title='bbox 739 870 804 911; x_wconf 92' lang='lat' dir='ltr'><strong>eo</strong></span> <span class='ocrx_word' id='word_1_60' title='bbox 819 856 1030 914; x_wconf 82' lang='lat' dir='ltr'><strong>Martini</strong></span> <span class='ocrx_word' id='word_1_61' title='bbox 1056 859 1317 917; x_wconf 89' lang='lat' dir='ltr'><strong>virtutum</strong></span> <span class='ocrx_word' id='word_1_62' title='bbox 1336 864 1512 933; x_wconf 90' lang='lat' dir='ltr'><strong>portio</strong></span> <span class='ocrx_word' id='word_1_63' title='bbox 1526 875 1631 935; x_wconf 86' lang='lat' dir='ltr'><strong>est,</strong></span> <span class='ocrx_word' id='word_1_64' title='bbox 1647 875 1801 923; x_wconf 90' lang='lat' dir='ltr'><strong>etres</strong></span> <span class='ocrx_word' id='word_1_65' title='bbox 1833 868 1995 939; x_wconf 85' lang='lat' dir='ltr'><strong>digna</strong></span> 
     </span>
    </p>
   </div>
   <div class='ocr_carea' id='block_1_10' title="bbox 390 945 1993 1031">
    <p class='ocr_par' dir='ltr' id='par_1_10' title="bbox 390 945 1993 1031">
     <span class='ocr_line' id='line_1_10' title="bbox 390 945 1993 1031; baseline 0.011 -32"><span class='ocrx_word' id='word_1_66' title='bbox 390 945 659 1003; x_wconf 88' lang='lat' dir='ltr'><strong>miraculo</strong></span> <span class='ocrx_word' id='word_1_67' title='bbox 687 960 836 1005; x_wconf 89' lang='lat' dir='ltr'><strong>recte</strong></span> <span class='ocrx_word' id='word_1_68' title='bbox 862 954 1146 1008; x_wconf 73' lang='lat' dir='ltr'><strong>memorize</strong></span> <span class='ocrx_word' id='word_1_69' title='bbox 1178 956 1550 1027; x_wconf 84' lang='lat' dir='ltr'><strong>mandabitur,</strong></span> <span class='ocrx_word' id='word_1_70' title='bbox 1592 960 1647 1014; x_wconf 92' lang='lat' dir='ltr'><strong>in</strong></span> <span class='ocrx_word' id='word_1_71' title='bbox 1680 963 1993 1031; x_wconf 78' lang='lat' dir='ltr'><strong>exemplum</strong></span> 
     </span>
    </p>
   </div>
   <div class='ocr_carea' id='block_1_11' title="bbox 385 1040 1991 1127">
    <p class='ocr_par' dir='ltr' id='par_1_11' title="bbox 385 1040 1991 1127">
     <span class='ocr_line' id='line_1_11' title="bbox 385 1040 1991 1127; baseline 0.008 -30"><span class='ocrx_word' id='word_1_72' title='bbox 385 1040 642 1108; x_wconf 82' lang='lat' dir='ltr'><strong>cavendi,</strong></span> <span class='ocrx_word' id='word_1_73' title='bbox 694 1043 738 1097; x_wconf 91' lang='lat' dir='ltr'><strong>si</strong></span> <span class='ocrx_word' id='word_1_74' title='bbox 790 1047 919 1113; x_wconf 86' lang='lat' dir='ltr'><strong>quid</strong></span> <span class='ocrx_word' id='word_1_75' title='bbox 972 1046 1231 1119; x_wconf 88' lang='lat' dir='ltr'><strong>deinceps</strong></span> <span class='ocrx_word' id='word_1_76' title='bbox 1279 1051 1490 1119; x_wconf 86' lang='lat' dir='ltr'><strong>uspiam</strong></span> <span class='ocrx_word' id='word_1_77' title='bbox 1543 1054 1647 1109; x_wconf 93' lang='lat' dir='ltr'><strong>tale</strong></span> <span class='ocrx_word' id='word_1_78' title='bbox 1675 1056 1991 1127; x_wconf 70' lang='lat' dir='ltr'><strong>contigerit.</strong></span> 
     </span>
    </p>
   </div>
   <div class='ocr_carea' id='block_1_12' title="bbox 457 1131 1997 1210">
    <p class='ocr_par' dir='ltr' id='par_1_12' title="bbox 457 1131 1997 1210">
     <span class='ocr_line' id='line_1_12' title="bbox 457 1131 1997 1210; baseline 0.008 -21"><span class='ocrx_word' id='word_1_79' title='bbox 457 1131 649 1189; x_wconf 77' lang='lat' dir='ltr'><strong>XXI&quot;.</strong></span> <span class='ocrx_word' id='word_1_80' title='bbox 695 1134 889 1191; x_wconf 84' lang='lat' dir='ltr'><strong>Clarus</strong></span> <span class='ocrx_word' id='word_1_81' title='bbox 927 1138 1146 1208; x_wconf 89' lang='lat' dir='ltr'><strong>quidam</strong></span> <span class='ocrx_word' id='word_1_82' title='bbox 1193 1143 1433 1210; x_wconf 91' lang='lat' dir='ltr'><strong>nomine,</strong></span> <span class='ocrx_word' id='word_1_83' title='bbox 1472 1144 1795 1199; x_wconf 74' lang='lat' dir='ltr'><strong>adolesrens</strong></span> <span class='ocrx_word' id='word_1_84' title='bbox 1844 1147 1997 1201; x_wconf 88' lang='lat' dir='ltr'><strong>nobi-</strong></span> 
     </span>
    </p>
   </div>
   <div class='ocr_carea' id='block_1_13' title="bbox 384 1223 1992 1306">
    <p class='ocr_par' dir='ltr' id='par_1_13' title="bbox 384 1223 1992 1306">
     <span class='ocr_line' id='line_1_13' title="bbox 384 1223 1992 1306; baseline 0.008 -26"><span class='ocrx_word' id='word_1_85' title='bbox 384 1223 653 1289; x_wconf 87' lang='lat' dir='ltr'><strong>lissimus,</strong></span> <span class='ocrx_word' id='word_1_86' title='bbox 684 1244 808 1283; x_wconf 81' lang='lat' dir='ltr'><strong>mox</strong></span> <span class='ocrx_word' id='word_1_87' title='bbox 842 1231 1150 1302; x_wconf 78' lang='lat' dir='ltr'><strong>presbyter,</strong></span> <span class='ocrx_word' id='word_1_88' title='bbox 1179 1250 1321 1289; x_wconf 90' lang='lat' dir='ltr'><strong>nunc</strong></span> <span class='ocrx_word' id='word_1_89' title='bbox 1353 1234 1497 1290; x_wconf 87' lang='lat' dir='ltr'><strong>felici</strong></span> <span class='ocrx_word' id='word_1_90' title='bbox 1529 1237 1717 1293; x_wconf 92' lang='lat' dir='ltr'><strong>beatus</strong></span> <span class='ocrx_word' id='word_1_91' title='bbox 1740 1254 1992 1306; x_wconf 88' lang='lat' dir='ltr'><strong>excessu,</strong></span> 
     </span>
    </p>
   </div>
   <div class='ocr_carea' id='block_1_14' title="bbox 388 1322 1990 1399">
    <p class='ocr_par' dir='ltr' id='par_1_14' title="bbox 388 1322 1990 1399">
     <span class='ocr_line' id='line_1_14' title="bbox 388 1322 1990 1399; baseline 0.009 -25"><span class='ocrx_word' id='word_1_92' title='bbox 388 1333 509 1375; x_wconf 88' lang='lat' dir='ltr'><strong>cum</strong></span> <span class='ocrx_word' id='word_1_93' title='bbox 541 1322 754 1379; x_wconf 82' lang='lat' dir='ltr'><strong>relictis</strong></span> <span class='ocrx_word' id='word_1_94' title='bbox 803 1326 1057 1381; x_wconf 86' lang='lat' dir='ltr'><strong>omnibus</strong></span> <span class='ocrx_word' id='word_1_95' title='bbox 1105 1342 1164 1382; x_wconf 88' lang='lat' dir='ltr'><strong>se</strong></span> <span class='ocrx_word' id='word_1_96' title='bbox 1210 1329 1279 1382; x_wconf 88' lang='lat' dir='ltr'><strong>ad</strong></span> <span class='ocrx_word' id='word_1_97' title='bbox 1317 1328 1605 1384; x_wconf 81' lang='lat' dir='ltr'><strong>Martinam</strong></span> <span class='ocrx_word' id='word_1_98' title='bbox 1645 1334 1990 1399; x_wconf 78' lang='lat' dir='ltr'><strong>contulisset,</strong></span> 
     </span>
    </p>
   </div>
   <div class='ocr_carea' id='block_1_15' title="bbox 386 1412 1993 1497">
    <p class='ocr_par' dir='ltr' id='par_1_15' title="bbox 386 1412 1993 1497">
     <span class='ocr_line' id='line_1_15' title="bbox 386 1412 1993 1497; baseline 0.009 -29"><span class='ocrx_word' id='word_1_99' title='bbox 386 1412 540 1468; x_wconf 89' lang='lat' dir='ltr'><strong>brevi</strong></span> <span class='ocrx_word' id='word_1_100' title='bbox 588 1423 839 1486; x_wconf 88' lang='lat' dir='ltr'><strong>tempore</strong></span> <span class='ocrx_word' id='word_1_101' title='bbox 870 1420 935 1472; x_wconf 91' lang='lat' dir='ltr'><strong>ad</strong></span> <span class='ocrx_word' id='word_1_102' title='bbox 978 1434 1252 1476; x_wconf 92' lang='lat' dir='ltr'><strong>summum</strong></span> <span class='ocrx_word' id='word_1_103' title='bbox 1296 1422 1421 1478; x_wconf 76' lang='lat' dir='ltr'><strong>fidei</strong></span> <span class='ocrx_word' id='word_1_104' title='bbox 1472 1426 1842 1497; x_wconf 84' lang='lat' dir='ltr'><strong>virtutumque</strong></span> <span class='ocrx_word' id='word_1_105' title='bbox 1874 1443 1993 1482; x_wconf 87' lang='lat' dir='ltr'><strong>om-</strong></span> 
     </span>
    </p>
   </div>
   <div class='ocr_carea' id='block_1_16' title="bbox 389 1507 1992 1589">
    <p class='ocr_par' dir='ltr' id='par_1_16' title="bbox 389 1507 1992 1589">
     <span class='ocr_line' id='line_1_16' title="bbox 389 1507 1992 1589; baseline 0.009 -30"><span class='ocrx_word' id='word_1_106' title='bbox 389 1507 539 1559; x_wconf 89' lang='lat' dir='ltr'><strong>nium</strong></span> <span class='ocrx_word' id='word_1_107' title='bbox 572 1508 787 1563; x_wconf 87' lang='lat' dir='ltr'><strong>culmen</strong></span> <span class='ocrx_word' id='word_1_108' title='bbox 837 1510 1057 1565; x_wconf 87' lang='lat' dir='ltr'><strong>enituit.</strong></span> <span class='ocrx_word' id='word_1_109' title='bbox 1095 1512 1280 1584; x_wconf 87' lang='lat' dir='ltr'><strong>Itaque</strong></span> <span class='ocrx_word' id='word_1_110' title='bbox 1320 1530 1442 1570; x_wconf 91' lang='lat' dir='ltr'><strong>cum</strong></span> <span class='ocrx_word' id='word_1_111' title='bbox 1488 1515 1631 1571; x_wconf 90' lang='lat' dir='ltr'><strong>haud</strong></span> <span class='ocrx_word' id='word_1_112' title='bbox 1684 1519 1845 1589; x_wconf 80' lang='lat' dir='ltr'><strong>longe</strong></span> <span class='ocrx_word' id='word_1_113' title='bbox 1892 1520 1992 1574; x_wconf 88' lang='lat' dir='ltr'><strong>sibi</strong></span> 
     </span>
    </p>
   </div>
   <div class='ocr_carea' id='block_1_17' title="bbox 386 1598 1991 1679">
    <p class='ocr_par' dir='ltr' id='par_1_17' title="bbox 386 1598 1991 1679">
     <span class='ocr_line' id='line_1_17' title="bbox 386 1598 1991 1679; baseline 0.007 -26"><span class='ocrx_word' id='word_1_114' title='bbox 386 1598 456 1653; x_wconf 85' lang='lat' dir='ltr'><strong>ab</strong></span> <span class='ocrx_word' id='word_1_115' title='bbox 486 1600 731 1672; x_wconf 86' lang='lat' dir='ltr'><strong>episcopi</strong></span> <span class='ocrx_word' id='word_1_116' title='bbox 764 1606 1103 1661; x_wconf 89' lang='lat' dir='ltr'><strong>monasterio</strong></span> <span class='ocrx_word' id='word_1_117' title='bbox 1134 1608 1545 1664; x_wconf 81' lang='lat' dir='ltr'><strong>tabernaculum</strong></span> <span class='ocrx_word' id='word_1_118' title='bbox 1594 1612 1991 1679; x_wconf 86' lang='lat' dir='ltr'><strong>constituisset,</strong></span> 
     </span>
    </p>
   </div>
   <div class='ocr_carea' id='block_1_18' title="bbox 386 1692 1996 1773">
    <p class='ocr_par' dir='ltr' id='par_1_18' title="bbox 386 1692 1996 1773">
     <span class='ocr_line' id='line_1_18' title="bbox 386 1692 1996 1773; baseline 0.009 -28"><span class='ocrx_word' id='word_1_119' title='bbox 386 1692 655 1761; x_wconf 89' lang='lat' dir='ltr'><strong>multique</strong></span> <span class='ocrx_word' id='word_1_120' title='bbox 685 1696 828 1765; x_wconf 88' lang='lat' dir='ltr'><strong>apud</strong></span> <span class='ocrx_word' id='word_1_121' title='bbox 860 1710 982 1751; x_wconf 91' lang='lat' dir='ltr'><strong>eum</strong></span> <span class='ocrx_word' id='word_1_122' title='bbox 1018 1697 1219 1755; x_wconf 84' lang='lat' dir='ltr'><strong>fratres</strong></span> <span class='ocrx_word' id='word_1_123' title='bbox 1244 1712 1748 1770; x_wconf 88' lang='lat' dir='ltr'><strong>commorarentur;</strong></span> <span class='ocrx_word' id='word_1_124' title='bbox 1775 1704 1996 1773; x_wconf 85' lang='lat' dir='ltr'><strong>juvenis</strong></span> 
     </span>
    </p>
   </div>
   <div class='ocr_carea' id='block_1_19' title="bbox 2104 494 3706 569">
    <p class='ocr_par' dir='ltr' id='par_1_19' title="bbox 2104 494 3706 569">
     <span class='ocr_line' id='line_1_19' title="bbox 2104 494 3706 569; baseline 0.009 -24"><span class='ocrx_word' id='word_1_125' title='bbox 2104 507 2234 561; x_wconf 91' lang='lat' dir='ltr'><strong>pore</strong></span> <span class='ocrx_word' id='word_1_126' title='bbox 2264 494 2430 551; x_wconf 87' lang='lat' dir='ltr'><strong>fuisse</strong></span> <span class='ocrx_word' id='word_1_127' title='bbox 2454 498 2505 551; x_wconf 87' lang='lat' dir='ltr'><strong>in</strong></span> <span class='ocrx_word' id='word_1_128' title='bbox 2528 497 3099 569; x_wconf 81' lang='lat' dir='ltr'><strong>llispaniisjuvenem,</strong></span> <span class='ocrx_word' id='word_1_129' title='bbox 3126 502 3214 569; x_wconf 90' lang='lat' dir='ltr'><strong>qui</strong></span> <span class='ocrx_word' id='word_1_130' title='bbox 3241 518 3362 557; x_wconf 91' lang='lat' dir='ltr'><strong>cum</strong></span> <span class='ocrx_word' id='word_1_131' title='bbox 3391 503 3490 557; x_wconf 92' lang='lat' dir='ltr'><strong>sibi</strong></span> <span class='ocrx_word' id='word_1_132' title='bbox 3520 503 3706 559; x_wconf 88' lang='lat' dir='ltr'><strong>multis</strong></span> 
     </span>
    </p>
   </div>
   <div class='ocr_carea' id='block_1_20' title="bbox 2102 587 3702 664">
    <p class='ocr_par' dir='ltr' id='par_1_20' title="bbox 2102 587 3702 664">
     <span class='ocr_line' id='line_1_20' title="bbox 2102 587 3702 664; baseline 0.006 -23"><span class='ocrx_word' id='word_1_133' title='bbox 2102 587 2269 657; x_wconf 81' lang='lat' dir='ltr'><strong>signis</strong></span> <span class='ocrx_word' id='word_1_134' title='bbox 2298 591 2677 647; x_wconf 87' lang='lat' dir='ltr'><strong>auctoritatem</strong></span> <span class='ocrx_word' id='word_1_135' title='bbox 2730 595 3057 663; x_wconf 79' lang='lat' dir='ltr'><strong>paravisset.</strong></span> <span class='ocrx_word' id='word_1_136' title='bbox 3091 610 3158 651; x_wconf 90' lang='lat' dir='ltr'><strong>eo</strong></span> <span class='ocrx_word' id='word_1_137' title='bbox 3189 612 3360 664; x_wconf 82' lang='lat' dir='ltr'><strong>usque</strong></span> <span class='ocrx_word' id='word_1_138' title='bbox 3394 597 3568 654; x_wconf 87' lang='lat' dir='ltr'><strong>elatus</strong></span> <span class='ocrx_word' id='word_1_139' title='bbox 3598 609 3702 663; x_wconf 82' lang='lat' dir='ltr'><strong>eSt,</strong></span> 
     </span>
    </p>
   </div>
   <div class='ocr_carea' id='block_1_21' title="bbox 2102 683 3707 760">
    <p class='ocr_par' dir='ltr' id='par_1_21' title="bbox 2102 683 3707 760">
     <span class='ocr_line' id='line_1_21' title="bbox 2102 683 3707 760; baseline 0.008 -27"><span class='ocrx_word' id='word_1_140' title='bbox 2102 691 2156 734; x_wconf 89' lang='lat' dir='ltr'><strong>ttt</strong></span> <span class='ocrx_word' id='word_1_141' title='bbox 2184 697 2242 737; x_wconf 93' lang='lat' dir='ltr'><strong>se</strong></span> <span class='ocrx_word' id='word_1_142' title='bbox 2271 683 2474 738; x_wconf 83' lang='lat' dir='ltr'><strong>Heliam</strong></span> <span class='ocrx_word' id='word_1_143' title='bbox 2504 686 2867 755; x_wconf 87' lang='lat' dir='ltr'><strong>profiteretur.</strong></span> <span class='ocrx_word' id='word_1_144' title='bbox 2896 688 3049 755; x_wconf 85' lang='lat' dir='ltr'><strong>Quod</strong></span> <span class='ocrx_word' id='word_1_145' title='bbox 3076 705 3195 743; x_wconf 92' lang='lat' dir='ltr'><strong>cum</strong></span> <span class='ocrx_word' id='word_1_146' title='bbox 3224 689 3470 760; x_wconf 85' lang='lat' dir='ltr'><strong>plerique</strong></span> <span class='ocrx_word' id='word_1_147' title='bbox 3502 700 3707 745; x_wconf 88' lang='lat' dir='ltr'><strong>temere</strong></span> 
     </span>
    </p>
   </div>
   <div class='ocr_carea' id='block_1_22' title="bbox 2101 775 3703 843">
    <p class='ocr_par' dir='ltr' id='par_1_22' title="bbox 2101 775 3703 843">
     <span class='ocr_line' id='line_1_22' title="bbox 2101 775 3703 843; baseline 0.005 -14"><span class='ocrx_word' id='word_1_148' title='bbox 2101 775 2485 843; x_wconf 87' lang='lat' dir='ltr'><strong>credidissent,</strong></span> <span class='ocrx_word' id='word_1_149' title='bbox 2532 780 2738 834; x_wconf 91' lang='lat' dir='ltr'><strong>addidit</strong></span> <span class='ocrx_word' id='word_1_150' title='bbox 2777 788 2836 835; x_wconf 92' lang='lat' dir='ltr'><strong>ut</strong></span> <span class='ocrx_word' id='word_1_151' title='bbox 2877 798 2935 837; x_wconf 91' lang='lat' dir='ltr'><strong>se</strong></span> <span class='ocrx_word' id='word_1_152' title='bbox 2964 779 3246 838; x_wconf 82' lang='lat' dir='ltr'><strong>Christum</strong></span> <span class='ocrx_word' id='word_1_153' title='bbox 3291 798 3413 839; x_wconf 91' lang='lat' dir='ltr'><strong>esse</strong></span> <span class='ocrx_word' id='word_1_154' title='bbox 3456 784 3703 840; x_wconf 88' lang='lat' dir='ltr'><strong>diceret:</strong></span> 
     </span>
    </p>
   </div>
   <div class='ocr_carea' id='block_1_23' title="bbox 2101 867 3700 947">
    <p class='ocr_par' dir='ltr' id='par_1_23' title="bbox 2101 867 3700 947">
     <span class='ocr_line' id='line_1_23' title="bbox 2101 867 3700 947; baseline 0.007 -27"><span class='ocrx_word' id='word_1_155' title='bbox 2101 867 2153 921; x_wconf 89' lang='lat' dir='ltr'><strong>itt</strong></span> <span class='ocrx_word' id='word_1_156' title='bbox 2188 884 2293 939; x_wconf 88' lang='lat' dir='ltr'><strong>quo</strong></span> <span class='ocrx_word' id='word_1_157' title='bbox 2323 871 2487 925; x_wconf 90' lang='lat' dir='ltr'><strong>etiam</strong></span> <span class='ocrx_word' id='word_1_158' title='bbox 2520 871 2656 927; x_wconf 90' lang='lat' dir='ltr'><strong>adeo</strong></span> <span class='ocrx_word' id='word_1_159' title='bbox 2689 872 2881 939; x_wconf 90' lang='lat' dir='ltr'><strong>illusit,</strong></span> <span class='ocrx_word' id='word_1_160' title='bbox 2915 883 2974 929; x_wconf 91' lang='lat' dir='ltr'><strong>ut</strong></span> <span class='ocrx_word' id='word_1_161' title='bbox 3001 890 3125 929; x_wconf 92' lang='lat' dir='ltr'><strong>eum</strong></span> <span class='ocrx_word' id='word_1_162' title='bbox 3146 875 3362 945; x_wconf 90' lang='lat' dir='ltr'><strong>quidam</strong></span> <span class='ocrx_word' id='word_1_163' title='bbox 3389 876 3700 947; x_wconf 90' lang='lat' dir='ltr'><strong>episcopus,</strong></span> 
     </span>
    </p>
   </div>
   <div class='ocr_carea' id='block_1_24' title="bbox 2103 962 3699 1039">
    <p class='ocr_par' dir='ltr' id='par_1_24' title="bbox 2103 962 3699 1039">
     <span class='ocr_line' id='line_1_24' title="bbox 2103 962 3699 1039; baseline 0.008 -27"><span class='ocrx_word' id='word_1_164' title='bbox 2103 962 2325 1017; x_wconf 90' lang='lat' dir='ltr'><strong>nomine</strong></span> <span class='ocrx_word' id='word_1_165' title='bbox 2354 962 2555 1031; x_wconf 82' lang='lat' dir='ltr'><strong>Rufus,</strong></span> <span class='ocrx_word' id='word_1_166' title='bbox 2582 972 2641 1018; x_wconf 92' lang='lat' dir='ltr'><strong>ut</strong></span> <span class='ocrx_word' id='word_1_167' title='bbox 2675 966 2954 1021; x_wconf 86' lang='lat' dir='ltr'><strong>Dominum</strong></span> <span class='ocrx_word' id='word_1_168' title='bbox 2981 966 3236 1023; x_wconf 88' lang='lat' dir='ltr'><strong>adoraret</strong></span> <span class='ocrx_word' id='word_1_169' title='bbox 3262 982 3276 1022; x_wconf 91' lang='lat'>:</span> <span class='ocrx_word' id='word_1_170' title='bbox 3304 979 3527 1038; x_wconf 87' lang='lat' dir='ltr'><strong>propter</strong></span> <span class='ocrx_word' id='word_1_171' title='bbox 3557 970 3699 1039; x_wconf 93' lang='lat' dir='ltr'><strong>quod</strong></span> 
     </span>
    </p>
   </div>
   <div class='ocr_carea' id='block_1_25' title="bbox 2100 1056 3699 1129">
    <p class='ocr_par' dir='ltr' id='par_1_25' title="bbox 2100 1056 3699 1129">
     <span class='ocr_line' id='line_1_25' title="bbox 2100 1056 3699 1129; baseline 0.006 -21"><span class='ocrx_word' id='word_1_172' title='bbox 2100 1067 2222 1108; x_wconf 88' lang='lat' dir='ltr'><strong>eum</strong></span> <span class='ocrx_word' id='word_1_173' title='bbox 2258 1064 2439 1121; x_wconf 91' lang='lat' dir='ltr'><strong>postea</strong></span> <span class='ocrx_word' id='word_1_174' title='bbox 2469 1056 2536 1112; x_wconf 92' lang='lat' dir='ltr'><strong>ab</strong></span> <span class='ocrx_word' id='word_1_175' title='bbox 2579 1058 2896 1127; x_wconf 88' lang='lat' dir='ltr'><strong>episcopatu</strong></span> <span class='ocrx_word' id='word_1_176' title='bbox 2930 1057 3197 1129; x_wconf 91' lang='lat' dir='ltr'><strong>dejectum</strong></span> <span class='ocrx_word' id='word_1_177' title='bbox 3235 1060 3490 1117; x_wconf 83' lang='lat' dir='ltr'><strong>vidimus.</strong></span> <span class='ocrx_word' id='word_1_178' title='bbox 3524 1061 3699 1117; x_wconf 87' lang='lat' dir='ltr'><strong>Pleri-</strong></span> 
     </span>
    </p>
   </div>
   <div class='ocr_carea' id='block_1_26' title="bbox 2100 1148 3703 1221">
    <p class='ocr_par' dir='ltr' id='par_1_26' title="bbox 2100 1148 3703 1221">
     <span class='ocr_line' id='line_1_26' title="bbox 2100 1148 3703 1221; baseline 0.006 -21"><span class='ocrx_word' id='word_1_179' title='bbox 2100 1164 2204 1214; x_wconf 90' lang='lat' dir='ltr'><strong>que</strong></span> <span class='ocrx_word' id='word_1_180' title='bbox 2234 1148 2395 1203; x_wconf 87' lang='lat' dir='ltr'><strong>etiam</strong></span> <span class='ocrx_word' id='word_1_181' title='bbox 2431 1151 2588 1207; x_wconf 87' lang='lat' dir='ltr'><strong>nobis</strong></span> <span class='ocrx_word' id='word_1_182' title='bbox 2620 1168 2649 1207; x_wconf 91' lang='lat' dir='ltr'><strong>e</strong></span> <span class='ocrx_word' id='word_1_183' title='bbox 2678 1151 2937 1207; x_wconf 81' lang='lat' dir='ltr'><strong>fratribus</strong></span> <span class='ocrx_word' id='word_1_184' title='bbox 2968 1154 3296 1221; x_wconf 87' lang='lat' dir='ltr'><strong>retulerunt,</strong></span> <span class='ocrx_word' id='word_1_185' title='bbox 3338 1156 3531 1211; x_wconf 91' lang='lat' dir='ltr'><strong>eodem</strong></span> <span class='ocrx_word' id='word_1_186' title='bbox 3566 1166 3703 1211; x_wconf 69' lang='lat' dir='ltr'><strong>tem-</strong></span> 
     </span>
    </p>
   </div>
   <div class='ocr_carea' id='block_1_27' title="bbox 2103 1242 3700 1318">
    <p class='ocr_par' dir='ltr' id='par_1_27' title="bbox 2103 1242 3700 1318">
     <span class='ocr_line' id='line_1_27' title="bbox 2103 1242 3700 1318; baseline 0.006 -25"><span class='ocrx_word' id='word_1_187' title='bbox 2103 1259 2237 1310; x_wconf 85' lang='lat' dir='ltr'><strong>pore</strong></span> <span class='ocrx_word' id='word_1_188' title='bbox 2269 1242 2320 1297; x_wconf 91' lang='lat' dir='ltr'><strong>in</strong></span> <span class='ocrx_word' id='word_1_189' title='bbox 2345 1242 2565 1300; x_wconf 90' lang='lat' dir='ltr'><strong>Oriente</strong></span> <span class='ocrx_word' id='word_1_190' title='bbox 2588 1244 2879 1315; x_wconf 84' lang='lat' dir='ltr'><strong>quemdam</strong></span> <span class='ocrx_word' id='word_1_191' title='bbox 2901 1246 3203 1313; x_wconf 87' lang='lat' dir='ltr'><strong>exstitisse,</strong></span> <span class='ocrx_word' id='word_1_192' title='bbox 3234 1248 3325 1318; x_wconf 92' lang='lat' dir='ltr'><strong>qui</strong></span> <span class='ocrx_word' id='word_1_193' title='bbox 3353 1265 3411 1303; x_wconf 90' lang='lat' dir='ltr'><strong>se</strong></span> <span class='ocrx_word' id='word_1_194' title='bbox 3433 1249 3700 1305; x_wconf 81' lang='lat' dir='ltr'><strong>Joannem</strong></span> 
     </span>
    </p>
   </div>
   <div class='ocr_carea' id='block_1_28' title="bbox 2100 1338 3707 1415">
    <p class='ocr_par' dir='ltr' id='par_1_28' title="bbox 2100 1338 3707 1415">
     <span class='ocr_line' id='line_1_28' title="bbox 2100 1338 3707 1415; baseline 0.002 -23"><span class='ocrx_word' id='word_1_195' title='bbox 2100 1338 2541 1408; x_wconf 88' lang='lat' dir='ltr'><strong>essejactitaret.</strong></span> <span class='ocrx_word' id='word_1_196' title='bbox 2580 1341 2657 1394; x_wconf 82' lang='lat' dir='ltr'><strong>Ex</strong></span> <span class='ocrx_word' id='word_1_197' title='bbox 2699 1357 2807 1409; x_wconf 92' lang='lat' dir='ltr'><strong>quo</strong></span> <span class='ocrx_word' id='word_1_198' title='bbox 2848 1340 3125 1411; x_wconf 88' lang='lat' dir='ltr'><strong>conjicere</strong></span> <span class='ocrx_word' id='word_1_199' title='bbox 3166 1357 3479 1415; x_wconf 89' lang='lat' dir='ltr'><strong>possumus,</strong></span> <span class='ocrx_word' id='word_1_200' title='bbox 3520 1345 3707 1398; x_wconf 72' lang='lat' dir='ltr'><strong>istius-</strong></span> 
     </span>
    </p>
   </div>
   <div class='ocr_carea' id='block_1_29' title="bbox 2100 1431 3704 1509">
    <p class='ocr_par' dir='ltr' id='par_1_29' title="bbox 2100 1431 3704 1509">
     <span class='ocr_line' id='line_1_29' title="bbox 2100 1431 3704 1509; baseline 0.002 -22"><span class='ocrx_word' id='word_1_201' title='bbox 2100 1432 2246 1487; x_wconf 88' lang='lat' dir='ltr'><strong>modi</strong></span> <span class='ocrx_word' id='word_1_202' title='bbox 2282 1431 2773 1509; x_wconf 69' lang='lat' dir='ltr'><strong>pseudoprophetis</strong></span> <span class='ocrx_word' id='word_1_203' title='bbox 2801 1433 3212 1501; x_wconf 86' lang='lat' dir='ltr'><strong>exsistentibus,</strong></span> <span class='ocrx_word' id='word_1_204' title='bbox 3254 1434 3573 1491; x_wconf 86' lang='lat' dir='ltr'><strong>Antichristi</strong></span> <span class='ocrx_word' id='word_1_205' title='bbox 3608 1436 3704 1491; x_wconf 90' lang='lat' dir='ltr'><strong>ad-</strong></span> 
     </span>
    </p>
   </div>
   <div class='ocr_carea' id='block_1_30' title="bbox 2101 1526 3707 1601">
    <p class='ocr_par' dir='ltr' id='par_1_30' title="bbox 2101 1526 3707 1601">
     <span class='ocr_line' id='line_1_30' title="bbox 2101 1526 3707 1601; baseline 0.004 -23"><span class='ocrx_word' id='word_1_206' title='bbox 2101 1536 2319 1580; x_wconf 86' lang='lat' dir='ltr'><strong>ventum</strong></span> <span class='ocrx_word' id='word_1_207' title='bbox 2352 1527 2661 1593; x_wconf 83' lang='lat' dir='ltr'><strong>imminere,</strong></span> <span class='ocrx_word' id='word_1_208' title='bbox 2696 1526 2786 1598; x_wconf 90' lang='lat' dir='ltr'><strong>qui</strong></span> <span class='ocrx_word' id='word_1_209' title='bbox 2813 1527 2924 1599; x_wconf 89' lang='lat' dir='ltr'><strong>jam</strong></span> <span class='ocrx_word' id='word_1_210' title='bbox 2976 1528 3029 1582; x_wconf 90' lang='lat' dir='ltr'><strong>itt</strong></span> <span class='ocrx_word' id='word_1_211' title='bbox 3077 1528 3196 1583; x_wconf 89' lang='lat' dir='ltr'><strong>istis</strong></span> <span class='ocrx_word' id='word_1_212' title='bbox 3241 1530 3559 1601; x_wconf 85' lang='lat' dir='ltr'><strong>mysterium</strong></span> <span class='ocrx_word' id='word_1_213' title='bbox 3605 1531 3707 1585; x_wconf 91' lang='lat' dir='ltr'><strong>ini-</strong></span> 
     </span>
    </p>
   </div>
   <div class='ocr_carea' id='block_1_31' title="bbox 2068 1618 3706 1695">
    <p class='ocr_par' dir='ltr' id='par_1_31' title="bbox 2068 1618 3706 1695">
     <span class='ocr_line' id='line_1_31' title="bbox 2068 1618 3706 1695; baseline 0.005 -25"><span class='ocrx_word' id='word_1_214' title='bbox 2068 1618 2073 1623; x_wconf 76' lang='grc'><em>’</em></span> <span class='ocrx_word' id='word_1_215' title='bbox 2099 1618 2321 1687; x_wconf 90' lang='lat' dir='ltr'><strong>quitatis</strong></span> <span class='ocrx_word' id='word_1_216' title='bbox 2351 1626 2630 1689; x_wconf 88' lang='lat' dir='ltr'><strong>operatur.</strong></span> <span class='ocrx_word' id='word_1_217' title='bbox 2664 1618 2778 1681; x_wconf 86' lang='lat' dir='ltr'><strong>Non</strong></span> <span class='ocrx_word' id='word_1_218' title='bbox 2799 1620 3239 1695; x_wconf 62' lang='lat' dir='ltr'><strong>praetereundum</strong></span> <span class='ocrx_word' id='word_1_219' title='bbox 3264 1632 3445 1679; x_wconf 87' lang='lat' dir='ltr'><strong>autent</strong></span> <span class='ocrx_word' id='word_1_220' title='bbox 3466 1623 3706 1691; x_wconf 88' lang='lat' dir='ltr'><strong>videtur,</strong></span> 
     </span>
    </p>
   </div>
   <div class='ocr_carea' id='block_1_32' title="bbox 2104 1711 3708 1779">
    <p class='ocr_par' dir='ltr' id='par_1_32' title="bbox 2104 1711 3708 1779">
     <span class='ocr_line' id='line_1_32' title="bbox 2104 1711 3708 1779; baseline 0.008 -20"><span class='ocrx_word' id='word_1_221' title='bbox 2104 1718 2306 1779; x_wconf 80' lang='lat' dir='ltr'><strong>quanta</strong></span> <span class='ocrx_word' id='word_1_222' title='bbox 2349 1711 2638 1766; x_wconf 87' lang='lat' dir='ltr'><strong>Martinum</strong></span> <span class='ocrx_word' id='word_1_223' title='bbox 2690 1712 2791 1767; x_wconf 88' lang='lat' dir='ltr'><strong>sub</strong></span> <span class='ocrx_word' id='word_1_224' title='bbox 2825 1712 3016 1768; x_wconf 90' lang='lat' dir='ltr'><strong>iisdem</strong></span> <span class='ocrx_word' id='word_1_225' title='bbox 3068 1712 3263 1768; x_wconf 90' lang='lat' dir='ltr'><strong>diebus</strong></span> <span class='ocrx_word' id='word_1_226' title='bbox 3302 1713 3550 1771; x_wconf 88' lang='lat' dir='ltr'><strong>diabolus</strong></span> <span class='ocrx_word' id='word_1_227' title='bbox 3591 1728 3708 1773; x_wconf 88' lang='lat' dir='ltr'><strong>arte</strong></span> 
     </span>
    </p>
   </div>
   <div class='ocr_carea' id='block_1_33' title="bbox 386 1778 3708 1879">
    <p class='ocr_par' dir='ltr' id='par_1_33' title="bbox 386 1778 3708 1879">
     <span class='ocr_line' id='line_1_33' title="bbox 386 1778 3708 1879; baseline 0.008 -43"><span class='ocrx_word' id='word_1_228' title='bbox 386 1783 614 1853; x_wconf 86' lang='lat' dir='ltr'><strong>quidam</strong></span> <span class='ocrx_word' id='word_1_229' title='bbox 646 1786 715 1840; x_wconf 87' lang='lat' dir='ltr'><strong>ad</strong></span> <span class='ocrx_word' id='word_1_230' title='bbox 741 1801 863 1841; x_wconf 91' lang='lat' dir='ltr'><strong>eum</strong></span> <span class='ocrx_word' id='word_1_231' title='bbox 908 1790 1194 1845; x_wconf 80' lang='lat' dir='ltr'><strong>Anatolius</strong></span> <span class='ocrx_word' id='word_1_232' title='bbox 1237 1793 1482 1856; x_wconf 88' lang='lat' dir='ltr'><strong>nomine,</strong></span> <span class='ocrx_word' id='word_1_233' title='bbox 1516 1793 1619 1848; x_wconf 90' lang='lat' dir='ltr'><strong>sub</strong></span> <span class='ocrx_word' id='word_1_234' title='bbox 1650 1794 1992 1864; x_wconf 86' lang='lat' dir='ltr'><strong>professione</strong></span> <span class='ocrx_word' id='word_1_235' title='bbox 2021 1778 2071 1839; x_wconf 80' lang='grc' dir='ltr'><strong>Β</strong></span> <span class='ocrx_word' id='word_1_236' title='bbox 2102 1778 2410 1856; x_wconf 87' lang='lat' dir='ltr'><strong>tentaverit.</strong></span> <span class='ocrx_word' id='word_1_237' title='bbox 2459 1802 2703 1875; x_wconf 88' lang='lat' dir='ltr'><strong>Quodam</strong></span> <span class='ocrx_word' id='word_1_238' title='bbox 2746 1805 2888 1859; x_wconf 91' lang='lat' dir='ltr'><strong>enim</strong></span> <span class='ocrx_word' id='word_1_239' title='bbox 2932 1805 3021 1859; x_wconf 88' lang='lat' dir='ltr'><strong>die</strong></span> <span class='ocrx_word' id='word_1_240' title='bbox 3064 1807 3342 1874; x_wconf 86' lang='lat' dir='ltr'><strong>praemissa</strong></span> <span class='ocrx_word' id='word_1_241' title='bbox 3387 1822 3497 1879; x_wconf 84' lang='lat' dir='ltr'><strong>prae</strong></span> <span class='ocrx_word' id='word_1_242' title='bbox 3548 1822 3607 1861; x_wconf 91' lang='lat' dir='ltr'><strong>se</strong></span> <span class='ocrx_word' id='word_1_243' title='bbox 3652 1820 3708 1862; x_wconf 91' lang='lat' dir='ltr'><strong>et</strong></span> 
     </span>
    </p>
   </div>
   <div class='ocr_carea' id='block_1_34' title="bbox 390 1877 1994 1955">
    <p class='ocr_par' dir='ltr' id='par_1_34' title="bbox 390 1877 1994 1955">
     <span class='ocr_line' id='line_1_34' title="bbox 390 1877 1994 1955; baseline 0.008 -26"><span class='ocrx_word' id='word_1_244' title='bbox 390 1877 648 1932; x_wconf 84' lang='lat' dir='ltr'><strong>monachi</strong></span> <span class='ocrx_word' id='word_1_245' title='bbox 700 1893 919 1934; x_wconf 91' lang='lat' dir='ltr'><strong>omnem</strong></span> <span class='ocrx_word' id='word_1_246' title='bbox 980 1880 1344 1937; x_wconf 87' lang='lat' dir='ltr'><strong>humilitatem</strong></span> <span class='ocrx_word' id='word_1_247' title='bbox 1403 1894 1565 1955; x_wconf 89' lang='lat' dir='ltr'><strong>atque</strong></span> <span class='ocrx_word' id='word_1_248' title='bbox 1620 1885 1994 1942; x_wconf 84' lang='lat' dir='ltr'><strong>innocentiam</strong></span> 
     </span>
    </p>
   </div>
   <div class='ocr_carea' id='block_1_35' title="bbox 390 1972 1995 2049">
    <p class='ocr_par' dir='ltr' id='par_1_35' title="bbox 390 1972 1995 2049">
     <span class='ocr_line' id='line_1_35' title="bbox 390 1972 1995 2049; baseline 0.006 -24"><span class='ocrx_word' id='word_1_249' title='bbox 390 1972 650 2026; x_wconf 85' lang='lat' dir='ltr'><strong>mentitus</strong></span> <span class='ocrx_word' id='word_1_250' title='bbox 687 1975 939 2040; x_wconf 82' lang='lat' dir='ltr'><strong>accessit,</strong></span> <span class='ocrx_word' id='word_1_251' title='bbox 976 1976 1349 2049; x_wconf 87' lang='lat' dir='ltr'><strong>habitavitque</strong></span> <span class='ocrx_word' id='word_1_252' title='bbox 1380 1977 1710 2048; x_wconf 89' lang='lat' dir='ltr'><strong>aliquamdiu</strong></span> <span class='ocrx_word' id='word_1_253' title='bbox 1752 1980 1806 2035; x_wconf 92' lang='lat' dir='ltr'><strong>in</strong></span> <span class='ocrx_word' id='word_1_254' title='bbox 1845 1996 1995 2035; x_wconf 87' lang='lat' dir='ltr'><strong>eom-</strong></span> 
     </span>
    </p>
   </div>
   <div class='ocr_carea' id='block_1_36' title="bbox 388 2070 1993 2146">
    <p class='ocr_par' dir='ltr' id='par_1_36' title="bbox 388 2070 1993 2146">
     <span class='ocr_line' id='line_1_36' title="bbox 388 2070 1993 2146; baseline 0.009 -29"><span class='ocrx_word' id='word_1_255' title='bbox 388 2078 551 2119; x_wconf 88' lang='lat' dir='ltr'><strong>mune</strong></span> <span class='ocrx_word' id='word_1_256' title='bbox 572 2080 692 2119; x_wconf 89' lang='lat' dir='ltr'><strong>cum</strong></span> <span class='ocrx_word' id='word_1_257' title='bbox 718 2072 953 2122; x_wconf 65' lang='lat' dir='ltr'><strong>caeteris.</strong></span> <span class='ocrx_word' id='word_1_258' title='bbox 985 2070 1113 2125; x_wconf 89' lang='lat' dir='ltr'><strong>Dein</strong></span> <span class='ocrx_word' id='word_1_259' title='bbox 1143 2072 1473 2140; x_wconf 87' lang='lat' dir='ltr'><strong>procedente</strong></span> <span class='ocrx_word' id='word_1_260' title='bbox 1501 2083 1744 2143; x_wconf 87' lang='lat' dir='ltr'><strong>tempore</strong></span> <span class='ocrx_word' id='word_1_261' title='bbox 1766 2077 1993 2146; x_wconf 83' lang='lat' dir='ltr'><strong>angelos</strong></span> 
     </span>
    </p>
   </div>
   <div class='ocr_carea' id='block_1_37' title="bbox 389 2155 1992 2229">
    <p class='ocr_par' dir='ltr' id='par_1_37' title="bbox 389 2155 1992 2229">
     <span class='ocr_line' id='line_1_37' title="bbox 389 2155 1992 2229; baseline 0.01 -22"><span class='ocrx_word' id='word_1_262' title='bbox 389 2155 536 2223; x_wconf 87' lang='lat' dir='ltr'><strong>apud</strong></span> <span class='ocrx_word' id='word_1_263' title='bbox 582 2171 642 2213; x_wconf 87' lang='lat' dir='ltr'><strong>se</strong></span> <span class='ocrx_word' id='word_1_264' title='bbox 688 2158 830 2229; x_wconf 85' lang='lat' dir='ltr'><strong>loqui</strong></span> <span class='ocrx_word' id='word_1_265' title='bbox 879 2160 1060 2215; x_wconf 89' lang='lat' dir='ltr'><strong>solere</strong></span> <span class='ocrx_word' id='word_1_266' title='bbox 1096 2162 1369 2218; x_wconf 89' lang='lat' dir='ltr'><strong>dicebat:</strong></span> <span class='ocrx_word' id='word_1_267' title='bbox 1417 2182 1539 2220; x_wconf 91' lang='lat' dir='ltr'><strong>cum</strong></span> <span class='ocrx_word' id='word_1_268' title='bbox 1596 2167 1755 2221; x_wconf 82' lang='lat' dir='ltr'><strong>fidem</strong></span> <span class='ocrx_word' id='word_1_269' title='bbox 1810 2170 1992 2223; x_wconf 89' lang='lat' dir='ltr'><strong>nullus</strong></span> 
     </span>
    </p>
   </div>
   <div class='ocr_carea' id='block_1_38' title="bbox 386 2247 1990 2329">
    <p class='ocr_par' dir='ltr' id='par_1_38' title="bbox 386 2247 1990 2329">
     <span class='ocr_line' id='line_1_38' title="bbox 386 2247 1990 2329; baseline 0.011 -30"><span class='ocrx_word' id='word_1_270' title='bbox 386 2247 697 2316; x_wconf 84' lang='lat' dir='ltr'><strong>adhiberet,</strong></span> <span class='ocrx_word' id='word_1_271' title='bbox 724 2253 894 2321; x_wconf 83' lang='lat' dir='ltr'><strong>signis</strong></span> <span class='ocrx_word' id='word_1_272' title='bbox 910 2252 1235 2324; x_wconf 88' lang='lat' dir='ltr'><strong>quibusdam</strong></span> <span class='ocrx_word' id='word_1_273' title='bbox 1259 2258 1550 2329; x_wconf 87' lang='lat' dir='ltr'><strong>plerosque</strong></span> <span class='ocrx_word' id='word_1_274' title='bbox 1568 2260 1637 2314; x_wconf 89' lang='lat' dir='ltr'><strong>ad</strong></span> <span class='ocrx_word' id='word_1_275' title='bbox 1657 2261 1990 2317; x_wconf 87' lang='lat' dir='ltr'><strong>credendum</strong></span> 
     </span>
    </p>
   </div>
   <div class='ocr_carea' id='block_1_39' title="bbox 382 2341 1992 2421">
    <p class='ocr_par' dir='ltr' id='par_1_39' title="bbox 382 2341 1992 2421">
     <span class='ocr_line' id='line_1_39' title="bbox 382 2341 1992 2421; baseline 0.01 -28"><span class='ocrx_word' id='word_1_276' title='bbox 382 2341 719 2396; x_wconf 79' lang='lat' dir='ltr'><strong>coarCtabat.</strong></span> <span class='ocrx_word' id='word_1_277' title='bbox 752 2343 1038 2402; x_wconf 89' lang='lat' dir='ltr'><strong>Postremo</strong></span> <span class='ocrx_word' id='word_1_278' title='bbox 1061 2362 1129 2402; x_wconf 91' lang='lat' dir='ltr'><strong>eo</strong></span> <span class='ocrx_word' id='word_1_279' title='bbox 1165 2353 1645 2421; x_wconf 84' lang='lat' dir='ltr'><strong>usqueprocessit,</strong></span> <span class='ocrx_word' id='word_1_280' title='bbox 1674 2366 1727 2407; x_wconf 89' lang='lat' dir='ltr'><strong>ut</strong></span> <span class='ocrx_word' id='word_1_281' title='bbox 1765 2356 1907 2408; x_wconf 89' lang='lat' dir='ltr'><strong>inter</strong></span> <span class='ocrx_word' id='word_1_282' title='bbox 1933 2370 1992 2409; x_wconf 93' lang='lat' dir='ltr'><strong>se</strong></span> 
     </span>
    </p>
   </div>
   <div class='ocr_carea' id='block_1_40' title="bbox 382 2434 1992 2518">
    <p class='ocr_par' dir='ltr' id='par_1_40' title="bbox 382 2434 1992 2518">
     <span class='ocr_line' id='line_1_40' title="bbox 382 2434 1992 2518; baseline 0.009 -30"><span class='ocrx_word' id='word_1_283' title='bbox 382 2446 449 2489; x_wconf 85' lang='lat' dir='ltr'><strong>ac</strong></span> <span class='ocrx_word' id='word_1_284' title='bbox 487 2434 656 2490; x_wconf 86' lang='lat' dir='ltr'><strong>Deum</strong></span> <span class='ocrx_word' id='word_1_285' title='bbox 681 2439 905 2509; x_wconf 85' lang='lat' dir='ltr'><strong>angelos</strong></span> <span class='ocrx_word' id='word_1_286' title='bbox 931 2441 1244 2498; x_wconf 87' lang='lat' dir='ltr'><strong>discurrere</strong></span> <span class='ocrx_word' id='word_1_287' title='bbox 1287 2445 1614 2513; x_wconf 74' lang='lat' dir='ltr'><strong>prtediearet</strong></span> <span class='ocrx_word' id='word_1_288' title='bbox 1639 2465 1650 2499; x_wconf 89' lang='lat'><strong>:</strong></span> <span class='ocrx_word' id='word_1_289' title='bbox 1678 2446 1899 2518; x_wconf 89' lang='lat' dir='ltr'><strong>jamqtte</strong></span> <span class='ocrx_word' id='word_1_290' title='bbox 1932 2463 1992 2503; x_wconf 93' lang='lat' dir='ltr'><strong>se</strong></span> 
     </span>
    </p>
   </div>
   <div class='ocr_carea' id='block_1_41' title="bbox 383 2533 1993 2601">
    <p class='ocr_par' dir='ltr' id='par_1_41' title="bbox 383 2533 1993 2601">
     <span class='ocr_line' id='line_1_41' title="bbox 383 2533 1993 2601; baseline 0.008 -19"><span class='ocrx_word' id='word_1_291' title='bbox 383 2544 546 2584; x_wconf 91' lang='lat' dir='ltr'><strong>unum</strong></span> <span class='ocrx_word' id='word_1_292' title='bbox 578 2545 644 2586; x_wconf 80' lang='lat' dir='ltr'><strong>ex</strong></span> <span class='ocrx_word' id='word_1_293' title='bbox 682 2533 961 2601; x_wconf 87' lang='lat' dir='ltr'><strong>pr0phetis</strong></span> <span class='ocrx_word' id='word_1_294' title='bbox 994 2534 1181 2591; x_wconf 92' lang='lat' dir='ltr'><strong>haberi</strong></span> <span class='ocrx_word' id='word_1_295' title='bbox 1216 2538 1663 2593; x_wconf 87' lang='lat' dir='ltr'><strong>volebat.Clarus</strong></span> <span class='ocrx_word' id='word_1_296' title='bbox 1698 2550 1875 2595; x_wconf 90' lang='lat' dir='ltr'><strong>tamen</strong></span> <span class='ocrx_word' id='word_1_297' title='bbox 1898 2557 1993 2595; x_wconf 91' lang='lat' dir='ltr'><strong>ne-</strong></span> 
     </span>
    </p>
   </div>
   <div class='ocr_carea' id='block_1_42' title="bbox 383 2625 1991 2701">
    <p class='ocr_par' dir='ltr' id='par_1_42' title="bbox 383 2625 1991 2701">
     <span class='ocr_line' id='line_1_42' title="bbox 383 2625 1991 2701; baseline 0.009 -29"><span class='ocrx_word' id='word_1_298' title='bbox 383 2636 650 2693; x_wconf 85' lang='lat' dir='ltr'><strong>quaquam</strong></span> <span class='ocrx_word' id='word_1_299' title='bbox 699 2625 766 2679; x_wconf 91' lang='lat' dir='ltr'><strong>ad</strong></span> <span class='ocrx_word' id='word_1_300' title='bbox 799 2626 1131 2681; x_wconf 88' lang='lat' dir='ltr'><strong>credendum</strong></span> <span class='ocrx_word' id='word_1_301' title='bbox 1166 2629 1284 2701; x_wconf 81' lang='lat' dir='ltr'><strong>cogi</strong></span> <span class='ocrx_word' id='word_1_302' title='bbox 1335 2639 1568 2699; x_wconf 89' lang='lat' dir='ltr'><strong>poterat.</strong></span> <span class='ocrx_word' id='word_1_303' title='bbox 1622 2631 1720 2685; x_wconf 90' lang='lat' dir='ltr'><strong>Ille</strong></span> <span class='ocrx_word' id='word_1_304' title='bbox 1761 2633 1810 2686; x_wconf 92' lang='lat' dir='ltr'><strong>ei</strong></span> <span class='ocrx_word' id='word_1_305' title='bbox 1854 2632 1991 2686; x_wconf 90' lang='lat' dir='ltr'><strong>iram</strong></span> 
     </span>
    </p>
   </div>
   <div class='ocr_carea' id='block_1_43' title="bbox 386 2712 1994 2791">
    <p class='ocr_par' dir='ltr' id='par_1_43' title="bbox 386 2712 1994 2791">
     <span class='ocr_line' id='line_1_43' title="bbox 386 2712 1994 2791; baseline 0.01 -25"><span class='ocrx_word' id='word_1_306' title='bbox 386 2712 603 2769; x_wconf 86' lang='lat' dir='ltr'><strong>Domini</strong></span> <span class='ocrx_word' id='word_1_307' title='bbox 625 2725 682 2771; x_wconf 92' lang='lat' dir='ltr'><strong>et</strong></span> <span class='ocrx_word' id='word_1_308' title='bbox 710 2729 1017 2785; x_wconf 80' lang='lat' dir='ltr'><strong>praesentes</strong></span> <span class='ocrx_word' id='word_1_309' title='bbox 1061 2721 1271 2791; x_wconf 81' lang='lat' dir='ltr'><strong>plagas,</strong></span> <span class='ocrx_word' id='word_1_310' title='bbox 1307 2738 1407 2777; x_wconf 89' lang='lat' dir='ltr'><strong>cur</strong></span> <span class='ocrx_word' id='word_1_311' title='bbox 1434 2734 1629 2778; x_wconf 90' lang='lat' dir='ltr'><strong>sancto</strong></span> <span class='ocrx_word' id='word_1_312' title='bbox 1670 2740 1774 2779; x_wconf 85' lang='lat' dir='ltr'><strong>non</strong></span> <span class='ocrx_word' id='word_1_313' title='bbox 1805 2726 1994 2781; x_wconf 87' lang='lat' dir='ltr'><strong>crede-</strong></span> 
     </span>
    </p>
   </div>
   <div class='ocr_carea' id='block_1_44' title="bbox 384 2810 1993 2889">
    <p class='ocr_par' dir='ltr' id='par_1_44' title="bbox 384 2810 1993 2889">
     <span class='ocr_line' id='line_1_44' title="bbox 384 2810 1993 2889; baseline 0.01 -30"><span class='ocrx_word' id='word_1_314' title='bbox 384 2815 486 2869; x_wconf 88' lang='lat' dir='ltr'><strong>ret,</strong></span> <span class='ocrx_word' id='word_1_315' title='bbox 517 2810 871 2864; x_wconf 85' lang='lat' dir='ltr'><strong>comminari.</strong></span> <span class='ocrx_word' id='word_1_316' title='bbox 909 2812 1197 2868; x_wconf 85' lang='lat' dir='ltr'><strong>Postretno</strong></span> <span class='ocrx_word' id='word_1_317' title='bbox 1230 2816 1281 2868; x_wconf 93' lang='lat' dir='ltr'><strong>in</strong></span> <span class='ocrx_word' id='word_1_318' title='bbox 1318 2816 1455 2870; x_wconf 88' lang='lat' dir='ltr'><strong>hanc</strong></span> <span class='ocrx_word' id='word_1_319' title='bbox 1501 2832 1689 2871; x_wconf 85' lang='lat' dir='ltr'><strong>vocem</strong></span> <span class='ocrx_word' id='word_1_320' title='bbox 1740 2823 1993 2889; x_wconf 85' lang='lat' dir='ltr'><strong>erupisse</strong></span> 
     </span>
    </p>
   </div>
   <div class='ocr_carea' id='block_1_45' title="bbox 382 2897 1992 2967">
    <p class='ocr_par' dir='ltr' id='par_1_45' title="bbox 382 2897 1992 2967">
     <span class='ocr_line' id='line_1_45' title="bbox 382 2897 1992 2967; baseline 0.009 -15"><span class='ocrx_word' id='word_1_321' title='bbox 382 2897 593 2954; x_wconf 79' lang='lat' dir='ltr'><strong>fertur:</strong></span> <span class='ocrx_word' id='word_1_322' title='bbox 628 2901 770 2959; x_wconf 86' lang='lat' dir='ltr'><strong>Ecce</strong></span> <span class='ocrx_word' id='word_1_323' title='bbox 811 2903 914 2960; x_wconf 90' lang='lat' dir='ltr'><strong>bac</strong></span> <span class='ocrx_word' id='word_1_324' title='bbox 958 2917 1120 2962; x_wconf 90' lang='lat' dir='ltr'><strong>nocte</strong></span> <span class='ocrx_word' id='word_1_325' title='bbox 1149 2917 1357 2964; x_wconf 80' lang='lat' dir='ltr'><strong>vestem</strong></span> <span class='ocrx_word' id='word_1_326' title='bbox 1401 2909 1532 2964; x_wconf 90' lang='lat' dir='ltr'><strong>milti</strong></span> <span class='ocrx_word' id='word_1_327' title='bbox 1563 2912 1848 2967; x_wconf 90' lang='lat' dir='ltr'><strong>candidam</strong></span> <span class='ocrx_word' id='word_1_328' title='bbox 1879 2912 1992 2967; x_wconf 81' lang='lat' dir='ltr'><strong>Do—</strong></span> 
     </span>
    </p>
   </div>
   <div class='ocr_carea' id='block_1_46' title="bbox 383 2994 1988 3072">
    <p class='ocr_par' dir='ltr' id='par_1_46' title="bbox 383 2994 1988 3072">
     <span class='ocr_line' id='line_1_46' title="bbox 383 2994 1988 3072; baseline 0.008 -24"><span class='ocrx_word' id='word_1_329' title='bbox 383 2994 565 3049; x_wconf 85' lang='lat' dir='ltr'><strong>minus</strong></span> <span class='ocrx_word' id='word_1_330' title='bbox 600 2995 670 3052; x_wconf 90' lang='lat' dir='ltr'><strong>de</strong></span> <span class='ocrx_word' id='word_1_331' title='bbox 697 2998 840 3054; x_wconf 65' lang='lat' dir='ltr'><strong>caelo</strong></span> <span class='ocrx_word' id='word_1_332' title='bbox 868 2999 1038 3068; x_wconf 85' lang='lat' dir='ltr'><strong>dabit,</strong></span> <span class='ocrx_word' id='word_1_333' title='bbox 1069 3017 1170 3072; x_wconf 88' lang='lat' dir='ltr'><strong>qua</strong></span> <span class='ocrx_word' id='word_1_334' title='bbox 1201 3003 1423 3058; x_wconf 85' lang='lat' dir='ltr'><strong>indutus</strong></span> <span class='ocrx_word' id='word_1_335' title='bbox 1454 3004 1507 3059; x_wconf 90' lang='lat' dir='ltr'><strong>in</strong></span> <span class='ocrx_word' id='word_1_336' title='bbox 1537 3006 1717 3061; x_wconf 88' lang='lat' dir='ltr'><strong>medio</strong></span> <span class='ocrx_word' id='word_1_337' title='bbox 1749 3019 1988 3061; x_wconf 83' lang='lat' dir='ltr'><strong>vestrum</strong></span> 
     </span>
    </p>
   </div>
   <div class='ocr_carea' id='block_1_47' title="bbox 384 3086 1990 3166">
    <p class='ocr_par' dir='ltr' id='par_1_47' title="bbox 384 3086 1990 3166">
     <span class='ocr_line' id='line_1_47' title="bbox 384 3086 1990 3166; baseline 0.008 -26"><span class='ocrx_word' id='word_1_338' title='bbox 384 3086 702 3145; x_wconf 87' lang='lat' dir='ltr'><strong>diversabor</strong></span> <span class='ocrx_word' id='word_1_339' title='bbox 740 3108 753 3144; x_wconf 88' lang='lat'><strong>:</strong></span> <span class='ocrx_word' id='word_1_340' title='bbox 802 3090 968 3162; x_wconf 86' lang='lat' dir='ltr'><strong>idque</strong></span> <span class='ocrx_word' id='word_1_341' title='bbox 1008 3094 1163 3147; x_wconf 88' lang='lat' dir='ltr'><strong>vobis</strong></span> <span class='ocrx_word' id='word_1_342' title='bbox 1193 3095 1403 3166; x_wconf 84' lang='lat' dir='ltr'><strong>signum</strong></span> <span class='ocrx_word' id='word_1_343' title='bbox 1436 3097 1559 3160; x_wconf 91' lang='lat' dir='ltr'><strong>erit,</strong></span> <span class='ocrx_word' id='word_1_344' title='bbox 1599 3112 1685 3152; x_wconf 91' lang='lat' dir='ltr'><strong>me</strong></span> <span class='ocrx_word' id='word_1_345' title='bbox 1725 3097 1819 3152; x_wconf 89' lang='lat' dir='ltr'><strong>Dei</strong></span> <span class='ocrx_word' id='word_1_346' title='bbox 1864 3113 1990 3155; x_wconf 91' lang='lat' dir='ltr'><strong>esse</strong></span> 
     </span>
    </p>
   </div>
   <div class='ocr_carea' id='block_1_48' title="bbox 382 3167 2060 3261">
    <p class='ocr_par' dir='ltr' id='par_1_48' title="bbox 382 3167 2060 3261">
     <span class='ocr_line' id='line_1_48' title="bbox 382 3167 2060 3261; baseline 0.007 -27"><span class='ocrx_word' id='word_1_347' title='bbox 382 3182 657 3249; x_wconf 86' lang='lat' dir='ltr'><strong>virtutem,</strong></span> <span class='ocrx_word' id='word_1_348' title='bbox 690 3184 783 3254; x_wconf 89' lang='lat' dir='ltr'><strong>qui</strong></span> <span class='ocrx_word' id='word_1_349' title='bbox 811 3183 906 3239; x_wconf 89' lang='lat' dir='ltr'><strong>Dei</strong></span> <span class='ocrx_word' id='word_1_350' title='bbox 932 3192 1083 3240; x_wconf 87' lang='lat' dir='ltr'><strong>veste</strong></span> <span class='ocrx_word' id='word_1_351' title='bbox 1110 3186 1347 3242; x_wconf 89' lang='lat' dir='ltr'><strong>donatus</strong></span> <span class='ocrx_word' id='word_1_352' title='bbox 1366 3191 1491 3243; x_wconf 91' lang='lat' dir='ltr'><strong>sim.</strong></span> <span class='ocrx_word' id='word_1_353' title='bbox 1517 3188 1653 3244; x_wconf 91' lang='lat' dir='ltr'><strong>Tum</strong></span> <span class='ocrx_word' id='word_1_354' title='bbox 1676 3205 1806 3244; x_wconf 88' lang='lat' dir='ltr'><strong>vero</strong></span> <span class='ocrx_word' id='word_1_355' title='bbox 1823 3207 1988 3261; x_wconf 85' lang='lat' dir='ltr'><strong>gran-</strong></span> <span class='ocrx_word' id='word_1_356' title='bbox 2013 3167 2060 3231; x_wconf 68' lang='grc' dir='ltr'>ο</span> 
     </span>
    </p>
   </div>
   <div class='ocr_carea' id='block_1_49' title="bbox 380 3268 1986 3352">
    <p class='ocr_par' dir='ltr' id='par_1_49' title="bbox 380 3268 1986 3352">
     <span class='ocr_line' id='line_1_49' title="bbox 380 3268 1986 3352; baseline 0.007 -27"><span class='ocrx_word' id='word_1_357' title='bbox 380 3268 463 3325; x_wconf 84' lang='lat' dir='ltr'><strong>dis</strong></span> <span class='ocrx_word' id='word_1_358' title='bbox 480 3274 722 3327; x_wconf 89' lang='lat' dir='ltr'><strong>omnium</strong></span> <span class='ocrx_word' id='word_1_359' title='bbox 750 3274 817 3328; x_wconf 92' lang='lat' dir='ltr'><strong>ad</strong></span> <span class='ocrx_word' id='word_1_360' title='bbox 838 3275 979 3330; x_wconf 89' lang='lat' dir='ltr'><strong>hanc</strong></span> <span class='ocrx_word' id='word_1_361' title='bbox 1000 3275 1404 3345; x_wconf 86' lang='lat' dir='ltr'><strong>professionem</strong></span> <span class='ocrx_word' id='word_1_362' title='bbox 1424 3280 1781 3348; x_wconf 82' lang='lat' dir='ltr'><strong>exspectatio.</strong></span> <span class='ocrx_word' id='word_1_363' title='bbox 1801 3280 1986 3352; x_wconf 90' lang='lat' dir='ltr'><strong>Itaque</strong></span> 
     </span>
    </p>
   </div>
   <div class='ocr_carea' id='block_1_50' title="bbox 382 3369 1981 3433">
    <p class='ocr_par' dir='ltr' id='par_1_50' title="bbox 382 3369 1981 3433">
     <span class='ocr_line' id='line_1_50' title="bbox 382 3369 1981 3433; baseline 0.007 -11"><span class='ocrx_word' id='word_1_364' title='bbox 382 3369 447 3424; x_wconf 87' lang='lat' dir='ltr'><strong>ad</strong></span> <span class='ocrx_word' id='word_1_365' title='bbox 479 3371 715 3426; x_wconf 88' lang='lat' dir='ltr'><strong>mediam</strong></span> <span class='ocrx_word' id='word_1_366' title='bbox 742 3372 857 3429; x_wconf 88' lang='lat' dir='ltr'><strong>fere</strong></span> <span class='ocrx_word' id='word_1_367' title='bbox 885 3382 1099 3428; x_wconf 90' lang='lat' dir='ltr'><strong>noctem</strong></span> <span class='ocrx_word' id='word_1_368' title='bbox 1130 3372 1347 3429; x_wconf 83' lang='lat' dir='ltr'><strong>fremitu</strong></span> <span class='ocrx_word' id='word_1_369' title='bbox 1378 3382 1578 3430; x_wconf 88' lang='lat' dir='ltr'><strong>terram</strong></span> <span class='ocrx_word' id='word_1_370' title='bbox 1609 3376 1981 3433; x_wconf 87' lang='lat' dir='ltr'><strong>insultantium</strong></span> 
     </span>
    </p>
   </div>
   <div class='ocr_carea' id='block_1_51' title="bbox 379 3464 1985 3528">
    <p class='ocr_par' dir='ltr' id='par_1_51' title="bbox 379 3464 1985 3528">
     <span class='ocr_line' id='line_1_51' title="bbox 379 3464 1985 3528; baseline 0.006 -10"><span class='ocrx_word' id='word_1_371' title='bbox 379 3464 724 3519; x_wconf 84' lang='lat' dir='ltr'><strong>commoveri</strong></span> <span class='ocrx_word' id='word_1_372' title='bbox 751 3480 911 3522; x_wconf 89' lang='lat' dir='ltr'><strong>omne</strong></span> <span class='ocrx_word' id='word_1_373' title='bbox 936 3470 1326 3524; x_wconf 78' lang='lat' dir='ltr'><strong>monasterium</strong></span> <span class='ocrx_word' id='word_1_374' title='bbox 1359 3469 1481 3524; x_wconf 92' lang='lat' dir='ltr'><strong>loco</strong></span> <span class='ocrx_word' id='word_1_375' title='bbox 1512 3471 1686 3526; x_wconf 90' lang='lat' dir='ltr'><strong>visunt</strong></span> <span class='ocrx_word' id='word_1_376' title='bbox 1725 3482 1806 3526; x_wconf 89' lang='lat' dir='ltr'><strong>est</strong></span> <span class='ocrx_word' id='word_1_377' title='bbox 1834 3491 1847 3526; x_wconf 92' lang='lat'>:</span> <span class='ocrx_word' id='word_1_378' title='bbox 1878 3473 1985 3528; x_wconf 85' lang='lat' dir='ltr'><strong>cel—</strong></span> 
     </span>
    </p>
   </div>
   <div class='ocr_carea' id='block_1_52' title="bbox 381 3557 1979 3635">
    <p class='ocr_par' dir='ltr' id='par_1_52' title="bbox 381 3557 1979 3635">
     <span class='ocr_line' id='line_1_52' title="bbox 381 3557 1979 3635; baseline 0.006 -23"><span class='ocrx_word' id='word_1_379' title='bbox 381 3557 555 3612; x_wconf 86' lang='lat' dir='ltr'><strong>lulam</strong></span> <span class='ocrx_word' id='word_1_380' title='bbox 588 3567 788 3626; x_wconf 90' lang='lat' dir='ltr'><strong>autem,</strong></span> <span class='ocrx_word' id='word_1_381' title='bbox 820 3561 872 3613; x_wconf 89' lang='lat' dir='ltr'><strong>in</strong></span> <span class='ocrx_word' id='word_1_382' title='bbox 912 3577 1014 3632; x_wconf 90' lang='lat' dir='ltr'><strong>qua</strong></span> <span class='ocrx_word' id='word_1_383' title='bbox 1050 3563 1191 3617; x_wconf 87' lang='lat' dir='ltr'><strong>idem</strong></span> <span class='ocrx_word' id='word_1_384' title='bbox 1222 3563 1544 3621; x_wconf 80' lang='lat' dir='ltr'><strong>adolesecns</strong></span> <span class='ocrx_word' id='word_1_385' title='bbox 1575 3566 1979 3635; x_wconf 88' lang='lat' dir='ltr'><strong>continebatur,</strong></span> 
     </span>
    </p>
   </div>
   <div class='ocr_carea' id='block_1_53' title="bbox 380 3649 1979 3727">
    <p class='ocr_par' dir='ltr' id='par_1_53' title="bbox 380 3649 1979 3727">
     <span class='ocr_line' id='line_1_53' title="bbox 380 3649 1979 3727; baseline 0.006 -22"><span class='ocrx_word' id='word_1_386' title='bbox 380 3649 592 3705; x_wconf 86' lang='lat' dir='ltr'><strong>crebris</strong></span> <span class='ocrx_word' id='word_1_387' title='bbox 623 3665 881 3708; x_wconf 90' lang='lat' dir='ltr'><strong>cerneres</strong></span> <span class='ocrx_word' id='word_1_388' title='bbox 921 3655 1120 3711; x_wconf 86' lang='lat' dir='ltr'><strong>micare</strong></span> <span class='ocrx_word' id='word_1_389' title='bbox 1165 3656 1458 3714; x_wconf 90' lang='lat' dir='ltr'><strong>luminibus</strong></span> <span class='ocrx_word' id='word_1_390' title='bbox 1494 3676 1505 3711; x_wconf 88' lang='lat'>:</span> <span class='ocrx_word' id='word_1_391' title='bbox 1538 3658 1892 3727; x_wconf 78' lang='lat' dir='ltr'><strong>fremitusque</strong></span> <span class='ocrx_word' id='word_1_392' title='bbox 1927 3660 1979 3715; x_wconf 85' lang='lat' dir='ltr'><strong>in</strong></span> 
     </span>
    </p>
   </div>
   <div class='ocr_carea' id='block_1_54' title="bbox 379 3742 1976 3821">
    <p class='ocr_par' dir='ltr' id='par_1_54' title="bbox 379 3742 1976 3821">
     <span class='ocr_line' id='line_1_54' title="bbox 379 3742 1976 3821; baseline 0.006 -25"><span class='ocrx_word' id='word_1_393' title='bbox 379 3756 443 3796; x_wconf 88' lang='lat' dir='ltr'><strong>ea</strong></span> <span class='ocrx_word' id='word_1_394' title='bbox 484 3742 936 3814; x_wconf 84' lang='lat' dir='ltr'><strong>discurrentium,</strong></span> <span class='ocrx_word' id='word_1_395' title='bbox 984 3756 1041 3803; x_wconf 87' lang='lat' dir='ltr'><strong>et</strong></span> <span class='ocrx_word' id='word_1_396' title='bbox 1083 3765 1328 3804; x_wconf 90' lang='lat' dir='ltr'><strong>tnurntur</strong></span> <span class='ocrx_word' id='word_1_397' title='bbox 1367 3749 1638 3821; x_wconf 87' lang='lat' dir='ltr'><strong>quoddam</strong></span> <span class='ocrx_word' id='word_1_398' title='bbox 1683 3751 1976 3805; x_wconf 76' lang='lat' dir='ltr'><strong>multarunt</strong></span> 
     </span>
    </p>
   </div>
   <div class='ocr_carea' id='block_1_55' title="bbox 380 3836 1973 3913">
    <p class='ocr_par' dir='ltr' id='par_1_55' title="bbox 380 3836 1973 3913">
     <span class='ocr_line' id='line_1_55' title="bbox 380 3836 1973 3913; baseline 0.005 -26"><span class='ocrx_word' id='word_1_399' title='bbox 380 3848 571 3890; x_wconf 90' lang='lat' dir='ltr'><strong>vocum</strong></span> <span class='ocrx_word' id='word_1_400' title='bbox 613 3836 960 3893; x_wconf 90' lang='lat' dir='ltr'><strong>audiebatur.</strong></span> <span class='ocrx_word' id='word_1_401' title='bbox 1001 3840 1207 3895; x_wconf 87' lang='lat' dir='ltr'><strong>Deinde</strong></span> <span class='ocrx_word' id='word_1_402' title='bbox 1237 3842 1380 3896; x_wconf 88' lang='lat' dir='ltr'><strong>facto</strong></span> <span class='ocrx_word' id='word_1_403' title='bbox 1415 3842 1639 3896; x_wconf 91' lang='lat' dir='ltr'><strong>silentio</strong></span> <span class='ocrx_word' id='word_1_404' title='bbox 1687 3856 1973 3913; x_wconf 83' lang='lat' dir='ltr'><strong>egressus;</strong></span> 
     </span>
    </p>
   </div>
   <div class='ocr_carea' id='block_1_56' title="bbox 380 3928 1977 4001">
    <p class='ocr_par' dir='ltr' id='par_1_56' title="bbox 380 3928 1977 4001">
     <span class='ocr_line' id='line_1_56' title="bbox 380 3928 1977 4001; baseline 0.002 -17"><span class='ocrx_word' id='word_1_405' title='bbox 380 3943 542 3984; x_wconf 89' lang='lat' dir='ltr'><strong>unum</strong></span> <span class='ocrx_word' id='word_1_406' title='bbox 588 3928 656 3985; x_wconf 87' lang='lat' dir='ltr'><strong>de</strong></span> <span class='ocrx_word' id='word_1_407' title='bbox 688 3931 968 3998; x_wconf 89' lang='lat' dir='ltr'><strong>fratribus,</strong></span> <span class='ocrx_word' id='word_1_408' title='bbox 1010 3934 1295 3989; x_wconf 81' lang='lat' dir='ltr'><strong>Sabacium</strong></span> <span class='ocrx_word' id='word_1_409' title='bbox 1336 3936 1561 4001; x_wconf 81' lang='lat' dir='ltr'><strong>nomine,</strong></span> <span class='ocrx_word' id='word_1_410' title='bbox 1581 3934 1660 3989; x_wconf 71' lang='lat' dir='ltr'><strong>ad</strong></span> <span class='ocrx_word' id='word_1_411' title='bbox 1694 3948 1753 3989; x_wconf 89' lang='lat' dir='ltr'><strong>se</strong></span> <span class='ocrx_word' id='word_1_412' title='bbox 1794 3943 1977 4001; x_wconf 87' lang='lat' dir='ltr'><strong>vocat,</strong></span> 
     </span>
    </p>
   </div>
   <div class='ocr_carea' id='block_1_57' title="bbox 379 4023 1975 4098">
    <p class='ocr_par' dir='ltr' id='par_1_57' title="bbox 379 4023 1975 4098">
     <span class='ocr_line' id='line_1_57' title="bbox 379 4023 1975 4098; baseline 0.004 -22"><span class='ocrx_word' id='word_1_413' title='bbox 379 4023 719 4095; x_wconf 82' lang='lat' dir='ltr'><strong>tunicamque</strong></span> <span class='ocrx_word' id='word_1_414' title='bbox 740 4026 813 4093; x_wconf 92' lang='lat' dir='ltr'><strong>ei,</strong></span> <span class='ocrx_word' id='word_1_415' title='bbox 844 4041 949 4096; x_wconf 85' lang='lat' dir='ltr'><strong>qua</strong></span> <span class='ocrx_word' id='word_1_416' title='bbox 984 4036 1102 4082; x_wconf 90' lang='lat' dir='ltr'><strong>erat</strong></span> <span class='ocrx_word' id='word_1_417' title='bbox 1128 4029 1367 4093; x_wconf 89' lang='lat' dir='ltr'><strong>indutus,</strong></span> <span class='ocrx_word' id='word_1_418' title='bbox 1400 4028 1655 4084; x_wconf 90' lang='lat' dir='ltr'><strong>ostendit.</strong></span> <span class='ocrx_word' id='word_1_419' title='bbox 1701 4029 1975 4098; x_wconf 86' lang='lat' dir='ltr'><strong>Obstupe-</strong></span> 
     </span>
    </p>
   </div>
   <div class='ocr_carea' id='block_1_58' title="bbox 376 4112 1977 4191">
    <p class='ocr_par' dir='ltr' id='par_1_58' title="bbox 376 4112 1977 4191">
     <span class='ocr_line' id='line_1_58' title="bbox 376 4112 1977 4191; baseline 0.004 -23"><span class='ocrx_word' id='word_1_420' title='bbox 376 4112 548 4169; x_wconf 88' lang='lat' dir='ltr'><strong>factus</strong></span> <span class='ocrx_word' id='word_1_421' title='bbox 579 4117 670 4171; x_wconf 90' lang='lat' dir='ltr'><strong>ille</strong></span> <span class='ocrx_word' id='word_1_422' title='bbox 699 4128 967 4174; x_wconf 87' lang='lat' dir='ltr'><strong>convocat</strong></span> <span class='ocrx_word' id='word_1_423' title='bbox 1006 4129 1263 4187; x_wconf 63' lang='lat' dir='ltr'><strong>creteros;</strong></span> <span class='ocrx_word' id='word_1_424' title='bbox 1308 4122 1424 4191; x_wconf 91' lang='lat' dir='ltr'><strong>ipse</strong></span> <span class='ocrx_word' id='word_1_425' title='bbox 1455 4122 1616 4176; x_wconf 90' lang='lat' dir='ltr'><strong>etiam</strong></span> <span class='ocrx_word' id='word_1_426' title='bbox 1656 4122 1847 4176; x_wconf 89' lang='lat' dir='ltr'><strong>Clarus</strong></span> <span class='ocrx_word' id='word_1_427' title='bbox 1885 4136 1977 4175; x_wconf 89' lang='lat' dir='ltr'><strong>ac-</strong></span> 
     </span>
    </p>
   </div>
   <div class='ocr_carea' id='block_1_59' title="bbox 376 4207 1979 4282">
    <p class='ocr_par' dir='ltr' id='par_1_59' title="bbox 376 4207 1979 4282">
     <span class='ocr_line' id='line_1_59' title="bbox 376 4207 1979 4282; baseline 0.004 -23"><span class='ocrx_word' id='word_1_428' title='bbox 376 4207 574 4271; x_wconf 67' lang='lat' dir='ltr'><strong>currit;</strong></span> <span class='ocrx_word' id='word_1_429' title='bbox 614 4208 968 4280; x_wconf 73' lang='lat' dir='ltr'><strong>adhibitoque</strong></span> <span class='ocrx_word' id='word_1_430' title='bbox 1001 4212 1204 4266; x_wconf 86' lang='lat' dir='ltr'><strong>lumine</strong></span> <span class='ocrx_word' id='word_1_431' title='bbox 1226 4222 1437 4266; x_wconf 86' lang='lat' dir='ltr'><strong>vestem</strong></span> <span class='ocrx_word' id='word_1_432' title='bbox 1468 4228 1662 4267; x_wconf 86' lang='lat' dir='ltr'><strong>omnes</strong></span> <span class='ocrx_word' id='word_1_433' title='bbox 1684 4213 1979 4282; x_wconf 79' lang='lat' dir='ltr'><strong>diligenter</strong></span> 
     </span>
    </p>
   </div>
   <div class='ocr_carea' id='block_1_60' title="bbox 374 4295 1977 4370">
    <p class='ocr_par' dir='ltr' id='par_1_60' title="bbox 374 4295 1977 4370">
     <span class='ocr_line' id='line_1_60' title="bbox 374 4295 1977 4370; baseline 0.006 -21"><span class='ocrx_word' id='word_1_434' title='bbox 374 4295 691 4367; x_wconf 91' lang='lat' dir='ltr'><strong>inspiciunt.</strong></span> <span class='ocrx_word' id='word_1_435' title='bbox 750 4300 881 4355; x_wconf 86' lang='lat' dir='ltr'><strong>Erat</strong></span> <span class='ocrx_word' id='word_1_436' title='bbox 928 4312 1106 4358; x_wconf 90' lang='lat' dir='ltr'><strong>autem</strong></span> <span class='ocrx_word' id='word_1_437' title='bbox 1158 4320 1369 4358; x_wconf 89' lang='lat' dir='ltr'><strong>summa</strong></span> <span class='ocrx_word' id='word_1_438' title='bbox 1422 4304 1678 4370; x_wconf 91' lang='lat' dir='ltr'><strong>mollitie,</strong></span> <span class='ocrx_word' id='word_1_439' title='bbox 1736 4305 1977 4359; x_wconf 88' lang='lat' dir='ltr'><strong>candore</strong></span> 
     </span>
    </p>
   </div>
   <div class='ocr_carea' id='block_1_61' title="bbox 375 4391 1975 4467">
    <p class='ocr_par' dir='ltr' id='par_1_61' title="bbox 375 4391 1975 4467">
     <span class='ocr_line' id='line_1_61' title="bbox 375 4391 1975 4467; baseline 0.004 -24"><span class='ocrx_word' id='word_1_440' title='bbox 375 4391 599 4456; x_wconf 86' lang='lat' dir='ltr'><strong>eximio,</strong></span> <span class='ocrx_word' id='word_1_441' title='bbox 649 4394 876 4448; x_wconf 88' lang='lat' dir='ltr'><strong>micanti</strong></span> <span class='ocrx_word' id='word_1_442' title='bbox 922 4410 1198 4464; x_wconf 88' lang='lat' dir='ltr'><strong>purpura;</strong></span> <span class='ocrx_word' id='word_1_443' title='bbox 1234 4412 1334 4455; x_wconf 89' lang='lat' dir='ltr'><strong>nec</strong></span> <span class='ocrx_word' id='word_1_444' title='bbox 1377 4407 1581 4463; x_wconf 85' lang='lat' dir='ltr'><strong>tamen,</strong></span> <span class='ocrx_word' id='word_1_445' title='bbox 1616 4396 1779 4467; x_wconf 82' lang='lat' dir='ltr'><strong>cujus</strong></span> <span class='ocrx_word' id='word_1_446' title='bbox 1827 4404 1975 4453; x_wconf 84' lang='lat' dir='ltr'><strong>esset</strong></span> 
     </span>
    </p>
   </div>
   <div class='ocr_carea' id='block_1_62' title="bbox 374 4486 1973 4560">
    <p class='ocr_par' dir='ltr' id='par_1_62' title="bbox 374 4486 1973 4560">
     <span class='ocr_line' id='line_1_62' title="bbox 374 4486 1973 4560; baseline 0.004 -23"><span class='ocrx_word' id='word_1_447' title='bbox 374 4486 589 4553; x_wconf 79' lang='lat' dir='ltr'><strong>generis</strong></span> <span class='ocrx_word' id='word_1_448' title='bbox 605 4494 698 4539; x_wconf 90' lang='lat' dir='ltr'><strong>aut</strong></span> <span class='ocrx_word' id='word_1_449' title='bbox 719 4487 957 4554; x_wconf 88' lang='lat' dir='ltr'><strong>velleris,</strong></span> <span class='ocrx_word' id='word_1_450' title='bbox 986 4498 1197 4558; x_wconf 89' lang='lat' dir='ltr'><strong>poterat</strong></span> <span class='ocrx_word' id='word_1_451' title='bbox 1219 4490 1459 4560; x_wconf 74' lang='lat' dir='ltr'><strong>agnosci.</strong></span> <span class='ocrx_word' id='word_1_452' title='bbox 1481 4489 1767 4547; x_wconf 76' lang='lat' dir='ltr'><strong>Curiosius</strong></span> <span class='ocrx_word' id='word_1_453' title='bbox 1786 4497 1973 4546; x_wconf 85' lang='lat' dir='ltr'><strong>tamen</strong></span> 
     </span>
    </p>
   </div>
   <div class='ocr_carea' id='block_1_63' title="bbox 376 4578 1976 4651">
    <p class='ocr_par' dir='ltr' id='par_1_63' title="bbox 376 4578 1976 4651">
     <span class='ocr_line' id='line_1_63' title="bbox 376 4578 1976 4651; baseline 0.003 -21"><span class='ocrx_word' id='word_1_454' title='bbox 376 4578 543 4631; x_wconf 89' lang='lat' dir='ltr'><strong>oculis</strong></span> <span class='ocrx_word' id='word_1_455' title='bbox 574 4588 667 4633; x_wconf 88' lang='lat' dir='ltr'><strong>aut</strong></span> <span class='ocrx_word' id='word_1_456' title='bbox 708 4580 896 4651; x_wconf 77' lang='lat' dir='ltr'><strong>digitis</strong></span> <span class='ocrx_word' id='word_1_457' title='bbox 931 4590 1238 4650; x_wconf 90' lang='lat' dir='ltr'><strong>attrectata,</strong></span> <span class='ocrx_word' id='word_1_458' title='bbox 1279 4599 1383 4636; x_wconf 90' lang='lat' dir='ltr'><strong>non</strong></span> <span class='ocrx_word' id='word_1_459' title='bbox 1431 4582 1574 4636; x_wconf 91' lang='lat' dir='ltr'><strong>aliud</strong></span> <span class='ocrx_word' id='word_1_460' title='bbox 1612 4597 1772 4651; x_wconf 90' lang='lat' dir='ltr'><strong>quam</strong></span> <span class='ocrx_word' id='word_1_461' title='bbox 1803 4582 1976 4637; x_wconf 87' lang='lat' dir='ltr'><strong>vestis</strong></span> 
     </span>
    </p>
   </div>
   <div class='ocr_carea' id='block_1_64' title="bbox 376 4670 1975 4735">
    <p class='ocr_par' dir='ltr' id='par_1_64' title="bbox 376 4670 1975 4735">
     <span class='ocr_line' id='line_1_64' title="bbox 376 4670 1975 4735; baseline 0.004 -11"><span class='ocrx_word' id='word_1_462' title='bbox 376 4670 678 4729; x_wconf 83' lang='lat' dir='ltr'><strong>videbatur.</strong></span> <span class='ocrx_word' id='word_1_463' title='bbox 714 4674 925 4730; x_wconf 90' lang='lat' dir='ltr'><strong>Interea</strong></span> <span class='ocrx_word' id='word_1_464' title='bbox 965 4674 1158 4731; x_wconf 86' lang='lat' dir='ltr'><strong>Clarus</strong></span> <span class='ocrx_word' id='word_1_465' title='bbox 1194 4676 1395 4735; x_wconf 83' lang='lat' dir='ltr'><strong>fratres</strong></span> <span class='ocrx_word' id='word_1_466' title='bbox 1434 4676 1692 4732; x_wconf 81' lang='lat' dir='ltr'><strong>admonet</strong></span> <span class='ocrx_word' id='word_1_467' title='bbox 1736 4675 1975 4731; x_wconf 85' lang='lat' dir='ltr'><strong>orationi</strong></span> 
     </span>
    </p>
   </div>
   <div class='ocr_carea' id='block_1_65' title="bbox 374 4762 1975 4837">
    <p class='ocr_par' dir='ltr' id='par_1_65' title="bbox 374 4762 1975 4837">
     <span class='ocr_line' id='line_1_65' title="bbox 374 4762 1975 4837; baseline 0.004 -21"><span class='ocrx_word' id='word_1_468' title='bbox 374 4762 600 4831; x_wconf 88' lang='lat' dir='ltr'><strong>instare,</strong></span> <span class='ocrx_word' id='word_1_469' title='bbox 645 4774 705 4820; x_wconf 91' lang='lat' dir='ltr'><strong>ut</strong></span> <span class='ocrx_word' id='word_1_470' title='bbox 750 4766 1089 4823; x_wconf 86' lang='lat' dir='ltr'><strong>manifestius</strong></span> <span class='ocrx_word' id='word_1_471' title='bbox 1143 4770 1226 4823; x_wconf 86' lang='lat' dir='ltr'><strong>eis</strong></span> <span class='ocrx_word' id='word_1_472' title='bbox 1278 4770 1555 4835; x_wconf 74' lang='lat' dir='ltr'><strong>Dominus,</strong></span> <span class='ocrx_word' id='word_1_473' title='bbox 1604 4768 1863 4837; x_wconf 84' lang='lat' dir='ltr'><strong>quidnam</strong></span> <span class='ocrx_word' id='word_1_474' title='bbox 1918 4768 1975 4822; x_wconf 83' lang='lat' dir='ltr'><strong>id</strong></span> 
     </span>
    </p>
   </div>
   <div class='ocr_carea' id='block_1_66' title="bbox 374 4860 1975 4934">
    <p class='ocr_par' dir='ltr' id='par_1_66' title="bbox 374 4860 1975 4934">
     <span class='ocr_line' id='line_1_66' title="bbox 374 4860 1975 4934; baseline 0.004 -23"><span class='ocrx_word' id='word_1_475' title='bbox 374 4868 554 4925; x_wconf 89' lang='lat' dir='ltr'><strong>esset,</strong></span> <span class='ocrx_word' id='word_1_476' title='bbox 593 4860 949 4915; x_wconf 86' lang='lat' dir='ltr'><strong>ostenderet:</strong></span> <span class='ocrx_word' id='word_1_477' title='bbox 998 4862 1181 4931; x_wconf 85' lang='lat' dir='ltr'><strong>itaque</strong></span> <span class='ocrx_word' id='word_1_478' title='bbox 1225 4862 1490 4931; x_wconf 89' lang='lat' dir='ltr'><strong>reliquum</strong></span> <span class='ocrx_word' id='word_1_479' title='bbox 1541 4862 1713 4917; x_wconf 90' lang='lat' dir='ltr'><strong>noctis</strong></span> <span class='ocrx_word' id='word_1_480' title='bbox 1758 4863 1975 4934; x_wconf 89' lang='lat' dir='ltr'><strong>hymnis</strong></span> 
     </span>
    </p>
   </div>
   <div class='ocr_carea' id='block_1_67' title="bbox 371 4952 1973 5026">
    <p class='ocr_par' dir='ltr' id='par_1_67' title="bbox 371 4952 1973 5026">
     <span class='ocr_line' id='line_1_67' title="bbox 371 4952 1973 5026; baseline 0.005 -21"><span class='ocrx_word' id='word_1_481' title='bbox 371 4952 706 5024; x_wconf 86' lang='lat' dir='ltr'><strong>psalmisque</strong></span> <span class='ocrx_word' id='word_1_482' title='bbox 723 4956 1086 5009; x_wconf 87' lang='lat' dir='ltr'><strong>consumitur.</strong></span> <span class='ocrx_word' id='word_1_483' title='bbox 1110 4959 1177 5009; x_wconf 85' lang='lat' dir='ltr'><strong>At</strong></span> <span class='ocrx_word' id='word_1_484' title='bbox 1200 4957 1287 5009; x_wconf 90' lang='lat' dir='ltr'><strong>ubi</strong></span> <span class='ocrx_word' id='word_1_485' title='bbox 1310 4956 1486 5010; x_wconf 89' lang='lat' dir='ltr'><strong>illuxit</strong></span> <span class='ocrx_word' id='word_1_486' title='bbox 1511 4956 1644 5019; x_wconf 90' lang='lat' dir='ltr'><strong>dies,</strong></span> <span class='ocrx_word' id='word_1_487' title='bbox 1666 4956 1973 5026; x_wconf 89' lang='lat' dir='ltr'><strong>apprehen-</strong></span> 
     </span>
    </p>
   </div>
   <div class='ocr_carea' id='block_1_68' title="bbox 369 5046 1971 5115">
    <p class='ocr_par' dir='ltr' id='par_1_68' title="bbox 369 5046 1971 5115">
     <span class='ocr_line' id='line_1_68' title="bbox 369 5046 1971 5115; baseline 0.003 -14"><span class='ocrx_word' id='word_1_488' title='bbox 369 5061 488 5101; x_wconf 87' lang='lat' dir='ltr'><strong>sum</strong></span> <span class='ocrx_word' id='word_1_489' title='bbox 530 5046 755 5102; x_wconf 90' lang='lat' dir='ltr'><strong>dextera</strong></span> <span class='ocrx_word' id='word_1_490' title='bbox 802 5048 1021 5103; x_wconf 87' lang='lat' dir='ltr'><strong>trahere</strong></span> <span class='ocrx_word' id='word_1_491' title='bbox 1068 5048 1133 5102; x_wconf 90' lang='lat' dir='ltr'><strong>ad</strong></span> <span class='ocrx_word' id='word_1_492' title='bbox 1194 5049 1483 5103; x_wconf 89' lang='lat' dir='ltr'><strong>Martiuum</strong></span> <span class='ocrx_word' id='word_1_493' title='bbox 1532 5050 1779 5115; x_wconf 82' lang='lat' dir='ltr'><strong>volebat,</strong></span> <span class='ocrx_word' id='word_1_494' title='bbox 1831 5050 1971 5106; x_wconf 87' lang='lat' dir='ltr'><strong>bene</strong></span> 
     </span>
    </p>
   </div>
   <div class='ocr_carea' id='block_1_69' title="bbox 368 5140 1968 5211">
    <p class='ocr_par' dir='ltr' id='par_1_69' title="bbox 368 5140 1968 5211">
     <span class='ocr_line' id='line_1_69' title="bbox 368 5140 1968 5211; baseline 0.001 -17"><span class='ocrx_word' id='word_1_495' title='bbox 368 5140 625 5195; x_wconf 91' lang='lat' dir='ltr'><strong>conscius</strong></span> <span class='ocrx_word' id='word_1_496' title='bbox 668 5140 821 5195; x_wconf 87' lang='lat' dir='ltr'><strong>illudi</strong></span> <span class='ocrx_word' id='word_1_497' title='bbox 871 5141 1019 5196; x_wconf 91' lang='lat' dir='ltr'><strong>illum</strong></span> <span class='ocrx_word' id='word_1_498' title='bbox 1063 5140 1262 5195; x_wconf 89' lang='lat' dir='ltr'><strong>diaboli</strong></span> <span class='ocrx_word' id='word_1_499' title='bbox 1302 5150 1420 5196; x_wconf 85' lang='lat' dir='ltr'><strong>arte</strong></span> <span class='ocrx_word' id='word_1_500' title='bbox 1458 5157 1564 5196; x_wconf 87' lang='lat' dir='ltr'><strong>non</strong></span> <span class='ocrx_word' id='word_1_501' title='bbox 1610 5156 1789 5211; x_wconf 81' lang='lat' dir='ltr'><strong>posse.</strong></span> <span class='ocrx_word' id='word_1_502' title='bbox 1830 5141 1968 5196; x_wconf 85' lang='lat' dir='ltr'><strong>Tum</strong></span> 
     </span>
    </p>
   </div>
   <div class='ocr_carea' id='block_1_70' title="bbox 367 5234 1972 5305">
    <p class='ocr_par' dir='ltr' id='par_1_70' title="bbox 367 5234 1972 5305">
     <span class='ocr_line' id='line_1_70' title="bbox 367 5234 1972 5305; baseline -0.001 -17"><span class='ocrx_word' id='word_1_503' title='bbox 367 5248 502 5289; x_wconf 90' lang='lat' dir='ltr'><strong>vero</strong></span> <span class='ocrx_word' id='word_1_504' title='bbox 532 5234 697 5289; x_wconf 88' lang='lat' dir='ltr'><strong>reniti</strong></span> <span class='ocrx_word' id='word_1_505' title='bbox 734 5249 797 5289; x_wconf 91' lang='lat' dir='ltr'><strong>ac</strong></span> <span class='ocrx_word' id='word_1_506' title='bbox 826 5235 1129 5289; x_wconf 90' lang='lat' dir='ltr'><strong>reclamare</strong></span> <span class='ocrx_word' id='word_1_507' title='bbox 1171 5236 1337 5289; x_wconf 90' lang='lat' dir='ltr'><strong>miser</strong></span> <span class='ocrx_word' id='word_1_508' title='bbox 1368 5235 1552 5305; x_wconf 69' lang='lat' dir='ltr'><strong>cmpit,</strong></span> <span class='ocrx_word' id='word_1_509' title='bbox 1588 5234 1972 5288; x_wconf 82' lang='lat' dir='ltr'><strong>interdictum-</strong></span> 
     </span>
    </p>
   </div>
   <div class='ocr_carea' id='block_1_71' title="bbox 365 5327 1967 5398">
    <p class='ocr_par' dir='ltr' id='par_1_71' title="bbox 365 5327 1967 5398">
     <span class='ocr_line' id='line_1_71' title="bbox 365 5327 1967 5398; baseline 0.001 -18"><span class='ocrx_word' id='word_1_510' title='bbox 365 5342 474 5398; x_wconf 85' lang='lat' dir='ltr'><strong>que</strong></span> <span class='ocrx_word' id='word_1_511' title='bbox 523 5328 628 5383; x_wconf 87' lang='lat' dir='ltr'><strong>sibi</strong></span> <span class='ocrx_word' id='word_1_512' title='bbox 678 5341 800 5383; x_wconf 90' lang='lat' dir='ltr'><strong>esse</strong></span> <span class='ocrx_word' id='word_1_513' title='bbox 849 5328 1083 5393; x_wconf 90' lang='lat' dir='ltr'><strong>dicebat,</strong></span> <span class='ocrx_word' id='word_1_514' title='bbox 1134 5343 1202 5382; x_wconf 91' lang='lat' dir='ltr'><strong>ne</strong></span> <span class='ocrx_word' id='word_1_515' title='bbox 1244 5343 1303 5382; x_wconf 87' lang='lat' dir='ltr'><strong>se</strong></span> <span class='ocrx_word' id='word_1_516' title='bbox 1350 5328 1579 5382; x_wconf 85' lang='lat' dir='ltr'><strong>Martino</strong></span> <span class='ocrx_word' id='word_1_517' title='bbox 1631 5327 1967 5381; x_wconf 88' lang='lat' dir='ltr'><strong>ostenderet.</strong></span> 
     </span>
    </p>
   </div>
   <div class='ocr_carea' id='block_1_72' title="bbox 367 5418 1968 5493">
    <p class='ocr_par' dir='ltr' id='par_1_72' title="bbox 367 5418 1968 5493">
     <span class='ocr_line' id='line_1_72' title="bbox 367 5418 1968 5493; baseline 0 -18"><span class='ocrx_word' id='word_1_518' title='bbox 367 5418 615 5492; x_wconf 86' lang='lat' dir='ltr'><strong>Cumque</strong></span> <span class='ocrx_word' id='word_1_519' title='bbox 642 5421 870 5477; x_wconf 86' lang='lat' dir='ltr'><strong>invitum</strong></span> <span class='ocrx_word' id='word_1_520' title='bbox 903 5424 984 5478; x_wconf 91' lang='lat' dir='ltr'><strong>ire</strong></span> <span class='ocrx_word' id='word_1_521' title='bbox 1015 5422 1431 5493; x_wconf 90' lang='lat' dir='ltr'><strong>compellerent,</strong></span> <span class='ocrx_word' id='word_1_522' title='bbox 1462 5422 1607 5477; x_wconf 90' lang='lat' dir='ltr'><strong>inter</strong></span> <span class='ocrx_word' id='word_1_523' title='bbox 1640 5421 1968 5476; x_wconf 90' lang='lat' dir='ltr'><strong>trahentium</strong></span> 
     </span>
    </p>
   </div>
   <div class='ocr_carea' id='block_1_73' title="bbox 366 5516 1977 5587">
    <p class='ocr_par' dir='ltr' id='par_1_73' title="bbox 366 5516 1977 5587">
     <span class='ocr_line' id='line_1_73' title="bbox 366 5516 1977 5587; baseline 0.003 -19"><span class='ocrx_word' id='word_1_524' title='bbox 366 5529 561 5571; x_wconf 79' lang='lat' dir='ltr'><strong>manus</strong></span> <span class='ocrx_word' id='word_1_525' title='bbox 589 5519 759 5573; x_wconf 84' lang='lat' dir='ltr'><strong>vestis</strong></span> <span class='ocrx_word' id='word_1_526' title='bbox 783 5518 1020 5572; x_wconf 80' lang='lat' dir='ltr'><strong>evanuit.</strong></span> <span class='ocrx_word' id='word_1_527' title='bbox 1056 5518 1212 5573; x_wconf 86' lang='lat' dir='ltr'><strong>Unde</strong></span> <span class='ocrx_word' id='word_1_528' title='bbox 1240 5519 1361 5587; x_wconf 89' lang='lat' dir='ltr'><strong>quis</strong></span> <span class='ocrx_word' id='word_1_529' title='bbox 1391 5517 1605 5572; x_wconf 90' lang='lat' dir='ltr'><strong>dubitet</strong></span> <span class='ocrx_word' id='word_1_530' title='bbox 1637 5516 1776 5571; x_wconf 89' lang='lat' dir='ltr'><strong>hanc</strong></span> <span class='ocrx_word' id='word_1_531' title='bbox 1805 5518 1977 5573; x_wconf 89' lang='lat' dir='ltr'><strong>etiam.</strong></span> 
     </span>
    </p>
   </div>
   <div class='ocr_carea' id='block_1_74' title="bbox 364 5606 1974 5678">
    <p class='ocr_par' dir='ltr' id='par_1_74' title="bbox 364 5606 1974 5678">
     <span class='ocr_line' id='line_1_74' title="bbox 364 5606 1974 5678; baseline 0.001 -16"><span class='ocrx_word' id='word_1_532' title='bbox 364 5606 580 5664; x_wconf 75' lang='lat' dir='ltr'><strong>Martini</strong></span> <span class='ocrx_word' id='word_1_533' title='bbox 615 5610 776 5663; x_wconf 79' lang='lat' dir='ltr'><strong>fuisse</strong></span> <span class='ocrx_word' id='word_1_534' title='bbox 807 5612 1086 5676; x_wconf 90' lang='lat' dir='ltr'><strong>virtutem,</strong></span> <span class='ocrx_word' id='word_1_535' title='bbox 1119 5619 1181 5664; x_wconf 92' lang='lat' dir='ltr'><strong>ut</strong></span> <span class='ocrx_word' id='word_1_536' title='bbox 1215 5609 1553 5678; x_wconf 89' lang='lat' dir='ltr'><strong>phantasiam</strong></span> <span class='ocrx_word' id='word_1_537' title='bbox 1599 5624 1750 5665; x_wconf 89' lang='lat' dir='ltr'><strong>suam</strong></span> <span class='ocrx_word' id='word_1_538' title='bbox 1783 5608 1974 5663; x_wconf 88' lang='lat' dir='ltr'><strong>diabo-</strong></span> 
     </span>
    </p>
   </div>
   <div class='ocr_carea' id='block_1_75' title="bbox 362 5700 1973 5774">
    <p class='ocr_par' dir='ltr' id='par_1_75' title="bbox 362 5700 1973 5774">
     <span class='ocr_line' id='line_1_75' title="bbox 362 5700 1973 5774; baseline -0.001 -17"><span class='ocrx_word' id='word_1_539' title='bbox 362 5701 471 5766; x_wconf 87' lang='lat' dir='ltr'><strong>lus,</strong></span> <span class='ocrx_word' id='word_1_540' title='bbox 498 5718 619 5758; x_wconf 88' lang='lat' dir='ltr'><strong>cum</strong></span> <span class='ocrx_word' id='word_1_541' title='bbox 648 5711 767 5758; x_wconf 86' lang='lat' dir='ltr'><strong>erat</strong></span> <span class='ocrx_word' id='word_1_542' title='bbox 805 5702 1017 5758; x_wconf 78' lang='lat' dir='ltr'><strong>Martini</strong></span> <span class='ocrx_word' id='word_1_543' title='bbox 1061 5704 1233 5758; x_wconf 90' lang='lat' dir='ltr'><strong>oculis</strong></span> <span class='ocrx_word' id='word_1_544' title='bbox 1266 5700 1581 5774; x_wconf 85' lang='lat' dir='ltr'><strong>ingerenda,</strong></span> <span class='ocrx_word' id='word_1_545' title='bbox 1624 5701 1973 5758; x_wconf 88' lang='lat' dir='ltr'><strong>dissimulare</strong></span> 
     </span>
    </p>
   </div>
   <div class='ocr_carea' id='block_1_76' title="bbox 360 5790 1290 5867">
    <p class='ocr_par' dir='ltr' id='par_1_76' title="bbox 360 5790 1290 5867">
     <span class='ocr_line' id='line_1_76' title="bbox 360 5790 1290 5867; baseline -0.001 -17"><span class='ocrx_word' id='word_1_546' title='bbox 360 5790 570 5851; x_wconf 85' lang='lat' dir='ltr'><strong>diutius</strong></span> <span class='ocrx_word' id='word_1_547' title='bbox 600 5805 689 5850; x_wconf 86' lang='lat' dir='ltr'><strong>aut</strong></span> <span class='ocrx_word' id='word_1_548' title='bbox 719 5802 900 5865; x_wconf 78' lang='lat' dir='ltr'><strong>tegere</strong></span> <span class='ocrx_word' id='word_1_549' title='bbox 931 5810 1039 5852; x_wconf 89' lang='lat' dir='ltr'><strong>non</strong></span> <span class='ocrx_word' id='word_1_550' title='bbox 1070 5795 1290 5867; x_wconf 81' lang='lat' dir='ltr'><strong>posset?</strong></span> 
     </span>
    </p>
   </div>
   <div class='ocr_carea' id='block_1_77' title="bbox 2101 1895 3708 1971">
    <p class='ocr_par' dir='ltr' id='par_1_77' title="bbox 2101 1895 3708 1971">
     <span class='ocr_line' id='line_1_77' title="bbox 2101 1895 3708 1971; baseline 0.003 -21"><span class='ocrx_word' id='word_1_551' title='bbox 2101 1895 2483 1964; x_wconf 89' lang='lat' dir='ltr'><strong>circumjectus</strong></span> <span class='ocrx_word' id='word_1_552' title='bbox 2534 1896 2650 1969; x_wconf 89' lang='lat' dir='ltr'><strong>ipse</strong></span> <span class='ocrx_word' id='word_1_553' title='bbox 2684 1898 2800 1951; x_wconf 92' lang='lat' dir='ltr'><strong>luce</strong></span> <span class='ocrx_word' id='word_1_554' title='bbox 2832 1913 3124 1971; x_wconf 85' lang='lat' dir='ltr'><strong>purpurea,</strong></span> <span class='ocrx_word' id='word_1_555' title='bbox 3163 1914 3269 1968; x_wconf 90' lang='lat' dir='ltr'><strong>quo</strong></span> <span class='ocrx_word' id='word_1_556' title='bbox 3300 1896 3516 1954; x_wconf 89' lang='lat' dir='ltr'><strong>facilius</strong></span> <span class='ocrx_word' id='word_1_557' title='bbox 3545 1900 3708 1955; x_wconf 90' lang='lat' dir='ltr'><strong>clari-</strong></span> 
     </span>
    </p>
   </div>
   <div class='ocr_carea' id='block_1_78' title="bbox 2102 1987 3706 2064">
    <p class='ocr_par' dir='ltr' id='par_1_78' title="bbox 2102 1987 3706 2064">
     <span class='ocr_line' id='line_1_78' title="bbox 2102 1987 3706 2064; baseline 0.003 -24"><span class='ocrx_word' id='word_1_558' title='bbox 2102 1996 2211 2043; x_wconf 92' lang='lat' dir='ltr'><strong>tate</strong></span> <span class='ocrx_word' id='word_1_559' title='bbox 2252 1988 2513 2059; x_wconf 88' lang='lat' dir='ltr'><strong>assutnpti</strong></span> <span class='ocrx_word' id='word_1_560' title='bbox 2557 1987 2781 2058; x_wconf 84' lang='lat' dir='ltr'><strong>fulgeris</strong></span> <span class='ocrx_word' id='word_1_561' title='bbox 2826 1988 3099 2056; x_wconf 88' lang='lat' dir='ltr'><strong>illuderet,</strong></span> <span class='ocrx_word' id='word_1_562' title='bbox 3155 1999 3304 2045; x_wconf 87' lang='lat' dir='ltr'><strong>veste</strong></span> <span class='ocrx_word' id='word_1_563' title='bbox 3349 1991 3510 2046; x_wconf 87' lang='lat' dir='ltr'><strong>etiam</strong></span> <span class='ocrx_word' id='word_1_564' title='bbox 3558 1992 3706 2064; x_wconf 84' lang='lat' dir='ltr'><strong>regia</strong></span> 
     </span>
    </p>
   </div>
   <div class='ocr_carea' id='block_1_79' title="bbox 2101 2077 3704 2151">
    <p class='ocr_par' dir='ltr' id='par_1_79' title="bbox 2101 2077 3704 2151">
     <span class='ocr_line' id='line_1_79' title="bbox 2101 2077 3704 2151; baseline 0.003 -19"><span class='ocrx_word' id='word_1_565' title='bbox 2101 2077 2346 2143; x_wconf 87' lang='lat' dir='ltr'><strong>indutus,</strong></span> <span class='ocrx_word' id='word_1_566' title='bbox 2392 2078 2700 2135; x_wconf 91' lang='lat' dir='ltr'><strong>diademate</strong></span> <span class='ocrx_word' id='word_1_567' title='bbox 2741 2096 2807 2136; x_wconf 84' lang='lat' dir='ltr'><strong>ex</strong></span> <span class='ocrx_word' id='word_1_568' title='bbox 2847 2080 3077 2150; x_wconf 83' lang='lat' dir='ltr'><strong>gemmis</strong></span> <span class='ocrx_word' id='word_1_569' title='bbox 3121 2095 3365 2151; x_wconf 90' lang='lat' dir='ltr'><strong>auroque</strong></span> <span class='ocrx_word' id='word_1_570' title='bbox 3396 2081 3704 2147; x_wconf 88' lang='lat' dir='ltr'><strong>redimitus,</strong></span> 
     </span>
    </p>
   </div>
   <div class='ocr_carea' id='block_1_80' title="bbox 2101 2169 3707 2237">
    <p class='ocr_par' dir='ltr' id='par_1_80' title="bbox 2101 2169 3707 2237">
     <span class='ocr_line' id='line_1_80' title="bbox 2101 2169 3707 2237; baseline 0.002 -14"><span class='ocrx_word' id='word_1_571' title='bbox 2101 2171 2300 2225; x_wconf 89' lang='lat' dir='ltr'><strong>calceis</strong></span> <span class='ocrx_word' id='word_1_572' title='bbox 2348 2186 2481 2227; x_wconf 89' lang='lat' dir='ltr'><strong>auro</strong></span> <span class='ocrx_word' id='word_1_573' title='bbox 2525 2169 2695 2236; x_wconf 90' lang='lat' dir='ltr'><strong>illitis,</strong></span> <span class='ocrx_word' id='word_1_574' title='bbox 2730 2185 2927 2225; x_wconf 87' lang='lat' dir='ltr'><strong>sereno</strong></span> <span class='ocrx_word' id='word_1_575' title='bbox 2961 2187 3078 2233; x_wconf 89' lang='lat' dir='ltr'><strong>ore,</strong></span> <span class='ocrx_word' id='word_1_576' title='bbox 3117 2171 3238 2225; x_wconf 64' lang='lat' dir='ltr'><strong>laeta</strong></span> <span class='ocrx_word' id='word_1_577' title='bbox 3282 2172 3441 2237; x_wconf 87' lang='lat' dir='ltr'><strong>facie,</strong></span> <span class='ocrx_word' id='word_1_578' title='bbox 3472 2182 3531 2229; x_wconf 91' lang='lat' dir='ltr'><strong>ut</strong></span> <span class='ocrx_word' id='word_1_579' title='bbox 3572 2173 3707 2229; x_wconf 85' lang='lat' dir='ltr'><strong>nihil</strong></span> 
     </span>
    </p>
   </div>
   <div class='ocr_carea' id='block_1_81' title="bbox 2103 2263 3706 2333">
    <p class='ocr_par' dir='ltr' id='par_1_81' title="bbox 2103 2263 3706 2333">
     <span class='ocr_line' id='line_1_81' title="bbox 2103 2263 3706 2333; baseline 0.002 -18"><span class='ocrx_word' id='word_1_580' title='bbox 2103 2263 2280 2316; x_wconf 90' lang='lat' dir='ltr'><strong>minus</strong></span> <span class='ocrx_word' id='word_1_581' title='bbox 2311 2278 2471 2332; x_wconf 91' lang='lat' dir='ltr'><strong>quam</strong></span> <span class='ocrx_word' id='word_1_582' title='bbox 2524 2263 2775 2317; x_wconf 90' lang='lat' dir='ltr'><strong>diabolus</strong></span> <span class='ocrx_word' id='word_1_583' title='bbox 2826 2273 3127 2333; x_wconf 87' lang='lat' dir='ltr'><strong>putaretur,</strong></span> <span class='ocrx_word' id='word_1_584' title='bbox 3178 2266 3356 2323; x_wconf 88' lang='lat' dir='ltr'><strong>oranti</strong></span> <span class='ocrx_word' id='word_1_585' title='bbox 3411 2264 3471 2321; x_wconf 82' lang='lat' dir='ltr'><strong>iu</strong></span> <span class='ocrx_word' id='word_1_586' title='bbox 3510 2265 3706 2321; x_wconf 85' lang='lat' dir='ltr'><strong>cellula</strong></span> 
     </span>
    </p>
   </div>
   <div class='ocr_carea' id='block_1_82' title="bbox 2100 2356 3713 2428">
    <p class='ocr_par' dir='ltr' id='par_1_82' title="bbox 2100 2356 3713 2428">
     <span class='ocr_line' id='line_1_82' title="bbox 2100 2356 3713 2428; baseline 0.001 -17"><span class='ocrx_word' id='word_1_587' title='bbox 2100 2358 2290 2411; x_wconf 90' lang='lat' dir='ltr'><strong>astitit.</strong></span> <span class='ocrx_word' id='word_1_588' title='bbox 2322 2356 2565 2427; x_wconf 84' lang='lat' dir='ltr'><strong>Cumque</strong></span> <span class='ocrx_word' id='word_1_589' title='bbox 2598 2356 2859 2411; x_wconf 85' lang='lat' dir='ltr'><strong>Martinus</strong></span> <span class='ocrx_word' id='word_1_590' title='bbox 2892 2359 3066 2426; x_wconf 91' lang='lat' dir='ltr'><strong>primo</strong></span> <span class='ocrx_word' id='word_1_591' title='bbox 3098 2369 3323 2426; x_wconf 90' lang='lat' dir='ltr'><strong>aspectu</strong></span> <span class='ocrx_word' id='word_1_592' title='bbox 3368 2358 3483 2428; x_wconf 88' lang='lat' dir='ltr'><strong>ejus</strong></span> <span class='ocrx_word' id='word_1_593' title='bbox 3521 2358 3713 2416; x_wconf 87' lang='lat' dir='ltr'><strong>fuisset</strong></span> 
     </span>
    </p>
   </div>
   <div class='ocr_carea' id='block_1_83' title="bbox 2103 2449 3713 2521">
    <p class='ocr_par' dir='ltr' id='par_1_83' title="bbox 2103 2449 3713 2521">
     <span class='ocr_line' id='line_1_83' title="bbox 2103 2449 3713 2521; baseline 0.002 -18"><span class='ocrx_word' id='word_1_594' title='bbox 2103 2449 2412 2515; x_wconf 88' lang='lat' dir='ltr'><strong>hebetatus,</strong></span> <span class='ocrx_word' id='word_1_595' title='bbox 2466 2450 2556 2504; x_wconf 90' lang='lat' dir='ltr'><strong>diu</strong></span> <span class='ocrx_word' id='word_1_596' title='bbox 2611 2451 2951 2521; x_wconf 90' lang='lat' dir='ltr'><strong>multumque</strong></span> <span class='ocrx_word' id='word_1_597' title='bbox 2992 2450 3269 2505; x_wconf 88' lang='lat' dir='ltr'><strong>silentium</strong></span> <span class='ocrx_word' id='word_1_598' title='bbox 3316 2452 3477 2509; x_wconf 87' lang='lat' dir='ltr'><strong>ambo</strong></span> <span class='ocrx_word' id='word_1_599' title='bbox 3521 2463 3713 2507; x_wconf 90' lang='lat' dir='ltr'><strong>tenue-</strong></span> 
     </span>
    </p>
   </div>
   <div class='ocr_carea' id='block_1_84' title="bbox 2102 2541 3709 2617">
    <p class='ocr_par' dir='ltr' id='par_1_84' title="bbox 2102 2541 3709 2617">
     <span class='ocr_line' id='line_1_84' title="bbox 2102 2541 3709 2617; baseline 0.002 -22"><span class='ocrx_word' id='word_1_600' title='bbox 2102 2552 2251 2597; x_wconf 90' lang='lat' dir='ltr'><strong>runt.</strong></span> <span class='ocrx_word' id='word_1_601' title='bbox 2284 2542 2420 2596; x_wconf 91' lang='lat' dir='ltr'><strong>Tum</strong></span> <span class='ocrx_word' id='word_1_602' title='bbox 2449 2543 2599 2613; x_wconf 86' lang='lat' dir='ltr'><strong>prior</strong></span> <span class='ocrx_word' id='word_1_603' title='bbox 2626 2541 2900 2609; x_wconf 90' lang='lat' dir='ltr'><strong>diabolus,</strong></span> <span class='ocrx_word' id='word_1_604' title='bbox 2930 2543 3205 2614; x_wconf 78' lang='lat' dir='ltr'><strong>Agnosco,</strong></span> <span class='ocrx_word' id='word_1_605' title='bbox 3237 2544 3429 2617; x_wconf 85' lang='lat' dir='ltr'><strong>inquit,</strong></span> <span class='ocrx_word' id='word_1_606' title='bbox 3462 2544 3709 2608; x_wconf 83' lang='lat' dir='ltr'><strong>Martiae,</strong></span> 
     </span>
    </p>
   </div>
   <div class='ocr_carea' id='block_1_85' title="bbox 2100 2632 3709 2707">
    <p class='ocr_par' dir='ltr' id='par_1_85' title="bbox 2100 2632 3709 2707">
     <span class='ocr_line' id='line_1_85' title="bbox 2100 2632 3709 2707; baseline 0.003 -21"><span class='ocrx_word' id='word_1_607' title='bbox 2100 2649 2261 2703; x_wconf 91' lang='lat' dir='ltr'><strong>quem</strong></span> <span class='ocrx_word' id='word_1_608' title='bbox 2313 2634 2536 2689; x_wconf 90' lang='lat' dir='ltr'><strong>cernis:</strong></span> <span class='ocrx_word' id='word_1_609' title='bbox 2583 2632 2831 2689; x_wconf 89' lang='lat' dir='ltr'><strong>Christus</strong></span> <span class='ocrx_word' id='word_1_610' title='bbox 2880 2652 2981 2707; x_wconf 89' lang='lat' dir='ltr'><strong>ego</strong></span> <span class='ocrx_word' id='word_1_611' title='bbox 3024 2650 3142 2691; x_wconf 91' lang='lat' dir='ltr'><strong>sum</strong></span> <span class='ocrx_word' id='word_1_612' title='bbox 3180 2656 3192 2690; x_wconf 94' lang='lat'>:</span> <span class='ocrx_word' id='word_1_613' title='bbox 3236 2636 3599 2691; x_wconf 82' lang='lat' dir='ltr'><strong>descensurus</strong></span> <span class='ocrx_word' id='word_1_614' title='bbox 3641 2636 3709 2691; x_wconf 89' lang='lat' dir='ltr'><strong>ad</strong></span> 
     </span>
    </p>
   </div>
   <div class='ocr_carea' id='block_1_86' title="bbox 2103 2725 3710 2795">
    <p class='ocr_par' dir='ltr' id='par_1_86' title="bbox 2103 2725 3710 2795">
     <span class='ocr_line' id='line_1_86' title="bbox 2103 2725 3710 2795; baseline 0.002 -17"><span class='ocrx_word' id='word_1_615' title='bbox 2103 2735 2307 2779; x_wconf 91' lang='lat' dir='ltr'><strong>terram</strong></span> <span class='ocrx_word' id='word_1_616' title='bbox 2343 2726 2491 2795; x_wconf 88' lang='lat' dir='ltr'><strong>prius</strong></span> <span class='ocrx_word' id='word_1_617' title='bbox 2522 2741 2606 2779; x_wconf 83' lang='lat' dir='ltr'><strong>me</strong></span> <span class='ocrx_word' id='word_1_618' title='bbox 2638 2725 2993 2781; x_wconf 88' lang='lat' dir='ltr'><strong>manifestare</strong></span> <span class='ocrx_word' id='word_1_619' title='bbox 3018 2727 3113 2781; x_wconf 91' lang='lat' dir='ltr'><strong>tibi</strong></span> <span class='ocrx_word' id='word_1_620' title='bbox 3139 2727 3311 2782; x_wconf 87' lang='lat' dir='ltr'><strong>volui.</strong></span> <span class='ocrx_word' id='word_1_621' title='bbox 3335 2726 3417 2781; x_wconf 82' lang='lat' dir='ltr'><strong>Ad</strong></span> <span class='ocrx_word' id='word_1_622' title='bbox 3448 2728 3563 2781; x_wconf 77' lang='lat' dir='ltr'><strong>lucc</strong></span> <span class='ocrx_word' id='word_1_623' title='bbox 3587 2744 3710 2782; x_wconf 90' lang='lat' dir='ltr'><strong>cunt</strong></span> 
     </span>
    </p>
   </div>
   <div class='ocr_carea' id='block_1_87' title="bbox 2101 2816 3706 2888">
    <p class='ocr_par' dir='ltr' id='par_1_87' title="bbox 2101 2816 3706 2888">
     <span class='ocr_line' id='line_1_87' title="bbox 2101 2816 3706 2888; baseline 0.002 -17"><span class='ocrx_word' id='word_1_624' title='bbox 2101 2816 2362 2871; x_wconf 82' lang='lat' dir='ltr'><strong>Martinus</strong></span> <span class='ocrx_word' id='word_1_625' title='bbox 2395 2825 2620 2881; x_wconf 86' lang='lat' dir='ltr'><strong>taceret,</strong></span> <span class='ocrx_word' id='word_1_626' title='bbox 2672 2833 2772 2871; x_wconf 91' lang='lat' dir='ltr'><strong>nec</strong></span> <span class='ocrx_word' id='word_1_627' title='bbox 2818 2818 3110 2887; x_wconf 89' lang='lat' dir='ltr'><strong>quidquam</strong></span> <span class='ocrx_word' id='word_1_628' title='bbox 3168 2820 3411 2888; x_wconf 86' lang='lat' dir='ltr'><strong>responsi</strong></span> <span class='ocrx_word' id='word_1_629' title='bbox 3454 2821 3706 2885; x_wconf 88' lang='lat' dir='ltr'><strong>referret,</strong></span> 
     </span>
    </p>
   </div>
   <div class='ocr_carea' id='block_1_88' title="bbox 2103 2908 3707 2978">
    <p class='ocr_par' dir='ltr' id='par_1_88' title="bbox 2103 2908 3707 2978">
     <span class='ocr_line' id='line_1_88' title="bbox 2103 2908 3707 2978; baseline 0.001 -17"><span class='ocrx_word' id='word_1_630' title='bbox 2103 2910 2303 2963; x_wconf 88' lang='lat' dir='ltr'><strong>iterare</strong></span> <span class='ocrx_word' id='word_1_631' title='bbox 2335 2923 2495 2963; x_wconf 91' lang='lat' dir='ltr'><strong>ausus</strong></span> <span class='ocrx_word' id='word_1_632' title='bbox 2539 2918 2619 2962; x_wconf 92' lang='lat' dir='ltr'><strong>est</strong></span> <span class='ocrx_word' id='word_1_633' title='bbox 2665 2908 2913 2963; x_wconf 91' lang='lat' dir='ltr'><strong>diabolus</strong></span> <span class='ocrx_word' id='word_1_634' title='bbox 2957 2910 3316 2978; x_wconf 90' lang='lat' dir='ltr'><strong>professionis</strong></span> <span class='ocrx_word' id='word_1_635' title='bbox 3365 2910 3648 2963; x_wconf 87' lang='lat' dir='ltr'><strong>audaciam</strong></span> <span class='ocrx_word' id='word_1_636' title='bbox 3695 2928 3707 2963; x_wconf 92' lang='lat'>:</span> 
     </span>
    </p>
   </div>
   <div class='ocr_carea' id='block_1_89' title="bbox 2100 3000 3706 3072">
    <p class='ocr_par' dir='ltr' id='par_1_89' title="bbox 2100 3000 3706 3072">
     <span class='ocr_line' id='line_1_89' title="bbox 2100 3000 3706 3072; baseline 0.001 -17"><span class='ocrx_word' id='word_1_637' title='bbox 2100 3000 2352 3067; x_wconf 87' lang='lat' dir='ltr'><strong>Martitte,</strong></span> <span class='ocrx_word' id='word_1_638' title='bbox 2382 3001 2507 3072; x_wconf 87' lang='lat' dir='ltr'><strong>quid</strong></span> <span class='ocrx_word' id='word_1_639' title='bbox 2527 3001 2747 3057; x_wconf 83' lang='lat' dir='ltr'><strong>dubitas</strong></span> <span class='ocrx_word' id='word_1_640' title='bbox 2778 3001 3024 3063; x_wconf 89' lang='lat' dir='ltr'><strong>credere.</strong></span> <span class='ocrx_word' id='word_1_641' title='bbox 3056 3016 3177 3056; x_wconf 88' lang='lat' dir='ltr'><strong>cum</strong></span> <span class='ocrx_word' id='word_1_642' title='bbox 3207 3002 3427 3057; x_wconf 79' lang='lat' dir='ltr'><strong>videas?</strong></span> <span class='ocrx_word' id='word_1_643' title='bbox 3452 3001 3706 3057; x_wconf 88' lang='lat' dir='ltr'><strong>Christus</strong></span> 
     </span>
    </p>
   </div>
   <div class='ocr_carea' id='block_1_90' title="bbox 2103 3095 3709 3165">
    <p class='ocr_par' dir='ltr' id='par_1_90' title="bbox 2103 3095 3709 3165">
     <span class='ocr_line' id='line_1_90' title="bbox 2103 3095 3709 3165; baseline 0.001 -16"><span class='ocrx_word' id='word_1_644' title='bbox 2103 3112 2204 3165; x_wconf 81' lang='lat' dir='ltr'><strong>ego</strong></span> <span class='ocrx_word' id='word_1_645' title='bbox 2236 3111 2377 3150; x_wconf 88' lang='lat' dir='ltr'><strong>sum.</strong></span> <span class='ocrx_word' id='word_1_646' title='bbox 2409 3095 2546 3150; x_wconf 89' lang='lat' dir='ltr'><strong>Tum</strong></span> <span class='ocrx_word' id='word_1_647' title='bbox 2580 3096 2693 3162; x_wconf 89' lang='lat' dir='ltr'><strong>ille,</strong></span> <span class='ocrx_word' id='word_1_648' title='bbox 2724 3095 3005 3152; x_wconf 89' lang='lat' dir='ltr'><strong>revelante</strong></span> <span class='ocrx_word' id='word_1_649' title='bbox 3038 3096 3141 3151; x_wconf 89' lang='lat' dir='ltr'><strong>sibi</strong></span> <span class='ocrx_word' id='word_1_650' title='bbox 3170 3096 3397 3164; x_wconf 88' lang='lat' dir='ltr'><strong>Spiritu,</strong></span> <span class='ocrx_word' id='word_1_651' title='bbox 3422 3108 3477 3151; x_wconf 92' lang='lat' dir='ltr'><strong>ut</strong></span> <span class='ocrx_word' id='word_1_652' title='bbox 3506 3098 3709 3151; x_wconf 91' lang='lat' dir='ltr'><strong>intelli-</strong></span> 
     </span>
    </p>
   </div>
   <div class='ocr_carea' id='block_1_91' title="bbox 2093 3188 3703 3260">
    <p class='ocr_par' dir='ltr' id='par_1_91' title="bbox 2093 3188 3703 3260">
     <span class='ocr_line' id='line_1_91' title="bbox 2093 3188 3703 3260; baseline 0.002 -19"><span class='ocrx_word' id='word_1_653' title='bbox 2093 3198 2248 3260; x_wconf 84' lang='lat' dir='ltr'><strong>geret</strong></span> <span class='ocrx_word' id='word_1_654' title='bbox 2275 3188 2549 3243; x_wconf 85' lang='lat' dir='ltr'><strong>diabolum</strong></span> <span class='ocrx_word' id='word_1_655' title='bbox 2582 3204 2725 3253; x_wconf 91' lang='lat' dir='ltr'><strong>esse,</strong></span> <span class='ocrx_word' id='word_1_656' title='bbox 2762 3205 2867 3242; x_wconf 91' lang='lat' dir='ltr'><strong>non</strong></span> <span class='ocrx_word' id='word_1_657' title='bbox 2895 3188 3061 3243; x_wconf 91' lang='lat' dir='ltr'><strong>Deum</strong></span> <span class='ocrx_word' id='word_1_658' title='bbox 3091 3206 3103 3240; x_wconf 90' lang='lat'><strong>:</strong></span> <span class='ocrx_word' id='word_1_659' title='bbox 3138 3188 3253 3243; x_wconf 85' lang='lat' dir='ltr'><strong>Non</strong></span> <span class='ocrx_word' id='word_1_660' title='bbox 3282 3204 3362 3254; x_wconf 80' lang='lat' dir='ltr'><strong>se,</strong></span> <span class='ocrx_word' id='word_1_661' title='bbox 3390 3191 3586 3259; x_wconf 77' lang='lat' dir='ltr'><strong>inquit,</strong></span> <span class='ocrx_word' id='word_1_662' title='bbox 3615 3189 3703 3245; x_wconf 84' lang='lat' dir='ltr'><strong>Je-</strong></span> 
     </span>
    </p>
   </div>
   <div class='ocr_carea' id='block_1_92' title="bbox 2095 3281 3701 3349">
    <p class='ocr_par' dir='ltr' id='par_1_92' title="bbox 2095 3281 3701 3349">
     <span class='ocr_line' id='line_1_92' title="bbox 2095 3281 3701 3349; baseline 0.002 -15"><span class='ocrx_word' id='word_1_663' title='bbox 2095 3294 2190 3335; x_wconf 89' lang='lat' dir='ltr'><strong>SllS</strong></span> <span class='ocrx_word' id='word_1_664' title='bbox 2222 3281 2484 3336; x_wconf 89' lang='lat' dir='ltr'><strong>Dominus</strong></span> <span class='ocrx_word' id='word_1_665' title='bbox 2516 3291 2866 3349; x_wconf 88' lang='lat' dir='ltr'><strong>pttrporatum</strong></span> <span class='ocrx_word' id='word_1_666' title='bbox 2913 3292 2968 3335; x_wconf 84' lang='lat' dir='ltr'><strong>et</strong></span> <span class='ocrx_word' id='word_1_667' title='bbox 3015 3281 3325 3337; x_wconf 88' lang='lat' dir='ltr'><strong>diademate</strong></span> <span class='ocrx_word' id='word_1_668' title='bbox 3372 3284 3701 3339; x_wconf 85' lang='lat' dir='ltr'><strong>renitentem</strong></span> 
     </span>
    </p>
   </div>
   <div class='ocr_carea' id='block_1_93' title="bbox 2095 3370 3702 3445">
    <p class='ocr_par' dir='ltr' id='par_1_93' title="bbox 2095 3370 3702 3445">
     <span class='ocr_line' id='line_1_93' title="bbox 2095 3370 3702 3445; baseline 0.002 -21"><span class='ocrx_word' id='word_1_669' title='bbox 2095 3382 2385 3428; x_wconf 85' lang='lat' dir='ltr'><strong>venturum</strong></span> <span class='ocrx_word' id='word_1_670' title='bbox 2417 3389 2537 3429; x_wconf 90' lang='lat' dir='ltr'><strong>esse</strong></span> <span class='ocrx_word' id='word_1_671' title='bbox 2567 3373 2838 3444; x_wconf 57' lang='lat' dir='ltr'><strong>praedixit.</strong></span> <span class='ocrx_word' id='word_1_672' title='bbox 2874 3374 2987 3445; x_wconf 83' lang='lat' dir='ltr'><strong>Ego</strong></span> <span class='ocrx_word' id='word_1_673' title='bbox 3029 3370 3332 3438; x_wconf 89' lang='lat' dir='ltr'><strong>Christum,</strong></span> <span class='ocrx_word' id='word_1_674' title='bbox 3377 3375 3483 3428; x_wconf 90' lang='lat' dir='ltr'><strong>nisi</strong></span> <span class='ocrx_word' id='word_1_675' title='bbox 3537 3374 3590 3427; x_wconf 89' lang='lat' dir='ltr'><strong>itt</strong></span> <span class='ocrx_word' id='word_1_676' title='bbox 3636 3390 3702 3429; x_wconf 93' lang='lat' dir='ltr'><strong>eo</strong></span> 
     </span>
    </p>
   </div>
   <div class='ocr_carea' id='block_1_94' title="bbox 2096 3465 3699 3537">
    <p class='ocr_par' dir='ltr' id='par_1_94' title="bbox 2096 3465 3699 3537">
     <span class='ocr_line' id='line_1_94' title="bbox 2096 3465 3699 3537; baseline 0.001 -17"><span class='ocrx_word' id='word_1_677' title='bbox 2096 3465 2285 3520; x_wconf 89' lang='lat' dir='ltr'><strong>habitu</strong></span> <span class='ocrx_word' id='word_1_678' title='bbox 2314 3467 2590 3537; x_wconf 87' lang='lat' dir='ltr'><strong>formaque</strong></span> <span class='ocrx_word' id='word_1_679' title='bbox 2613 3482 2718 3537; x_wconf 92' lang='lat' dir='ltr'><strong>qua</strong></span> <span class='ocrx_word' id='word_1_680' title='bbox 2752 3482 2945 3537; x_wconf 87' lang='lat' dir='ltr'><strong>passus</strong></span> <span class='ocrx_word' id='word_1_681' title='bbox 2973 3474 3078 3532; x_wconf 86' lang='lat' dir='ltr'><strong>est,</strong></span> <span class='ocrx_word' id='word_1_682' title='bbox 3116 3467 3217 3520; x_wconf 74' lang='lat' dir='ltr'><strong>nisi</strong></span> <span class='ocrx_word' id='word_1_683' title='bbox 3246 3468 3425 3521; x_wconf 86' lang='lat' dir='ltr'><strong>crucis</strong></span> <span class='ocrx_word' id='word_1_684' title='bbox 3446 3467 3699 3537; x_wconf 82' lang='lat' dir='ltr'><strong>stigmata</strong></span> 
     </span>
    </p>
   </div>
   <div class='ocr_carea' id='block_1_95' title="bbox 2093 3558 3697 3628">
    <p class='ocr_par' dir='ltr' id='par_1_95' title="bbox 2093 3558 3697 3628">
     <span class='ocr_line' id='line_1_95' title="bbox 2093 3558 3697 3628; baseline -0.001 -16"><span class='ocrx_word' id='word_1_685' title='bbox 2093 3558 2501 3628; x_wconf 54' lang='lat' dir='ltr'><strong>praeferentem,</strong></span> <span class='ocrx_word' id='word_1_686' title='bbox 2538 3559 2754 3614; x_wconf 88' lang='lat' dir='ltr'><strong>venisse</strong></span> <span class='ocrx_word' id='word_1_687' title='bbox 2781 3575 2887 3613; x_wconf 92' lang='lat' dir='ltr'><strong>non</strong></span> <span class='ocrx_word' id='word_1_688' title='bbox 2921 3559 3165 3615; x_wconf 83' lang='lat' dir='ltr'><strong>credam.</strong></span> <span class='ocrx_word' id='word_1_689' title='bbox 3193 3559 3275 3614; x_wconf 86' lang='lat' dir='ltr'><strong>Ad</strong></span> <span class='ocrx_word' id='word_1_690' title='bbox 3309 3559 3447 3613; x_wconf 89' lang='lat' dir='ltr'><strong>hanc</strong></span> <span class='ocrx_word' id='word_1_691' title='bbox 3480 3559 3568 3613; x_wconf 92' lang='lat' dir='ltr'><strong>ille</strong></span> <span class='ocrx_word' id='word_1_692' title='bbox 3602 3574 3697 3611; x_wconf 91' lang='lat' dir='ltr'><strong>vo-</strong></span> 
     </span>
    </p>
   </div>
   <div class='ocr_carea' id='block_1_96' title="bbox 2092 3649 3699 3715">
    <p class='ocr_par' dir='ltr' id='par_1_96' title="bbox 2092 3649 3699 3715">
     <span class='ocr_line' id='line_1_96' title="bbox 2092 3649 3699 3715; baseline 0 -12"><span class='ocrx_word' id='word_1_693' title='bbox 2092 3665 2214 3705; x_wconf 91' lang='lat' dir='ltr'><strong>cem</strong></span> <span class='ocrx_word' id='word_1_694' title='bbox 2240 3652 2423 3703; x_wconf 91' lang='lat' dir='ltr'><strong>statim</strong></span> <span class='ocrx_word' id='word_1_695' title='bbox 2448 3649 2700 3704; x_wconf 83' lang='lat' dir='ltr'><strong>utfuntus</strong></span> <span class='ocrx_word' id='word_1_696' title='bbox 2728 3652 2965 3715; x_wconf 88' lang='lat' dir='ltr'><strong>evanuit,</strong></span> <span class='ocrx_word' id='word_1_697' title='bbox 2995 3661 3048 3703; x_wconf 92' lang='lat' dir='ltr'><strong>et</strong></span> <span class='ocrx_word' id='word_1_698' title='bbox 3075 3650 3323 3703; x_wconf 78' lang='lat' dir='ltr'><strong>celiulam</strong></span> <span class='ocrx_word' id='word_1_699' title='bbox 3351 3658 3503 3703; x_wconf 87' lang='lat' dir='ltr'><strong>tanto</strong></span> <span class='ocrx_word' id='word_1_700' title='bbox 3528 3650 3699 3703; x_wconf 84' lang='lat' dir='ltr'><strong>fetore</strong></span> 
     </span>
    </p>
   </div>
   <div class='ocr_carea' id='block_1_97' title="bbox 2091 3740 3693 3811">
    <p class='ocr_par' dir='ltr' id='par_1_97' title="bbox 2091 3740 3693 3811">
     <span class='ocr_line' id='line_1_97' title="bbox 2091 3740 3693 3811; baseline -0.001 -15"><span class='ocrx_word' id='word_1_701' title='bbox 2091 3741 2411 3811; x_wconf 85' lang='lat' dir='ltr'><strong>complevit,</strong></span> <span class='ocrx_word' id='word_1_702' title='bbox 2454 3752 2513 3795; x_wconf 89' lang='lat' dir='ltr'><strong>ut</strong></span> <span class='ocrx_word' id='word_1_703' title='bbox 2543 3740 2765 3795; x_wconf 88' lang='lat' dir='ltr'><strong>indubia</strong></span> <span class='ocrx_word' id='word_1_704' title='bbox 2798 3741 2995 3796; x_wconf 86' lang='lat' dir='ltr'><strong>iudicia</strong></span> <span class='ocrx_word' id='word_1_705' title='bbox 3030 3741 3386 3809; x_wconf 79' lang='lat' dir='ltr'><strong>relinqueret,</strong></span> <span class='ocrx_word' id='word_1_706' title='bbox 3422 3742 3693 3795; x_wconf 81' lang='lat' dir='ltr'><strong>diabolum</strong></span> 
     </span>
    </p>
   </div>
   <div class='ocr_carea' id='block_1_98' title="bbox 2092 3833 3743 3905">
    <p class='ocr_par' dir='ltr' id='par_1_98' title="bbox 2092 3833 3743 3905">
     <span class='ocr_line' id='line_1_98' title="bbox 2092 3833 3743 3905; baseline -0.002 -15"><span class='ocrx_word' id='word_1_707' title='bbox 2092 3850 2152 3890; x_wconf 93' lang='lat' dir='ltr'><strong>se</strong></span> <span class='ocrx_word' id='word_1_708' title='bbox 2180 3835 2369 3889; x_wconf 91' lang='lat' dir='ltr'><strong>fuisse.</strong></span> <span class='ocrx_word' id='word_1_709' title='bbox 2403 3834 2515 3889; x_wconf 89' lang='lat' dir='ltr'><strong>Hoc</strong></span> <span class='ocrx_word' id='word_1_710' title='bbox 2551 3835 2622 3888; x_wconf 89' lang='lat' dir='ltr'><strong>ita</strong></span> <span class='ocrx_word' id='word_1_711' title='bbox 2651 3845 2859 3905; x_wconf 80' lang='lat' dir='ltr'><strong>gestum</strong></span> <span class='ocrx_word' id='word_1_712' title='bbox 2894 3844 2948 3886; x_wconf 95' lang='lat' dir='ltr'><strong>ut</strong></span> <span class='ocrx_word' id='word_1_713' title='bbox 2980 3846 3143 3901; x_wconf 90' lang='lat' dir='ltr'><strong>supra</strong></span> <span class='ocrx_word' id='word_1_714' title='bbox 3169 3833 3474 3899; x_wconf 87' lang='lat' dir='ltr'><strong>retulimus,</strong></span> <span class='ocrx_word' id='word_1_715' title='bbox 3508 3849 3577 3887; x_wconf 89' lang='lat' dir='ltr'><strong>ex</strong></span> <span class='ocrx_word' id='word_1_716' title='bbox 3611 3834 3693 3903; x_wconf 88' lang='lat' dir='ltr'><strong>ip-</strong></span> <span class='ocrx_word' id='word_1_717' title='bbox 3732 3860 3743 3873; x_wconf 83' lang='lat'><strong><em>-</em></strong></span> 
     </span>
    </p>
   </div>
   <div class='ocr_carea' id='block_1_99' title="bbox 2089 3926 3695 3999">
    <p class='ocr_par' dir='ltr' id='par_1_99' title="bbox 2089 3926 3695 3999">
     <span class='ocr_line' id='line_1_99' title="bbox 2089 3926 3695 3999; baseline -0.001 -16"><span class='ocrx_word' id='word_1_718' title='bbox 2089 3930 2202 3983; x_wconf 86' lang='lat' dir='ltr'><strong>sius</strong></span> <span class='ocrx_word' id='word_1_719' title='bbox 2234 3929 2445 3983; x_wconf 81' lang='lat' dir='ltr'><strong>Martini</strong></span> <span class='ocrx_word' id='word_1_720' title='bbox 2479 3944 2572 3983; x_wconf 90' lang='lat' dir='ltr'><strong>ore</strong></span> <span class='ocrx_word' id='word_1_721' title='bbox 2603 3928 2855 3999; x_wconf 84' lang='lat' dir='ltr'><strong>cognovi,</strong></span> <span class='ocrx_word' id='word_1_722' title='bbox 2886 3945 2951 3981; x_wconf 88' lang='lat' dir='ltr'><strong>ne</strong></span> <span class='ocrx_word' id='word_1_723' title='bbox 2983 3928 3102 3998; x_wconf 87' lang='lat' dir='ltr'><strong>quis</strong></span> <span class='ocrx_word' id='word_1_724' title='bbox 3138 3926 3277 3982; x_wconf 92' lang='lat' dir='ltr'><strong>forte</strong></span> <span class='ocrx_word' id='word_1_725' title='bbox 3307 3927 3585 3984; x_wconf 85' lang='lat' dir='ltr'><strong>existimet</strong></span> <span class='ocrx_word' id='word_1_726' title='bbox 3614 3926 3695 3982; x_wconf 89' lang='lat' dir='ltr'><strong>fa-</strong></span> 
     </span>
    </p>
   </div>
   <div class='ocr_carea' id='block_1_100' title="bbox 2088 4023 2361 4078">
    <p class='ocr_par' dir='ltr' id='par_1_100' title="bbox 2088 4023 2361 4078">
     <span class='ocr_line' id='line_1_100' title="bbox 2088 4023 2361 4078; baseline -0.011 0"><span class='ocrx_word' id='word_1_727' title='bbox 2088 4023 2361 4078; x_wconf 68' lang='lat' dir='ltr'><strong>bulomm.</strong></span> 
     </span>
    </p>
   </div>
   <div class='ocr_carea' id='block_1_101' title="bbox 2161 4113 3689 4187">
    <p class='ocr_par' dir='ltr' id='par_1_101' title="bbox 2161 4113 3689 4187">
     <span class='ocr_line' id='line_1_101' title="bbox 2161 4113 3689 4187; baseline 0.001 -17"><span class='ocrx_word' id='word_1_728' title='bbox 2161 4114 2327 4170; x_wconf 81' lang='lat' dir='ltr'><strong>XXV.</strong></span> <span class='ocrx_word' id='word_1_729' title='bbox 2372 4116 2501 4171; x_wconf 74' lang='lat' dir='ltr'><strong>Nam</strong></span> <span class='ocrx_word' id='word_1_730' title='bbox 2532 4131 2653 4171; x_wconf 90' lang='lat' dir='ltr'><strong>cum</strong></span> <span class='ocrx_word' id='word_1_731' title='bbox 2685 4115 2809 4169; x_wconf 90' lang='lat' dir='ltr'><strong>olint</strong></span> <span class='ocrx_word' id='word_1_732' title='bbox 2843 4113 3025 4169; x_wconf 89' lang='lat' dir='ltr'><strong>audita</strong></span> <span class='ocrx_word' id='word_1_733' title='bbox 3062 4114 3165 4169; x_wconf 84' lang='lat' dir='ltr'><strong>fide</strong></span> <span class='ocrx_word' id='word_1_734' title='bbox 3197 4114 3333 4184; x_wconf 89' lang='lat' dir='ltr'><strong>ejus,</strong></span> <span class='ocrx_word' id='word_1_735' title='bbox 3379 4116 3484 4169; x_wconf 89' lang='lat' dir='ltr'><strong>vita</strong></span> <span class='ocrx_word' id='word_1_736' title='bbox 3528 4127 3689 4187; x_wconf 88' lang='lat' dir='ltr'><strong>atque.</strong></span> 
     </span>
    </p>
   </div>
   <div class='ocr_carea' id='block_1_102' title="bbox 2087 4209 3688 4277">
    <p class='ocr_par' dir='ltr' id='par_1_102' title="bbox 2087 4209 3688 4277">
     <span class='ocr_line' id='line_1_102' title="bbox 2087 4209 3688 4277; baseline -0.001 -14"><span class='ocrx_word' id='word_1_737' title='bbox 2087 4210 2397 4272; x_wconf 85' lang='lat' dir='ltr'><strong>virtutibus,</strong></span> <span class='ocrx_word' id='word_1_738' title='bbox 2428 4210 2707 4265; x_wconf 83' lang='lat' dir='ltr'><strong>desiderio</strong></span> <span class='ocrx_word' id='word_1_739' title='bbox 2730 4209 2875 4263; x_wconf 75' lang='lat' dir='ltr'><strong>illius</strong></span> <span class='ocrx_word' id='word_1_740' title='bbox 2896 4217 3275 4273; x_wconf 60' lang='lat' dir='ltr'><strong>aestumas,</strong></span> <span class='ocrx_word' id='word_1_741' title='bbox 3305 4219 3513 4277; x_wconf 72' lang='lat' dir='ltr'><strong>gratam</strong></span> <span class='ocrx_word' id='word_1_742' title='bbox 3530 4209 3688 4263; x_wconf 82' lang='lat' dir='ltr'><strong>nobis</strong></span> 
     </span>
    </p>
   </div>
   <div class='ocr_carea' id='block_1_103' title="bbox 2088 4302 3688 4373">
    <p class='ocr_par' dir='ltr' id='par_1_103' title="bbox 2088 4302 3688 4373">
     <span class='ocr_line' id='line_1_103' title="bbox 2088 4302 3688 4373; baseline -0.001 -15"><span class='ocrx_word' id='word_1_743' title='bbox 2088 4304 2155 4359; x_wconf 89' lang='lat' dir='ltr'><strong>ad</strong></span> <span class='ocrx_word' id='word_1_744' title='bbox 2186 4322 2306 4360; x_wconf 91' lang='lat' dir='ltr'><strong>eum</strong></span> <span class='ocrx_word' id='word_1_745' title='bbox 2341 4304 2629 4359; x_wconf 87' lang='lat' dir='ltr'><strong>videndum</strong></span> <span class='ocrx_word' id='word_1_746' title='bbox 2662 4304 3155 4373; x_wconf 85' lang='lat' dir='ltr'><strong>peregrinationem</strong></span> <span class='ocrx_word' id='word_1_747' title='bbox 3189 4302 3567 4370; x_wconf 90' lang='lat' dir='ltr'><strong>suscepimus:</strong></span> <span class='ocrx_word' id='word_1_748' title='bbox 3615 4303 3688 4356; x_wconf 85' lang='lat' dir='ltr'><strong>si-</strong></span> 
     </span>
    </p>
   </div>
   <div class='ocr_carea' id='block_1_104' title="bbox 2090 4394 3683 4469">
    <p class='ocr_par' dir='ltr' id='par_1_104' title="bbox 2090 4394 3683 4469">
     <span class='ocr_line' id='line_1_104' title="bbox 2090 4394 3683 4469; baseline -0.003 -14"><span class='ocrx_word' id='word_1_749' title='bbox 2090 4399 2225 4465; x_wconf 82' lang='lat' dir='ltr'><strong>mul,</strong></span> <span class='ocrx_word' id='word_1_750' title='bbox 2257 4399 2383 4469; x_wconf 87' lang='lat' dir='ltr'><strong>quia</strong></span> <span class='ocrx_word' id='word_1_751' title='bbox 2405 4398 2514 4468; x_wconf 80' lang='lat' dir='ltr'><strong>jam</strong></span> <span class='ocrx_word' id='word_1_752' title='bbox 2559 4397 2791 4455; x_wconf 74' lang='lat' dir='ltr'><strong>ardedat</strong></span> <span class='ocrx_word' id='word_1_753' title='bbox 2815 4396 3030 4449; x_wconf 90' lang='lat' dir='ltr'><strong>animus</strong></span> <span class='ocrx_word' id='word_1_754' title='bbox 3059 4395 3222 4449; x_wconf 88' lang='lat' dir='ltr'><strong>vitam</strong></span> <span class='ocrx_word' id='word_1_755' title='bbox 3248 4394 3394 4449; x_wconf 92' lang='lat' dir='ltr'><strong>illius</strong></span> <span class='ocrx_word' id='word_1_756' title='bbox 3420 4394 3683 4460; x_wconf 91' lang='lat' dir='ltr'><strong>scribere,</strong></span> 
     </span>
    </p>
   </div>
   <div class='ocr_carea' id='block_1_105' title="bbox 2090 4484 3683 4559">
    <p class='ocr_par' dir='ltr' id='par_1_105' title="bbox 2090 4484 3683 4559">
     <span class='ocr_line' id='line_1_105' title="bbox 2090 4484 3683 4559; baseline -0.003 -15"><span class='ocrx_word' id='word_1_757' title='bbox 2090 4491 2287 4558; x_wconf 75' lang='lat' dir='ltr'><strong>partito</strong></span> <span class='ocrx_word' id='word_1_758' title='bbox 2314 4488 2383 4544; x_wconf 83' lang='lat' dir='ltr'><strong>ab</strong></span> <span class='ocrx_word' id='word_1_759' title='bbox 2412 4488 2559 4559; x_wconf 73' lang='lat' dir='ltr'><strong>ipso,</strong></span> <span class='ocrx_word' id='word_1_760' title='bbox 2592 4488 2647 4542; x_wconf 90' lang='lat' dir='ltr'><strong>in</strong></span> <span class='ocrx_word' id='word_1_761' title='bbox 2678 4498 2939 4558; x_wconf 82' lang='lat' dir='ltr'><strong>quantum</strong></span> <span class='ocrx_word' id='word_1_762' title='bbox 2985 4487 3077 4541; x_wconf 91' lang='lat' dir='ltr'><strong>ille</strong></span> <span class='ocrx_word' id='word_1_763' title='bbox 3118 4484 3441 4554; x_wconf 88' lang='lat' dir='ltr'><strong>interrogari</strong></span> <span class='ocrx_word' id='word_1_764' title='bbox 3484 4487 3683 4556; x_wconf 86' lang='lat' dir='ltr'><strong>potuit,</strong></span> 
     </span>
    </p>
   </div>
   <div class='ocr_carea' id='block_1_106' title="bbox 2003 4560 3681 4653">
    <p class='ocr_par' dir='ltr' id='par_1_106' title="bbox 2003 4560 3681 4653">
     <span class='ocr_line' id='line_1_106' title="bbox 2003 4560 3681 4653; baseline -0.004 -15"><span class='ocrx_word' id='word_1_765' title='bbox 2003 4560 2061 4623; x_wconf 81' lang='lat' dir='ltr'><strong><em>D</em></strong></span> <span class='ocrx_word' id='word_1_766' title='bbox 2086 4584 2346 4639; x_wconf 89' lang='lat' dir='ltr'><strong>sciscitati</strong></span> <span class='ocrx_word' id='word_1_767' title='bbox 2374 4598 2594 4647; x_wconf 87' lang='lat' dir='ltr'><strong>sumus;</strong></span> <span class='ocrx_word' id='word_1_768' title='bbox 2623 4583 2822 4653; x_wconf 88' lang='lat' dir='ltr'><strong>partim</strong></span> <span class='ocrx_word' id='word_1_769' title='bbox 2854 4580 2920 4634; x_wconf 91' lang='lat' dir='ltr'><strong>ab</strong></span> <span class='ocrx_word' id='word_1_770' title='bbox 2958 4579 3042 4633; x_wconf 91' lang='lat' dir='ltr'><strong>his</strong></span> <span class='ocrx_word' id='word_1_771' title='bbox 3068 4581 3157 4649; x_wconf 92' lang='lat' dir='ltr'><strong>qui</strong></span> <span class='ocrx_word' id='word_1_772' title='bbox 3190 4578 3552 4634; x_wconf 91' lang='lat' dir='ltr'><strong>interfuerant</strong></span> <span class='ocrx_word' id='word_1_773' title='bbox 3595 4579 3681 4633; x_wconf 89' lang='lat' dir='ltr'><strong>vel</strong></span> 
     </span>
    </p>
   </div>
   <div class='ocr_carea' id='block_1_107' title="bbox 2082 4669 3683 4745">
    <p class='ocr_par' dir='ltr' id='par_1_107' title="bbox 2082 4669 3683 4745">
     <span class='ocr_line' id='line_1_107' title="bbox 2082 4669 3683 4745; baseline -0.006 -12"><span class='ocrx_word' id='word_1_774' title='bbox 2082 4676 2347 4741; x_wconf 77' lang='lat' dir='ltr'><strong>sciebant,</strong></span> <span class='ocrx_word' id='word_1_775' title='bbox 2398 4674 2772 4745; x_wconf 77' lang='lat' dir='ltr'><strong>cognovimus.</strong></span> <span class='ocrx_word' id='word_1_776' title='bbox 2825 4672 2945 4738; x_wconf 87' lang='lat' dir='ltr'><strong>Quo</strong></span> <span class='ocrx_word' id='word_1_777' title='bbox 2972 4671 3190 4741; x_wconf 89' lang='lat' dir='ltr'><strong>quidem</strong></span> <span class='ocrx_word' id='word_1_778' title='bbox 3243 4681 3484 4740; x_wconf 87' lang='lat' dir='ltr'><strong>tempore</strong></span> <span class='ocrx_word' id='word_1_779' title='bbox 3530 4669 3683 4724; x_wconf 90' lang='lat' dir='ltr'><strong>credi</strong></span> 
     </span>
    </p>
   </div>
   <div class='ocr_carea' id='block_1_108' title="bbox 2082 4764 3683 4839">
    <p class='ocr_par' dir='ltr' id='par_1_108' title="bbox 2082 4764 3683 4839">
     <span class='ocr_line' id='line_1_108' title="bbox 2082 4764 3683 4839; baseline -0.005 -15"><span class='ocrx_word' id='word_1_780' title='bbox 2082 4785 2190 4824; x_wconf 85' lang='lat' dir='ltr'><strong>non</strong></span> <span class='ocrx_word' id='word_1_781' title='bbox 2224 4774 2404 4839; x_wconf 75' lang='lat' dir='ltr'><strong>potest</strong></span> <span class='ocrx_word' id='word_1_782' title='bbox 2428 4783 2530 4837; x_wconf 87' lang='lat' dir='ltr'><strong>qua</strong></span> <span class='ocrx_word' id='word_1_783' title='bbox 2559 4782 2649 4821; x_wconf 90' lang='lat' dir='ltr'><strong>me</strong></span> <span class='ocrx_word' id='word_1_784' title='bbox 2673 4764 3003 4827; x_wconf 84' lang='lat' dir='ltr'><strong>humilitate,</strong></span> <span class='ocrx_word' id='word_1_785' title='bbox 3048 4778 3153 4832; x_wconf 89' lang='lat' dir='ltr'><strong>qua</strong></span> <span class='ocrx_word' id='word_1_786' title='bbox 3202 4764 3532 4831; x_wconf 86' lang='lat' dir='ltr'><strong>benignitate</strong></span> <span class='ocrx_word' id='word_1_787' title='bbox 3561 4778 3683 4816; x_wconf 85' lang='lat' dir='ltr'><strong>sus-</strong></span> 
     </span>
    </p>
   </div>
   <div class='ocr_carea' id='block_1_109' title="bbox 2081 4855 3679 4929">
    <p class='ocr_par' dir='ltr' id='par_1_109' title="bbox 2081 4855 3679 4929">
     <span class='ocr_line' id='line_1_109' title="bbox 2081 4855 3679 4929; baseline -0.004 -12"><span class='ocrx_word' id='word_1_788' title='bbox 2081 4860 2305 4929; x_wconf 87' lang='lat' dir='ltr'><strong>ceperit,</strong></span> <span class='ocrx_word' id='word_1_789' title='bbox 2338 4859 2747 4929; x_wconf 85' lang='lat' dir='ltr'><strong>congratulatus</strong></span> <span class='ocrx_word' id='word_1_790' title='bbox 2782 4857 3070 4926; x_wconf 92' lang='lat' dir='ltr'><strong>plurimum</strong></span> <span class='ocrx_word' id='word_1_791' title='bbox 3108 4866 3161 4909; x_wconf 92' lang='lat' dir='ltr'><strong>et</strong></span> <span class='ocrx_word' id='word_1_792' title='bbox 3202 4855 3427 4924; x_wconf 85' lang='lat' dir='ltr'><strong>gavisus</strong></span> <span class='ocrx_word' id='word_1_793' title='bbox 3471 4855 3523 4908; x_wconf 92' lang='lat' dir='ltr'><strong>in</strong></span> <span class='ocrx_word' id='word_1_794' title='bbox 3572 4855 3679 4910; x_wconf 87' lang='lat' dir='ltr'><strong>Do-</strong></span> 
     </span>
    </p>
   </div>
   <div class='ocr_carea' id='block_1_110' title="bbox 2082 4947 3676 5022">
    <p class='ocr_par' dir='ltr' id='par_1_110' title="bbox 2082 4947 3676 5022">
     <span class='ocr_line' id='line_1_110' title="bbox 2082 4947 3676 5022; baseline -0.003 -15"><span class='ocrx_word' id='word_1_795' title='bbox 2082 4956 2254 5019; x_wconf 89' lang='lat' dir='ltr'><strong>mino,</strong></span> <span class='ocrx_word' id='word_1_796' title='bbox 2284 4951 2425 5022; x_wconf 92' lang='lat' dir='ltr'><strong>quod</strong></span> <span class='ocrx_word' id='word_1_797' title='bbox 2476 4950 2605 5003; x_wconf 91' lang='lat' dir='ltr'><strong>tanti</strong></span> <span class='ocrx_word' id='word_1_798' title='bbox 2636 4958 2782 5003; x_wconf 91' lang='lat' dir='ltr'><strong>esset</strong></span> <span class='ocrx_word' id='word_1_799' title='bbox 2814 4948 3031 5002; x_wconf 91' lang='lat' dir='ltr'><strong>habitus</strong></span> <span class='ocrx_word' id='word_1_800' title='bbox 3060 4962 3090 5000; x_wconf 92' lang='lat' dir='ltr'><strong>a</strong></span> <span class='ocrx_word' id='word_1_801' title='bbox 3119 4947 3297 5011; x_wconf 90' lang='lat' dir='ltr'><strong>nobis,</strong></span> <span class='ocrx_word' id='word_1_802' title='bbox 3327 4962 3486 5015; x_wconf 90' lang='lat' dir='ltr'><strong>quem</strong></span> <span class='ocrx_word' id='word_1_803' title='bbox 3522 4963 3676 5017; x_wconf 87' lang='lat' dir='ltr'><strong>pere-</strong></span> 
     </span>
    </p>
   </div>
   <div class='ocr_carea' id='block_1_111' title="bbox 2078 5038 3673 5117">
    <p class='ocr_par' dir='ltr' id='par_1_111' title="bbox 2078 5038 3673 5117">
     <span class='ocr_line' id='line_1_111' title="bbox 2078 5038 3673 5117; baseline -0.003 -19"><span class='ocrx_word' id='word_1_804' title='bbox 2078 5045 2384 5117; x_wconf 88' lang='lat' dir='ltr'><strong>grinatione</strong></span> <span class='ocrx_word' id='word_1_805' title='bbox 2438 5050 2685 5110; x_wconf 89' lang='lat' dir='ltr'><strong>suscepta</strong></span> <span class='ocrx_word' id='word_1_806' title='bbox 2762 5040 3177 5108; x_wconf 82' lang='lat' dir='ltr'><strong>expetissentus.</strong></span> <span class='ocrx_word' id='word_1_807' title='bbox 3236 5038 3490 5092; x_wconf 87' lang='lat' dir='ltr'><strong>Miserum</strong></span> <span class='ocrx_word' id='word_1_808' title='bbox 3557 5042 3673 5093; x_wconf 90' lang='lat' dir='ltr'><strong>me!</strong></span> 
     </span>
    </p>
   </div>
   <div class='ocr_carea' id='block_1_112' title="bbox 2079 5131 3676 5213">
    <p class='ocr_par' dir='ltr' id='par_1_112' title="bbox 2079 5131 3676 5213">
     <span class='ocr_line' id='line_1_112' title="bbox 2079 5131 3676 5213; baseline -0.004 -20"><span class='ocrx_word' id='word_1_809' title='bbox 2079 5140 2243 5213; x_wconf 89' lang='lat' dir='ltr'><strong>(pene</strong></span> <span class='ocrx_word' id='word_1_810' title='bbox 2283 5152 2389 5193; x_wconf 90' lang='lat' dir='ltr'><strong>non</strong></span> <span class='ocrx_word' id='word_1_811' title='bbox 2438 5135 2609 5190; x_wconf 91' lang='lat' dir='ltr'><strong>audeo</strong></span> <span class='ocrx_word' id='word_1_812' title='bbox 2635 5131 2902 5203; x_wconf 79' lang='lat' dir='ltr'><strong>confiteri)</strong></span> <span class='ocrx_word' id='word_1_813' title='bbox 2930 5147 3051 5187; x_wconf 90' lang='lat' dir='ltr'><strong>cum</strong></span> <span class='ocrx_word' id='word_1_814' title='bbox 3082 5147 3166 5185; x_wconf 89' lang='lat' dir='ltr'><strong>tne</strong></span> <span class='ocrx_word' id='word_1_815' title='bbox 3208 5142 3396 5186; x_wconf 78' lang='lat' dir='ltr'><strong>sancto</strong></span> <span class='ocrx_word' id='word_1_816' title='bbox 3422 5133 3676 5186; x_wconf 89' lang='lat' dir='ltr'><strong>convivio</strong></span> 
     </span>
    </p>
   </div>
   <div class='ocr_carea' id='block_1_113' title="bbox 2079 5224 3673 5300">
    <p class='ocr_par' dir='ltr' id='par_1_113' title="bbox 2079 5224 3673 5300">
     <span class='ocr_line' id='line_1_113' title="bbox 2079 5224 3673 5300; baseline -0.007 -13"><span class='ocrx_word' id='word_1_817' title='bbox 2079 5247 2181 5288; x_wconf 91' lang='lat' dir='ltr'><strong>suo</strong></span> <span class='ocrx_word' id='word_1_818' title='bbox 2205 5232 2456 5300; x_wconf 76' lang='lat' dir='ltr'><strong>dignatus</strong></span> <span class='ocrx_word' id='word_1_819' title='bbox 2483 5237 2628 5283; x_wconf 80' lang='lat' dir='ltr'><strong>esset</strong></span> <span class='ocrx_word' id='word_1_820' title='bbox 2654 5226 2932 5287; x_wconf 77' lang='lat' dir='ltr'><strong>adbibere.</strong></span> <span class='ocrx_word' id='word_1_821' title='bbox 2966 5239 3160 5295; x_wconf 76' lang='lat' dir='ltr'><strong>aquam</strong></span> <span class='ocrx_word' id='word_1_822' title='bbox 3194 5224 3442 5279; x_wconf 83' lang='lat' dir='ltr'><strong>manibus</strong></span> <span class='ocrx_word' id='word_1_823' title='bbox 3470 5225 3673 5278; x_wconf 85' lang='lat' dir='ltr'><strong>nostris</strong></span> 
     </span>
    </p>
   </div>
   <div class='ocr_carea' id='block_1_114' title="bbox 2079 5317 3675 5398">
    <p class='ocr_par' dir='ltr' id='par_1_114' title="bbox 2079 5317 3675 5398">
     <span class='ocr_line' id='line_1_114' title="bbox 2079 5317 3675 5398; baseline -0.006 -17"><span class='ocrx_word' id='word_1_824' title='bbox 2079 5328 2198 5398; x_wconf 91' lang='lat' dir='ltr'><strong>ipse</strong></span> <span class='ocrx_word' id='word_1_825' title='bbox 2224 5324 2456 5388; x_wconf 87' lang='lat' dir='ltr'><strong>obtulit;</strong></span> <span class='ocrx_word' id='word_1_826' title='bbox 2501 5324 2567 5379; x_wconf 88' lang='lat' dir='ltr'><strong>ad</strong></span> <span class='ocrx_word' id='word_1_827' title='bbox 2608 5337 2890 5392; x_wconf 82' lang='lat' dir='ltr'><strong>vesperam</strong></span> <span class='ocrx_word' id='word_1_828' title='bbox 2920 5331 3100 5379; x_wconf 82' lang='lat' dir='ltr'><strong>autem</strong></span> <span class='ocrx_word' id='word_1_829' title='bbox 3147 5319 3263 5389; x_wconf 86' lang='lat' dir='ltr'><strong>ipse</strong></span> <span class='ocrx_word' id='word_1_830' title='bbox 3306 5320 3467 5377; x_wconf 81' lang='lat' dir='ltr'><strong>nobis</strong></span> <span class='ocrx_word' id='word_1_831' title='bbox 3509 5317 3675 5386; x_wconf 89' lang='lat' dir='ltr'><strong>pedes</strong></span> 
     </span>
    </p>
   </div>
   <div class='ocr_carea' id='block_1_115' title="bbox 2080 5408 3672 5473">
    <p class='ocr_par' dir='ltr' id='par_1_115' title="bbox 2080 5408 3672 5473">
     <span class='ocr_line' id='line_1_115' title="bbox 2080 5408 3672 5473; baseline -0.009 0"><span class='ocrx_word' id='word_1_832' title='bbox 2080 5416 2275 5473; x_wconf 89' lang='lat' dir='ltr'><strong>abluit.</strong></span> <span class='ocrx_word' id='word_1_833' title='bbox 2305 5416 2413 5470; x_wconf 82' lang='lat' dir='ltr'><strong>Nec</strong></span> <span class='ocrx_word' id='word_1_834' title='bbox 2444 5415 2600 5469; x_wconf 91' lang='lat' dir='ltr'><strong>reniti</strong></span> <span class='ocrx_word' id='word_1_835' title='bbox 2642 5422 2737 5467; x_wconf 88' lang='lat' dir='ltr'><strong>aut</strong></span> <span class='ocrx_word' id='word_1_836' title='bbox 2775 5423 2962 5467; x_wconf 90' lang='lat' dir='ltr'><strong>contra</strong></span> <span class='ocrx_word' id='word_1_837' title='bbox 2989 5412 3066 5467; x_wconf 91' lang='lat' dir='ltr'><strong>ire</strong></span> <span class='ocrx_word' id='word_1_838' title='bbox 3097 5411 3400 5465; x_wconf 89' lang='lat' dir='ltr'><strong>constantia</strong></span> <span class='ocrx_word' id='word_1_839' title='bbox 3424 5408 3523 5461; x_wconf 90' lang='lat' dir='ltr'><strong>fuit</strong></span> <span class='ocrx_word' id='word_1_840' title='bbox 3555 5425 3567 5461; x_wconf 92' lang='lat'><strong>:</strong></span> <span class='ocrx_word' id='word_1_841' title='bbox 3602 5408 3672 5460; x_wconf 91' lang='lat' dir='ltr'><strong>ita</strong></span> 
     </span>
    </p>
   </div>
   <div class='ocr_carea' id='block_1_116' title="bbox 2079 5502 3673 5576">
    <p class='ocr_par' dir='ltr' id='par_1_116' title="bbox 2079 5502 3673 5576">
     <span class='ocr_line' id='line_1_116' title="bbox 2079 5502 3673 5576; baseline -0.009 -10"><span class='ocrx_word' id='word_1_842' title='bbox 2079 5511 2403 5566; x_wconf 89' lang='lat' dir='ltr'><strong>auctoritate</strong></span> <span class='ocrx_word' id='word_1_843' title='bbox 2446 5508 2591 5562; x_wconf 90' lang='lat' dir='ltr'><strong>illius</strong></span> <span class='ocrx_word' id='word_1_844' title='bbox 2632 5521 2928 5576; x_wconf 86' lang='lat' dir='ltr'><strong>Oppressus</strong></span> <span class='ocrx_word' id='word_1_845' title='bbox 2959 5521 3102 5572; x_wconf 85' lang='lat' dir='ltr'><strong>smn,</strong></span> <span class='ocrx_word' id='word_1_846' title='bbox 3134 5516 3192 5557; x_wconf 89' lang='lat' dir='ltr'><strong>ut</strong></span> <span class='ocrx_word' id='word_1_847' title='bbox 3226 5502 3379 5557; x_wconf 83' lang='lat' dir='ltr'><strong>nefas</strong></span> <span class='ocrx_word' id='word_1_848' title='bbox 3406 5509 3673 5570; x_wconf 90' lang='lat' dir='ltr'><strong>putarem,</strong></span> 
     </span>
    </p>
   </div>
   <div class='ocr_carea' id='block_1_117' title="bbox 2079 5590 3678 5674">
    <p class='ocr_par' dir='ltr' id='par_1_117' title="bbox 2079 5590 3678 5674">
     <span class='ocr_line' id='line_1_117' title="bbox 2079 5590 3678 5674; baseline -0.011 -13"><span class='ocrx_word' id='word_1_849' title='bbox 2079 5607 2123 5661; x_wconf 92' lang='lat' dir='ltr'><strong>si</strong></span> <span class='ocrx_word' id='word_1_850' title='bbox 2155 5621 2262 5659; x_wconf 91' lang='lat' dir='ltr'><strong>non</strong></span> <span class='ocrx_word' id='word_1_851' title='bbox 2294 5601 2710 5674; x_wconf 89' lang='lat' dir='ltr'><strong>acquievissem.</strong></span> <span class='ocrx_word' id='word_1_852' title='bbox 2753 5599 2944 5655; x_wconf 90' lang='lat' dir='ltr'><strong>Sermo</strong></span> <span class='ocrx_word' id='word_1_853' title='bbox 2976 5606 3156 5651; x_wconf 90' lang='lat' dir='ltr'><strong>autem</strong></span> <span class='ocrx_word' id='word_1_854' title='bbox 3209 5595 3353 5647; x_wconf 83' lang='lat' dir='ltr'><strong>illius</strong></span> <span class='ocrx_word' id='word_1_855' title='bbox 3382 5606 3489 5644; x_wconf 88' lang='lat' dir='ltr'><strong>non</strong></span> <span class='ocrx_word' id='word_1_856' title='bbox 3534 5590 3678 5644; x_wconf 88' lang='lat' dir='ltr'><strong>alius</strong></span> 
     </span>
    </p>
   </div>
   <div class='ocr_carea' id='block_1_118' title="bbox 2080 5685 3681 5767">
    <p class='ocr_par' dir='ltr' id='par_1_118' title="bbox 2080 5685 3681 5767">
     <span class='ocr_line' id='line_1_118' title="bbox 2080 5685 3681 5767; baseline -0.007 -16"><span class='ocrx_word' id='word_1_857' title='bbox 2080 5698 2219 5767; x_wconf 89' lang='lat' dir='ltr'><strong>apud</strong></span> <span class='ocrx_word' id='word_1_858' title='bbox 2252 5712 2348 5751; x_wconf 90' lang='lat' dir='ltr'><strong>nos</strong></span> <span class='ocrx_word' id='word_1_859' title='bbox 2372 5695 2491 5760; x_wconf 90' lang='lat' dir='ltr'><strong>fuit,</strong></span> <span class='ocrx_word' id='word_1_860' title='bbox 2521 5710 2682 5766; x_wconf 90' lang='lat' dir='ltr'><strong>quam</strong></span> <span class='ocrx_word' id='word_1_861' title='bbox 2715 5694 2901 5747; x_wconf 90' lang='lat' dir='ltr'><strong>mundi</strong></span> <span class='ocrx_word' id='word_1_862' title='bbox 2926 5690 3085 5758; x_wconf 86' lang='lat' dir='ltr'><strong>hujus</strong></span> <span class='ocrx_word' id='word_1_863' title='bbox 3112 5687 3398 5742; x_wconf 84' lang='lat' dir='ltr'><strong>illecebras</strong></span> <span class='ocrx_word' id='word_1_864' title='bbox 3420 5690 3476 5738; x_wconf 89' lang='lat' dir='ltr'><strong>et</strong></span> <span class='ocrx_word' id='word_1_865' title='bbox 3495 5685 3681 5739; x_wconf 64' lang='lat' dir='ltr'><strong>saeculi</strong></span> 
     </span>
    </p>
   </div>
   <div class='ocr_carea' id='block_1_119' title="bbox 2082 5776 3684 5857">
    <p class='ocr_par' dir='ltr' id='par_1_119' title="bbox 2082 5776 3684 5857">
     <span class='ocr_line' id='line_1_119' title="bbox 2082 5776 3684 5857; baseline -0.007 -13"><span class='ocrx_word' id='word_1_866' title='bbox 2082 5804 2249 5844; x_wconf 88' lang='lat' dir='ltr'><strong>onera</strong></span> <span class='ocrx_word' id='word_1_867' title='bbox 2282 5788 2663 5857; x_wconf 86' lang='lat' dir='ltr'><strong>relinquenda,</strong></span> <span class='ocrx_word' id='word_1_868' title='bbox 2694 5793 2754 5839; x_wconf 89' lang='lat' dir='ltr'><strong>ut</strong></span> <span class='ocrx_word' id='word_1_869' title='bbox 2785 5783 3072 5838; x_wconf 85' lang='lat' dir='ltr'><strong>Dominum</strong></span> <span class='ocrx_word' id='word_1_870' title='bbox 3103 5779 3293 5835; x_wconf 67' lang='lat' dir='ltr'><strong>Iesum</strong></span> <span class='ocrx_word' id='word_1_871' title='bbox 3318 5776 3476 5835; x_wconf 74' lang='lat' dir='ltr'><strong>liberi</strong></span> <span class='ocrx_word' id='word_1_872' title='bbox 3515 5791 3684 5849; x_wconf 77' lang='lat' dir='ltr'><strong>expo-</strong></span> 
     </span>
    </p>
   </div>
  </div>
