4200 6180
484 240 590 298 173

1844 228 2135 290 SULPICII
2173 229 2427 291 SEVERI

3676 224 3781 282 Πϐ

480 356 687 423 ditique
706 364 1097 423 sequeremur:
1120 348 1743 420 praestantissimumque
1765 346 1924 400 nobis
1948 363 2086 415 prte-
2114 366 2167 427 Α
2193 358 2287 400 aut
2322 348 2367 400 si
2393 346 2520 415 quid
2549 344 2693 399 aliud
2726 342 2868 398 forte
2892 334 3417 412 agebat,uumquam
3441 338 3680 393 animum
3711 342 3779 396 ab

486 450 725 502 sentium
759 455 1059 515 temporum
1105 444 1331 498 illuSIris
1354 442 1455 495 viri
1486 441 1716 507 Paulini,
1741 441 1893 510 cujus
1924 454 2086 507 supra

488 543 825 597 mentionem
858 540 1108 600 fecimus,
1148 536 1460 605 exemplum
1493 535 1790 599 ingerebat,
1820 536 1910 603 qui
1941 549 2089 586 sum-

489 634 592 687 mis
612 632 805 701 Opibus
834 630 1057 699 abjectis
1078 627 1353 682 Christum
1385 639 1623 691 secutus,
1655 626 1800 678 solus
1838 641 1970 693 pene
2007 624 2091 676 his

494 728 835 795 temporibus
867 723 1193 793 Evangelica
1226 730 1492 791 praecepta
1525 721 1854 789 complesset
1888 736 1899 770 :
1935 719 2087 771 illum

494 818 651 873 nobis
691 816 1056 885 sequendum,
1091 815 1238 867 illum
1269 814 1536 866 clamabat
1566 811 1880 865 imitandum
1913 828 1925 862 :
1959 811 2088 863 hea-

491 923 713 981 tumque
737 924 858 964 esse
889 923 1130 977 praesens
1152 907 1409 961 smculum
1437 916 1603 959 tanta:
1627 906 1746 958 fidei
1767 906 2091 969 virtutisque

489 1004 843 1065 documento,
891 1015 1037 1065 cmn,
1095 998 1395 1052 secundum
1458 997 1783 1050 sententiam
1854 993 2088 1060 Domini,

492 1096 647 1149 dives
679 1102 731 1147 et
762 1093 1050 1163 possidens
1083 1090 1274 1152 multa,
1308 1088 1597 1143 vendendo
1624 1087 1800 1141 omnia
1834 1096 1889 1141 et
1914 1085 2093 1139 dando

492 1188 840 1259 pauperibus,
868 1184 1010 1255 quod
1042 1193 1158 1237 erat
1190 1182 1329 1236 factu
1354 1180 1712 1247 impossrbile,
1736 1178 1996 1249 possibile
2018 1176 2093 1229 fe-

490 1280 656 1335 cisset
682 1278 956 1345 exemplo.
982 1275 1100 1329 Jam
1126 1291 1257 1328 vero
1287 1274 1339 1327 in
1368 1272 1548 1328 verbis
1575 1283 1626 1327 et
1657 1272 2093 1326 contabulatione

490 1373 614 1442 ejus
656 1381 858 1441 quanta
906 1370 1163 1439 gravitas,
1210 1378 1413 1436 quanta
1460 1366 1696 1435 dignitas
1740 1368 1886 1420 erat!
1933 1380 2092 1432 quam

490 1482 640 1528 acer,
673 1481 835 1536 quam
866 1466 1085 1529 ellicax,
1118 1470 1175 1517 et
1199 1477 1359 1529 quant
1386 1462 1437 1513 in
1469 1460 1815 1515 δὺμοινυιιάἰδ
1845 1460 2094 1528 Scriptu-

491 1573 671 1612 rarum
696 1555 1090 1625 qu;rstiunibus
1121 1566 1405 1624 promptus
1427 1565 1479 1607 et
1504 1554 1698 1607 facilis!
1718 1554 1780 1607 Et
1806 1555 1931 1623 quia
1956 1553 2096 1607 tnul-

494 1659 577 1705 tos
617 1651 683 1703 ad
740 1649 880 1703 hanc
922 1660 1130 1716 partem
1176 1648 1485 1702 incredulos
1525 1648 1662 1712 scio,
1717 1648 1917 1716 quippe
1956 1661 2095 1715 quos

2192 442 2442 493 oratione
2472 440 2692 494 laxabat
2726 456 2737 491 :
2772 437 3025 491 nimirum
3057 444 3116 489 ut
3145 435 3311 489 fabris
3344 434 3586 488 ferrariis
3613 436 3781 489 moris

2192 542 2297 596 est,
2324 534 2412 600 qui
2446 531 2946 599 interoperandum
2980 544 3078 598 pro
3110 527 3338 595 quodam
3397 528 3597 581 laboris
3640 527 3784 581 leva-

2194 628 2342 680 mine
2394 627 2641 680 incudem
2683 640 2835 680 suam
2886 623 3127 687 feriunt;
3179 624 3247 675 ita
3282 622 3565 687 Martinus,
3617 626 3784 675 etiam

2193 718 2489 773 duntaliud
2517 734 2680 787 agere
2725 718 3021 776 videretur,
3067 730 3285 784 semper
3325 717 3532 767 orabat.
3565 714 3608 766 0
3653 728 3785 769 vere

2194 811 2407 877 beatus,
2468 812 2520 864 in
2572 828 2679 881 quo
2702 811 2859 864 dolus
2885 825 2992 862 non
3026 808 3164 861 fuit!
3212 807 3482 860 neminem
3524 806 3787 860 condetu-

2196 920 2352 970 naus,
2387 905 2515 957 nulli
2543 903 2743 956 malum
2766 919 2859 969 pro
2886 903 3026 954 malo
3055 899 3313 954 reddens.
3333 899 3559 953 Tantam
3584 901 3787 968 quippe

2194 999 2489 1053 adversum
2515 1012 2708 1050 omnes
2740 995 2967 1063 injurias
3017 993 3332 1061 patientiam
3383 999 3785 1061 assuntpserat,

2196 1098 2422 1150 ut.cum
2453 1098 2601 1141 eSset
2628 1102 2873 1141 summus
2919 1086 3199 1151 sacerdos,
3246 1082 3469 1152 impune
3517 1085 3675 1136 etiam
3718 1082 3789 1137 ab

2196 1180 2397 1235 infimis
2449 1181 2667 1235 clericis
2715 1180 3047 1235 laederetur:
3081 1194 3179 1233 nec
3235 1187 3455 1248 propter
3488 1177 3536 1231 id
3569 1192 3665 1231 eos
3696 1183 3792 1231 aut

2194 1276 2317 1330 loeo
2340 1291 2593 1345 umquam
2617 1276 2905 1336 atnoverit,
2939 1283 3032 1327 aut
3058 1288 3089 1326 a
3112 1287 3229 1337 sua,
3274 1264 3555 1342 quantum.
3585 1273 3637 1325 in
3669 1273 3790 1340 ipso

2196 1368 2319 1428 fuit.
2373 1369 2639 1423 charitile
2688 1368 2969 1436 repulerit.

2267 1461 2466 1516 XXVII
2528 1460 2698 1514 Nemo
2732 1476 2985 1530 umquam
3038 1458 3191 1511 illum
3221 1457 3355 1511 vidit
3380 1457 3605 1521 iratum,
3629 1472 3792 1512 nemo

2198 1570 2561 1621 commntum,
2624 1570 2782 1609 nemo
2848 1563 3202 1619 mterentem,
3254 1569 3414 1606 nemo
3476 1552 3790 1606 ridentem:

2198 1664 2341 1703 unus
2369 1649 2619 1717 idemque
2647 1663 2883 1716 semper,
2909 1649 3183 1701 cmleSIem
3233 1644 3633 1712 quodammodo
3656 1643 3793 1697 laeti-

490 1740 720 1795 viderim
753 1755 839 1794 me
872 1740 988 1808 ipso
1009 1741 1172 1793 etiam
1200 1740 1471 1793 referente
1500 1754 1604 1792 uou
1627 1739 1878 1803 credere,
1905 1737 2091 1792 Jesum
2126 1757 2174 1817 B
2201 1743 2331 1795 tiam
2362 1742 2509 1794 vultu
2536 1739 2829 1809 praeferens
2856 1782 2868 1802 ,
2905 1751 3057 1793 extra
3116 1747 3362 1793 naturam
3417 1738 3650 1791 hominis
3715 1736 3794 1791 vi-

494 1844 665 1890 testor
692 1848 956 1903 spemque
978 1848 1347 1897 communem,
1381 1847 1469 1886 me
1499 1848 1561 1885 ex
1595 1832 1795 1885 nullius
1838 1848 2091 1899 umquam

491 1944 585 1982 ore
617 1937 822 1981 tantum
867 1927 1134 1991 scientite,
1179 1936 1385 1979 tantum
1429 1927 1655 1994 ingenii,
1705 1935 1811 1978 tam
1863 1926 1988 1980 boni
2040 1934 2096 1979 et

488 2029 596 2072 tam
624 2018 739 2086 puri
755 2018 1023 2072 sermonis
1040 2016 1617 2084 audisseQuamquam
1639 2019 1689 2070 in
1704 2016 1912 2071 Martini
1929 2017 2096 2071 virtu-

493 2109 906 2180 tibusquautula
927 2121 1009 2161 est
1032 2110 1134 2161 ista
1156 2108 1426 2161 laudatio!
1449 2108 1707 2177 nisiquod
1730 2110 1925 2161 mirum
1955 2120 2040 2163 est
2074 2151 2089 2176 ,

490 2203 697 2258 homini
750 2204 1005 2256 illiterate
1038 2218 1105 2256 ne
1148 2204 1287 2255 hanc
1325 2201 1542 2270 quidem
1574 2201 1802 2271 gratiam
1830 2201 2087 2256 defuisse.

566 2296 758 2352 XXVI.
803 2296 910 2351 Sed
935 2296 1046 2365 jam
1074 2297 1234 2349 finem
1268 2295 1405 2348 liber
1430 2294 1688 2363 pOstulat,
1719 2310 1901 2347 sermo
1946 2298 2094 2347 clau-

499 2391 719 2445 dendus
764 2400 886 2444 cst:
918 2404 1024 2443 non
1075 2391 1218 2456 quod
1265 2389 1444 2441 omnia
1476 2406 1593 2456 quu-
1624 2388 1690 2442 tle
1723 2388 1951 2442 Martin
1978 2387 2093 2441 fue-

494 2490 617 2537 rant
645 2480 1386 2544 dicenda,defecerint;sed
1437 2482 1559 2549 quia
1612 2496 1733 2545 nos,
1780 2490 1837 2533 ut
1889 2482 2091 2535 inertes

495 2588 694 2646 poetae,
727 2586 982 2631 extremo
1006 2575 1059 2629 in
1087 2590 1253 2644 opere
1276 2575 1629 2645 negligentes,
1684 2575 1809 2628 νὴιί
1853 2575 2091 2629 materiae

491 2669 637 2724 mole
667 2669 1099 2722 succumbimus.
1134 2667 1268 2721 Nam
1322 2668 1420 2720 etsi
1469 2667 1607 2720 faeta
1637 2666 1780 2720 illius
1831 2668 2090 2735 exlilicari

501 2762 685 2816 verbis
716 2770 1009 2828 utcumque
1031 2768 1363 2828 pomerunt;
1398 2759 1713 2813 interiorem
1756 2758 1918 2811 vitam
1946 2758 2090 2813 illius

489 2864 543 2910 et
567 2854 939 2922 qtt0lidianam
997 2854 1505 2917 conversationem,
1557 2860 1612 2905 et
1655 2852 1890 2905 animum
1948 2853 2089 2907 ctelo

489 2961 714 3012 semper
744 2946 1034 3007 intentum,
1066 2943 1214 2998 nulla
1260 2959 1516 3012 umquam
1548 2943 1705 3013 (vere
1754 2944 2012 3012 profiteor
2043 2944 2086 3014 ),

489 3038 641 3092 nulla
667 3038 962 3102 explicnbit
987 3040 1186 3089 oratio.
1206 3035 1359 3089 Illam
1390 3037 1595 3090 scilicet
1622 3037 2085 3104 perseverantiam

2202 1834 2457 1889 debatur.
2512 1833 2815 1901 Numquam
2878 1834 2928 1886 in
2982 1832 3129 1887 illius
3192 1848 3287 1887 ore
3342 1833 3444 1886 nisi
3496 1831 3787 1895 Christus;

2199 1943 2491 1998 numquam
2551 1928 2607 1981 in
2662 1930 2806 1982 illius
2852 1928 3017 1981 corde
3070 1927 3171 1981 nisi
3221 1927 3432 1995 pii-tas,
3490 1926 3593 1978 nisi
3641 1940 3789 1992 pax,

2198 2021 2305 2074 nisi
2338 2021 2712 2074 misericordia
2746 2022 2941 2075 iuerat.
2965 2019 3298 2088 Plerumque
3319 2018 3481 2073 etiam
3530 2034 3631 2087 pro
3691 2032 3793 2071 eo-

2197 2130 2316 2169 rum
2342 2116 2431 2181 qui
2462 2114 2858 2169 obtrectatores
2888 2115 3033 2166 illius
3065 2112 3410 2175 videbantur,
3438 2110 3650 2165 solebat
3693 2110 3793 2164 fle-

2199 2222 2258 2262 re
2288 2208 2545 2273 peccatis,
2590 2209 2677 2275 qui
2709 2217 2978 2259 remotum
3004 2214 3058 2257 et
3085 2205 3327 2273 quietum
3375 2202 3658 2257 venenatis
3689 2201 3793 2255 lin-

2196 2300 2313 2369 guis
2334 2308 2389 2354 et
2421 2300 2486 2361 vi,
2511 2314 2641 2353 eteo
2670 2314 2764 2352 oto
2794 2298 3106 2366 carpebant.
3138 2298 3200 2351 Et
3232 2311 3358 2350 vere
3390 2296 3679 2350 nonnullos
3698 2310 3791 2349 ex-

2197 2393 2333 2462 perti
2367 2407 2553 2446 sumus
2586 2391 2799 2445 invidus
2821 2392 3114 2445 virtutibus
3155 2390 3389 2459 vita-que
3433 2390 3572 2457 ejus,
3597 2388 3688 2457 qui
3734 2386 3791 2441 in

2197 2487 2289 2540 illo
2317 2486 2544 2540 oderant
2574 2484 2792 2554 quodin
2822 2499 2880 2538 se
2915 2499 3020 2537 non
3052 2484 3332 2547 videbant,
3359 2491 3414 2535 et
3435 2480 3579 2551 quod
3614 2480 3790 2534 imita-

2196 2580 2239 2632 ri
2264 2594 2370 2631 non
2406 2579 2682 2632 valebant.
2716 2580 2893 2643 Atque
2923 2577 2989 2646 (υ
3022 2575 3173 2631 nefas
3219 2575 3514 2629 dolendum
3558 2582 3609 2627 et
3636 2574 3791 2643 inge-

2198 2672 2539 2726 misreudutn
2572 2674 2584 2725 !
2612 2674 2628 2741 )
2658 2687 2761 2725 non
2790 2672 2878 2724 alii
2909 2671 3021 2724 fere
3072 2671 3431 2724 insectatores
3488 2667 3629 2735 ejus,
3660 2666 3789 2719 licet

2197 2766 2352 2834 pauci
2385 2764 2699 2828 admodum,
2736 2780 2842 2816 non
2868 2762 2957 2815 alii
2993 2776 3170 2815 tamen
3216 2776 3375 2831 quam
3426 2760 3665 2828 episc0pi
3712 2756 3789 2812 fe-

2195 2858 2485 2920 rebantur;
2528 2871 2626 2909 nec
2678 2871 2807 2909 vero
2856 2869 3180 2923 quemquam
3230 2852 3518 2905 nominare
3560 2863 3788 2904 necesse

2193 2958 2308 3012 est,
2344 2947 2467 3001 licet
2516 2949 2879 3014 nosmetipsos
2911 2948 3154 3016 plerique
3198 2944 3648 2998 circumlatrent:
3677 2940 3788 2995 suf—

2194 3040 2340 3104 ficit,
2382 3049 2437 3092 ut
2472 3040 2518 3092 si
2545 3041 2665 3109 quis
2695 3056 2760 3092 ex
2804 3037 2886 3093 bis
2941 3042 3056 3091 haec
3099 3037 3327 3106 legerit,
3360 3046 3411 3089 et
3460 3034 3785 3105 agnoverit,

488 3143 544 3187 ct
573 3142 1066 3199 temperamentum
1099 3133 1148 3184 in
1183 3132 1518 3184 abstinentia
1537 3140 1590 3183 et
1614 3130 1860 3197 jejuniis,
1895 3139 2087 3199 poteu-
2116 3147 2160 3211 ρ
2193 3134 2509 3187 erubescat:
2542 3150 2664 3186 naut
2696 3133 2738 3186 si
2771 3131 3050 3193 irascitur,
3078 3129 3147 3184 de
3186 3145 3244 3184 se
3274 3130 3389 3197 ipse
3411 3128 3615 3182 dictum
3650 3126 3788 3182 fate-

492 3225 621 3278 tiatn
654 3225 705 3277 in
739 3225 938 3294 vigiliis
960 3234 1013 3277 et
1044 3222 1406 3284 orationibus,
1443 3230 1738 3289 noctesque
1767 3222 1837 3275 ab
1868 3239 1932 3276 eo
1966 3239 2087 3291 per-

487 3316 614 3371 inde
640 3330 703 3371 ac
742 3316 862 3369 dies
883 3328 1055 3379 actas,
1098 3314 1416 3381 nullumque
1448 3328 1677 3367 vacuum
1709 3316 1777 3367 ab
1800 3330 1967 3384 opere
1988 3315 2083 3369 Dei

486 3417 727 3479 tempus,
759 3425 869 3478 quo
899 3408 984 3461 vel
1008 3409 1120 3461 otio
1140 3406 1429 3460 indulserit
1458 3407 1541 3461 vel
1582 3408 1818 3476 negotio,
1844 3408 1938 3461 sed
1987 3422 2087 3461 nec

486 3504 610 3558 cibo
632 3514 726 3557 aut
755 3518 951 3557 somno
981 3501 1225 3570 quidem,
1259 3501 1359 3555 nisi
1390 3500 1441 3554 in
1471 3511 1731 3570 quantum
1764 3513 1970 3555 naturze
1995 3516 2086 3555 ne-

486 3597 722 3651 ceSsitas
742 3596 1003 3665 cogehat;
1032 3610 1164 3649 vere
1188 3593 1424 3657 fatebor,
1461 3609 1566 3646 non
1597 3593 1640 3645 si
1661 3593 1798 3661 ipse,
1835 3605 1887 3645 ttt
1908 3594 2078 3659 aiunt,

484 3688 552 3743 ab
587 3688 775 3743 inferis
825 3688 1092 3742 llomerus
1138 3694 1468 3755 emergeret,
1525 3694 1710 3754 posset
1758 3700 2081 3753 exponere:

483 3782 621 3837 adeo
650 3781 832 3835 omnia
859 3781 1067 3850 majora
1096 3781 1147 3834 in
1175 3780 1409 3834 Murlino
1437 3788 1581 3844 sunt,
1628 3792 1787 3847 quam
1814 3789 1869 3831 ut
1904 3778 2087 3833 verbis

484 3876 697 3945 concipi
731 3886 956 3943 queant.
997 3873 1300 3942 Numquam
1333 3872 1464 3925 hora
1499 3872 1604 3923 ulla
1638 3880 2089 3940 momentumque

482 3968 774 4034 praeteriit,
810 3982 918 4035 quo
941 3981 1047 4019 non
1079 3976 1171 4018 aut
1196 3964 1435 4018 oiationi
1471 3964 1817 4017 incumberet
1846 3973 1936 4016 aut
1960 3963 2089 4017 insi-

483 4068 659 4116 steret
687 4060 904 4116 lectioni
940 4077 951 4111 :
988 4073 1316 4129 quamquam
1349 4058 1513 4112 etiam
1572 4056 1719 4111 inter
1768 4056 2085 4127 legendum,

2194 3228 2371 3289 bitur.
2407 3243 2529 3282 cum
2585 3226 2817 3281 fortasse
2854 3241 2954 3281 nos
2982 3226 3050 3279 de
3103 3225 3229 3279 aliis
3274 3224 3634 3277 senserimus.
3668 3221 3787 3277 Non

2190 3320 2484 3389 refugimus
2534 3329 2715 3373 autem
2745 3362 2758 3385 ,
2806 3328 2893 3385 ut,
2928 3320 2971 3372 si
3020 3318 3110 3388 qui
3157 3317 3425 3383 ejusmodi
3474 3328 3635 3381 sunt,
3686 3331 3787 3370 nos

2189 3428 2404 3481 quoque
2430 3427 2553 3465 cum
2590 3413 2677 3466 tuli
2712 3412 2833 3465 viro
2883 3412 3123 3466 oderint.
3158 3410 3291 3465 Illud
3322 3410 3483 3465 facile
3528 3409 3741 3464 confido
3769 3451 3783 3475 ,

2188 3504 2447 3558 omnibus
2497 3505 2701 3557 sanctis
2744 3504 3069 3573 Opusculum
3105 3504 3244 3558 istud
3286 3516 3501 3574 gratum
3541 3505 3677 3558 fore.
3709 3502 3787 3558 De

2191 3607 2390 3652 caetero
2421 3599 2465 3652 si
2497 3600 2616 3668 quis
2644 3599 2755 3651 haec
2791 3598 3082 3653 infideliter
3109 3599 3333 3668 legerit,
3365 3599 3479 3665 ipse
3512 3597 3780 3667 peccabit.

2192 3688 2306 3759 Ego
2341 3688 2471 3743 mihi
2504 3690 2757 3745 conscius
2796 3708 2951 3753 sum,
2986 3705 3070 3743 me
3117 3706 3298 3744 rerum
3345 3690 3451 3742 fide
3500 3701 3549 3741 et
3596 3704 3786 3743 amore

2191 3779 2395 3834 Christi
2426 3782 2717 3849 impulsum
2750 3793 2805 3833 ut
2840 3783 2953 3834 htcc
2991 3782 3287 3835 scriberem
3313 3822 3327 3842 ,
3361 3778 3645 3833 manifesta
3684 3795 3788 3834 ex-

2189 3875 2471 3942 posuisse,
2502 3889 2623 3926 vera
2650 3874 2880 3926 dixisse:
2913 3881 3288 3940 paratumque,
3317 3881 3371 3925 ut
3398 3886 3583 3939 spero,
3617 3871 3785 3926 habe-

2190 3963 2268 4017 bit
2299 3978 2329 4016 a
2380 3963 2491 4017 Deo
2541 3946 2853 4031 pra-mium,
2883 3976 2993 4017 nou
3046 3964 3379 4033 quicumque
3424 3962 3657 4033 legerit,
3686 3960 3784 4017 sed

2189 4058 2515 4128 quicumque
2550 4057 2864 4113 crediderit.

481 4213 3768 4243 Mm

1344 4414 2128 4529 SULPICII
2222 4412 2915 4529 SEVERI

1200 4651 2348 4800 EPISTOLAE
2440 4651 3049 4798 TRES.

1077 5084 1415 5145 EPISTOLA
1452 5086 1494 5142 l.

857 5214 939 5269 An
969 5210 1247 5266 Ευεειιιωι
1288 5215 1689 5259 ruzsevreuuu.

698 5332 890 5389 Contra
918 5324 1132 5382 amulos
1162 5320 1407 5373 virtutum
1445 5315 1576 5369 beati
1611 5313 1851 5367 Martini.

559 5475 822 5529 Hesterna
851 5466 973 5528 die,
1007 5475 1127 5513 cum
1174 5456 1241 5509 ad
1290 5470 1376 5509 me
1419 5454 1661 5523 plerique
1689 5452 1937 5506 monachi
1985 5467 2077 5505 ve-

488 5569 695 5623 nissent
724 5606 738 5626 ,
768 5562 911 5615 inter
962 5552 1171 5607 fabulas
1197 5548 1354 5616 juges
1404 5545 1730 5613 longumque
1768 5558 2074 5598 sermonem

490 5657 696 5711 mentio
728 5650 920 5707 incidit
960 5644 1128 5700 libelli
1163 5642 1299 5700 mei,
1342 5654 1502 5708 quem
1536 5637 1602 5691 de
1631 5638 1736 5689 vita
1786 5638 1933 5691 Beati
1974 5639 2079 5693 viri

494 5749 712 5806 Martini
743 5745 921 5809 edidi,
953 5737 1303 5805 studioseque
1331 5749 1454 5789 eum
1486 5746 1516 5787 a
1546 5733 1732 5788 tnultis
1762 5735 1866 5804 legi
1909 5733 2083 5789 liben-

2108 5084 2396 5148 Dtissime
2446 5083 2751 5139 audiebam.
2797 5086 3009 5143 Interea
3058 5086 3333 5144 indicatur
3378 5089 3540 5151 mihi,
3578 5088 3783 5143 dixisse

2184 5178 2472 5249 quemdam
2518 5180 2658 5233 malo
2705 5181 2895 5249 spiritu
2937 5183 3290 5248 suscitatum,
3329 5199 3428 5238 cur
3472 5184 3780 5246 Martinus,

2184 5271 2274 5339 qui
2300 5280 2543 5325 mortuos
2565 5274 2897 5339 suscitasset,
2923 5274 3166 5331 flammas
3188 5277 3438 5331 domibus
3460 5276 3779 5340 depulisset,

2184 5362 2300 5431 ipse
2332 5380 2505 5432 nuper
2537 5366 2763 5419 adustus
2796 5366 3047 5423 incendio
3070 5411 3082 5431 ,
3120 5370 3441 5436 periculosa;
3467 5368 3657 5423 fuiss‘et
3684 5368 3784 5423 ub—

2185 5456 2380 5509 noxius
2423 5458 2682 5526 passioui.
2714 5459 2758 5513 0
2805 5460 2963 5514 istum
2989 5502 3002 5525 ,
3036 5462 3279 5529 quisquis
3320 5473 3433 5524 est,
3473 5462 3775 5515 misi-rum!

2187 5548 2499 5604 Judteorum
2536 5554 2588 5605 in
2624 5555 2804 5607 verbis
2836 5557 2952 5621 ejus
2986 5555 3265 5622 perfidiam
3293 5566 3341 5609 et
3372 5555 3515 5610 dirta
3546 5570 3590 5608 ci
3615 5566 3782 5623 gnos-

2188 5640 2397 5708 cimus,
2425 5643 2515 5710 qui
2573 5643 2623 5695 in
2662 5660 2823 5698 cruce
2870 5644 3101 5711 positum
3136 5644 3427 5699 Dominum
3463 5649 3546 5699 bis
3596 5644 3782 5699 verbis

2191 5735 2579 5805 increpabant:
2614 5736 2759 5791 Alios
2801 5736 2967 5791 salvos
3010 5738 3153 5806 fecit,
3182 5754 3236 5793 se
3264 5740 3434 5807 ipsum
3466 5739 3669 5793 salvum
3698 5741 3781 5807 [α-
