4194 6192
375 296 480 352 177

1374 300 1592 356 EPIST.
1636 301 1702 357 ll.
1744 302 1835 358 AD
1872 301 2235 360 AURELIUM
2275 299 2650 360 DIACONUM.

3569 301 3672 363 178

365 430 487 470 cere
512 431 618 468 non
661 422 825 485 potest
866 413 1082 485 (Matth.
1131 429 1275 479 xm,
1304 388 1420 486 4⁸2).
1458 415 1597 469 Vere
1628 416 1785 484 plane
1837 417 1971 483 iste,
2003 421 2056 482 Α
2081 419 2171 473 nui
2204 419 2511 487 pavimento
2560 417 2944 484 subdiderunt,
3001 417 3314 483 lectumque
3341 417 3389 473 ei
3438 418 3674 486 plurimo

372 506 714 576 quicumque
743 515 855 566 est,
885 505 932 558 si
963 505 1069 558 tllis
1098 505 1434 574 temporibus
1458 521 1612 560 natus
1639 517 1814 574 esset,
1839 519 1891 560 et
1923 509 1974 561 iu

371 598 668 653 Dominum
699 598 800 653 hac
827 611 959 650 Voce
987 597 1170 651 dicere
1196 601 1498 666 potuisSet,
1528 600 1617 667 qui
1663 599 1824 654 simili
1857 615 1974 655 nio-

373 689 451 745 do
479 699 726 744 sanctum
760 690 970 743 Domini
999 691 1334 757 blasphemat
1363 693 1635 758 exemplo.
1665 694 1800 757 Quid
1824 707 1974 761 ergo,

377 784 627 855 quisquis
660 799 748 850 es,
795 783 1059 836 Martinus
1111 782 1231 837 ideo
1281 800 1388 837 non
1444 795 1668 853 potens,
1706 784 1827 838 ideo
1870 801 1976 838 non

379 889 634 941 sanctus;
664 879 787 946 quia
818 887 902 931 est
946 877 1284 945 periclitatus
1332 879 1617 932 incendio?
1647 878 1690 933 Ο
1722 881 1974 946 beatum,

377 981 433 1025 et
461 985 560 1038 per
590 970 773 1024 omnia
803 970 1038 1024 similem
1067 968 1349 1039 Aposmlis
1371 1012 1383 1032 ,
1419 970 1578 1024 etiam
1631 971 1685 1025 in
1736 972 1817 1026 bis
1848 987 1980 1023 cuu-

376 1063 536 1117 viciis
564 1105 579 1128 ,
620 1063 830 1117 virum!
890 1063 1098 1130 Nempe
1146 1063 1248 1116 hoc
1279 1073 1334 1117 et
1377 1063 1444 1117 de
1487 1064 1659 1118 Pauio
1703 1065 1975 1134 gentiles,

379 1172 500 1211 cum
533 1169 658 1209 eum
706 1155 891 1223 vipera
944 1154 1361 1222 momordisset,
1392 1155 1596 1210 dixisse
1640 1155 1976 1210 referuntur:

380 1248 484 1303 Hic
506 1249 662 1301 homo
689 1249 838 1302 debet
882 1248 1141 1302 homicida
1185 1265 1324 1315 esse,
1353 1265 1504 1313 quem
1542 1249 1739 1302 salvam
1783 1253 1979 1320 factum

380 1344 445 1398 de
472 1346 602 1398 mari
624 1345 733 1413 [ato
765 1345 930 1398 vivere
957 1361 1058 1397 non
1085 1345 1311 1396 siverunt
1343 1345 1541 1414 (Actor.
1573 1359 1740 1396 xxvttt
1758 1385 1771 1406 ,
1799 1343 1880 1414 4).
1910 1342 1982 1397 At

374 1435 469 1491 ille
501 1452 735 1491 exenssa
775 1438 964 1503 vipera
996 1437 1047 1489 in
1084 1438 1260 1506 ignem
1297 1436 1432 1490 nihil
1477 1437 1603 1489 mali
1646 1437 1975 1506 patiebatur.

377 1525 464 1581 Illi
504 1537 682 1581 autem
730 1527 913 1582 Subito
957 1541 1243 1593 casurum,
1275 1537 1330 1580 et
1374 1536 1606 1596 repente
1653 1529 1978 1581 moriturum

377 1633 499 1674 eum
533 1620 830 1688 putabant;
861 1620 953 1673 sed
981 1635 1102 1673 cum
1135 1619 1387 1673 viderent
1414 1619 1548 1673 nihil
1601 1620 1727 1673 mali
1761 1620 1975 1672 coutin-

373 1724 507 1780 gere
532 1711 580 1764 ei
604 1753 618 1774 ,
648 1718 1032 1765 convertentes
1059 1727 1116 1765 se
1136 1753 1151 1776 ,
1177 1710 1434 1766 dicebant
1471 1727 1594 1764 eum
1627 1711 1798 1766 Deum
1829 1727 1973 1766 esse.

2081 514 2342 566 stramine
2364 521 2766 565 exsuuxerunt.
2795 511 2951 576 Dein,
2984 526 3105 564 cum
3133 525 3191 563 se
3214 510 3480 565 Martinus
3525 509 3680 563 cubi-

2082 615 2192 660 tum
2245 605 2602 669 collocasset,
2655 605 2920 659 insuetatn
2974 603 3262 658 mollitiem
3319 603 3476 658 strati
3534 600 3676 658 male

2081 697 2408 753 blandientis
2466 697 2768 750 horrescit:
2796 697 2996 766 quippe
3031 697 3120 766 qui
3170 698 3312 749 nuda
3342 696 3531 762 humo,
3566 707 3676 748 uno

2083 797 2289 842 tantum
2325 787 2504 840 cilicio
2536 787 2870 855 superjecto,
2904 789 3106 841 cubare
3145 795 3508 841 censueverat
3539 803 3551 838 :
3584 786 3683 840 ita-

2079 897 2189 951 que
2206 882 2589 950 quasiaccepta
2617 890 2898 948 permotus
2921 880 3115 949 injuria
3141 888 3676 934 stramentnmomne

2082 976 2331 1045 projerit.
2362 973 2501 1028 Casu
2533 989 2696 1043 super
2720 973 3056 1027 fin-naculum
3087 984 3295 1043 partem
3331 973 3501 1041 paleae
3532 972 3681 1025 illius

2082 1084 2240 1138 quam
2275 1077 2606 1133 removerat,
2631 1067 2870 1137 aggessit
2903 1083 2915 1118 :
2942 1067 3080 1136 ipse,
3114 1078 3172 1120 ut
3215 1077 3334 1121 erat
3366 1067 3555 1126 moris.
3586 1081 3687 1119 uu-

2083 1158 2147 1213 da
2182 1160 2366 1225 humo,
2404 1158 2727 1214 lassitudine
2759 1157 2971 1212 itineris
2999 1166 3250 1228 urgente,
3281 1156 3568 1228 requievit.
3597 1155 3681 1211 Ad

2084 1250 2317 1305 mediam
2342 1252 2452 1305 fere
2480 1263 2693 1304 noctem
2725 1266 2824 1320 per
2855 1250 3243 1319 interruptum,
3267 1261 3506 1318 utsupra
3539 1247 3684 1302 dixi-

2083 1359 2224 1405 mus,
2259 1344 2628 1414 pavimentum
2665 1345 2804 1414 ignis
2829 1353 3086 1407 mstuans,
3142 1354 3455 1398 arescentes
3497 1342 3684 1412 paleas

2083 1436 2461 1506 apprehendit.
2496 1437 2754 1490 Martinus
2779 1451 2973 1490 somno
3013 1435 3247 1498 excitus,
3282 1448 3340 1488 re
3370 1433 3677 1501 inopinata,

2082 1529 2301 1598 ancipiti
2354 1528 2618 1598 periculo,
2669 1537 2720 1582 et
2774 1530 3029 1593 maxime,
3059 1537 3116 1580 ut
3145 1525 3434 1590 referebat,
3464 1522 3686 1577 diabolo

2081 1621 2371 1676 insidiante
2426 1633 2587 1690 atque
2643 1633 2872 1690 urgente
2903 1627 3239 1690 praeventus,
3272 1617 3478 1672 tardius
3516 1631 3676 1687 quam

2083 1713 2268 1767 debuit
2292 1715 2356 1766 ad
2381 1714 2642 1767 orationis
2655 1713 2899 1780 Confugit
2919 1714 3204 1766 auxilium.
3226 1711 3360 1766 Nam
3384 1724 3678 1779 erumpere

377 1801 635 1870 Alioquin
682 1801 770 1856 vel
817 1800 1014 1855 horum
1060 1804 1341 1871 exemplo,
1373 1804 1614 1856 omnium
1663 1803 1975 1857 mortalium
2014 1812 2057 1870 Β
2085 1806 2228 1860 foras
2283 1805 2528 1874 cupit-ns,
2579 1822 2701 1860 eum
2760 1807 2982 1874 pessulo
3028 1820 3188 1876 quem
3221 1805 3364 1858 ostio
3395 1801 3687 1856 abdiderat

378 1893 782 1959 infelicissime,
821 1896 1099 1966 perﬁdiam
1130 1905 1274 1950 tuam
1304 1911 1604 1968 coarguere
1635 1899 1752 1967 ipse
1779 1899 1980 1953 debue-

379 2002 498 2052 ras;
542 1986 672 2041 utsi
715 1989 808 2043 tibi
863 1990 1176 2043 scandalum
1223 2000 1469 2043 moverat
1515 1992 1664 2060 quod
1713 1992 1980 2046 Martinus

379 2079 596 2133 ﬂamma
625 2080 766 2150 ignis
789 2079 1071 2135 videbatur
1103 2093 1372 2147 attactus,
1398 2081 1543 2137 hunc
1574 2099 1790 2137 rursum
1843 2095 1981 2137 alta-

383 2178 534 2226 ctum
578 2169 642 2224 ad
693 2174 881 2225 merita
941 2173 1082 2227 illius
1121 2183 1176 2228 et
1202 2174 1456 2227 virtutem
1515 2173 1783 2240 refcrres,
1836 2177 1981 2244 quod

385 2264 780 2331 circumseptus
823 2265 1038 2335 ignibus
1089 2281 1192 2320 non
1229 2268 1481 2336 perisset.
1540 2272 1788 2338 Agnosce
1813 2271 1980 2335 enim,

383 2355 574 2420 miser,
606 2371 837 2426 agnosce
860 2360 1003 2428 quod
1027 2359 1228 2425 ucscis,
1263 2375 1459 2414 omnes
1489 2360 1599 2414 fere
1631 2370 1848 2415 Sanctus
1871 2377 1984 2415 ma-

384 2450 1114 2520 gisinsiguespericulorut'u
1162 2468 1387 2506 suorum
1444 2450 1612 2506 fuisse
1668 2454 1980 2508 virtutibus.

386 2540 562 2595 Video
579 2543 798 2611 quidem
825 2543 1042 2598 Petrum
1074 2542 1177 2597 ﬁde
1207 2551 1506 2612 potentem,
1531 2558 1711 2597 rerum
1736 2545 1987 2599 obstante

393 2641 611 2695 natura,
663 2649 816 2688 mare
859 2633 1084 2702 pedibus
1131 2650 1568 2704 supergressum,
1599 2644 1655 2689 et
1708 2636 1988 2689 instabiles

390 2737 558 2794 aquas
581 2740 848 2794 corporeo
873 2728 1139 2794 pressisse
1172 2728 1424 2797 vestigio,
1468 2726 1562 2780 sed
1589 2741 1696 2780 non
1731 2726 1854 2781 ideo
1891 2729 1988 2780 tui-

391 2832 494 2872 nor
518 2819 646 2872 mihi
681 2819 894 2873 \idctur
916 2820 1158 2888 gentium
1191 2821 1535 2888 praedicator,
1591 2835 1747 2890 quem
1792 2820 1990 2874 ﬂuctus

392 2911 698 2978 absorbuit,
731 2923 786 2968 et
817 2925 934 2982 post
966 2915 1200 2968 triduum
1228 2915 1562 2983 totidemque
1592 2925 1781 2968 noctes
1811 2930 1993 2968 emer-

395 3019 608 3074 gentem
638 3025 667 3060 e
690 3005 964 3076 profundo
996 3005 1134 3059 unda
1173 3007 1428 3068 restituit,
1472 3014 1634 3072 atque
1667 3004 1809 3058 haud
1850 3003 1988 3069 scio,

398 3109 466 3150 an
504 3112 643 3165 pene
697 3097 818 3165 plus
849 3097 1013 3151 fuerit
1067 3096 1270 3150 vixisse
1302 3096 1355 3149 iit
1385 3095 1675 3164 profundo,
1711 3111 1780 3148 an
1827 3111 1990 3164 supra

2083 1898 2176 1954 diu
2205 1899 2539 1967 inultnnique
2570 1898 2826 1962 luctatus,
2862 1898 3243 1966 gravissimum
3291 1900 3436 1949 circa
3469 1909 3529 1948 se
3557 1907 3686 1946 sen-

2084 1993 2156 2045 sit
2202 1991 2549 2055 incendiutu,
2594 1989 2730 2044 adeo
2779 2001 2834 2044 ut
2890 1996 3098 2044 vestem
3152 2003 3255 2057 qua
3286 1987 3513 2040 indutus
3542 1992 3681 2048 erat,

2085 2085 2222 2155 ignis
2253 2084 2637 2150 absumpserit.
2683 2083 2928 2138 Tandem
2963 2087 3013 2136 in
3047 2098 3105 2137 se
3138 2095 3417 2146 reversus,
3476 2094 3582 2132 non
3631 2078 3686 2130 in

2087 2179 2230 2248 fuga,
2256 2179 2349 2232 sed
2382 2179 2433 2231 in
2460 2178 2693 2232 Domino
2725 2178 2905 2231 sciens
2937 2191 3057 2230 esse
3089 2174 3440 2245 praesidium;
3474 2183 3686 2226 scutum

2086 2271 2214 2327 ﬁdei
2247 2280 2301 2325 et
2327 2270 2592 2324 orationis
2621 2269 2913 2341 arripiens,
2959 2269 3153 2324 mediis
3199 2266 3429 2321 ﬂammis
3457 2272 3597 2318 tutus
3620 2262 3686 2316 ad

2087 2364 2376 2418 Dominum
2428 2379 2728 2417 conversu~
2775 2363 3043 2416 incubuit.
3091 2361 3228 2414 Tum
3263 2375 3396 2412 vero
3430 2357 3690 2411 divinitus

2090 2456 2217 2527 igne
2244 2456 2518 2520 submoto,
2552 2454 2776 2508 innoxio
2798 2453 2902 2507 sibi
2927 2453 3060 2508 orbe
3109 2452 3451 2506 ﬂammarum
3475 2449 3685 2504 orabat.

2089 2547 2336 2602 Monaclti
2369 2556 2575 2610 autem,
2609 2546 2697 2615 qui
2731 2561 2828 2614 pro
2857 2545 3065 2598 foribus
3091 2551 3269 2604 erant,
3306 2543 3608 2609 crepitante
3636 2551 3690 2593 et

2089 2641 2422 2695 colluctanle
2453 2638 2687 2693 incendii
2721 2653 2879 2702 sono,
2900 2638 3179 2691 obseratas
3201 2634 3492 2704 eﬂ‘t-ingnnt
3513 2633 3686 2687 fores;

2090 2732 2404 2799 dimot0que
2433 2733 2575 2802 igne.
2605 2747 2636 2784 e
2664 2729 2856 2784 mediis
2875 2729 3110 2783 ﬂammis
3136 2727 3422 2781 Martiuum
3441 2725 3693 2779 auferunt

2091 2838 2211 2878 cum
2239 2825 2348 2890 iam
2379 2824 2616 2892 mentitus
2648 2838 2769 2876 esse
2797 2831 3152 2890 Consumptus
3183 2829 3290 2874 tam
3314 2820 3570 2873 diuturno
3605 2819 3687 2870 in-

2093 2917 2289 2972 cendio
2313 2927 2619 2987 putaretur.
2671 2916 2941 2968 Caeterum
2972 2913 3200 2984 (verbis
3245 2914 3384 2966 meis
3431 2910 3696 2965 Dominus

2095 3021 2177 3066 est
2209 3014 2365 3065 testis
2393 3011 2410 3079 )
2445 3011 2575 3064 mihi
2608 3011 2725 3080 ipse
2751 3008 3042 3074 referebat,
3074 3017 3128 3061 et
3162 3022 3271 3060 non
3319 3006 3440 3060 sine
3487 3004 3694 3074 gemitu

2096 3106 2390 3168 fatebatur,
2423 3106 2478 3159 in
2512 3106 2614 3159 hoc
2637 3122 2693 3160 se
2713 3103 2916 3158 diaboli
2944 3116 3061 3157 arte
3083 3100 3398 3172 deceptum,
3422 3111 3476 3155 ut
3505 3113 3693 3154 excus-

395 3192 561 3246 maris
593 3192 856 3262 profunda
889 3191 1178 3246 transisse.
1207 3190 1313 3246 Sed
1340 3189 1457 3242 hmc
1505 3199 1582 3252 tu,
1632 3199 1689 3241 ut
1726 3189 1985 3250 arbitror,
2019 3193 2064 3254 C
2097 3214 2190 3253 sus
2219 3217 2249 3254 e
2277 3213 2470 3253 somno
2510 3199 2802 3252 consilium
2855 3210 2960 3250 non
2987 3196 3238 3259 haberet,
3271 3210 3378 3263 quo
3409 3209 3506 3264 per
3535 3191 3697 3246 ﬁdem

398 3286 582 3350 Stulte,
641 3299 748 3338 non
780 3285 1011 3354 legeras,
1042 3295 1134 3336 aut
1167 3283 1307 3335 lecta
1342 3297 1445 3336 n0u
1473 3281 1751 3335 audieras.
1805 3280 1995 3350 Neque

399 3378 542 3432 enim
595 3378 804 3446 absque
851 3377 1037 3430 divino
1086 3376 1319 3429 consilio
1348 3374 1653 3428 istiusmodi
1681 3374 1992 3442 exemplum

400 3469 597 3524 beatus
621 3470 960 3538 Evangelista
990 3469 1163 3522 sacris
1194 3468 1390 3521 litteris
1420 3466 1759 3536 protulisset,
1807 3465 1912 3520 nisi
1941 3474 1999 3519 ut

402 3577 471 3618 ex
500 3563 588 3615 his
620 3565 848 3616 humana
873 3578 1024 3617 meus
1047 3561 1380 3626 erudiretur,
1411 3560 1998 3630 naufragiorumatque

401 3658 748 3724 serpentium
803 3669 979 3719 casus,
1012 3665 1066 3709 et
1103 3655 1280 3728 (sicut
1333 3653 1632 3722 Apostolus
1685 3653 1875 3715 refert,
1906 3654 1997 3723 qui

402 3749 670 3810 nuditate,
701 3748 838 3802 fame
866 3750 1243 3818 latronumque
1270 3746 1521 3815 periculis
1551 3744 1852 3816 gloriatur)
1883 3761 2001 3799 om-

403 3840 488 3894 nia
515 3840 632 3896 ltaac
658 3841 862 3895 Sanctis
887 3840 1206 3895 hominibus
1235 3852 1395 3910 atque
1425 3838 1675 3893 omnibus
1709 3839 1773 3893 ad
1811 3855 2002 3909 perpe-

405 3933 646 3988 tiendum
679 3935 895 4004 quidem
919 3949 1039 3988 esse
1061 3934 1370 3987 communia
1397 3947 1412 3996 ;
1465 3931 1560 3985 sed
1590 3931 1671 3984 his
1697 3932 2002 3986 tolerandis

333 4077 339 4089 ,
411 4037 569 4097 atque
591 4029 876 4083 vincendis
907 4029 1235 4099 pra’cipuatn
1268 4040 1486 4094 semper
1513 4026 1784 4093 justorum
1835 4024 2003 4080 fuisse

411 4119 687 4186 virtutem,
740 4122 866 4174 dum
917 4136 1014 4190 per
1062 4120 1241 4173 omnia
1291 4128 1623 4171 tentamenta
1656 4119 1924 4186 patientes
1951 4125 2006 4171 et

412 4228 627 4282 semper
660 4212 870 4277 invicti,
907 4221 1057 4266 tanto
1080 4210 1274 4265 fortius
1295 4212 1602 4271 vincerent,
1636 4223 1839 4278 quanto
1878 4223 2004 4276 gra-

412 4306 528 4359 vius
553 4304 922 4374 pertulissent.
957 4303 1111 4359 Unde
1136 4303 1238 4358 hoc
1265 4305 1406 4373 quod
1440 4305 1508 4357 ad
1533 4303 1745 4357 Martini
1777 4301 2008 4356 inﬁrmi-

413 4405 574 4452 tatem
600 4407 843 4461 vocatur,
872 4396 1087 4466 plenum
1118 4395 1496 4466 estdignitatis
1519 4405 1572 4450 et
1602 4395 1810 4466 glorite,
1840 4394 2009 4462 siqui-

415 4491 534 4545 dem
589 4490 1062 4560 periculosissimo
1113 4504 1240 4544 casu
1281 4499 1521 4544 tentatus
1552 4489 1797 4545 eviceril.
1831 4486 2011 4544 Crete-

2099 3302 2153 3349 et
2177 3293 2477 3347 orationem
2505 3293 2746 3361 perit-uio
2799 3300 3125 3357 repugnaret
3159 3307 3170 3344 :
3201 3288 3436 3358 denique
3495 3284 3697 3341 tamdiu

2098 3390 2240 3441 circa
2271 3401 2330 3440 se
2353 3387 2579 3439 saivisse
2624 3386 2822 3452 ignem,
2859 3382 3116 3452 quamdiu
3167 3394 3459 3452 erumpere
3493 3379 3696 3432 ostium

2101 3478 2346 3532 turbatus
2373 3485 2557 3532 mente
2583 3477 2893 3531 tentaverit.
2938 3475 3038 3530 Ubi
3067 3490 3197 3528 vero
3225 3472 3493 3527 auxilium
3524 3471 3705 3525 crucis

2102 3579 2155 3626 ct
2181 3570 2448 3623 Orationis
2510 3584 2657 3622 arma
2705 3569 3015 3636 repetisst-t,
3047 3566 3258 3620 medias
3285 3566 3518 3620 cessisse
3546 3561 3700 3616 ﬂam-

2103 3678 2241 3725 mas,
2271 3676 2440 3727 seque
2491 3672 2617 3714 tunc
2661 3661 2897 3714 sensisse
2932 3670 3185 3714 rorantes
3209 3673 3343 3728 quas
3385 3657 3528 3710 male
3558 3664 3704 3708 esset

2103 3761 2360 3820 expertus
2390 3761 2630 3805 urentes.
2669 3751 2820 3804 Unde
2846 3751 3108 3820 intelligat
3135 3747 3381 3818 quisquis
3409 3747 3524 3801 htec
3566 3746 3718 3815 lege-.

2104 3846 2197 3909 rit,
2226 3853 2492 3898 tentatum
2523 3843 2742 3914 quidem
2773 3844 2870 3898 illo
2897 3842 3185 3897 Martinum
3236 3841 3500 3912 periculo,
3531 3838 3626 3894 sed
3653 3846 3709 3892 et

2105 3937 2414 4008 probatum.

2723 4028 3058 4086 EPISTOLA
3096 4029 3161 4084 II.

2544 4145 2623 4198 An
2663 4145 2949 4200 Auaeuuu
2987 4159 3275 4200 macoaun.

2335 4256 2407 4310 De
2426 4257 2566 4310 obitu
2597 4267 2644 4310 et
2687 4258 3014 4329 apparitione
3064 4257 3198 4311 beati
3251 4255 3490 4310 Martini.

2187 4369 2467 4425 SULPICIUS
2517 4369 2770 4424 SBVERUS
2821 4370 3064 4426 Aunauo
3108 4369 3340 4425 diacono
3385 4368 3635 4424 salutem.

2191 4484 2549 4554 Posteaquam
2582 4501 2609 4536 a
2643 4500 2729 4540 me
2755 4500 2912 4539 mane
2952 4486 3228 4553 digressus
3251 4501 3333 4552 es,
3385 4500 3536 4541 eram
3577 4484 3716 4539 resi-

417 4600 533 4640 rum
559 4586 612 4640 id
636 4585 895 4639 omissum
921 4599 949 4637 a
982 4599 1066 4638 me
1093 4585 1143 4636 in
1173 4583 1354 4637 libello
1387 4585 1479 4636 illo
1524 4598 1681 4650 quem
1705 4582 1773 4636 de
1801 4582 1908 4634 vita
1944 4581 2005 4634 il-
2037 4583 2091 4643 D
2116 4577 2252 4632 deus
2277 4578 2427 4631 solus
2451 4578 2502 4630 in
2522 4578 2742 4641 cellula,
2776 4577 3124 4648 subici-atque
3151 4595 3236 4633 me
3265 4579 3489 4648 illaqua:
3517 4578 3713 4646 saepius

420 4679 521 4732 lius
543 4680 888 4747 scripsimus,
911 4693 1071 4731 nemo
1095 4676 1357 4741 miretur;
1389 4677 1729 4728 cutnibidem
1760 4675 1859 4728 sim
1890 4689 2014 4744 pro—

421 4774 616 4838 fessus,
647 4790 733 4828 me
764 4791 871 4827 non
902 4773 1084 4827 omnia
1129 4773 1277 4826 illius
1307 4772 1440 4825 facta
1475 4772 1813 4842 complexum
1848 4788 1860 4823 :
1886 4770 2013 4840 quia

419 4867 462 4920 si
487 4867 738 4935 persequi
771 4866 1022 4920 universa
1055 4865 1368 4930 voluissem,
1403 4863 1727 4919 immensum
1762 4863 2013 4917 volumen

421 4957 731 5027 legentibus
787 4957 1105 5012 edidissem.
1158 4956 1342 5024 Neque
1392 4965 1517 5010 sunt
1567 4965 1674 5009 tant
1706 4969 1870 5022 parva
1899 4971 2022 5025 quae

421 5052 607 5122 gessit,
641 5063 697 5104 ut
727 5053 906 5105 omnia
934 5049 1208 5117 potuerint
1228 5048 1638 5116 Comprehendi.
1697 5048 1804 5104 Sed
1838 5058 2014 5102 tamen

421 5141 524 5197 hoc
545 5144 615 5198 de
646 5159 753 5212 quo
785 5143 1016 5212 quaestio
1047 5141 1255 5201 incidit,
1276 5141 1445 5194 latere
1476 5155 1580 5193 non
1611 5141 1804 5205 patiar,
1824 5147 1879 5192 et
1905 5155 2017 5193 rem

425 5247 665 5295 omnem,
697 5243 925 5303 utgesta
956 5241 1060 5296 est,
1092 5231 1352 5297 referam,
1385 5247 1450 5285 ne
1485 5232 1623 5285 forte
1643 5231 1876 5285 consilio
1896 5229 2021 5295 hoc,

427 5328 568 5397 quod
609 5327 676 5382 ad
720 5327 1181 5397 vituperationem
1239 5325 1382 5378 beati
1429 5324 1526 5378 viri
1559 5333 1768 5390 poterat
1795 5325 2020 5392 opponi,

425 5421 843 5492 prmtertuisisse
870 5417 1169 5472 videamur.
1194 5415 1331 5470 Cum
1359 5415 1423 5467 ad
1455 5415 2018 5482 dimcesiuquatudam

427 5528 526 5583 pro
556 5513 786 5566 solemni
815 5507 1212 5565 consuetudine
1243 5507 1424 5574 (sicut
1474 5505 1745 5573 episcopis
1800 5506 2022 5558 visitare

430 5605 688 5661 ecclesias
728 5617 856 5657 suas
880 5602 1049 5654 moris
1076 5613 1152 5655 ρει
1181 5597 1388 5669 )media
1415 5599 1528 5650 fere
1561 5596 1740 5650 hieme
1763 5595 2024 5649 Martinus

429 5698 1051 5762 VCIIiSrCl,m0|‘Sl0llClll
1081 5694 1128 5748 ei
1161 5695 1213 5745 in
1242 5691 1543 5746 secretario
1575 5691 1818 5744 ecclesia:
1841 5690 2023 5745 clerici

430 5797 782 5861 paraverunt,
819 5786 1154 5855 multumque
1182 5785 1360 5856 ignem
1393 5781 1716 5851 scabroiam
1747 5790 1806 5838 et
1837 5792 2020 5853 perte‘

2117 4681 2346 4739 occupat
2393 4671 2674 4739 cogitatio,
2723 4684 2848 4738 spes
2891 4668 3214 4733 futurorum,
3253 4669 3712 4739 prmsentiumque

2118 4764 2414 4823 fastidium,
2437 4763 2622 4830 judicii
2654 4772 2850 4826 metus,
2871 4761 3096 4817 formido
3122 4777 3400 4827 poenarum
3427 4778 3441 4827 ;
3466 4769 3543 4822 et,
3569 4758 3714 4830 quod
3764 4830 3766 4833 ι

2119 4870 2467 4922 consequens
2490 4861 2627 4917 erat,
2655 4863 2815 4924 atque
2847 4855 2986 4908 unde
3014 4855 3272 4923 cogitatio
3300 4864 3406 4908 tota
3425 4853 3720 4909 descende.

2121 4956 2225 5013 rat,
2258 4959 2602 5016 peccatorum
2637 4963 2880 5001 meorum
2912 4948 3215 5001 recordatio
3245 4949 3451 5003 tristem
3476 4963 3561 5003 me
3591 4963 3722 5003 con-

2125 5040 2440 5109 fectumque
2465 5038 2798 5093 reddiderat.
2826 5038 3033 5092 Deinde
3064 5055 3188 5093 cum
3243 5039 3462 5110 fatigata
3519 5053 3722 5110 angore

2125 5132 2293 5186 animi
2342 5133 2393 5185 itt
2445 5133 2642 5186 lectulo
2682 5131 2923 5186 membra
2960 5147 3286 5200 posuissem,
3321 5144 3375 5188 ιιι
3406 5137 3724 5205 plerumque

2128 5243 2194 5282 ex
2227 5227 2597 5281 maestitudiue
2625 5226 2790 5290 solet,
2825 5239 3049 5280 Somnus
3073 5228 3314 5297 obrepsit
3346 5228 3473 5300 (qui
3505 5239 3724 5281 utsem-

2129 5335 2226 5388 per
2250 5319 2527 5372 matutinis
2557 5319 2670 5372 oris
2719 5319 2892 5371 levior
2918 5319 3287 5389 incertusque,
3326 5320 3399 5374 ita
3429 5331 3724 5388 suspensus

2129 5421 2184 5466 et
2213 5411 2410 5465 dubius
2452 5427 2548 5479 per
2567 5409 2810 5466 membra
2857 5410 3216 5476 diffunditur;
3252 5423 3332 5476 ut,
3361 5410 3505 5479 quod
3541 5412 3590 5462 itt
3614 5407 3722 5461 alio

2127 5521 2324 5576 sopore
2348 5520 2451 5560 llOll
2481 5505 2682 5570 evenit,
2716 5521 2857 5576 pene
2882 5507 3112 5576 vigilans
3130 5508 3368 5561 dormire
3399 5516 3450 5559 te
3465 5502 3720 5574 sentias);

2128 5614 2250 5652 enm
2284 5608 2506 5668 repente
2549 5608 2795 5653 sant-tum
2850 5598 3138 5654 Martinum
3183 5599 3494 5669 episcopum
3537 5597 3724 5652 videre

2131 5690 2264 5744 mihi
2291 5691 2497 5756 videor,
2529 5699 2852 5759 praetextum
2888 5699 3006 5762 toga
3037 5691 3289 5752 candida,
3341 5688 3493 5742 vultu
3524 5689 3723 5762 igneo,

2134 5779 2482 5837 stellantibus
2507 5780 2704 5846 oculis,
2735 5781 2888 5836 crine
2917 5793 3190 5850 purpureo
3222 5786 3236 5831 t
3267 5786 3427 5846 atque
3475 5776 3549 5835 ita
3591 5774 3728 5836 mihi
