4194 6192
492 260 593 317 179

1848 264 2139 325 SUpr
2174 265 2430 324 SEVERI

484 377 537 429 in
562 390 623 431 ea
657 374 976 431 habitudine
1023 379 1268 448 corporis
1317 376 1596 446 formaque
1626 391 1729 448 qua
1762 392 1883 433 eum
1914 393 2084 433 nove-
2115 383 2159 442 Α
2190 380 2346 446 alias,
2373 388 2429 435 nt
2454 394 2598 452 smpe
2624 381 2892 449 provenit,
2954 383 3203 438 victimas
3228 383 3550 451 duceretur,
3582 386 3798 455 primus

491 484 628 536 ram,
658 462 965 533 videbatur,
1002 480 1081 536 ut,
1112 466 1257 538 quod
1289 469 1469 539 eloqui
1506 470 1663 526 nobis
1702 486 1841 540 pene
1864 471 2090 529 difficile

490 572 595 630 est,
652 579 755 617 non
811 570 1000 632 posset
1056 562 1245 632 aspici,
1295 578 1418 619 cum
1450 572 1636 633 posset
1661 566 2093 635 agnosci.Arri-

491 652 734 723 densque
763 653 893 708 mihi
923 653 1223 723 paululum,
1250 653 1496 710 libellum
1524 672 1684 726 quem
1715 657 1783 712 de
1808 658 1913 712 vita
1947 660 2094 713 illius

490 747 839 817 scripseram,
890 748 1077 802 dextra
1128 748 1471 819 praeferebat.
1533 752 1645 821 Ego
1700 760 1883 806 sancta
1916 767 2093 822 genua

398 884 408 889 -
490 838 608 909 ejus
638 839 942 908 amplexus,
975 838 1412 897 benedictionem
1447 857 1544 912 pro
1570 844 1969 899 consuetudine
1996 844 2096 900 fla-

488 930 722 1001 gitabam
752 949 765 985 :
796 932 1312 1003 superpositamque
1335 934 1499 1003 capiti
1533 949 1653 989 meo
1698 950 1915 991 manum
1951 946 2093 992 tactu

492 1024 848 1081 blandissimo
872 1027 1195 1105 sentiebam,
1224 1044 1344 1082 cum
1380 1029 1523 1084 inter
1550 1028 1945 1087 benedictionis
1969 1047 2092 1087 ver'

494 1118 559 1172 ba
582 1118 849 1173 solemnia
876 1120 1145 1175 familiare
1182 1120 1407 1175 illudori
1435 1136 1533 1176 suo
1558 1124 1738 1178 crucis
1761 1139 1957 1178 nomen
1987 1125 2092 1180 ite-

500 1221 667 1263 raret.
690 1209 809 1265 Mox
844 1211 897 1264 in
924 1226 1046 1265 eum
1080 1211 1375 1267 luminibus
1404 1212 1646 1282 intentis,
1681 1229 1802 1269 cum
1834 1216 2097 1271 exsatiari

494 1302 647 1355 vultu
669 1303 815 1357 illius
844 1312 1251 1374 conspectuque
1277 1319 1381 1358 non
1407 1319 1647 1374 possem,
1676 1307 1854 1363 subito
1886 1306 2018 1361 tnihi
2045 1308 2095 1363 in

496 1393 731 1449 sublime
758 1395 1006 1451 sublatus
1032 1397 1291 1466 eripitur;
1320 1396 1494 1453 donec
1516 1414 1737 1453 emensa
1770 1401 1914 1455 aeris
1942 1401 2099 1458 istius

495 1485 771 1550 vastitate,
802 1498 1139 1541 cumtamen
1170 1487 1359 1557 rapida
1419 1489 1563 1544 nube
1612 1490 1929 1545 subvectum
1981 1491 2097 1546 acie

497 1593 849 1648 sequeremur
876 1579 1180 1648 oculorum,
1229 1581 1433 1652 patenti
1464 1582 1605 1638 coelo
1639 1594 1893 1653 receptus
1923 1582 2098 1638 videri

500 1672 637 1725 ultra
683 1688 787 1726 non
863 1676 1059 1742 potuit.
1112 1673 1224 1728 Nec
1278 1675 1449 1728 multo
1509 1686 1652 1745 post,
1713 1677 2098 1749 presbyterum

2192 473 2456 539 omnium,
2483 474 2739 529 carnifice
2767 476 3072 544 compulso,
3103 476 3339 546 palmam
3374 478 3656 548 sanguinis
3702 492 3795 534 oc-

2193 576 2462 634 cupasset.
2520 564 2638 619 Jam
2669 581 2801 620 vero
2832 567 3097 622 adversus
3148 583 3340 625 omnes
3392 584 3589 639 pmnas
3634 579 3799 639 atque

2192 656 2477 725 supplicia,
2507 656 2703 726 quibus
2730 657 3052 728 plerumque
3082 658 3319 714 humana
3352 662 3523 716 cessit
3566 661 3800 719 infirmi-

2194 757 2297 814 tas,
2328 748 2421 813 ita,
2444 763 2469 799 a
2501 749 2840 804 confessione
2870 750 3085 805 Domini
3120 768 3228 807 non
3254 753 3543 814 recedens.
3596 754 3799 812 immo-

2197 842 2319 897 bilis
2375 845 2659 907 stetisset,
2709 853 2768 897 ut
2818 845 2974 898 laztus
3018 846 3294 902 ulceribus
3340 848 3801 919 congattdensque

2197 935 2527 990 cruciatibus
2562 936 2822 1005 quaelibet
2882 938 3023 993 inter
3078 947 3349 995 tormenta
3401 940 3633 996 risisset.
3683 940 3801 999 Sed

2197 1042 2519 1097 quamquam
2552 1028 2653 1082 ista
2700 1043 2805 1083 non
2841 1029 3050 1096 tulerit,
3098 1030 3341 1099 implevit
3392 1041 3570 1086 tamen
3628 1033 3798 1088 etiam

2197 1118 2314 1173 sine
2334 1134 2528 1174 cruore
2553 1120 2869 1192 martyrium
2900 1138 2913 1174 :
2949 1136 3072 1175 nam
3120 1136 3257 1191 quas
3282 1122 3369 1175 ille
3392 1137 3489 1193 pro
3521 1137 3618 1191 spe
3640 1134 3803 1179 mter-

2200 1212 2383 1267 nitatis
2418 1215 2775 1267 humanorum
2808 1212 3057 1269 dolorum
3089 1228 3197 1269 non
3242 1214 3467 1283 pertulit
3498 1213 3800 1283 passiones,

2198 1302 2359 1367 fatue,
2392 1304 2607 1374 vigiliis,
2642 1305 2906 1371 nuditate,
2936 1306 3183 1375 jejuniis,
3238 1306 3552 1377 opprobriis
3585 1306 3803 1361 invido-

2202 1410 2341 1459 rum,
2370 1397 2824 1452 insectationibus
2884 1398 3291 1468 improborum,
3324 1412 3457 1452 cura
3506 1414 3603 1468 pro
3653 1398 3804 1453 infir-

2204 1489 2498 1555 mantibus,
2534 1488 2905 1544 sollicitudine
2930 1506 3027 1559 pro
3044 1490 3510 1561 periclitantibus?
3534 1507 3642 1560 quo
3658 1492 3803 1547 enim

2205 1583 2295 1637 ille
2324 1582 2543 1640 dolente
2572 1600 2676 1637 non
2699 1584 2875 1639 doluit
2898 1584 2921 1637 ?
2946 1600 3053 1654 quo
3083 1585 3482 1641 scandalizante
3514 1601 3620 1640 non
3652 1595 3805 1642 ustus

2205 1673 2327 1729 est?
2357 1690 2463 1743 qun
2486 1686 2749 1743 pereunte
2780 1691 2885 1730 non
2912 1678 3154 1746 gemuit?
3181 1686 3380 1747 prazter
3404 1678 3492 1733 illa
3522 1677 3799 1748 quotidia-

496 1772 743 1817 sanctum
774 1759 1016 1827 Clarum,
1042 1762 1369 1834 discipulum
1400 1765 1565 1832 illius,
1593 1768 1682 1837 qui
1714 1783 1888 1838 nuper
1910 1784 2101 1825 exees-
2130 1770 2176 1831 B
2205 1782 2271 1821 na
2305 1766 2451 1822 illius
2480 1766 2772 1823 adversum
2820 1769 3073 1823 humana:
3128 1771 3498 1841 spiritalisque
3548 1771 3805 1842 nequitiae

495 1871 663 1921 serat,
692 1857 849 1911 video
891 1856 1139 1912 eamdem
1172 1874 1331 1929 quam
1377 1860 1719 1927 magistrum,
1756 1863 1897 1916 viatn
1941 1878 2101 1919 scan-

502 1948 649 2004 dere.
684 1948 797 2017 Ego
827 1948 1116 2019 impudens
1146 1949 1301 2021 sequi
1356 1951 1608 2021 cupiens,
1631 1952 1757 2007 dum
1784 1953 1923 2009 altos
1950 1970 2102 2025 gres-

499 2056 592 2095 sus
638 2043 837 2096 molior
864 2056 917 2097 et
940 2045 1212 2111 connitor,
1247 2046 1445 2114 evigilo
1484 2064 1497 2099 :
1530 2062 1832 2119 somnoque
1858 2050 2098 2119 excitus,

496 2134 865 2206 congratulari
916 2151 1190 2206 coeperam
1249 2139 1468 2207 visioni,
1498 2154 1620 2194 cum
1652 2141 1718 2196 ad
1752 2156 1836 2195 me
1858 2158 1992 2211 puer
2020 2142 2101 2197 fa-

498 2229 727 2283 miliaris
775 2230 1097 2298 ingreditur,
1149 2232 1313 2286 solito
1368 2232 1591 2299 tristior,
1647 2235 1797 2289 vultu
1829 2236 2101 2306 loquentis

500 2321 705 2388 pariter
733 2332 787 2374 et
811 2320 1065 2376 dolentis.
1095 2322 1231 2390 Quid
1262 2330 1341 2389 tu,
1373 2324 1618 2394 inquam,
1652 2335 1757 2380 tam
1809 2328 1976 2382 tristis
2018 2327 2099 2383 lo-

502 2411 593 2479 qui
641 2413 849 2482 gestis?
891 2415 957 2467 At
1007 2414 1131 2481 ille,
1159 2414 1306 2481 Duo,
1342 2417 1546 2487 inquit,
1578 2418 1828 2473 monachi
1879 2419 2041 2475 modo
2069 2435 2099 2474 a

501 2502 737 2560 Turonis
788 2504 1109 2574 adfuerunt,
1143 2509 1237 2579 qui
1280 2508 1538 2565 domnnm
1586 2511 1870 2567 Martinum
1919 2515 2103 2571 obisse

502 2601 779 2655 nuntiant.
809 2599 1057 2668 Concidi,
1091 2602 1294 2667 fateor,
1328 2604 1641 2675 obortisque
1670 2605 1925 2678 lacrymis
1975 2606 2099 2662 flevi

498 2690 790 2746 uberrime.
823 2692 961 2760 Quin
995 2693 1156 2749 etiam
1186 2695 1311 2749 dum
1338 2695 1451 2750 haec
1474 2697 1540 2751 ad
1573 2706 1646 2764 te,
1682 2697 1867 2766 frater,
1907 2700 2104 2755 scribi-

502 2798 653 2850 mus,
678 2782 851 2838 ﬂuunt
880 2785 1161 2855 lacrymze,
1191 2802 1290 2843 nec
1324 2788 1489 2841 ullum
1519 2788 1974 2858 impatientissitni
2002 2791 2100 2845 do-

498 2874 631 2927 loris
664 2875 893 2930 admitto
920 2878 1194 2931 Solatium.
1221 2879 1298 2932 Te
1325 2896 1452 2933 vero
1472 2920 1488 2947 ,
1517 2881 1602 2935 ubi
1637 2881 1740 2937 hoc
1780 2882 1915 2937 mihi
1959 2899 2097 2938 nun-

502 2966 693 3018 tiatutn
735 2977 850 3032 est,
887 2970 1204 3037 participem
1253 2985 1375 3025 esse
1426 2972 1570 3026 volui
1613 2973 1788 3029 luctus
1836 2975 1975 3039 mei,
2006 2975 2099 3045 qui

497 3073 618 3111 eras
641 3062 819 3113 socius
850 3062 1074 3115 amoris.
1111 3062 1240 3116 Vetti
1266 3079 1396 3133 ergo
1417 3063 1481 3118 ad
1519 3080 1604 3120 me
1628 3068 1833 3129 statim,
1864 3078 1920 3121 ut
1951 3070 2097 3137 pari-

2204 1857 2419 1912 diversa
2447 1859 2771 1925 certamina,
2818 1859 2945 1913 dum
2996 1859 3049 1914 in
3102 1876 3167 1916 eo
3205 1863 3370 1916 variis
3417 1862 3807 1919 tentationibus

2205 1948 2445 2019 appetito
2498 1964 2716 2020 semper
2760 1961 3056 2021 exsuperat
3098 1951 3363 2008 fortitudo
3394 1954 3666 2019 vincendi,
3704 1970 3800 2023 pa-

2207 2044 2395 2098 tientia
2427 2043 2811 2114 exspectandi,
2848 2046 3228 2115 aequanimitas
3247 2048 3573 2103 sustinendi.
3600 2048 3646 2105 0
3679 2064 3806 2108 vere

2208 2135 2531 2192 ineffabilem
2563 2136 2764 2201 virum,
2798 2137 3035 2207 pietate,
3079 2138 3479 2204 misericordia,
3512 2140 3803 2208 cltaritate,

2206 2244 2328 2299 qua:
2355 2242 2475 2282 cum
2505 2227 2751 2297 quotidie
2778 2228 2943 2285 etiam
2968 2229 3019 2283 in
3050 2232 3255 2285 sanctis
3301 2232 3433 2285 viris
3479 2232 3682 2287 saeculo
3710 2232 3806 2288 fri-

2205 2329 2363 2393 gente
2389 2320 2662 2391 frigescat,
2694 2322 2747 2376 in
2775 2322 2869 2376 illo
2898 2332 3075 2377 tamen
3107 2338 3277 2394 usque
3311 2325 3377 2379 ad
3405 2324 3591 2397 finem,
3646 2335 3802 2383 aucta

2206 2414 2260 2467 in
2306 2413 2441 2479 dies,
2499 2414 2871 2483 perseveravit
2901 2416 2915 2469 Ξ
2950 2430 3058 2485 quo
3083 2431 3185 2485 ego
3215 2416 3363 2471 illius
3393 2418 3539 2472 bono
3561 2419 3645 2474 vel
3671 2433 3799 2489 spe-

2205 2506 2416 2561 cialiter
2440 2505 2637 2560 fruitus
2666 2521 2807 2570 sum,
2830 2521 2952 2561 cum
2977 2523 3065 2562 me
3088 2509 3365 2577 indignum
3382 2519 3436 2563 et
3458 2525 3565 2564 non
3591 2526 3802 2566 meren-

2209 2609 2312 2653 tem
2338 2600 2495 2653 unice
2517 2598 2797 2670 diligebat.
2827 2600 2902 2654 iin
2938 2614 3125 2655 rursus
3161 2601 3412 2673 lacrymae
3443 2600 3634 2667 llutmt,
3662 2604 3802 2657 into-

2205 2708 2307 2758 que
2336 2690 2403 2745 de
2437 2698 2655 2761 pectore
2701 2690 2936 2759 gemitus
2968 2693 3218 2762 erumpit.
3268 2693 3324 2747 lu
3350 2707 3457 2762 quo
3488 2692 3616 2748 mihi
3644 2703 3800 2762 post-

2204 2783 2320 2839 hzec
2352 2785 2570 2839 homine
2600 2784 2794 2837 similis
2826 2784 3064 2854 requies,
3119 2787 3167 2840 in
3196 2788 3350 2857 cujus
3382 2790 3488 2842 erit
3534 2788 3799 2846 charitate

2204 2877 2499 2931 solatium?
2522 2877 2599 2929 Me
2622 2877 2902 2943 miserum,
2936 2894 3021 2932 me
3050 2878 3316 2933 infelicem
3349 2882 3362 2934 ε
3391 2889 3653 2950 poterone
3680 2896 3797 2934 utn-

2202 2984 2384 3038 quam,
2413 2968 2456 3022 si
2483 2967 2684 3022 diutius
2716 2968 2922 3033 vixero,
2960 2983 3063 3022 non
3111 2969 3319 3036 dolere,
3365 2970 3506 3041 quod
3565 2972 3798 3027 Martino

2203 3068 2478 3131 superstes
2509 3059 2785 3115 sum?erit
2811 3061 2939 3115 mihi
2966 3061 3205 3130 postittec
3239 3064 3345 3116 vita
3384 3063 3647 3132 jucunda,
3689 3062 3799 3120 erit

501 3161 583 3203 tor
634 3151 918 3221 lugeamus
968 3169 1129 3224 quem
1182 3156 1381 3223 pariter
1426 3171 1673 3210 amamus
1713 3177 1726 3211 :
1766 3174 2093 3229 quamquam
2124 3158 2168 3221 C
2200 3153 2317 3207 dies
2337 3161 2430 3206 aut
2454 3152 2583 3206 hora
2616 3152 2735 3205 sine
2766 3153 3017 3224 lacrymis
3043 3156 3065 3207 ?
3088 3165 3179 3207 aut
3209 3164 3406 3220 tecum,
3441 3155 3604 3210 frater
3631 3155 3798 3211 dilec-

498 3246 664 3297 sciam
704 3248 875 3299 virutn
930 3247 1083 3302 illum
1142 3266 1245 3301 non
1295 3266 1417 3303 esse
1459 3250 1776 3319 lugendum,
1834 3254 1943 3319 cui,
1982 3261 2101 3322 post

498 3338 729 3390 evictum
757 3336 1552 3409 triumphatutnquesa-culunt,
1570 3358 1711 3398 nunc
1734 3343 1951 3400 demum
1972 3345 2098 3400 red-

496 3427 605 3481 dita
636 3426 948 3484 estcorona
974 3433 1220 3499 justitim.
1256 3434 1363 3489 Sed
1388 3446 1563 3490 tamen
1596 3452 1697 3506 ego
1727 3454 1832 3491 non
1875 3454 2094 3510 possunt

499 3514 632 3576 mihi
660 3520 952 3590 imperare,
986 3526 1115 3594 quin
1145 3525 1378 3581 doleam.
1404 3526 1655 3585 Praemisi
1677 3531 1893 3599 quidem
1916 3542 2099 3603 patro-

498 3628 647 3679 num,
704 3615 795 3667 sed
849 3617 1100 3671 solatium
1156 3620 1279 3672 vitae
1328 3625 1614 3689 prmsentis
1662 3624 1815 3678 amisi
1855 3625 2019 3691 :etsi,
2050 3626 2096 3680 si

494 3692 762 3761 rationem
788 3707 950 3761 ullam
979 3708 1142 3765 dolor
1161 3710 1494 3777 admitteret,
1523 3714 1761 3782 gaudere
1814 3713 2091 3772 deberem.

496 3796 591 3852 Est
619 3800 763 3855 enim
795 3800 883 3855 ille
914 3814 1205 3857 C(tllSel‘lllS
1255 3806 1519 3875 apostolis
1572 3823 1633 3861 ac
1685 3809 1987 3878 prophetis,
2019 3819 2092 3875 et,

493 3891 637 3960 quod
664 3907 797 3962 pace
819 3904 1135 3949 sanctorum
1167 3900 1415 3951 omnium
1446 3898 1699 3966 dixerim,
1744 3902 1798 3955 in
1843 3902 1934 3958 illo
1970 3902 2092 3971 jus-

493 3996 668 4039 torum
691 4003 855 4057 grege
883 3990 1011 4043 nulli
1036 3993 1332 4058 secundus,
1363 4004 1419 4049 ut
1448 4009 1631 4063 spero,
1689 3998 1854 4053 credo
1880 4007 1935 4054 et
1962 4014 2093 4054 cou-

494 4076 621 4142 lido,
670 4080 775 4133 illis
833 4082 1173 4148 potissimum
1223 4086 1313 4153 qui
1367 4086 1534 4139 stolas
1591 4102 1718 4141 suas
1749 4090 1799 4141 in
1828 4093 2091 4159 sanguine

490 4170 761 4235 laverunt,
794 4181 1134 4242 aggregatus,
1166 4186 1362 4244 agnum
1392 4175 1585 4232 ducem
1610 4178 1677 4233 ab
1703 4180 1852 4233 omni
1876 4182 2089 4252 integer

489 4262 610 4317 labe
639 4264 950 4318 comitatur.
982 4264 1116 4320 Nam
1148 4266 1272 4321 licet
1300 4268 1351 4323 ei
1394 4269 1533 4323 ratio
1563 4273 1823 4341 temporis
1853 4288 1961 4327 non
1993 4289 2090 4343 po-

489 4360 654 4414 tuerit
696 4369 959 4428 praastare
1006 4362 1354 4432 martyrium.
1404 4364 1572 4433 gloria
1602 4374 1786 4421 tamen
1833 4370 2089 4439 martyris

490 4466 595 4506 non
649 4455 880 4518 carebit,
933 4456 1059 4525 quia
1086 4468 1212 4511 voto
1256 4467 1422 4528 atque
1454 4460 1650 4516 virtute
1673 4470 1726 4516 et
1756 4463 1929 4531 potuit
1961 4478 2086 4520 esse

2207 3244 2433 3307 tissime,
2470 3252 2660 3311 potero
2693 3243 2836 3297 illius
2870 3244 3199 3299 mentionem
3234 3245 3438 3301 habere
3467 3245 3588 3301 sine
3617 3245 3744 3300 ﬂetu
3772 3247 3796 3302 ἲ

2202 3347 2294 3393 aut
2318 3352 2573 3406 umquam
2601 3338 2829 3407 loquens
2859 3338 2998 3406 apud
3031 3350 3083 3393 te
3112 3338 3256 3393 aliud
3282 3355 3445 3410 quam
3482 3340 3549 3395 de
3582 3340 3669 3393 illo
3713 3340 3799 3395 lo-

2200 3431 2293 3503 qui
2318 3430 2549 3495 potero?
2578 3428 2683 3486 Sed
2712 3430 2839 3499 quid
2875 3440 2925 3485 te
2958 3431 3010 3484 in
3040 3431 3307 3503 lacryutas
3346 3432 3611 3502 fletusque
3640 3447 3793 3486 com-

2202 3524 2433 3579 moveo?
2461 3537 2589 3579 ecce
2639 3538 2782 3577 nunc
2825 3523 3172 3577 consolatum
3228 3541 3348 3580 esse
3393 3536 3444 3580 te
3480 3525 3675 3595 cupio,
3704 3522 3799 3596 qui

2200 3631 2286 3671 tne
2309 3617 2578 3671 consolari
2605 3615 2718 3684 ipse
2742 3630 2847 3669 non
2873 3630 3115 3683 possunt.
3145 3615 3262 3671 Non
3295 3617 3468 3671 deerit
3499 3618 3653 3671 nobis
3680 3616 3795 3685 ille,

2201 3710 2334 3763 mihi
2366 3709 2557 3776 crede,
2590 3724 2698 3764 non
2727 3708 2932 3765 deerit:
2959 3711 3206 3765 intererit
3235 3710 3305 3765 dc
3334 3724 3397 3767 se
3422 3712 3799 3765 sermocinan-

2200 3800 2371 3868 tibus,
2405 3801 2607 3854 astahit
2645 3802 2961 3856 orantibus:
2993 3800 3243 3871 quodque
3279 3798 3391 3871 jam
3450 3799 3612 3856 hodie
3654 3816 3796 3872 pra:-

2196 3900 2346 3947 stare
2391 3892 2643 3962 dignatus
2671 3904 2775 3959 est,
2812 3892 3098 3949 videndum
3131 3908 3188 3947 se
3218 3892 3271 3947 in
3320 3894 3491 3963 gloria
3522 3908 3619 3949 sua
3644 3910 3795 3967 Stl'pe

2196 3985 2488 4055 praebebit,
2523 3997 2572 4040 et
2606 3984 2852 4053 assidua,
2884 3987 3024 4041 sicut
3049 3999 3173 4041 ante
3202 3986 3478 4056 paululum
3511 3988 3669 4053 fecit,
3697 3988 3793 4045 be-

2196 4077 2505 4133 nedictione
2552 4092 2650 4131 nos
2692 4086 2954 4149 proteget.
3007 4077 3136 4134 Inde
3185 4080 3486 4134 secundum
3539 4081 3790 4135 ordinem

2196 4169 2426 4225 visionis
2462 4170 2659 4225 coelum
2688 4184 2747 4225 se
2786 4172 3139 4241 sequentibus
3194 4184 3379 4242 patere
3430 4172 3789 4243 monstravit,

2191 4272 2247 4320 et
2287 4280 2394 4336 quo
2419 4264 2729 4335 sequendus
2773 4277 2952 4332 esset,
2987 4268 3235 4325 edocuit:
3283 4284 3392 4339 quo
3437 4283 3563 4338 spes
3606 4277 3790 4321 nostra

2190 4358 2495 4423 tendenda,
2529 4375 2638 4430 quo
2686 4360 2899 4416 animus
2938 4359 3289 4431 dirigendus,
3334 4362 3606 4416 instruxit.
3648 4359 3789 4428 Quid

2191 4463 2369 4509 tamen
2400 4454 2511 4514 fiet.
2541 4456 2728 4510 frater?
2753 4456 2894 4525 quod
2919 4458 3049 4511 mihi
3075 4457 3191 4527 ipse
3212 4472 3332 4512 sum
3358 4458 3631 4524 conscius,
3656 4472 3789 4512 con-

488 4556 716 4616 martyr,
752 4557 809 4602 ει
834 4549 1019 4604 volun,
1048 4550 1204 4617 Quod
1239 4550 1349 4606 sic;
1377 4551 1701 4608 Neronianis
1728 4554 2085 4625 Decianisque
2112 4535 2166 4595 D
2191 4546 2451 4601 scendere
2474 4546 2700 4601 arduum
2724 4547 2855 4601 illud
2884 4549 3005 4614 iter,
3025 4563 3087 4604 ac
3120 4560 3408 4614 penetrare
3434 4566 3539 4604 non
3574 4560 3785 4619 potero:

493 4641 854 4709 temporibus,
891 4642 942 4697 in
976 4643 1063 4697 illa
1098 4659 1218 4713 qua:
1248 4652 1375 4699 tunc
1403 4646 1611 4701 exstitit
1654 4646 1918 4703 dimicare
1958 4663 2091 4703 con-

486 4736 773 4804 gressione
821 4733 1086 4802 licuisset,
1128 4744 1295 4791 testor
1325 4736 1494 4792 Deum
1527 4738 1649 4794 cceli
1696 4746 1859 4809 atque
1904 4750 2085 4807 terrae,

489 4837 689 4895 Sponte
718 4828 1009 4898 equnleum
1038 4829 1397 4897 ascendisset,
1443 4830 1582 4886 ultro
1609 4846 1669 4887 se
1699 4832 1911 4901 ignibus
1941 4833 2085 4888 intu‘

485 4918 660 4982 lisset,
699 4920 1045 4990 Hebraeisque
1078 4921 1260 4993 pueris
1284 4922 1603 4993 :equandus,
1655 4924 1799 4981 inter
1843 4924 2089 4983 ﬂamma-

489 5026 609 5065 rum
642 5012 833 5079 globos
863 5014 1037 5067 media
1081 5012 1228 5079 licet,
1263 5015 1521 5087 hymnum
1545 5014 1759 5072 Domini
1786 5017 1837 5073 in
1870 5018 2088 5076 fornace

489 5112 785 5159 cantasset.
815 5103 969 5170 Quod
1003 5104 1046 5161 si
1078 5104 1370 5163 Esaianum
1416 5107 1550 5164 illud
1603 5111 1928 5181 supplicium
1960 5127 2083 5181 per-

488 5198 726 5254 secutori
767 5186 905 5254 forte
932 5199 1249 5269 placuisset,
1280 5217 1574 5275 numquam
1616 5202 1861 5274 profecto
1910 5206 2085 5275 impar

485 5290 768 5364 pr0phet:e
799 5292 968 5347 serris
990 5304 1043 5347 et
1072 5292 1288 5350 laminis
1314 5294 1573 5351 dissecari
1601 5296 1843 5352 membra
1878 5298 2086 5353 timuis-

486 5391 610 5446 set;
662 5391 719 5435 at
763 5382 808 5436 si
858 5382 1103 5452 praecisis
1147 5385 1370 5456 rupibus
1424 5386 1777 5457 abruptisque
1806 5390 2080 5447 montibus

487 5488 648 5541 agere
683 5472 897 5529 felicem
926 5474 1080 5529 furor
1109 5476 1305 5545 impius
1326 5476 1628 5543 maluisset,
1664 5478 1923 5546 perhibeo
1949 5472 2095 5536 con?

484 5562 614 5620 ﬂsus
644 5567 1014 5624 testimonium
1043 5567 1278 5635 veritati,
1313 5576 1506 5638 sponte
1522 5569 1831 5627 cecidisset.
1862 5570 1919 5627 Si
1951 5586 2079 5628 vero

488 5653 727 5719 gentium
760 5654 999 5713 doctoris
1025 5656 1277 5727 exemplo
1325 5656 1509 5727 gladio
1562 5657 1877 5730 deputatus,
1934 5660 2079 5718 inter

2193 4639 2264 4703 ita
2294 4640 2506 4695 sarcina
2539 4642 2766 4695 molesta
2795 4656 2881 4696 me
2914 4652 3245 4712 pra-gravat,
3286 4652 3341 4696 et
3382 4644 3587 4712 peccati
3643 4643 3787 4699 mole

2192 4733 2547 4803 depressum,
2583 4743 2780 4804 negato
2812 4734 2863 4789 in
2897 4743 3043 4788 astra
3073 4748 3406 4797 conscensu,
3440 4749 3582 4788 saeva
3618 4736 3787 4790 mise-

2192 4825 2415 4883 rabilcm
2448 4825 2597 4881 ducit
2629 4826 2679 4880 in
2712 4836 2930 4881 tartara.
2980 4825 3119 4897 Spes
3145 4834 3326 4880 tamen
3372 4837 3662 4896 superest,
3695 4829 3785 4883 illa

2190 4918 2342 4983 sola,
2378 4919 2465 4972 illa
2495 4928 2799 4988 postrema,
2834 4927 2891 4973 ut
2932 4918 3075 4989 quod
3110 4933 3205 4988 per
3232 4933 3331 4973 nos
3378 4919 3628 4977 obtinere
3675 4937 3783 4978 non

2193 5027 2510 5084 possumus,
2544 5012 2731 5066 saltem
2767 5026 2863 5081 pro
2892 5010 3052 5065 nobis
3080 5019 3271 5065 orante
3310 5011 3538 5066 Martino
3576 5028 3784 5069 merea-

2191 5120 2330 5160 mur.
2360 5104 2464 5158 Sed
2483 5102 2607 5174 qnid
2638 5112 2710 5169 te,
2744 5103 2925 5166 frater,
2962 5101 3162 5157 diutius
3185 5117 3389 5169 occupo
3417 5104 3642 5173 epistola
3673 5112 3782 5159 tam

2190 5196 2422 5269 loquaci,
2456 5197 2819 5266 demororqtte
2866 5196 3380 5251 venturum?simul
3424 5196 3531 5267 jam
3581 5198 3779 5268 pagina

2190 5291 2407 5361 impleta
2436 5304 2539 5345 non
2564 5289 2779 5359 recipit.
2814 5288 2938 5344 Mihi
2982 5298 3162 5346 tamen
3194 5290 3310 5345 haec
3357 5290 3453 5345 fuit
3485 5293 3621 5346 ratio
3666 5308 3783 5347 ser-

2189 5398 2403 5438 monem
2458 5384 2617 5438 istum
2663 5383 2874 5452 longius
2930 5384 3279 5452 proferendi,
3330 5386 3528 5454 ntquia
3576 5384 3783 5442 doloris

2189 5476 2437 5531 nuntium
2468 5474 2694 5545 cpistola
2726 5475 3046 5541 deferebat,
3078 5477 3267 5532 eadem
3320 5476 3414 5531 tibi
3448 5493 3515 5531 ex
3548 5478 3779 5547 quadam

2188 5568 2360 5624 nostri
2392 5566 2832 5625 confabulatione
2865 5576 3148 5637 praestaret
3178 5567 3366 5623 charta
3392 5567 3668 5624 solatium.
