4194 6192
381 294 481 348 181

953 409 1292 468 EPISTOLA
1329 410 1418 466 Ill.

770 512 852 581 Ab
881 519 1164 582 BASs'U'LAti
1194 525 1399 581 socn'un
1429 529 1586 580 Sinni.

383 639 662 708 Quomodo
691 639 866 694 beatus
909 639 1169 694 Martinus
1203 657 1266 695 ea:
1292 639 1389 694 hac
1413 641 1515 694 vita
1543 639 1612 693 ad
1643 640 1984 695 immortalem

1035 734 1316 786 transierit.

471 847 746 905 SULPICIUS
771 848 1016 905 Ssvsnos
1045 849 1306 903 Bassum:
1339 847 1555 918 parenti
1586 845 1891 904 venerabili

1053 937 1307 994 salutem.

447 1055 504 1111 Si
537 1063 800 1124 parentes
832 1049 1014 1109 vocari
1047 1054 1097 1107 in
1128 1053 1216 1123 jus
1249 1052 1463 1117 liceret,
1501 1061 1553 1106 te
1585 1051 1748 1121 plane
1771 1051 1984 1123 expila-

379 1147 539 1201 tlottis
571 1144 816 1216 furtique
845 1147 995 1200 ream
1030 1145 1098 1199 ad
1135 1144 1388 1214 praetoris
1421 1143 1658 1198 tribunal
1696 1145 1845 1212 justo
1879 1143 1973 1198 do-

375 1241 497 1295 lore
525 1239 893 1294 traheremus.
929 1236 1069 1306 Quid
1104 1236 1251 1293 enim
1284 1252 1390 1290 non
1419 1251 1728 1306 conquerar
1756 1240 1918 1305 quam
1950 1251 1980 1290 a

382 1344 437 1389 te
467 1335 646 1402 patior
689 1332 990 1402 injuriam?
1035 1332 1237 1386 nullam
1282 1331 1412 1386 mihi
1455 1331 1602 1386 domi
1645 1331 1981 1398 chartulam,

376 1428 582 1482 nullum
637 1427 904 1490 libellum,
947 1425 1156 1480 nullam
1203 1423 1493 1493 epistolam
1537 1424 1806 1492 reliquisti
1844 1441 1858 1478 :
1905 1425 1978 1480 ita

373 1518 572 1573 furarls
600 1519 810 1584 omnia,
834 1511 906 1571 ita
937 1519 1194 1572 universa
1221 1514 1566 1587 divulgas.Si
1592 1515 1719 1585 quid
1748 1515 1814 1568 ad
1843 1516 1979 1570 ami-

373 1629 497 1669 cum
524 1613 869 1670 familiariter
890 1613 1117 1682 scripsi;
1144 1611 1189 1666 si
1215 1611 1341 1682 quid
1364 1611 1526 1674 forte.
1555 1610 1684 1666 dum
1709 1610 1975 1679 ludimus,

372 1706 516 1774 quod
546 1705 713 1760 velim
758 1715 940 1760 tamen
985 1704 1261 1759 occultum
1309 1717 1472 1768 esse,
1505 1704 1747 1771 dictavi,
1790 1706 1972 1759 omnia

1312 291 1534 352 EPIST.
1575 291 1666 352 Ill.
1713 292 1802 351 AD
1838 291 2199 352 BASSULAM
2237 289 2517 356 SOCRUM
2555 297 2763 357 SUAM.

3582 305 3690 362 i8!

2008 413 2061 474 A
2086 425 2192 469 non
2216 424 2420 484 queunt
2460 416 2761 472 deterritis.
2793 415 3028 488 Imperat
3070 415 3270 476 deinde
3321 413 3533 492 potenti
3577 423 3688 475 Vir-

2092 516 2204 563 tute
2233 510 2548 574 verborum,
2579 517 2639 564 ut
2667 519 2790 564 eum
2821 510 2908 564 cui
2940 505 3261 566 innatabam
3292 507 3564 584 gurgitem
3595 527 3684 566 re-

2089 601 2415 671 linquentes,
2440 602 2620 656 aridas
2638 610 2890 672 peterent
2909 603 3266 677 desertasque
3289 607 3546 676 regiones
3574 619 3589 659 :
3619 611 3686 660 eo

2090 695 2344 748 nimirum
2378 694 2517 750 circa
2551 712 2678 751 aves
2709 698 2825 752 illas
2855 714 2985 752 usus
3028 700 3282 769 imperio,
3317 715 3428 770 quo
3474 702 3684 753 daemo-

2087 800 2184 840 nes
2231 785 2417 856 l‘ugare
2446 798 2851 854 consueverat;
2905 791 2973 843 ita
3002 805 3167 860 grege
3199 790 3375 856 facto,
3407 804 3602 847 omnes
3629 791 3684 845 in

2086 894 2250 933 unum
2312 878 2417 933 illa:
2475 880 2728 934 volucres
2775 891 3164 953 congregata),
3211 884 3405 937 relicto
3459 882 3685 938 flumine

2086 981 2299 1027 montes
2328 973 2599 1042 silvasque
2649 973 2951 1043 petierunt,
3004 991 3114 1030 non
3164 976 3285 1029 sine
3316 975 3683 1030 admiratione

2084 1063 2395 1130 multorum,
2426 1067 2511 1134 qui
2547 1072 2754 1119 tantam
2782 1065 2834 1120 in
2869 1067 3100 1121 Martino
3124 1067 3379 1122 virtutem
3407 1066 3681 1136 viderent,

2085 1165 2142 1212 ut
2172 1158 2333 1212 etiant
2359 1158 2552 1212 avibus
2583 1159 2902 1228 imperaret.
2941 1160 3286 1229 Aiiqttantdiu
3318 1175 3448 1230 ergo
3473 1160 3526 1214 itt
3563 1161 3683 1214 vico

2083 1252 2198 1317 illo,
2230 1252 2316 1307 vel
2349 1253 2402 1306 in
2459 1253 2699 1308 ecclesia
2747 1253 2815 1307 ad
2867 1267 3027 1324 quam
3080 1254 3241 1319 ierat,
3291 1264 3684 1321 commoratus,

2083 1360 2215 1415 pace
2243 1345 2383 1400 inter
2428 1343 2660 1400 clericos
2709 1345 2982 1412 restituta,
3023 1361 3146 1400 cum
3189 1343 3298 1416 iam
3352 1343 3566 1414 regredi
3614 1343 3684 1400 ad

2081 1439 2470 1492 monasterium
2515 1440 2804 1509 cogitaret,
2855 1437 3063 1493 viribus
3105 1437 3354 1508 corporis
3399 1439 3568 1507 erepit
3596 1451 3684 1492 re-

2079 1539 2241 1600 pente
2269 1530 2499 1585 destitui
2528 1550 2540 1584 :
2569 1531 2999 1601 convocatisque
3033 1529 3342 1599 discipulis,
3392 1527 3594 1583 indicat
3623 1541 3684 1581 se

2073 1622 2183 1691 jam
2212 1622 2434 1677 resolvi.
2458 1621 2594 1677 Tum
2619 1638 2749 1678 vero
2775 1638 2976 1678 mceror
3001 1629 3057 1677 et
3082 1621 3260 1676 luctus
3281 1620 3547 1683 omnium,
3573 1633 3682 1674 vox

2078 1729 2180 1768 una
2214 1714 2580 1783 plangentium
2610 1733 2624 1769 :
2653 1712 2766 1768 Cur
2821 1729 2950 1780 nos,
2987 1724 3164 1784 pater,
3196 1712 3446 1768 deseris?
3476 1721 3570 1766 aut
3593 1712 3683 1766 cui

373 1799 440 1853 ad
478 1811 530 1853 le
562 1799 716 1869 prius
745 1813 886 1870 pene
926 1811 1088 1867 quam
1117 1795 1320 1851 fuerim
1371 1796 1577 1866 scripta
1621 1805 1714 1850 θυι
1747 1796 1971 1865 ἀίοιθῑθι
2005 1813 2051 1870 Β
2081 1822 2180 1860 nos
2229 1807 2502 1861 deSoiatos
2564 1805 2874 1877 relinquis?
2925 1806 3191 1860 invadent
3248 1805 3394 1860 enim
3458 1815 3681 1875 gregem

374 1890 728 1962 perveniunt.
788 1886 1054 1944 Nimirum
1109 1887 1438 1943 obarrhatos
1492 1885 1668 1943 babes
1725 1888 1972 1943 notarios

371 1997 547 2048 meos,
577 1997 676 2053 per
699 1996 835 2052 quos
869 1981 962 2036 tibi
990 1992 1195 2035 nostrze
1225 1980 1446 2050 ineptia:
1475 1979 1842 2050 publicantur;
1872 1993 1973 2035 nec

375 2083 557 2130 tamen
586 2077 878 2129 adversum
911 2088 1004 2128 cos
1029 2088 1252 2143 possum
1279 2072 1513 2138 moveri,
1548 2073 1592 2126 si
1625 2072 1723 2127 tibi
1758 2081 1970 2142 parent,

374 2169 468 2235 qtti
503 2170 553 2222 in
581 2168 669 2236 jus
719 2177 960 2222 nostrum
1007 2181 1074 2223 ex
1109 2178 1199 2220 ttta
1249 2167 1600 2236 potissimum
1643 2164 1975 2222 liberalitate

380 2269 683 2326 venerunt,
713 2274 877 2330 seque
906 2258 1082 2314 adhuc
1116 2269 1236 2313 tuos
1262 2273 1423 2328 quam
1455 2273 1605 2314 meos
1626 2272 1750 2313 esse
1778 2261 1972 2312 memi-

375 2361 610 2408 nerunt:
641 2363 695 2406 tu
737 2352 857 2407 sola
894 2369 952 2408 es
980 2367 1102 2419 rea,
1140 2361 1195 2408 tu
1237 2353 1352 2408 sola
1386 2352 1707 2422 culpabilis,
1748 2368 1868 2423 quae
1919 2361 1975 2408 et

375 2446 507 2500 mihi
539 2445 840 2509 insidiaris,
875 2456 930 2500 et
961 2445 1086 2501 illos
1119 2445 1308 2500 fraude
1338 2445 1740 2513 circumvenis,
1771 2457 1829 2501 ut
1856 2447 1974 2502 sine

375 2537 590 2592 delectu
644 2537 758 2591 ullo
807 2538 1152 2593 familiariter
1201 2539 1429 2609 scripta,
1489 2549 1585 2592 aut
1637 2540 1977 2609 negligenter

376 2629 596 2698 emissa,
629 2629 956 2686 illucubrata
986 2630 1081 2685 tibi
1123 2631 1340 2701 penitus
1375 2640 1540 2702 atque
1577 2631 1826 2702 impolita
1863 2641 1973 2686 tra-

379 2723 597 2778 dantur.
632 2723 792 2792 Nam,
821 2733 880 2779 ut
906 2724 976 2780 de
1012 2724 1240 2794 reliquis
1271 2734 1504 2790 taceam,
1541 2740 1673 2795 rogo
1709 2726 1973 2795 quemad-

377 2803 598 2870 modum
628 2827 736 2872 tam
763 2819 872 2872 cito
900 2817 966 2872 ad
992 2827 1041 2872 te
1071 2818 1299 2890 epistola
1329 2817 1420 2872 illa
1449 2819 1628 2888 potuit
1661 2819 1972 2891 pervenire,

378 2927 541 2982 quam
584 2929 761 2984 nuper
803 2914 869 2968 ad
897 2913 1178 2970 Aurelium
1221 2915 1510 2970 diaconum
1546 2915 1970 2986 scripseramus.

383 3005 497 3075 Ego
523 3006 667 3061 enim
693 3005 902 3062 Tolosa-
936 3009 1166 3078 positus,
1203 3017 1259 3061 ιιι
1289 3005 1546 3062 Treveris
1573 3006 1889 3073 constituta,
1920 3014 1977 3063 et

386 3109 500 3176 tam.
531 3097 690 3170 longe
728 3116 757 3154 a
815 3101 988 3169 patria
1046 3101 1158 3154 filio
1208 3100 1546 3170 ittquietante
1589 3099 1832 3166 divulsa,
1869 3115 1972 3170 qua

2079 1905 2226 1952 tuntn
2268 1897 2386 1969 lupi
2424 1901 2687 1968 rapaces:
2723 1909 2775 1954 et
2805 1899 2932 1967 quis
2961 1912 3058 1952 nos
3085 1913 3114 1953 a
3146 1895 3418 1952 morsibus
3463 1909 3680 1962 eorum,

2077 2005 2338 2059 percusso
2374 2001 2612 2060 pastore,
2644 1987 2993 2060 prohibebit?
3034 1991 3238 2044 scimus
3282 1987 3502 2058 quidem
3536 1985 3682 2044 desi-

2076 2084 2268 2138 derare
2301 2095 2352 2138 te
2381 2083 2695 2148 Christum;
2723 2083 2819 2137 sed
2853 2083 3002 2136 salva
3037 2082 3130 2137 tibi
3161 2089 3400 2136 sunttua
3428 2080 3677 2150 praemia;

2076 2187 2178 2229 nec
2200 2173 2364 2228 dilata
2395 2175 2711 2228 minuentur
2740 2191 2752 2226 :
2787 2174 2958 2228 nostri
3000 2173 3182 2243 p0ti‘us
3213 2171 3509 2238 miserere,
3543 2185 3682 2241 quos

2075 2268 2307 2324 deseris.
2337 2267 2492 2323 Tunc
2522 2267 2614 2323 ille
2643 2267 2824 2323 motus
2854 2253 2941 2323 ltis
2966 2257 3187 2323 fletibus
3209 2309 3223 2334 ,
3259 2277 3319 2321 ut
3349 2276 3494 2322 totus
3533 2281 3680 2322 sem-

2078 2376 2178 2431 per
2204 2361 2256 2415 itt
2282 2361 2516 2415 Domino
2537 2360 2930 2416 misericordiae
2953 2360 3258 2415 visceribus
3281 2349 3558 2424 aflluebat,
3601 2359 3679 2414 la-

2075 2463 2357 2523 crymasse
2403 2453 2719 2522 perhibetur
2752 2471 2765 2507 :
2800 2467 3214 2521 conversusque
3253 2450 3318 2506 ad
3367 2451 3675 2520 Dominum,

2079 2544 2178 2600 hac
2217 2551 2424 2599 tantum
2474 2541 2732 2600 ﬂentibus
2770 2559 2906 2600 voce
2949 2541 3234 2613 respondit
3274 2561 3286 2597 :
3329 2543 3588 2608 Domine,
3632 2543 3679 2597 si

2077 2635 2256 2693 adhuc
2283 2638 2485 2707 populo
2514 2651 2604 2692 tuo
2626 2654 2745 2692 sum
2771 2637 3141 2702 necessarius,
3173 2652 3280 2691 non
3307 2649 3503 2692 recuso
3529 2635 3684 2689 labo-

2079 2737 2195 2784 rem
2226 2748 2238 2784 :
2270 2728 2365 2783 fiat
2405 2731 2658 2784 voluntas
2687 2740 2799 2784 tua.
2830 2729 3098 2784 Nimirum
3147 2729 3297 2784 inter
3335 2734 3489 2798 spem
3524 2741 3681 2782 anto-

2079 2837 2304 2892 remque
2339 2813 2580 2895 positus,
2621 2821 2888 2877 dubitavit
2931 2838 3068 2892 pene
3109 2819 3237 2892 quid
3271 2821 3500 2876 mallet:
3556 2809 3680 2891 quia

2079 2929 2179 2970 nec
2209 2913 2306 2969 hos
2333 2916 2611 2981 deserere,
2648 2930 2748 2970 nec
2785 2931 2815 2970 a
2854 2913 3074 2970 Christo
3113 2913 3333 2969 volebat
3359 2912 3566 2968 diutius
3595 2928 3682 2967 se-

2076 3008 2262 3080 parari
2288 3026 2302 3062 :
2327 3008 2462 3062 nihil
2489 3019 2666 3063 tamen
2697 3008 2748 3063 in
2774 3007 2900 3063 voto
2927 3022 3024 3063 suo
3044 3021 3276 3078 ponens,
3301 3015 3394 3061 aut
3416 3007 3683 3060 voluntati

2079 3099 2417 3171 rell'n’qheus,
2462 3103 2629 3154 totum
2663 3115 2723 3155 se
2770 3099 2985 3154 Domitii
3038 3097 3266 3153 arbitrio
3312 3097 3680 3169 potestatique

384 3188 600 3246 tandem
636 3191 965 3248 familiarem
996 3193 1142 3246 illam
1168 3193 1454 3262 epistolam
1481 3194 1769 3248 occasione
1798 3192 1974 3249 furata
2003 3175 2046 3237 (ἶ
2081 3196 2449 3251 committens.
2475 3193 2671 3250 Nonne
2699 3193 2796 3249 tibi
2818 3191 2902 3248 bis
2927 3191 3275 3263 paucissimis
3296 3189 3479 3247 verbis
3501 3189 3685 3247 dicere

383 3283 476 3338 es?
503 3299 738 3355 namque
769 3285 954 3354 accepi
985 3285 1197 3340 litteras
1226 3294 1379 3353 tuas,
1419 3287 1618 3356 quibus
1657 3287 1854 3343 scribis
1876 3328 1890 3353 ,
1921 3287 1976 3342 in

383 3375 576 3431 eadem
608 3376 839 3446 epistola
867 3392 968 3448 qua
1001 3376 1070 3432 de
1101 3378 1251 3432 obitu
1281 3379 1466 3432 domui
1500 3378 1715 3433 Martini
1751 3378 1977 3434 fecerim

387 3470 750 3535 mentionem,
797 3471 971 3541 ipsum
1025 3472 1172 3527 beati
1232 3473 1332 3528 viri
1373 3474 1661 3528 transitum
1704 3489 1980 3545 exponere

385 3549 668 3617 debuisse.
696 3563 856 3628 Quasi
888 3581 1015 3621 vero
1044 3583 1145 3638 ego
1175 3568 1322 3622 illattt
1353 3567 1640 3638 epistolam
1671 3577 1764 3623 aut
1794 3569 1982 3640 legen-

388 3657 514 3710 dam
558 3658 650 3711 alii
691 3669 1049 3730 praeterquam
1087 3660 1190 3730 ipsi
1234 3662 1299 3715 ad
1331 3678 1492 3731 quem
1537 3662 1698 3718 missa
1741 3663 1978 3726 videtur,

387 3748 678 3816 ediderim,
729 3753 822 3806 aut
863 3768 962 3824 ego
1013 3753 1166 3808 lauto
1208 3753 1308 3809 sint
1351 3757 1503 3825 operi
1544 3754 1850 3810 destinatus
1877 3796 1890 3820 ,
1924 3761 1985 3810 ut

391 3843 572 3897 omnia
603 3860 725 3914 qua:
752 3839 823 3900 de
859 3845 1089 3901 Martino
1117 3847 1373 3918 cognosci
1401 3857 1656 3919 oportet,
1694 3863 1779 3903 nte
1811 3849 1983 3917 potis-

389 3936 585 3990 simum
615 3937 896 3994 scribente
927 3950 1234 3995 notescant.
1267 3941 1474 4011 Itaque,
1507 3942 1554 3996 si
1581 3956 1700 4012 quae
1730 3941 1798 3996 de
1832 3940 1981 3996 obitu

390 4029 560 4084 sancti
587 4030 831 4100 episcopi
868 4030 1059 4088 audire
1087 4033 1370 4089 desideras
1395 4076 1408 4098 ,
1439 4033 1506 4088 ab
1537 4033 1646 4088 illis
1680 4033 1858 4103 potius
1891 4033 1982 4103 qui

390 4121 707 4189 interfuere,
737 4139 1009 4192 cognosce
1040 4143 1052 4178 :
1085 4141 1189 4195 ego
1224 4123 1320 4180 tibi
1351 4123 1514 4182 statui
1557 4125 1689 4181 nihil
1718 4127 1978 4191 seribere,

391 4230 456 4269 ne
487 4217 685 4284 ubique
717 4233 802 4270 me
828 4218 1092 4288 publices;
1127 4229 1306 4274 tamen
1336 4221 1383 4274 si
1416 4221 1514 4274 das
1543 4218 1733 4284 ﬁdem,
1770 4219 1901 4273 nulli
1934 4227 1985 4275 te

391 4322 510 4362 esse
555 4309 818 4364 lecturum
846 4353 860 4377 ,
908 4313 1092 4381 paucis
1133 4317 1236 4366 tua:
1281 4311 1612 4366 "satisfaciam
1665 4307 1983 4366 voluntati:

393 4402 574 4470 itaque
623 4404 894 4472 prtestabo
947 4415 998 4458 te
1040 4407 1122 4458 his
1154 4421 1276 4475 qure
1317 4406 1448 4459 tniiti
1506 4416 1633 4460 sunt
1679 4415 1984 4475 comperta,

394 4494 737 4562 participem.
771 4495 1032 4550 Martinus
1061 4497 1223 4566 igitur
1251 4487 1458 4553 obitum
1487 4502 1642 4553 Suum
1668 4491 1828 4568 longe
1858 4505 1985 4554 ante

2083 3288 2392 3343 videbitur:
2424 3287 2617 3343 Gravis
2655 3285 2872 3357 quidem
2920 3293 3040 3349 est,
3089 3285 3340 3349 Domine,
3393 3296 3679 3353 corporea:

2082 3393 2258 3450 pugna
2291 3381 2522 3447 militia,
2550 3369 2736 3450 etiam
2759 3378 2895 3435 satis
2924 3387 3006 3434 est
3033 3377 3178 3449 quod
3215 3377 3320 3432 huc
3358 3383 3532 3448 nsque
3559 3391 3681 3432 cer-

2085 3473 2226 3538 tavi;
2260 3475 2353 3527 sed
2381 3474 2424 3528 si
2457 3473 2635 3528 adhuc
2663 3473 2714 3527 in
2748 3463 2944 3527 eodem
2981 3470 3169 3526 labore
3203 3485 3304 3541 pro
3331 3470 3531 3525 castris
3560 3479 3678 3523 tuo-

2083 3581 2204 3620 rum
2231 3577 2378 3620 stare
2402 3582 2489 3620 me
2523 3566 2796 3636 pra-cipis,
2830 3581 2935 3620 non
2966 3572 3182 3631 recuso,
3209 3578 3309 3620 nec
3338 3563 3679 3618 fatiscentem

2082 3659 2348 3713 cattsabor
2369 3666 2617 3722 aetatem;
2653 3659 2831 3712 munia
2874 3666 2967 3712 tua
2999 3659 3227 3713 devotus
3263 3657 3542 3728 implebo;
3576 3656 3680 3711 sub

2084 3747 2253 3820 signis
2286 3749 2394 3804 tuis
2417 3792 2429 3812 ,
2464 3749 2821 3820 quoadusque
2863 3749 2979 3817 ipse
3015 3749 3282 3819 jusseris,
3319 3729 3594 3812 militabo;
3625 3757 3682 3801 et

2083 3842 2331 3912 quamvis
2361 3851 2540 3912 optata
2579 3842 2644 3895 sit
2675 3841 2793 3896 seni
2828 3841 3017 3896 missio
3048 3848 3173 3910 post
3195 3838 3461 3902 laborem,
3497 3849 3579 3893 est
3604 3847 3683 3892 tae

2086 3951 2208 3990 men
2238 3935 2452 3988 animus
2483 3934 2655 3988 victOr
2683 3947 2952 3988 annorum
2980 3973 2992 3997 ,
3022 3941 3077 3988 et
3116 3931 3315 3987 cedere
3345 3929 3562 3987 nescius
3589 3935 3678 3986 se:

2088 4028 2310 4082 nectuti.
2333 4024 2402 4080 At
2430 4026 2473 4080 si
2506 4023 2611 4096 iam
2637 4025 2820 4096 parcis
2849 4017 3017 4093 aetati,
3053 4017 3255 4080 bonum
3287 4031 3372 4079 est
3397 4013 3553 4090 inihi,
3580 4007 3681 4076 D'o-

2087 4119 2231 4173 tuine
2255 4136 2266 4170 :
2294 4118 2387 4172 ﬁat
2415 4119 2667 4173 voluntas
2692 4127 2779 4172 tua
2807 4135 2820 4171 :
2846 4117 2947 4171 hos
2969 4131 3102 4172 vero
3129 4115 3327 4187 quibus
3350 4117 3541 4181 timeo,
3572 4117 3689 4183 ipse

2086 4209 2389 4265 custodies.
2421 4209 2466 4264 Ο
2495 4209 2666 4264 virum
2703 4208 3032 4264 inelIabiiem
3059 4250 3071 4274 ,
3105 4224 3204 4263 nec
3234 4209 3424 4263 labore
3455 4207 3711 4280 victum,

2088 4306 2188 4358 nec
2217 4301 2390 4357 morte
2414 4297 2768 4366 vincendttm,
2797 4294 2884 4371 qui
2910 4293 2964 4356 in
3000 4291 3202 4356 nullam
3228 4316 3288 4355 se
3318 4308 3526 4368 partem
3561 4314 3688 4368 pro-

2089 4396 2213 4448 nior
2241 4394 2607 4459 inclinaverit,
2638 4409 2740 4449 nec
2771 4395 2906 4448 mori
2947 4393 3214 4459 timuerit,
3249 4406 3352 4447 nec
3380 4393 3566 4446 vivere
3596 4406 3686 4445 re-

2089 4477 2292 4543 cusarit
2321 4477 2334 4541 ε
2370 4485 2554 4558 itaque
2583 4489 2706 4542 eum
2731 4477 2842 4556 jam
2876 4501 2974 4556 per
2999 4485 3208 4554 aliquot
3228 4483 3347 4538 dies
3367 4483 3418 4538 vi
3452 4482 3688 4538 febrium

399 4585 691 4650 prtescivit,
721 4586 971 4657 dixitque
1005 4587 1262 4642 fratribus
1294 4581 1713 4644 dissolutionem
1748 4590 1830 4643 sui
1862 4604 1985 4643 cor-
2011 4556 2066 4616 D
2093 4592 2392 4650 teneretur,
2426 4599 2534 4638 non
2557 4592 2737 4638 tamen
2769 4597 2796 4636 a
2828 4581 2924 4636 Dei
2948 4595 3116 4651 opere
3144 4578 3436 4634 cessabat:
3474 4591 3688 4647 pernox

401 4676 546 4743 poris
575 4676 884 4733 imminere.
926 4678 1141 4734 Interea
1173 4695 1337 4734 causa
1371 4680 1603 4747 exstitit,
1636 4697 1742 4752 qua
1771 4678 1990 4736 Conda-

401 4775 607 4820 tensem
639 4767 905 4823 dimcesin
937 4771 1220 4838 visitaret;
1255 4787 1374 4826 nam
1399 4771 1615 4827 clericis
1647 4775 1786 4828 inter
1813 4787 1872 4829 se
1899 4775 1992 4828 ec-

399 4857 580 4912 clesia:
622 4859 766 4914 illius
796 4861 1281 4931 discordantibus,
1319 4880 1504 4933 pacem
1552 4867 1778 4934 cupiens
1817 4866 1992 4921 refor-

401 4967 571 5015 mare,
609 4953 741 5009 licet
781 4954 944 5011 linem
995 4958 1206 5012 dierum
1255 4973 1481 5013 suorum
1535 4975 1641 5014 non
1689 4953 1988 5031 ignoraret,

402 5045 670 5111 proficisci
699 5057 879 5103 tamen
904 5049 1182 5106 itiusmodi
1211 5052 1280 5106 ob
1306 5066 1523 5106 causam
1547 5068 1654 5107 non
1681 5055 1954 5108 recusavit
1977 5071 1991 5108 :

402 5138 598 5193 bonam
664 5139 802 5196 hanc
859 5143 1120 5197 virtutum
1176 5158 1395 5198 suarum
1461 5139 1994 5202 consummationem

399 5231 748 5300 existimans,
777 5235 824 5290 si
857 5251 1042 5304 pacem
1076 5237 1331 5301 ecclesiae
1357 5237 1624 5292 redditam
1651 5237 1990 5308 reliquisset.

404 5323 478 5378 Ita
512 5324 790 5392 profectus
817 5341 942 5381 cum
989 5343 1090 5382 suo
1121 5329 1236 5392 illo,
1271 5339 1331 5382 ut
1379 5344 1622 5398 semper,
1665 5329 1993 5399 frequentis-

403 5417 542 5470 simo
569 5418 962 5488 discipulorum
991 5422 1448 5491 sanctissimeque
1469 5422 1752 5488 comitatu,
1779 5437 1997 5491 mergos

406 5510 460 5563 in
488 5509 712 5566 ﬂumine
741 5512 1092 5581 conspicatur
1117 5514 1344 5584 piscium
1371 5511 1612 5582 pristiam
1631 5513 1804 5583 seqtti,
1829 5519 1885 5567 et
1912 5527 1998 5567 ra-

409 5615 596 5670 pacem
629 5605 928 5675 ingluviem
959 5606 1195 5661 assiduis
1235 5613 1430 5675 urgere
1476 5607 1744 5675 capturis.
1775 5606 1996 5674 Forma,

409 5693 600 5764 inquit,
629 5695 748 5750 haec
774 5696 1081 5752 daemonum
1113 5709 1234 5753 est:
1268 5697 1598 5752 insidiantur
1626 5698 1880 5762 incautis,
1913 5712 2003 5752 ca-

421 5791 576 5865 piunt
618 5792 948 5858 nescientes,
999 5799 1214 5865 captos-
1243 5793 1533 5860 devorant,
1590 5791 2011 5864 exsaturarique

2094 4679 2145 4731 in
2178 4676 2516 4732 orationibus
2561 4683 2616 4730 et
2649 4673 2881 4745 vigiliis,
2930 4672 3248 4727 fatiscentes
3287 4678 3439 4723 artus
3481 4668 3691 4722 servire

2093 4769 2307 4840 Spiritui
2339 4753 2590 4840 cogebat,
2639 4768 2804 4822 nobili
2835 4767 2929 4821 illo
2966 4775 3138 4820 strato
3169 4777 3270 4818 suo
3317 4762 3371 4816 itt
3411 4762 3596 4815 cinere
3636 4768 3692 4815 et

2094 4859 2276 4916 cilicio
2301 4859 2592 4914 recubans.
2629 4858 2694 4911 Et
2734 4871 2857 4911 eum
2889 4871 2919 4909 a
2960 4852 3246 4924 discipulis
3280 4861 3563 4922 rogaretur
3584 4891 3599 4918 ,
3632 4859 3694 4904 ut

2101 4951 2298 5009 saltem
2318 4952 2445 5006 vilia
2461 4950 2559 5004 sibi
2583 4950 2787 5005 sineret
2799 4957 3094 5003 stramenta
3113 4944 3366 5016 supponi;
3389 4957 3494 4998 non
3513 4942 3695 5007 decet,

2103 5049 2302 5118 inquit,
2337 5047 2453 5110 lilii,
2498 5043 2868 5098 Christianum
2918 5040 3024 5096 nisi
3071 5041 3124 5095 in
3181 5040 3367 5095 cinere
3415 5046 3471 5093 et
3516 5035 3696 5091 cilicio

2103 5142 2282 5206 mori;
2326 5139 2426 5210 egi)
2455 5141 2499 5192 si
2551 5138 2700 5192 aliud
2732 5139 2885 5193 vobis
2923 5136 3234 5205 exemplum
3277 5135 3547 5205 relinquo,
3579 5134 3700 5202 ipse

2106 5231 2346 5302 peccavi.
2380 5229 2566 5284 Oculis
2596 5230 2757 5299 igitur
2784 5243 2846 5283 ac
2878 5227 3130 5281 manibus
3167 5227 3221 5280 in
3251 5227 3449 5281 ccelum
3479 5237 3698 5292 semper

2108 5328 2368 5389 intentus,
2401 5324 2658 5378 invictum
2683 5323 2750 5377 ab
2773 5323 3022 5377 oratione
3060 5321 3311 5391 spiritum
3343 5334 3448 5374 non
3478 5318 3698 5371 relaxa-

2103 5419 2193 5473 bat
2219 5435 2232 5484 ;
2262 5428 2458 5473 etcum
2483 5431 2511 5470 a
2536 5414 2891 5487 presbyteris,
2922 5414 3013 5484 qui
3041 5421 3152 5468 tum
3177 5411 3246 5467 ad
3268 5425 3390 5466 eum
3420 5406 3700 5463 conﬂuxe-

2103 5513 2245 5578 rant,
2281 5513 2602 5580 rogaretur,
2637 5509 2698 5562 ut
2741 5505 3122 5578 corpitSculum
3170 5501 3356 5558 lateris
3397 5491 3702 5553 mtttatiolte

2104 5607 2406 5660 relevaret:
2437 5603 2608 5659 Sinite
2636 5645 2648 5667 ,
2686 5600 2882 5671 inquit,
2917 5599 3078 5653 sinite
3107 5601 3214 5662 ine,
3255 5596 3470 5652 fratres,
3501 5587 3706 5643 caelum

2109 5700 2284 5764 potius
2321 5697 2596 5766 respicere
2629 5705 2789 5764 quam
2823 5699 3022 5747 tet-ram
3046 5732 3059 5753 ,
3110 5696 3170 5741 ut
3206 5693 3306 5739 suo
3344 5683 3456 5752 iam
3501 5679 3701 5736 itinere

2109 5789 2285 5846 iturus
2313 5790 2379 5844 ad
2410 5788 2695 5843 Dominum
2725 5784 2948 5856 spiritus
2981 5780 3266 5850 dirigatur.
3309 5773 3436 5830 Haec
3466 5773 3718 5842 locutus;
