4200 6180
471 261 576 318 185

474 569 713 627 Abrahae
735 587 822 628 me
847 573 997 628 sinus
1024 574 1276 644 recipiet.

559 1010 584 1038 α
615 999 749 1055 Cum
793 1001 892 1055 hac
933 1014 1066 1070 ergo
1106 1015 1240 1056 voce

482 1071 764 1140 fatigatum
811 1072 1011 1124 divinis
1057 1074 1240 1140 operi-

480 1144 580 1196 bus
609 1145 866 1211 spiritum
894 1144 1039 1197 caelo
1068 1143 1241 1197 reddi-

482 1215 560 1267 dit
588 1232 600 1266 :
624 1214 913 1282 testatique
939 1214 1096 1268 nobis
1118 1223 1245 1268 sunt

483 1286 572 1352 qui
598 1286 905 1343 adfuerant,
924 1286 1032 1354 jam
1056 1287 1244 1339 exani—

481 1370 574 1409 mo
595 1370 822 1419 corpore
839 1355 1129 1425 glorilicati
1149 1358 1244 1409 huc

485 1426 652 1480 minis
677 1427 876 1481 vidisse
904 1443 962 1480 se
990 1427 1242 1492 gloriam.

494 1497 680 1550 Vultus
718 1499 836 1552 luce
867 1499 1069 1552 clarior
1102 1499 1246 1552 reni-

487 1569 659 1633 tebat,
693 1583 815 1622 cum
861 1569 1100 1622 membra
1142 1585 1245 1623 eie-

487 1649 602 1693 tera
668 1655 734 1692 ne
791 1642 966 1692 tennis
1021 1641 1243 1708 quidem

488 1710 699 1762 macula
749 1709 978 1764 lnscaret
1003 1726 1016 1775 ;
1044 1714 1094 1764 in
1126 1712 1246 1766 aliis

488 1781 676 1841 etiam,
721 1791 774 1834 et
816 1782 868 1835 in
911 1783 1002 1834 illo
1040 1795 1243 1836 tantum

491 1853 714 1905 artubus
770 1867 876 1906 non
939 1852 1244 1920 pudendis,

491 1921 768 1989 septennis
847 1924 1248 1991 quodammodo

491 1994 644 2058 pueri
707 1995 881 2060 gratia
940 1994 1245 2049 videbatur.

491 2063 624 2131 Quis
656 2065 816 2116 istum
847 2081 1102 2129 umquam
1132 2066 1252 2119 cili-

491 2136 578 2188 cio
612 2142 836 2198 lectum,
885 2137 1009 2202 quis
1046 2136 1250 2190 cineri-

493 2205 596 2259 bus
624 2207 874 2260 crederet
909 2207 1210 2262 involutum
1231 2205 1254 2258 ‘?

492 2277 566 2330 ita
630 2279 771 2330 vitro
824 2278 1051 2346 purior,
1115 2279 1254 2332 laete

495 2346 798 2416 candidior,
824 2349 932 2416 jam
953 2349 1252 2412 inqnadam

492 2415 694 2471 futura:
709 2415 1257 2487 resurrectioiiisglo-

494 2489 574 2541 ria
627 2502 678 2540 et
727 2498 916 2543 natura
963 2491 1255 2544 deminuta:

498 2560 680 2612 carnis
709 2572 966 2614 Ostensus
997 2573 1102 2615 est.
1135 2562 1253 2616 Jant

498 2644 635 2684 vero
661 2629 716 2683 in
746 2631 1066 2701 obsequmm
1098 2632 1254 2688 fune-

503 2701 601 2763 ris,
673 2702 818 2756 credi
884 2721 990 2756 non
1058 2713 1253 2772 potest,

497 2781 697 2840 quanta
750 2775 1026 2828 hominum
1077 2774 1257 2827 multi-

498 2841 629 2896 tudo
657 2847 1009 2898 convenerit:
1031 2853 1139 2898 tota
1161 2845 1258 2898 ob-

497 2913 640 2966 viam
671 2915 891 2983 corpori
914 2915 1104 2970 civitas
1129 2916 1253 2980 ruit;

500 2985 680 3056 cuncti
711 3001 774 3038 ex
803 2988 946 3055 agris
987 2996 1151 3056 atque
1184 2989 1261 3039 vi-

499 3055 598 3120 cis,
648 3057 910 3124 multique
958 3074 1020 3110 ex
1068 3058 1260 3111 vicinis

499 3126 664 3178 etiam
690 3128 916 3180 urbibus
947 3127 1256 3181 adfuerunt.

498 3194 792 3265 Oquantus
807 3199 978 3251 luelus
994 3199 1256 3263 omnium,

499 3276 702 3336 quanta
727 3267 997 3336 praecipue
1027 3284 1258 3323 mwren-

503 3337 640 3390 tium
687 3338 919 3392 lamenta
964 3339 1260 3394 monacho-

504 3409 654 3461 rum!
680 3410 770 3474 qui
815 3424 880 3464 eo
917 3410 1006 3463 die
1034 3409 1148 3464 fere
1193 3411 1259 3464 ad

501 3477 610 3532 duo
642 3479 812 3533 millia
834 3481 1155 3535 convenisse
1175 3482 1257 3534 di-

501 3560 700 3604 cuntur
721 3594 734 3616 ,
763 3551 1016 3620 specialis
1040 3552 1257 3606 Martini

1831 263 2122 321 SULPlCll
2163 266 2416 325 SEVERI

471 379 748 436 diabolum
769 380 907 436 vidit
933 397 1102 454 prope
1128 385 1408 439 assistere.
1432 381 1574 450 Quid
1611 380 1719 448 hic,
1754 381 1949 452 inquit,
1981 396 2070 437 as—
2096 389 2151 452 Α
2173 384 2383 458 gloria,
2405 385 2560 454 cujus
2588 359 2843 458 exemplo
2874 388 2926 442 in

474 482 579 541 tas,
611 485 837 530 cruenta
889 477 1100 533 bestia?
1122 476 1259 532 nihil
1291 476 1345 530 in
1372 490 1476 541 me,
1515 474 1753 540 funeste,
1798 473 2065 546 reperies.

1320 783 1412 847 (Ex
1438 784 1696 848 capitulari
1719 783 1903 835 Veron.
1942 785 2072 846 cod.)

1385 1001 1510 1056 Cum
1538 1002 1636 1057 hac
1658 1019 1780 1073 ergo
1810 1017 1930 1055 voce
1957 1003 2074 1055 ani-

1313 1090 1450 1126 mam
1476 1075 1600 1127 caelo
1626 1073 1848 1126 reddidit
1878 1089 1895 1126 .'
1923 1083 2076 1125 testa-

1315 1145 1452 1211 tique
1479 1145 1621 1198 nobis
1641 1155 1758 1198 sunt
1781 1145 1867 1212 qui
1892 1143 2078 1197 ibidem

1315 1220 1542 1286 fuerunt,
1584 1217 1766 1270 vidisse
1793 1231 1846 1267 se
1883 1215 2077 1267 vultum

1317 1290 1427 1358 ejus
1468 1296 1726 1355 tamquam
1756 1286 1951 1338 vultum
1985 1303 2079 1338 an-

1317 1358 1454 1428 geli:
1495 1358 1715 1410 membra
1757 1369 1927 1409 autem
1967 1359 2079 1424 eius

1319 1429 1545 1482 candida
1592 1438 1867 1499 tamquam
1891 1428 1982 1480 nia:
2011 1428 2084 1479 vi-

1319 1499 1600 1564 debantur,
1635 1497 1719 1552 ita'
1745 1507 1797 1551 ut
1833 1497 2078 1564 dicerent,

1323 1571 1448 1635 Quis
1479 1572 1630 1623 istum
1657 1587 1896 1639 umquam
1915 1569 2082 1623 cilicio

1327 1642 1494 1711 (vidit)
1529 1641 1751 1694 tectum?
1790 1642 1979 1711 quisin
2007 1641 2081 1692 ci-

1321 1710 1523 1765 neribus
1536 1713 1757 1766 crederet
1773 1710 2086 1764 involutum?

1311 1786 1428 1856 jam
1459 1785 1615 1856 enim
1668 1783 1741 1834 sic
1792 1783 2078 1846 videbatur,
2116 1791 2164 1851 Β

1319 1854 1468 1923 quasi
1505 1855 1555 1904 in
1598 1857 1790 1921 futurtc
1829 1868 2087 1923 resurrec-

1321 1922 1472 1978 tionis
1496 1925 1664 1994 gloria
1701 1935 1745 1976 et
1773 1934 1956 1976 natura
1988 1922 2077 1975 de-

1323 2006 1532 2048 mutatce
1602 1997 1770 2047 carnis
1851 2004 2082 2048 ostensus

1324 2077 1396 2118 est
1428 2065 1474 2121 δ,
1513 2063 1578 2118 In
1627 2065 1924 2135 obsequium
1965 2080 2082 2118 vero

1325 2139 1523 2208 funeris
1563 2136 1710 2208 credi
1773 2152 1875 2188 non
1921 2146 2084 2208 potest

1323 2205 1515 2277 quanta
1552 2205 1816 2260 hominum
1849 2207 2082 2259 multitu-

1328 2282 1395 2331 do
1420 2279 1733 2339 convenerit;
1759 2287 1862 2330 tota
1885 2278 2084 2329 obl-iam

1327 2350 1721 2414 corporicivitas
1746 2349 1851 2400 ruit
1875 2365 1893 2400 .'
1917 2348 2087 2400 cuncti

1329 2436 1391 2472 ea:
1441 2421 1580 2488 agris
1630 2429 1782 2489 atque
1831 2435 1891 2471 ea:
1941 2419 2082 2480 vicis,

1329 2492 1579 2560 multique
1619 2491 1684 2543 de
1726 2490 1903 2560 vicinis
1935 2490 2087 2542 etiam

1330 2557 1536 2613 urbibus
1549 2563 1848 2629 adfuerunt.
1869 2557 2087 2629 Oquan-

1330 2641 1411 2684 tus
1437 2634 1605 2685 luctus
1623 2632 1869 2691 omnium,
1896 2640 2090 2700 quanta

1329 2707 1586 2774 prwcipue
1638 2704 1957 2774 nuerentium
2011 2702 2084 2755 la-

1329 2782 1506 2827 menta
1549 2773 1955 2826 monachorum!
2002 2774 2090 2840 qui

1330 2862 1388 2899 eo
1429 2845 1510 2898 die
1553 2849 1658 2913 fere
1697 2845 1763 2897 ad
1819 2842 1862 2900 Π
1901 2841 2093 2897 Conve-

1332 2916 1468 2968 nisse
1522 2916 1800 2980 dicuntur,
1855 2915 2090 2983 specialis

1335 2985 1553 3039 Martini
1569 2987 1736 3055 gloria
1755 3002 1773 3039 .'
1795 2985 1908 3052 ejus
1925 3002 2093 3038 exem-

1333 3056 1420 3127 plo
1444 3058 1496 3109 in
1521 3055 1624 3109 Dni
1650 3059 1942 3109 servitutem
1973 3057 2093 3110 stir-

1336 3143 1424 3195 pes
1455 3137 1612 3180 tanta:
1635 3131 2006 3193 fruticaverant
2039 3139 2088 3180 ο.

1334 3198 1526 3265 Agebat
1581 3199 1824 3251 nimirum
1871 3207 1989 3252 ante
2038 3216 2092 3253 se

1334 3279 1508 3337 pastor
1562 3285 1738 3339 greges
1782 3287 1925 3333 θυοδ,
1971 3287 2092 3323 sau-

1333 3348 1426 3392 i'ta:
1511 3341 1656 3394 illius
1747 3341 2091 3394 multitudinis

1332 3412 1558 3482 pallidas
1609 3415 1783 3465 turbas
1817 3454 1830 3476 ,
1885 3414 2092 3481 agmina

1333 3483 1572 3552 palliata,
1625 3493 1714 3536 aut
1765 3485 2092 3538 emeritorum

1333 3554 1352 3626 (
1385 3555 1576 3624 supple
1624 3554 1891 3628 laborum)
1921 3571 2086 3620 senes,

577 3696 608 3764 ἢ
630 3687 762 3742 Cum
791 3689 861 3764 ab
891 3689 1040 3745 hisce
1069 3691 1256 3747 verbis
1285 3707 1452 3761 prope
1479 3694 1544 3746 ad
1573 3694 1734 3748 linem
1771 3710 1941 3763 usque
1979 3696 2096 3764 epi-

503 3759 962 3834 stolae,_niajorcs
989 3778 1150 3834 quam
1177 3759 1400 3832 nsquam
1435 3765 1485 3817 in
1526 3765 1822 3834 Capitulari
1845 3759 2036 3820 codice
2068 3784 2094 3818 a

503 3829 751 3906 vulgatis
779 3829 1156 3906 discrepantia
1185 3829 1499 3906 occurrant,
1533 3847 1587 3889 et
1609 3829 1828 3906 quidem
1872 3838 2099 3891 concin-

501 3901 633 3976 nior
655 3901 779 3976 inde
809 3916 862 3956 et
892 3905 1198 3976 simplicior
1219 3905 1596 3972 lluatsensus;
1621 3901 1757 3962 adeo
1781 3919 1837 3962 ut
1859 3909 2097 3976 suspicio

503 3971 636 4024 mihi
656 3972 766 4039 jzim
793 3973 1000 4048 pridem
1015 3976 1268 4048 subierit,
1292 3971 1653 4045 posteriorem
1675 3978 1834 4046 hujus
1851 3971 2096 4048 epistola:

501 4043 909 4119 pa_rtetn,_i_tt_in
943 4043 1101 4113 Vulg.
1137 4043 1368 4114 legitur,
1401 4043 1782 4118 interpolatum
1816 4043 2095 4119 ab'aliquo

498 4109 708 4166 fuisse:
742 4112 947 4166 idcirco
989 4109 1275 4186 utrumque
1307 4127 1510 4172 textum
1537 4109 1567 4175 é
1599 4122 1818 4190 regione
1863 4121 1963 4174 sibi
2005 4109 2095 4175 re-

2177 456 2389 529 Domini
2407 460 2722 529 servitutem
2736 456 2933 529 stirpes

2177 535 2350 602 tanta:
2365 528 2771 586 fruticaverant.
2793 528 2935 602 Age-

2175 598 2268 654 bat
2301 600 2552 654 nimirum
2586 610 2715 656 ante
2750 617 2811 656 se
2839 598 2934 672 pa-

2176 681 2295 724 smr
2353 673 2662 727 exstinctus
2739 687 2933 742 greges

2177 754 2328 803 suos,
2352 753 2552 797 sanctae
2579 743 2722 798 illius
2745 744 2932 797 multi-

2181 811 2383 868 tudinis
2433 814 2662 884 pallidas
2722 817 2931 879 turbas,

2177 886 2392 953 agmina
2415 886 2653 954 palliata,
2677 896 2769 940 aut
2790 900 2937 940 eme-

2179 957 2406 1010 ritorum
2463 958 2707 1010 laborum
2755 971 2935 1021 senes,

2180 1036 2276 1079 aut
2299 1029 2511 1093 juratos
2534 1026 2736 1082 Christi
2767 1029 2822 1081 in
2851 1043 2936 1080 sa-

2181 1109 2464 1150 cratnenta
2519 1100 2746 1152 ti‘rOnes.
2799 1099 2936 1152 Tum

2181 1168 2450 1237 virginum
2465 1169 2664 1224 chorus
2677 1169 2804 1222 lletu
2817 1169 2914 1224 abs
2929 1200 2938 1207 -

2184 1240 2361 1292 tinens
2415 1257 2522 1308 ιιι-τυ
2551 1240 2780 1309 pudore,
2814 1256 2936 1294 cum

2185 1309 2477 1365 ltBlundttm
2511 1314 2689 1380 potius
2717 1313 2790 1364 illi
2820 1327 2942 1366 esse

2184 1381 2412 1436 sentiret
2469 1398 2631 1452 quem
2681 1386 2790 1450 jam
2841 1398 2941 1436 suo

2189 1452 2452 1506 Dominus
2501 1456 2713 1522 gremio
2755 1455 2941 1507 conlo-

2187 1534 2355 1585 veret,
2389 1538 2550 1592 quam
2573 1535 2762 1578 sancto
2785 1524 2944 1578 dissi~

2189 1595 2427 1647 tnnlabat
2447 1595 2646 1665 gaudio
2673 1596 2816 1662 quod
2847 1595 2942 1649 do-

2189 1665 2358 1718 lebat!
2455 1665 2721 1736 siquidem
2815 1667 2946 1721 lides

2192 1737 2320 1790 llcre
2336 1737 2670 1804 prohiberet,
2688 1737 2945 1801 gemitum

2191 1818 2536 1877 exter-queret
2557 1808 2801 1870 allectus;
2833 1822 2947 1863 ete-

2193 1879 2301 1932 nim
2345 1889 2451 1932 tam
2493 1892 2608 1934 erat
2657 1893 2842 1934 sancta
2883 1881 2949 1934 de

3662 271 3764 329 184

3005 395 3096 440 aut
3114 388 3324 459 juratos
3353 386 3548 442 Christi
3587 386 3641 440 in
3682 402 3767 440 sa-

3005 470 3269 512 cramenta
3339 463 3529 513 tirones
3554 475 3574 524 ;
3655 467 3764 511 tum

3007 529 3262 597 virginum
3347 530 3536 585 chorus
3643 531 3770 598 ﬂetu

3006 599 3266 654 abstinens
3365 618 3474 672 pra:
3524 673 3529 674 ν
3571 599 3771 674 pudore

3005 688 3159 740 quam
3186 682 3364 726 sancto
3403 673 3769 726 dissimulabat

3005 744 3196 813 gaudio
3244 745 3380 812 quod
3421 742 3663 798 dolebat!
3698 745 3770 796 si-

3007 815 3211 878 quidem
3275 814 3407 883 ﬁdes
3464 816 3591 885 ﬂere
3645 830 3770 885 pro-

3010 885 3198 939 hiberet
3242 902 3260 939 :
3310 889 3554 952 gemitum
3602 895 3772 939 tamen

3010 957 3341 1027 extorquebat
3363 957 3576 1022 allectus
3600 971 3619 1019 ;
3667 964 3773 1027 ete-

3013 1029 3119 1079 nim
3164 1026 3271 1080 tam
3333 1037 3510 1082 sancta
3560 1037 3668 1081 erat
3710 1026 3776 1079 de

3011 1098 3156 1152 illius
3211 1097 3379 1171 gloria
3416 1101 3452 1172 ί(
3476 1100 3562 1172 et)
3593 1099 3771 1152 exsul-

3015 1177 3161 1236 lulta,
3192 1186 3345 1234 quam
3371 1171 3458 1241 pla
3502 1171 3564 1223 de
3613 1177 3775 1221 morte

3015 1242 3245 1294 tristitia.
3293 1241 3610 1310 Ignosceres
3643 1241 3776 1309 ﬂen-

3014 1313 3168 1372 tibus,
3201 1307 3564 1384 congratulare
3587 1307 3612 1346 ἀ
3644 1307 3775 1384 gau-

3015 1384 3249 1437 dentibus
3268 1425 3281 1448 ,
3301 1381 3316 1384 ⁷
3340 1383 3465 1436 dum
3507 1381 3779 1451 unusquiso

3013 1470 3110 1522 que
3171 1465 3215 1506 et
3289 1455 3387 1507 sibi
3453 1464 3663 1521 prwstat
3725 1461 3778 1504 ut

3016 1525 3208 1589 doleat,
3257 1535 3304 1578 et
3334 1526 3414 1578 illi
3452 1534 3506 1578 ut
3532 1528 3774 1595 gaudeat.

3019 1595 3150 1650 Hinc
3179 1597 3339 1666 igitur
3367 1595 3501 1648 beati
3542 1597 3639 1649 viri
3669 1610 3782 1647 coro

3020 1683 3116 1738 pus
3167 1684 3328 1738 usque
3367 1667 3435 1719 ad
3475 1669 3646 1720 locum
3699 1682 3781 1718 se-

3023 1737 3186 1804 pulcri
3213 1739 3417 1808 hymnis
3448 1754 3639 1792 canora
3682 1752 3782 1790 cate

3022 1808 3228 1863 (estibus
3253 1811 3400 1862 turba
3429 1809 3780 1881 prosequitur,

3023 1889 3131 1935 εις.

2185 1984 2331 2038 illius
2386 1983 2558 2053 gloria
2615 1983 2934 2048 exsultatio,
2991 1972 3154 2054 quam
3209 1983 3296 2055 pia
3334 1983 3401 2038 de
3438 1991 3613 2037 morte
3652 1995 3784 2035 con-

2186 2075 2348 2130 fusio.
2376 2078 2696 2146 lgnosceres
2717 2075 2993 2136 ﬂentibus,
3017 2075 3358 2145 gratularere
3380 2073 3743 2144 gaudentibus
3771 2091 3784 2126 :

2186 2172 2310 2241 quia
2352 2181 2407 2224 et
2446 2170 2591 2239 pium
2620 2178 2704 2224 est
2733 2169 2970 2238 gaudere
2993 2167 3245 2235 Mat-tino,
3270 2175 3325 2221 et
3368 2167 3512 2237 pium
3544 2174 3627 2219 est
3658 2163 3790 2219 llere

2188 2263 2507 2328 Martinum;
2535 2262 2663 2317 dum
2686 2263 3055 2333 unusquisque
3077 2271 3132 2316 et
3151 2261 3253 2316 sibi
3274 2269 3494 2330 prinstat
3517 2258 3788 2324 utdoleat,

2189 2364 2246 2410 et
2275 2355 2347 2408 illi
2372 2355 2536 2409 debet
2562 2355 2892 2425 utgaudeat.
2928 2353 3053 2408 llaec
3087 2355 3249 2423 igitur
3278 2352 3422 2407 beati
3465 2352 3563 2406 viri
3595 2365 3792 2420 corpus

2190 2461 2361 2516 usque
2383 2447 2449 2500 ad
2472 2448 2648 2500 locum
2697 2446 2936 2516 sepulcri
2987 2447 3204 2517 hymnis
3235 2460 3437 2500 canora
3467 2443 3792 2499 coelestibus

2192 2539 2345 2592 turba
2379 2538 2746 2608 prosequitur.
2780 2536 3166 2606 Comparetur,
3209 2536 3253 2590 si
3280 2535 3481 2606 placet,
3517 2533 3794 2589 saecularis

2193 2630 2282 2685 illa
2320 2645 2551 2699 pompa,
2586 2645 2690 2683 non
2721 2630 2898 2683 dicam
2928 2628 3138 2682 funeris
3161 2668 3176 2694 ,
3207 2627 3306 2683 sed
3333 2625 3591 2695 triumphi
3621 2641 3634 2678 :
3664 2623 3794 2695 quid

2192 2723 2370 2780 simile
2398 2722 2613 2777 Martini
2642 2722 2918 2793 exsequiis
2949 2719 3303 2777 conferetur?
3336 2721 3548 2775 Ducaut
3577 2719 3651 2773 illi
3688 2733 3798 2788 pra:

2193 2821 2443 2875 curribus
2460 2820 2573 2872 suis
2586 2820 2796 2874 vinctos
2817 2827 2938 2887 post
2959 2827 3106 2888 terga
3126 2817 3370 2887 Captivos
3395 2835 3406 2869 :
3443 2815 3661 2871 Martini
3677 2828 3798 2869 cor-

2194 2911 2362 2983 pusbi
2384 2910 2474 2980 qui
2504 2911 2761 2964 mundtnn
2786 2910 2953 2964 ductu
2984 2910 3130 2965 illius
3159 2910 3425 2975 vicerant,
3456 2923 3797 2979 prosequun-

2197 3016 2302 3069 tur;
2325 3005 2444 3059 illos
2465 3004 2708 3058 COﬂan‘lS
2739 3005 3017 3072 plausibus
3037 3003 3364 3073 p0pulorum
3399 3001 3634 3056 honoret
3656 3002 3798 3055 insa-

2197 3096 2313 3151 nia:
2334 3096 2561 3150 Martino
2577 3096 2776 3150 divinis
2797 3096 3070 3164 plauditur
3085 3096 3305 3164 psalmis
3325 3113 3337 3148 :
3361 3094 3624 3148 Martinus
3645 3093 3800 3166 hym-

2199 3189 2281 3243 nis
2302 3188 2614 3244 cmleStibus
2643 3189 2962 3253 honoratur,
2990 3189 3067 3242 illi
3095 3198 3218 3258 post
3245 3187 3551 3257 triumphos
3582 3203 3710 3241 suos
3741 3188 3795 3241 in

2198 3291 2396 3336 tartara
2427 3296 2567 3335 saeva
2597 3280 2881 3335 tradentur
2915 3297 2927 3334 :
2959 3279 3220 3333 Martinus
3238 3280 3474 3336 Abrahae
3497 3279 3619 3334 sinu
3642 3279 3800 3334 laetus

2194 3373 2498 3442 excipitur;
2531 3371 2794 3425 Martinus
2840 3371 2926 3425 hic
2955 3386 3163 3441 pauper
3191 3379 3244 3426 et
3287 3371 3566 3434 modicus,
3596 3372 3794 3426 coitum

2193 3465 2345 3520 dives
2393 3465 2735 3534 ingreditur:
2772 3465 2918 3518 illinc
2964 3479 3086 3529 nos,
3121 3473 3180 3518 ut
3228 3479 3423 3534 Spero,
3455 3465 3796 3533 custodiens,

2196 3572 2282 3612 me
2309 3556 2426 3612 haec
2455 3557 2788 3611 scribentem
2818 3556 3064 3626 respicit,
3095 3566 3146 3611 te
3172 3557 3463 3626 legentem.

2203 3698 2559 3766 spondentem
2586 3699 2800 3761 damus,
2826 3707 2882 3750 ut
2913 3698 3085 3752 lector
3115 3712 3223 3750 uno
3263 3696 3459 3750 intuitu
3479 3695 3799 3766 videatquaa

2203 3769 2256 3822 in
2297 3770 2450 3839 Vulg.
2490 3769 2778 3831 redundat,
2805 3778 2862 3839 ct
2889 3771 3088 3839 rectius
3112 3767 3360 3836 judicare
3383 3769 3558 3837 possit
3587 3777 3705 3820 utra
3729 3770 3799 3823 sit

2204 3837 2542 3909 prtclerenda
2573 3841 2750 3894 lectio.
2783 3837 2991 3895 EDITOR
3024 3838 3226 3894 VERON.

2273 3909 2300 3948 δ
2333 3911 2462 3980 Leg.
2496 3923 2647 3965 esset.

2277 3993 2296 4019 ο
2328 3983 2384 4035 In
2411 3998 2512 4035 nts.
2548 3982 2949 4050 frutecaverant.

2272 4051 2297 4088 ἀ
2333 4052 2493 4107 Forte
2517 4053 2965 4125 congratularere.

483 4261 3780 4293 W—

1365 4444 2146 4564 SULPICII
2263 4453 2950 4566 SEVERI

1689 4661 2612 4814 DIALOGI.

1789 5099 2389 5188 DIALOGUS
2439 5103 2512 5185 Ι.

566 5479 607 5533 l.
638 5477 772 5533 Cum
801 5475 854 5529 in
877 5488 1038 5529 unum
1069 5473 1247 5528 locum
1273 5488 1376 5543 ego
1413 5481 1468 5526 et
1512 5470 1702 5527 Gallus
1730 5481 1919 5527 noster
1948 5485 2081 5528 con-
2113 5472 2166 5532 D
2191 5473 2361 5529 nostri
2399 5486 2562 5528 causa
2586 5471 2655 5527 ab
2679 5470 2904 5527 Oriente
2923 5511 2938 5539 ,
2991 5487 3100 5542 quo
3123 5486 3183 5527 se
3207 5479 3332 5527 ante
3365 5471 3666 5527 triennium
3699 5485 3798 5541 pa-

491 5569 872 5631 venissemus,
899 5565 979 5619 vir
1011 5564 1144 5618 mihi
1189 5573 1243 5619 et
1262 5572 1486 5633 propter
1517 5563 1728 5617 Martini
1760 5565 2081 5618 memoriam

489 5662 581 5726 (es
607 5661 748 5713 illius
771 5659 915 5714 enim
947 5659 1225 5728 discipulis
1254 5669 1366 5714 erat
1396 5657 1489 5728 )et
1516 5667 1738 5727 propter
1764 5673 1856 5713 sua
1891 5655 2081 5713 merita

489 5749 884 5815 citarissinius;
919 5749 1212 5808 intervenit
1250 5751 1406 5806 nobis
1455 5751 1838 5806 Postumianus
1885 5765 2037 5806 meus
2062 5793 2074 5816 ,

2194 5567 2350 5620 triain
2390 5566 2701 5631 relinquens
2749 5565 3090 5630 contulerat,
3153 5579 3457 5635 regressus.
3509 5565 3791 5634 Complesi

2195 5656 2468 5713 hominem
2525 5657 2990 5721 amantissimum,

3040 5656 3446 5726 exosculatique
3509 5671 3684 5728 genua
3735 5666 3792 5712 et

2196 5749 2358 5818 pedes
2383 5747 2523 5818 ejus,
2553 5761 2675 5803 ctnn
2698 5763 2805 5805 uno
2827 5755 2986 5816 atque
3015 5749 3188 5804 altero
3213 5750 3390 5819 spatio
3417 5750 3568 5819 quasi
3598 5749 3781 5807 obsiti--
