4200 6180
356 259 460 316 183

1795 256 2138 315 DIALOGUS
2176 258 2218 314 Ι.

3554 253 3658 313 186

353 370 550 443 pefacti
580 414 595 439 ,
651 371 881 427 invicem
914 371 1109 427 flentes
1153 370 1350 442 gaudio
1392 370 1902 427 deambulassemus
1930 415 1945 440 ,
1979 381 2026 442 Α
2053 374 2385 442 asperiorem
2416 372 2572 429 nobis
2599 373 2767 428 fuisse
2792 387 2955 444 quam
2979 372 3188 428 debuit.
3218 371 3329 427 Nec
3345 385 3478 427 vero
3501 370 3660 440 quid-

348 464 515 536 jactis
546 466 599 519 in
624 474 823 520 terram
851 463 1044 519 ciliciis
1071 464 1441 519 consedimus.
1465 462 1601 518 Tum
1636 465 1786 533 prior
1808 465 1946 519 Pos-

356 560 631 615 tumianus
652 575 737 613 me
766 560 980 614 intuens
1005 600 1018 625 ,
1070 557 1205 613 Cum
1237 574 1413 614 essem
1444 601 1459 625 ,
1504 559 1713 629 inquit,
1763 560 1815 615 in
1860 576 1947 615 re-

354 656 524 711 motis
555 656 769 727 Egypti
789 698 803 721 ,
834 656 993 710 libuit
1020 666 1076 709 ιιι
1104 655 1171 710 ad
1204 671 1351 710 mare
1371 672 1540 725 usque
1566 656 1944 725 procederem.

355 747 553 804 Navim
580 749 689 803 ilhc
726 750 1029 804 onerariam
1075 748 1317 815 offendi,
1352 766 1471 820 qua:
1518 766 1639 803 cum
1674 750 1950 805 mercibus

356 838 667 894 Narbonem
725 848 912 909 petens
967 840 1183 895 solvere
1230 842 1473 910 parabat.
1530 841 1733 897 Eadem
1790 849 1950 897 nocte

357 943 535 987 astare
561 932 615 987 in
638 933 845 987 somnis
863 933 997 988 mihi
1026 934 1175 987 visus
1194 949 1283 1001 es,
1330 944 1385 989 et
1438 934 1633 1003 injecta
1670 950 1755 989 me
1787 951 1949 989 manu

358 1027 574 1082 trahere
597 1068 610 1091 ,
666 1036 726 1081 ut
756 1028 936 1082 navim
982 1028 1130 1083 illam
1162 1029 1611 1084 conscenderem.
1649 1028 1768 1083 Mox
1796 1038 1950 1084 tene-

355 1121 479 1175 bras
508 1130 801 1191 rumpente
856 1122 1127 1187 diluculo,
1174 1136 1298 1177 cum
1338 1122 1405 1177 de
1454 1137 1519 1175 eo
1572 1122 1689 1175 loco
1739 1121 1791 1174 in
1844 1136 1951 1191 quo

354 1216 669 1284 quieveram
696 1216 1093 1278 surrexiSSem,
1141 1215 1413 1269 somnium
1445 1230 1625 1270 meum
1678 1217 1792 1281 ipse
1839 1231 1952 1271 me-

354 1321 479 1361 cum
512 1317 770 1377 reputans
813 1317 962 1361 tanto
1006 1308 1079 1361 tui
1125 1308 1395 1363 desiderio
1442 1310 1621 1363 subito
1668 1318 1951 1377 correptus

353 1412 471 1454 sum
502 1440 516 1463 ,
540 1409 597 1453 ut
630 1399 760 1453 nihil
785 1408 1068 1453 cunctatus
1095 1401 1271 1453 navim
1309 1401 1759 1466 conscenderim;
1792 1402 1953 1455 trice-

354 1490 496 1546 simo
528 1492 614 1546 die
646 1490 940 1546 Massiliam
969 1493 1257 1562 appulsus,
1310 1493 1433 1548 inde
1462 1494 1564 1548 huc
1589 1494 1804 1547 decimo
1836 1508 1951 1563 per-

353 1582 599 1636 venerim
630 1581 804 1636 :adeo
837 1598 1092 1651 prospera
1126 1585 1394 1653 navigatio
1435 1586 1539 1654 piae
1563 1584 1737 1638 adfuit
1762 1585 1951 1638 volun-

354 1675 470 1729 tati.
513 1674 593 1729 Tu
619 1675 809 1741 modo,
842 1686 1063 1746 propter
1090 1692 1247 1746 quem
1272 1687 1349 1731 tot
1372 1676 1543 1731 maria
1573 1680 1947 1749 transnaviga-

2054 481 2214 536 quam
2246 467 2299 521 in
2344 467 2494 522 illum
2528 466 2909 521 inclementius
2933 464 3108 520 dicam
3132 506 3147 531 ,
3178 465 3303 535 quia
3336 475 3391 519 et
3420 462 3656 517 amicum

2052 561 2222 622 colui.
2257 572 2311 615 et
2341 571 2466 616 tunc
2495 563 2657 617 etiam
2698 562 2874 615 amavi
2946 576 3071 615 cum
3127 559 3419 631 putabatur
3475 556 3658 612 inimi-

2052 668 2170 710 cus.
2196 657 2279 709 Me
2308 664 2485 710 autem
2512 658 2625 711 haec
2647 656 2822 711 tacitis
2846 656 3273 726 cogitationibus
3288 654 3656 709 resolventem

2052 746 2341 802 admodum
2370 748 2524 801 dolor
2556 749 2658 802 iste
2687 750 3001 817 compungit
3046 748 3219 818 (pene
3269 760 3369 800 nos
3390 742 3659 814 sapientis

2052 850 2106 896 et
2128 841 2362 911 religiosi
2393 842 2494 895 viri
2520 842 2758 897 amicitia
2788 840 3145 913 destitutos),
3199 840 3353 895 illum
3380 837 3654 909 quondam

2056 943 2161 989 tam
2220 937 2455 990 amicum
2506 936 2658 990 nobis
2680 978 2694 1001 ,
2749 945 2855 989 tam
2889 951 3134 990 amarum
3182 936 3234 990 in
3269 950 3369 989 nos
3399 949 3523 989 esse
3555 946 3656 1003 po-

2054 1033 2243 1087 tuisse.
2269 1031 2468 1087 Verum
2501 1032 2647 1099 haec,
2678 1047 2799 1101 quae
2827 1033 3081 1087 mceroris
3114 1033 3268 1100 plena
3308 1040 3463 1097 sunt,
3489 1028 3659 1084 relin-

2053 1138 2279 1194 quamus
2307 1144 2319 1179 :
2346 1135 2397 1179 te
2429 1125 2605 1193 potius
2629 1168 2643 1190 ,
2676 1133 2733 1177 ut
2762 1124 2963 1177 dudum
3013 1122 3391 1192 spOponderas
3414 1163 3428 1186 ,
3462 1120 3655 1175 audia-

2054 1232 2196 1271 mus.
2227 1215 2303 1270 lta
2330 1258 2343 1282 ,
2372 1218 2576 1286 inquit,
2608 1216 2727 1279 ﬁat,
2762 1214 3182 1279 Postumianus;
3238 1214 3379 1283 quod
3423 1228 3546 1267 cum
3574 1211 3658 1265 di-

2055 1310 2251 1375 xisset,
2292 1309 2569 1379 paululum
2595 1322 2788 1363 omnes
2810 1308 3195 1361 conticuimus.
3253 1305 3386 1360 Dein
3414 1304 3654 1358 cilicium

2053 1407 2137 1456 cui
2172 1401 2477 1468 insederat,
2526 1400 2591 1455 ad
2646 1416 2732 1455 me
2784 1401 3006 1470 propius
3046 1398 3317 1465 admovit,
3366 1406 3529 1467 atque
3580 1394 3653 1449 ita

2054 1511 2279 1551 CXOI‘SUS
2306 1505 2390 1551 CSI.
2420 1514 2431 1548 ε

2119 1592 2207 1647 Ill.
2250 1591 2386 1645 Ante
2416 1591 2518 1645 hoc
2541 1590 2829 1645 triennium
2855 1632 2868 1655 ,
2909 1604 3017 1659 quo
3073 1599 3315 1657 tempore
3344 1587 3479 1651 tibi,
3514 1586 3641 1642 Stti-

2052 1685 2194 1751 pici,
2227 1683 2352 1737 hinc
2378 1683 2565 1737 abiens
2600 1682 2862 1747 valedixi,
2921 1683 3012 1737 ubi
3043 1681 3295 1735 Narbone
3326 1679 3505 1734 navim
3541 1679 3653 1733 sol-

354 1765 527 1819 vimus
548 1807 564 1832 ,
591 1775 797 1820 tantum
829 1778 984 1821 terra:
1010 1768 1501 1823 transcucurrimus
1522 1811 1535 1833 ,
1585 1770 1945 1851 complecten-

2055 1778 2260 1843 vimus,
2289 1781 2478 1848 quinto
2500 1779 2587 1833 die
2628 1791 2843 1849 portum
2884 1779 3082 1833 Africa:
3116 1779 3443 1833 intravimus
3470 1798 3482 1832 :
3513 1776 3654 1829 adeo

354 1855 478 1911 dum
510 1856 1006 1928 perfruentlumque
1040 1869 1122 1924 te,
1168 1860 1395 1916 remotis
1438 1862 1722 1925 omnibus,
1771 1861 1942 1916 trade.

354 1949 467 2020 Ego
490 1966 621 2005 vero
640 1992 656 2018 ,
694 1952 932 2022 inquam,
957 1954 1123 2008 etiam
1166 1970 1289 2008 cum
1321 1964 1375 2008 tu
1428 1956 1480 2009 in
1508 1954 1744 2027 {Egypto
1772 1971 1950 2009 mora-

352 2042 490 2097 reris
513 2082 529 2108 ,
564 2052 707 2096 totus
734 2052 907 2097 tecum
932 2060 1149 2114 semper
1170 2044 1352 2099 animo
1383 2054 1437 2099 et
1463 2049 1797 2117 cogitatiOne
1826 2062 1949 2101 ver-

349 2134 538 2199 sabar,
564 2150 753 2206 meque
781 2136 850 2191 de
876 2148 926 2191 te
958 2138 1075 2193 dies
1106 2153 1168 2192 ac
1192 2150 1379 2193 noctes
1401 2139 1729 2209 cogitantem
1776 2148 1946 2193 totum

352 2235 446 2281 tua
469 2227 705 2283 charitas
727 2230 1066 2298 possidebat;
1097 2231 1291 2285 nedum
1313 2232 1473 2286 modo
1490 2249 1573 2285 me
1598 2232 1690 2287 tibi
1711 2233 1948 2287 aestimes

348 2330 557 2390 puncto
607 2324 867 2391 temporis
915 2322 1256 2389 defuturum,
1291 2324 1583 2393 quominus
1624 2340 1811 2379 amore
1846 2334 1940 2377 tuo

348 2411 596 2482 pendens
622 2420 674 2467 te
705 2416 940 2477 intuear,
975 2425 1025 2467 te
1054 2414 1265 2467 audiam
1292 2455 1305 2476 ,
1338 2426 1515 2469 tecum
1547 2416 1758 2485 loquar,
1795 2415 1946 2469 nullo

347 2509 568 2577 penitus
598 2509 651 2561 in
684 2520 950 2563 secretum
984 2518 1229 2563 n0strum
1251 2550 1265 2574 ,
1287 2508 1429 2579 quod
1454 2509 1610 2564 nobis
1635 2510 1749 2564 haec
1773 2524 1949 2564 remo-

349 2598 456 2654 tior
481 2600 675 2655 cellula
707 2612 944 2669 prastat,
978 2602 1219 2656 admisso
1250 2621 1262 2656 :
1291 2618 1413 2657 nam
1448 2602 1609 2672 hujus
1647 2605 1826 2657 nostri
1852 2645 1864 2667 ,
1890 2611 1949 2656 ut

349 2691 608 2759 arbitror,
644 2690 784 2747 Galli
809 2693 1155 2759 praesentiant
1187 2709 1292 2749 non
1347 2694 1576 2767 moleste
1626 2695 1769 2749 feres
1802 2738 1815 2760 ,
1847 2697 1938 2766 qui

348 2783 455 2839 hoc
482 2786 721 2840 adventu
755 2795 845 2840 tuo
867 2828 882 2851 ,
934 2794 991 2840 ut
1034 2787 1183 2841 vides
1215 2830 1227 2851 ,
1260 2787 1483 2857 perinde
1507 2795 1667 2856 atque
1685 2802 1784 2856 ego
1806 2789 1941 2856 ipse,

350 2876 653 2947 triumphat
679 2876 896 2946 gaudio.
934 2878 1098 2933 Recte
1126 2879 1304 2948 plane,
1327 2880 1499 2948 inquit
1529 2878 1940 2945 Postumianus;

351 2966 407 3025 in
431 2971 689 3025 societate
720 2980 904 3025 nostra
933 2970 1120 3026 Gallus
1173 2971 1273 3026 iste
1303 2971 1659 3027 retinebitur:
1693 2974 1817 3041 quia
1842 2972 1944 3027 etsi

348 3062 484 3117 mihi
510 3078 695 3133 parum
718 3066 971 3135 Cognitus
994 3075 1101 3132 est,
1134 3081 1232 3136 pro
1258 3082 1324 3120 eo
1354 3078 1531 3121 tamen
1562 3066 1703 3135 quod
1740 3065 1834 3121 tibi
1861 3074 1945 3121 est

2054 1888 2313 1944 prospera
2342 1874 2431 1927 Dei
2465 1881 2596 1927 nutu
2619 1875 2891 1941 navigatio
2918 1872 3038 1927 fuit.
3063 1872 3246 1929 Libuit
3273 1872 3458 1926 animo
3502 1871 3656 1925 adire

2053 1963 2432 2034 Carthaginem
2456 2007 2470 2030 ,
2498 1965 2615 2020 loca
2649 1964 2870 2019 visitare
2893 1974 3204 2019 sanctorum
3222 2006 3237 2032 ,
3286 1973 3342 2019 et
3370 1965 3651 2034 praecipue

2053 2057 2117 2111 ad
2151 2058 2462 2126 sepulcrum
2490 2058 2743 2129 Cypriani
2774 2059 3031 2129 martyris
3056 2057 3306 2112 adorare.
3351 2056 3655 2124 Quintode-

2052 2149 2196 2203 cimo
2223 2150 2309 2204 die
2332 2150 2397 2203 ad
2434 2161 2645 2218 portum
2675 2150 2944 2220 regressi,
2980 2151 3333 2219 provectique
3366 2150 3418 2203 in
3458 2149 3653 2215 altum,

2052 2242 2437 2296 Alexandriam
2496 2252 2766 2312 petentes,
2820 2242 3126 2297 reluctante
3181 2252 3369 2296 austro
3418 2256 3558 2312 pene
3598 2241 3651 2296 in

2051 2334 2247 2406 Syrten
2273 2336 2405 2389 illati
2439 2350 2656 2390 sumus:
2691 2333 2834 2404 quod
2872 2334 3079 2400 providi
3129 2344 3306 2388 nautm
3350 2341 3639 2400 caventes,

2051 2430 2211 2497 iactis
2264 2442 2453 2480 navem
2512 2427 2767 2481 anchoris
2812 2426 3031 2481 sistunt.
3094 2426 3208 2482 Sub
3256 2426 3427 2481 oculis
3456 2435 3639 2481 autem

2055 2528 2195 2575 terra
2226 2520 2512 2574 continens
2534 2530 2685 2586 erat,
2722 2520 2773 2572 in
2817 2536 2976 2589 quam
3011 2519 3228 2588 scaphis
3280 2518 3488 2589 egressi
3517 2534 3639 2573 cum

2053 2627 2217 2666 vacua
2242 2612 2309 2666 ab
2343 2612 2578 2665 humano
2603 2612 2748 2665 cultu
2773 2613 2953 2665 omnia
2978 2626 3353 2674 cerneremus,
3383 2626 3484 2681 ego
3531 2620 3650 2665 stu-

2050 2698 2256 2754 diosius
2279 2701 2740 2768 explorandorum
2770 2702 3013 2755 locorum
3060 2703 3229 2771 gratia
3260 2702 3478 2773 longius
3521 2715 3648 2771 pro-

2054 2792 2217 2848 cessi.
2251 2792 2448 2846 Tribus
2504 2791 2616 2846 fere
2646 2792 2885 2846 millibus
2934 2808 2966 2847 a
3016 2793 3199 2846 littore
3241 2808 3469 2861 parvum
3502 2802 3655 2861 tugu-

2053 2887 2191 2940 rium
2225 2886 2367 2940 inter
2398 2901 2591 2939 arenas
2619 2885 2901 2954 conSpicio
2928 2929 2942 2950 ,
3002 2888 3159 2954 cujus
3215 2896 3415 2939 tectum
3444 2928 3457 2951 ,
3511 2887 3653 2940 sicut

2052 2978 2344 3035 Sallustius
2366 2980 2472 3044 ait,
2508 2979 2662 3048 quasi
2707 2979 2891 3032 carina
2942 2978 3094 3031 navis
3125 2984 3284 3041 erat,
3332 2977 3649 3045 contiguum

2054 3080 2211 3126 terrae
2232 3114 2247 3138 ,
2280 3073 2411 3125 satis
2434 3070 2606 3125 ﬁrmis
2629 3070 2825 3124 tabulis
2855 3080 3210 3134 constratum,
3257 3084 3362 3123 non
3409 3067 3551 3139 quod
3578 3068 3650 3124 ibi

346 3154 702 3214 charissimus
725 3200 738 3223 ,
769 3176 872 3211 non
897 3170 1076 3230 poteSt
1109 3160 1235 3213 mihi
1270 3175 1375 3214 non
1406 3176 1526 3213 esse
1549 3160 1747 3213 charus
1772 3201 1787 3226 ,
1834 3176 1948 3213 ma-
1975 3167 2020 3229 C
2055 3166 2133 3219 vis
2162 3166 2414 3220 imbrium
2435 3166 2537 3219 ulla
2568 3166 2829 3220 timeatur
2852 3164 3055 3236 (fuisse
3079 3176 3261 3218 autem
3288 3164 3395 3217 illic
3414 3163 3649 3233 pluviam

348 3251 497 3305 xime
516 3266 639 3306 eum
663 3269 727 3306 ex
758 3252 971 3307 Martini
999 3253 1068 3306 sit
1095 3252 1399 3323 disciplina.
1449 3253 1633 3320 Neque
1675 3254 1949 3323 gravabor

346 3357 416 3413 qu
434 3344 639 3398 unlibet
667 3355 916 3398 conserte
946 3344 1231 3398 vobiscum
1253 3386 1265 3408 ,
1298 3353 1353 3398 ut
1387 3345 1629 3411 p05citis,
1665 3345 1894 3399 fabulari
1932 3362 1944 3399 :

345 3436 547 3505 quippe
569 3451 694 3490 cum
723 3436 823 3491 huc
844 3448 1064 3507 promer
1094 3437 1199 3491 hoc
1222 3438 1489 3502 venerim,
1550 3447 1607 3490 ut
1661 3453 1747 3491 me
1787 3437 1949 3507 hujus

343 3529 577 3600 Sulpicii
604 3534 707 3585 mei
732 3533 841 3599 (me
869 3542 1045 3587 autem
1071 3540 1298 3602 utraque
1344 3549 1505 3586 manu
1549 3532 1950 3599 complecteba-

347 3624 471 3695 tur)
502 3624 775 3679 desiderio
799 3627 957 3679 etiam
986 3626 1249 3681 verbosus
1284 3624 1686 3693 impenderem.

414 3722 478 3777 ΙΙ.
523 3722 850 3791 Enimvero,
896 3726 1114 3795 inquam
1137 3766 1150 3790 ,
1182 3725 1313 3778 satis
1354 3724 1597 3793 probasti
1627 3764 1642 3789 ,
1679 3730 1944 3793 quantum

342 3816 463 3887 pius
491 3832 645 3871 amor
672 3819 885 3888 possit,
938 3819 1028 3888 qui
1078 3822 1249 3874 nostri
1300 3834 1462 3872 causa
1497 3827 1577 3872 tot
1624 3819 1790 3872 maria
1829 3828 1947 3871 tan-

342 3919 567 3982 tumque
590 3922 856 3966 terrarum
888 3927 1143 3967 emensus
1163 3954 1177 3978 ,
1211 3928 1239 3965 a
1270 3928 1485 3968 summo
1507 3954 1521 3977 ,
1548 3922 1605 3967 ut
1631 3914 1702 3966 ita
1726 3912 1901 3966 dicam
1929 3954 1944 3977 ,

342 4003 480 4058 solis
500 4019 721 4074 egressu
752 4004 991 4071 usquein
1015 4005 1134 4073 ejus
1157 4005 1380 4059 occidua
1408 4007 1627 4061 venisti.
1656 4006 1770 4076 Age
1792 4020 1944 4075 ergo,

341 4094 466 4167 quia
494 4105 547 4151 et
590 4098 783 4152 secreti
814 4096 956 4152 inter
980 4112 1079 4152 nos
1108 4114 1206 4153 nec
1231 4101 1479 4168 occupati
1505 4114 1725 4166 sumus,
1748 4109 1804 4155 et
1829 4114 1945 4153 ser—

340 4191 488 4244 moni
526 4201 617 4244 tuo
648 4207 841 4247 vacare
892 4192 1190 4257 debemus,
1242 4194 1519 4249 edisseras
1576 4195 1734 4248 nobis
1780 4194 1941 4248 velim

341 4295 560 4337 omnem
617 4284 1069 4352 peregrinationis
1109 4294 1213 4339 tua:
1248 4286 1562 4349 historiam;
1611 4286 1845 4356 qualiter
1891 4286 1946 4339 in

340 4370 563 4429 Orienle
592 4373 723 4428 ﬁdes
753 4372 955 4429 Christi
1001 4374 1228 4443 ﬂoreat;
1256 4394 1375 4447 qua:
1407 4379 1474 4431 sit
1505 4378 1574 4432 ibi
1629 4388 1943 4432 sanctorum

343 4464 523 4533 quies,
542 4480 666 4534 quae
691 4464 932 4520 inStituta
961 4467 1352 4523 monachorum
1379 4485 1394 4534 ;
1423 4470 1746 4539 quantisque
1775 4470 1945 4539 signis

2054 3258 2341 3328 nequando
2362 3257 2579 3329 quidem
2610 3258 2854 3313 auditum
2887 3259 3043 3327 est),
3075 3257 3169 3313 sed
3193 3257 3336 3325 quod
3366 3268 3652 3313 ventorum

2053 3366 2116 3405 ea
2147 3350 2226 3404 vis
2254 3362 2371 3417 est,
2402 3359 2461 3405 ut
2487 3351 2531 3405 si
2563 3352 2782 3420 quando
2816 3350 2897 3404 vel
2947 3349 3297 3404 clementiori
3354 3348 3498 3402 coelo
3551 3347 3653 3400 ali-

2051 3444 2348 3513 quantulus
2372 3446 2581 3513 spirare
2607 3442 2767 3497 flatus
2790 3445 3053 3512 coeperit,
3079 3442 3252 3510 majus
3285 3441 3337 3493 in
3367 3438 3470 3493 illis
3494 3439 3653 3493 terris

2050 3552 2213 3606 quam
2237 3538 2287 3588 in
2316 3536 2428 3589 ullo
2455 3538 2589 3589 mari
2618 3534 2955 3605 naufragium
2982 3535 3071 3588 sit.
3098 3534 3257 3587 Nulla
3289 3532 3359 3587 ibi
3384 3531 3649 3603 germina,

2052 3637 2166 3681 sata
2197 3628 2346 3680 nulla
2378 3628 2731 3695 proveniunt,
2785 3628 2985 3695 quippe
3014 3625 3251 3679 instabili
3299 3625 3420 3678 loco
3447 3665 3461 3689 ,
3496 3639 3655 3677 aren-

2054 3721 2197 3776 tibus
2224 3720 2407 3775 arenis
2435 3720 2501 3774 ad
2524 3736 2739 3774 omnem
2762 3732 2966 3773 motum
2997 3729 3282 3773 ventorum
3310 3718 3651 3772 cedentibus.

2056 3815 2252 3869 Verum
2278 3815 2369 3868 ubi
2400 3828 2590 3869 eversa
2620 3813 2866 3884 qumdam
2893 3830 2919 3864 a
2948 3814 3082 3867 mari
3117 3812 3495 3881 promontoria
3517 3826 3651 3865 ven-

2054 3908 2124 3961 tis
2156 3910 2449 3971 resistunt,
2497 3916 2638 3961 terra
2693 3907 3090 3976 aliquantulum
3145 3905 3371 3960 solidior
3426 3903 3653 3957 herbam

2052 4015 2228 4054 raram
2256 4011 2419 4070 atque
2447 3999 2714 4069 hispidam
2742 4000 2930 4071 gignit.
2958 4001 3030 4053 Ea
3062 3999 3254 4053 ovibus
3284 4006 3369 4052 est
3393 3997 3647 4068 pabulum

2052 4094 2185 4146 satis
2216 4092 2368 4147 utile.
2403 4092 2595 4147 Incolte
2624 4092 2762 4147 lacte
2786 4095 3001 4157 vivunt;
3034 4092 3123 4161 qui
3165 4091 3482 4145 Solertiorcs
3499 4097 3651 4151 sunt,

2051 4186 2171 4249 vel,
2203 4192 2257 4237 ut
2286 4186 2355 4237 ita
2377 4183 2608 4238 dixerim
2628 4226 2641 4250 ,
2667 4184 2894 4239 ditiores
2920 4226 2933 4246 ,
2982 4183 3288 4238 hordeaceo
3325 4197 3461 4251 pane
3494 4190 3654 4235 utun-

2052 4284 2160 4329 tur.
2192 4275 2265 4328 Ea
2294 4276 2367 4329 ibi
2394 4275 2510 4328 sola
2565 4276 2754 4329 messis
2776 4284 2860 4329 est
2881 4317 2895 4340 ,
2927 4290 3048 4345 quae
3104 4275 3387 4329 celeritate
3418 4288 3653 4343 proven-

2054 4379 2137 4422 tus
2182 4384 2278 4438 per
2331 4378 2580 4422 naturam
2619 4366 2864 4422 soli'sive
2905 4368 3077 4432 aeris,
3140 4376 3428 4419 ventorum
3482 4377 3644 4417 casus

2053 4463 2283 4516 evadere
2313 4462 2453 4517 solet
2478 4479 2491 4516 :
2515 4462 2715 4531 quippe
2747 4459 2917 4515 fertur
2941 4474 2968 4510 a
2998 4457 3086 4511 die
3115 4456 3244 4526 jacti
3297 4456 3523 4511 seminis
3554 4453 3652 4510 tri-

343 4568 407 4610 ac
432 4554 726 4611 virtutibus
749 4558 801 4610 in
850 4558 1026 4612 servis
1066 4559 1179 4613 suis
1202 4558 1454 4614 Christus
1494 4572 1787 4630 operetur:
1819 4578 1942 4615 nam
1976 4560 2022 4618 D
2048 4553 2255 4609 θεείωο
2281 4553 2369 4609 die
2394 4564 2782 4608 IIlal-Ul‘esccl‘e-
2812 4550 3124 4605 (ἶοηείειετθ
3147 4557 3328 4603 amem
3358 4547 3433 4602 ibi
3467 4546 3648 4600 homi‘

344 4658 525 4715 certe,
559 4649 682 4719 quia
726 4650 779 4705 in
829 4650 915 4705 his
946 4652 1255 4722 regionibus
1280 4695 1296 4720 ,
1332 4656 1473 4708 inter
1505 4654 1606 4708 ista
1648 4670 1767 4724 quae
1806 4655 1946 4709 vivi-

344 4754 471 4796 mus
494 4783 509 4807 ,
542 4743 655 4812 ipsa
682 4742 839 4797 nobis
870 4743 975 4797 vita
1000 4743 1217 4799 fastidio
1247 4755 1362 4810 est;
1398 4745 1633 4800 libenter
1671 4760 1742 4799 ex
1770 4756 1822 4802 te
1849 4761 1945 4800 au-

342 4834 559 4893 diemus
585 4878 599 4901 ,
624 4838 669 4892 si
695 4837 778 4893 vel
808 4837 863 4894 in
887 4852 1075 4894 eremo
1107 4839 1289 4895 vivere
1308 4839 1641 4894 Christianis
1671 4840 1819 4895 licet.
1859 4840 1941 4895 Ad

343 4926 464 4985 hac
488 4929 871 4986 Postumianus
892 4972 906 4996 ,
941 4931 1161 4985 Faciam
1186 4973 1200 4997 ,
1226 4932 1399 5002 inquit
1424 4972 1438 4996 ,
1464 4940 1523 4986 ut
1547 4932 1859 4987 desiderare
1891 4939 1944 4987 te

343 5025 542 5089 video;
568 5026 665 5081 sed
684 5041 872 5096 quasso
900 5026 1053 5096 prius
1080 5041 1143 5080 ex
1177 5034 1229 5081 te
1250 5026 1487 5092 audiam,
1521 5042 1587 5080 an
1638 5027 1725 5081 isti
1754 5042 1945 5081 omnes

340 5132 480 5190 quos
534 5118 623 5173 hic
664 5118 989 5189 reliqueram
1018 5117 1365 5185 sacerdotes,
1408 5118 1541 5172 tales
1568 5118 1679 5172 sint
1705 5159 1719 5181 ,
1750 5118 1942 5187 quales

343 5224 438 5266 eos
460 5253 474 5275 ,
501 5220 793 5279 antequam
829 5210 1232 5280 proficiscerer,
1261 5224 1608 5264 noveramus.
1636 5208 1770 5263 Tum
1802 5223 1904 5278 ego
1930 5249 1944 5273 ,

344 5300 588 5367 Absiste,
613 5302 853 5369 inquam,
880 5302 980 5356 ista
1013 5317 1283 5373 quaerere,
1312 5317 1433 5372 qua:
1459 5311 1553 5355 aut
1575 5317 1681 5356 una
1708 5316 1944 5367 mecum,

346 5402 405 5449 ut
426 5404 589 5463 puto,
616 5394 759 5448 nosti
785 5434 801 5458 ,
836 5403 928 5448 aut
964 5395 1008 5448 si
1050 5394 1297 5464 ignoras,
1343 5410 1449 5449 non
1488 5394 1679 5448 audire
1723 5394 1790 5448 sit
1829 5409 1945 5448 me—

344 5485 468 5541 lius.
504 5484 641 5539 Illud
669 5486 899 5540 reticere
920 5501 1025 5540 non
1056 5502 1276 5555 possum
1300 5528 1316 5551 ,
1360 5502 1466 5541 non
1495 5487 1671 5541 solum
1700 5486 1823 5541 illos
1872 5486 1941 5541 de

348 5578 542 5649 quibus
575 5578 908 5647 interrogas,
939 5578 1071 5633 nihil
1108 5580 1362 5634 meliores
1389 5595 1551 5649 quam
1585 5595 1815 5633 noveras
1865 5580 1941 5633 fa-

348 5680 495 5737 rtus;
522 5671 617 5726 sed
650 5687 817 5725 unum
843 5672 993 5727 illum
1024 5675 1191 5728 nostri
1241 5672 1512 5743 quondam
1552 5684 1861 5739 amantem,
1888 5675 1941 5728 in

348 5760 457 5833 Quo
484 5764 760 5835 respirare
786 5763 854 5819 ab
876 5766 1109 5821 istorum
1139 5763 1587 5822 insectationibus
1610 5764 1942 5823 solebamus.

2051 4663 2149 4703 nes
2172 4662 2278 4701 non
2308 4646 2414 4700 alia
2443 4646 2581 4701 ratio
2620 4644 2780 4707 facit,
2820 4658 2982 4713 quam
3007 4640 3152 4711 quod
3200 4654 3392 4695 omnes
3443 4639 3647 4693 tributo

2047 4740 2204 4796 liberi
2233 4748 2391 4795 sunt:
2441 4750 2682 4794 extrema
2713 4737 2986 4807 siquidem
3035 4737 3375 4806 Cyrenorum
3399 4747 3492 4787 ora
3524 4742 3640 4797 est,

2048 4835 2269 4891 deserto
2296 4834 2373 4890 illi
2395 4834 2646 4904 contigua
2669 4874 2683 4899 ,
2716 4832 2859 4903 quod
2889 4832 3030 4884 inter
3057 4828 3352 4899 [Egyptum
3401 4834 3457 4879 et
3498 4824 3644 4879 Afri-

2045 4944 2165 4985 cam
2192 4929 2501 4998 interjacet,
2534 4925 2788 4998 perquod
2818 4926 2946 4981 olim
2978 4922 3113 4979 Cato
3138 4923 3411 4979 Ctesarem
3434 4919 3647 4990 fugiens

2044 5021 2201 5077 duxit
2228 5022 2553 5077 exercitum.

2112 5114 2204 5167 ιν.
2235 5114 2375 5184 Ergo
2396 5124 2453 5168 ut
2478 5113 2543 5167 ad
2571 5115 2841 5183 tugurium
2899 5110 3032 5166 illud
3064 5109 3210 5182 quod
3251 5108 3465 5164 eminus
3496 5122 3634 5163 con-

2046 5224 2331 5279 spexeram
2349 5250 2364 5273 ,
2389 5206 2643 5278 pertendi
2662 5248 2677 5273 ,
2703 5206 2922 5261 invenio
2953 5219 3137 5260 senem
3162 5204 3215 5258 in
3241 5210 3393 5259 veste
3424 5200 3649 5270 pellicea

2050 5302 2254 5355 mulam
2287 5316 2448 5355 manu
2474 5310 2809 5365 vertentem;
2863 5298 3243 5352 consalutatus
3294 5294 3507 5363 accepit
3551 5305 3651 5344 nos

2046 5396 2302 5465 benigne.
2332 5395 2546 5465 Eiectos
2572 5408 2672 5448 nos
2698 5394 2750 5448 in
2775 5392 2907 5448 illud
2932 5392 3087 5447 littus
3113 5390 3476 5459 exponimus;
3500 5395 3557 5439 et
3580 5396 3649 5436 ne

2046 5489 2229 5545 statim
2257 5497 2504 5559 repetere
2532 5501 2752 5542 cursum
2773 5486 3044 5554 possimus
3066 5525 3080 5547 ,
3116 5482 3279 5537 maris
3300 5478 3531 5533 mollitie
3554 5474 3648 5527 de-

2047 5580 2204 5635 tineri
2237 5599 2250 5634 :
2278 5593 2529 5651 egressos
2554 5579 2603 5632 in
2630 5587 2829 5632 terram
2865 5576 2961 5649 (ut
2991 5584 3074 5630 est
3096 5589 3213 5628 mos
3241 5568 3463 5625 humani
3499 5567 3649 5636 inge—

2045 5672 2157 5743 nii)
2216 5683 2459 5727 naturam
2514 5671 2758 5725 locorum
2792 5670 3104 5738 cultumque
3152 5664 3516 5718 habitantium
3542 5674 3639 5716 v0-

2045 5765 2213 5824 luisse
2242 5779 2572 5838 cognoscere
2596 5778 2608 5821 :
2636 5760 2971 5818 Christianos
2992 5774 3088 5818 nos
3102 5768 3255 5814 esse:
3282 5752 3336 5811 id
3367 5754 3639 5829 praecipui
