4194 6192
489 235 588 290 187

1867 230 2160 293 ευιιηϐη
2195 233 2450 294 SEVERI

3679 240 3784 299 188

486 360 729 411 t'llI'IPl‘t‘I'e
754 387 770 411 ,
830 359 897 400 an
946 356 1128 402 essent
1173 345 1340 416 aliqui
1380 346 1521 401 inter
1579 345 1697 401 illas
1749 344 2074 402 solitudines
2103 350 2156 411 Α
2181 347 2368 405 beret:
2395 351 2488 420 qui
2523 354 2784 407 tractator
2825 357 3103 408 sacrarum
3133 353 3526 425 scrlptnrarum
3561 352 3780 427 peritis-

483 439 801 494 Christiani.
834 438 969 494 Tum
1000 454 1130 494 vero
1160 438 1251 493 ille
1299 437 1436 492 ﬂens
1491 439 1686 509 gaudio
1717 481 1732 507 ,
1780 439 1846 494 ad
1901 449 2077 509 genua

490 540 681 586 nostra
709 531 1043 600 provolvitur
1068 549 1080 583 :
1112 531 1310 585 iterum
1339 547 1441 586 nos
1471 548 1532 586 ac
1563 534 1761 602 saepius
1783 533 2077 588 exoscula-

486 633 572 678 tus
605 626 798 678 invitat
827 625 892 678 ad
917 625 1215 678 orationem
1241 642 1254 681 :
1279 621 1762 695 deindeimpositis
1791 627 1842 680 in
1876 635 2076 681 terram

484 733 775 772 vervecum
834 717 1071 786 pellibus
1116 715 1247 772 facit
1293 733 1392 774 nos
1447 719 1812 776 discumbere.
1842 719 2080 788 Apponit

482 810 769 882 prandium
800 825 934 865 sane
966 810 1484 880 locupletissimum,
1539 812 1820 867 dimidium
1884 822 2076 881 panem

483 903 871 958 hordeaceum.
905 903 1134 958 Eramus
1176 914 1358 958 autem
1401 919 1500 959 nos
1531 916 1788 974 quatuor,
1822 905 1936 975 ipse
1964 913 2081 961 erat

483 999 724 1068 quintus.
756 997 1097 1052 Fasciculum
1123 998 1288 1052 etiam
1316 997 1500 1052 herbae
1539 998 1759 1064 intulit,
1793 999 1950 1069 cujus
1979 1014 2078 1053 no-

491 1106 612 1144 men
649 1090 884 1155 excidit;
918 1105 1039 1158 qua:
1062 1092 1298 1144 menthae
1325 1091 1518 1144 similis
1549 1091 1860 1146 exuberans
1883 1089 2030 1145 foliis
2059 1129 2076 1158 ,

481 1197 735 1249 saporem
765 1180 938 1235 mellis
966 1182 1284 1249 praestabat:
1321 1182 1480 1250 ltujus
1508 1183 1764 1252 prsedulci
1787 1183 2076 1237 admodutn

485 1278 756 1333 suavitate
783 1277 1038 1333 delectati
1096 1284 1260 1344 atque
1297 1275 1548 1329 exsatiati
1601 1291 1810 1330 sumus.
1851 1275 1931 1330 Ad
1965 1276 2079 1329 haec

483 1370 770 1424 subridens
792 1385 893 1438 ego
919 1369 983 1423 ad
1013 1368 1225 1424 Gallum
1253 1383 1453 1434 meum,
1487 1367 1646 1434 Quid,
1681 1369 1922 1437 inquam,
1957 1367 2080 1424 Gal-

483 1462 567 1517 le?
600 1463 845 1531 plaeetne
877 1461 969 1514 tibi
1016 1460 1299 1530 prandium
1321 1502 1334 1524 ,
1367 1459 1659 1514 fasciculus
1702 1459 1991 1515 herbarum
2025 1471 2076 1515 ct

484 1558 640 1626 panis
690 1554 944 1610 dimidius
986 1555 1116 1608 viris
1169 1553 1449 1624 quinque?
1499 1553 1633 1607 Tum
1674 1555 1794 1620 illc,
1832 1557 2078 1612 sicutest

481 1649 1013 1711 verecundissimus,
1044 1647 1438 1717 aliquantulum
1467 1647 1816 1711 erubescens,
1843 1648 1968 1702 dum
1999 1648 2078 1703 fa-

2182 445 2354 499 simus
2386 444 2706 500 habebatur.
2761 445 2868 502 Sed
2923 444 3164 516 episcopi
3220 449 3468 519 qna-dam
3522 449 3575 503 ltt
3626 449 3780 505 libris

2182 538 2610 607 ipsiusinsanius
2640 540 2842 609 scripta
2891 541 3298 608 memorabant,
3327 553 3447 612 qua:
3475 553 3782 600 assertores

2179 633 2295 702 ejus
2321 631 2613 688 defendere
2636 650 2745 688 non
2769 637 2926 701 ausi,
2955 634 3024 688 ab
3042 635 3313 690 hmreticis
3337 638 3525 706 potius
3553 637 3776 692 fraudu-

2181 724 2352 780 lenter
2384 726 2586 780 inserta
2613 724 2906 781 dicebant:
2933 736 2990 782 et
3019 726 3142 783 ideo
3165 744 3270 782 non
3287 741 3509 800 propter
3539 729 3628 784 illa
3659 746 3782 801 quat

2180 815 2234 871 in
2264 817 2745 887 reprehensionem
2776 819 2970 873 merito
2997 825 3341 886 vocarentur,
3377 823 3541 877 etiam
3573 823 3781 892 reliqua

2179 920 2303 962 esse
2328 907 2669 973 damnanda;
2710 925 2832 963 cum
2887 910 3180 979 legentium
3226 911 3358 965 fides
3405 913 3558 968 facile
3610 915 3785 982 possit

2180 997 2380 1053 habere
2405 999 2731 1062 discrimen,
2781 1016 2848 1055 ne
2893 1000 3084 1055 falsata
3111 1012 3457 1072 sequeretur,
3505 1013 3560 1059 et
3592 1016 3775 1061 tamen

2179 1090 2446 1146 catholice
2476 1091 2752 1162 disputata
2805 1095 3109 1150 retineret:
3161 1109 3268 1150 non
3310 1111 3435 1151 esse
3474 1106 3653 1152 autem
3677 1099 3779 1153 mi-

2182 1199 2298 1236 rum
2323 1225 2337 1246 ,
2363 1184 2405 1236 si
2437 1184 2488 1238 in
2541 1185 2693 1240 libris
2740 1185 3034 1240 neotericis
3061 1193 3117 1241 et
3155 1202 3347 1243 recens
3377 1187 3596 1257 scriptis
3627 1191 3778 1247 fraus

2182 1277 2432 1332 haeretica
2477 1277 2668 1333 fuisset
2719 1287 2975 1347 operata,
3019 1293 3138 1349 quite
3183 1278 3236 1332 in
3277 1279 3597 1349 quibusdam
3645 1281 3780 1338 locis

2182 1383 2286 1422 non
2313 1369 2586 1426 timuisset
2623 1369 2864 1427 incidere
2914 1372 3290 1440 Evangelicam
3325 1373 3632 1427 veritatem.
3664 1372 3776 1428 Ad-

2181 1478 2394 1517 versum
2445 1464 2561 1518 htec
2605 1465 2847 1534 episcopi
2905 1465 3224 1520 obstinatius
3278 1466 3614 1533 renitentes,
3679 1483 3778 1538 pro

2182 1563 2445 1623 pote3tate
2470 1554 2736 1625 cogebant
2758 1567 2904 1612 recta
2927 1557 3090 1611 etiam
3117 1559 3368 1612 universa
3385 1573 3507 1613 cum
3527 1559 3702 1628 pravis
3721 1570 3778 1617 et

2181 1659 2301 1700 enm
2331 1647 2447 1715 ipso
2472 1659 2694 1702 auctore
2721 1647 2982 1704 damnare
3009 1667 3022 1704 :
3047 1650 3172 1720 quia
3195 1649 3327 1704 satis
3358 1665 3632 1722 superque
3659 1652 3772 1706 suf-

482 1743 792 1814 tigationem
823 1757 997 1797 meam
1041 1741 1250 1811 accepit
1272 1783 1285 1808 ,
1320 1741 1510 1809 Facis,
1564 1742 1738 1812 inquit
1761 1783 1774 1807 ,
1827 1742 2068 1813 Sulpici,
2102 1729 2152 1790 Β
2180 1738 2404 1794 ficerent
2449 1739 2571 1796 libri
2598 1755 2732 1810 quos
2759 1740 3001 1797 Ecclesia
3028 1743 3363 1811 recepisset:
3413 1743 3772 1810 respuendum

485 1845 577 1892 tuo
601 1850 781 1900 more,
824 1835 913 1904 qni
940 1833 1140 1887 nullam
1175 1831 1549 1898 occasionem,
1607 1833 1652 1886 si
1694 1849 1796 1903 qua
1828 1835 1924 1888 tibi
1950 1851 2076 1904 por-

485 1940 629 1983 recta
657 1928 819 1983 fuerit
841 1969 853 1990 ,
885 1928 1122 1992 omittis,
1154 1929 1280 1997 quin
1311 1926 1703 1982 nosedacitatis
1732 1927 1944 1998 fatiges.
1966 1928 2074 1984 Sed

483 2021 616 2074 facis
642 2021 932 2075 inhumane
956 2062 969 2085 ,
993 2021 1085 2090 qui
1115 2037 1212 2075 nos
1234 2020 1420 2076 Gallos
1452 2021 1862 2092 hominescogis
1893 2039 2075 2078 exem-

484 2115 572 2184 plo
599 2115 914 2183 angelorum
947 2113 1129 2168 vivere
1159 2113 1528 2185 (quamquam
1561 2129 1663 2185 ego
1705 2115 1888 2169 studio
1919 2130 2072 2170 man-

483 2208 717 2263 ducandi
750 2209 913 2263 etiam
958 2208 1184 2278 angelos
1242 2208 1572 2264 manducare
1604 2208 1825 2264 credant
1857 2209 1876 2280 )
1906 2229 1918 2263 :
1951 2222 2074 2265 nam

483 2304 646 2354 istum
674 2299 956 2355 dimidium
983 2301 1340 2355 hordeaceam
1367 2305 1530 2355 timeo
1555 2303 1634 2355 vel
1669 2302 1818 2358 solus
1842 2301 2077 2372 attinge-

485 2409 564 2448 re.
590 2394 694 2448 Sed
724 2401 1012 2448 contentus
1059 2394 1133 2448 sit
1178 2393 1280 2448 hoc
1331 2394 1662 2463 Cyrenensis
1715 2395 1842 2462 ille,
1872 2397 1960 2450 cui
1991 2395 2074 2450 vel

486 2486 784 2540 necessitas
817 2486 901 2540 vel
935 2495 1122 2540 natura
1146 2498 1227 2540 est
1255 2488 1496 2552 esurire;
1524 2488 1608 2542 vel
1642 2498 1916 2556 postremo
1941 2488 2029 2542 isti
2059 2527 2076 2555 ,

484 2579 713 2647 quibus,
739 2577 933 2647 credo,
962 2581 1168 2634 marina
1195 2580 1420 2646 jactatio
1449 2581 1683 2637 inediam
1715 2581 1821 2636 cibi
1854 2583 2076 2638 fecerat.

485 2669 598 2726 Nos
620 2671 806 2741 procul
834 2687 862 2726 a
887 2673 1018 2726 mari
1041 2673 1317 2739 absumus,
1345 2681 1400 2728 et
1431 2676 1570 2742 quod
1600 2673 1693 2730 tibi
1725 2689 1870 2742 saepe
1917 2683 2081 2729 testa-

489 2771 576 2818 tus
607 2779 750 2830 sum,
784 2764 923 2822 Galli
951 2780 1158 2819 sumus.
1217 2763 1323 2820 Sed
1352 2775 1541 2836 pergat
1571 2764 1660 2820 hic
1692 2765 1871 2836 potius
1901 2764 2078 2836 explio

490 2870 621 2911 care
646 2858 727 2912 sui
757 2858 1088 2930 Cyrenensis
1122 2859 1424 2914 historiam.

565 2949 628 3004 ν.
679 2951 969 3006 Enimvero
989 2991 1004 3016 ,
1059 2950 1438 3006 Postumianus
1467 2950 1540 3005 ait
1568 2992 1582 3016 ,
1615 2951 1820 3006 cavebo
1850 2950 2081 3022 posthac

490 3041 811 3112 cujusquam
855 3044 1238 3098 abstinentiam
1268 3042 1600 3113 praedicare;
1651 3057 1720 3099 ne
1758 3042 1944 3100 Gallos
1976 3059 2078 3098 no-

2180 1847 2302 1888 esse
2327 1833 2546 1902 penitus
2573 1833 2880 1898 lectionem,
2906 1850 3026 1904 quae
3050 1834 3170 1904 plus
3195 1843 3344 1891 esset
3366 1836 3610 1891 nocitura
3639 1837 3775 1892 insi-

2182 1926 2469 1994 pientibus,
2488 1936 2646 1997 quam
2673 1928 2950 1996 profutura
2975 1928 3328 1998 sapientibus.
3353 1929 3479 1984 ΜΗιί
3496 1938 3672 1984 autem
3699 1946 3772 1987 ex

2181 2016 2328 2070 illius
2354 2016 2504 2072 libris
2532 2018 2778 2087 quaedam
2802 2018 3073 2073 curiosius
3121 2019 3428 2090 indaganti,
3478 2021 3770 2077 admodum

2181 2109 2346 2163 multa
2377 2110 2688 2178 placuerunt
2719 2129 2730 2164 :
2761 2111 2856 2166 sed
2887 2111 3148 2166 nonnulla
3178 2112 3532 2183 deprehendi,
3562 2115 3614 2168 in
3648 2114 3769 2185 qnl-

2181 2201 2280 2255 bus
2304 2201 2452 2256 illum
2478 2216 2638 2272 prava
2663 2205 2900 2258 sensisse
2923 2219 3028 2258 non
3058 2203 3278 2259 dubium
3297 2214 3380 2260 est
3405 2246 3419 2270 ,
3442 2207 3561 2274 (μιαὲ
3587 2205 3773 2261 defen-

2181 2308 2334 2348 sores
2355 2293 2472 2365 ejus
2492 2292 2681 2349 falsata
2707 2295 3062 2350 contendunt.
3093 2296 3207 2367 Ego
3235 2297 3406 2352 miror
3428 2313 3592 2352 unum
3623 2313 3776 2351 enm-

2181 2387 2415 2457 denique
2436 2387 2710 2442 hominem
2744 2399 2848 2442 tam
2873 2387 3147 2444 diversum
3190 2405 3218 2443 a
3245 2405 3304 2445 se
3339 2404 3462 2445 esse
3484 2390 3728 2461 petuisse
3752 2427 3773 2459 ,

2183 2489 2240 2533 ut
2259 2481 2311 2536 in
2341 2496 2403 2535 ea
2431 2491 2583 2550 parte
2601 2491 2699 2549 nui
2726 2481 3005 2550 probatur,
3035 2482 3309 2537 neminem
3335 2492 3456 2553 post
3481 2482 3776 2551 Apostolos

2186 2573 2376 2628 habeat
2398 2573 2658 2644 {equalem
2683 2590 2698 2638 ;
2732 2573 2785 2628 in
2808 2590 2869 2629 ea
2884 2591 3013 2630 vero
3034 2592 3155 2644 qua:
3177 2577 3300 2646 jure
3330 2576 3774 2647 reprehenditur,

2185 2682 2342 2722 nemo
2363 2667 2662 2721 deformius
2683 2667 2942 2722 doceatur
2964 2682 3198 2724 errasse.

2260 2759 2366 2814 VII.
2402 2757 2532 2814 Nam
2555 2775 2678 2814 cum
2705 2761 2775 2814 ab
2799 2760 3071 2830 episcopis
3099 2770 3350 2832 excerpta
3383 2763 3436 2818 in
3459 2762 3609 2819 libris
3633 2763 3780 2820 illius

2187 2854 2350 2907 multa
2380 2852 2706 2923 legerentur,
2726 2869 2845 2924 quae
2865 2865 3052 2909 contra
3085 2855 3410 2912 catholicam
3435 2858 3596 2913 fidem
3645 2857 3781 2915 scri-

2187 2956 2274 3015 pta
2293 2953 2597 3010 censtaret,
2623 2945 2772 3001 locns
2790 2946 2881 3002 ille
2895 2948 2977 3002 vel
2993 2948 3472 3026 maxime-parabat
3495 2951 3779 3021 invidiam,

2189 3038 2240 3092 in
2263 3053 2371 3108 quo
2393 3038 2599 3093 editum
2629 3039 2926 3109 legebatur,
2957 3040 3076 3110 quia
3111 3041 3376 3098 Dominus
3411 3043 3572 3099 Jesus
3598 3086 3611 3109 ,
3643 3047 3786 3102 sicut

488 3146 632 3189 ειι-οε
663 3137 888 3191 arduum
934 3135 1150 3206 penitus
1197 3135 1437 3190 on‘endat
1487 3137 1816 3206 εχεηιριυηι,
1866 3113 2155 3194 διαμιφο
2189 3148 2286 3204 pro
2311 3132 2996 3202 redemptionehominisin
3018 3151 3185 3191 carne
3202 3139 3468 3205 venisset,
3487 3147 3542 3192 et
3562 3153 3780 3194 crucem

492 3243 605 3281 ram
626 3239 804 3292 autem
833 3231 994 3282 etiam
1027 3242 1235 3282 crenam
1274 3225 1603 3299 Cyrenensis
1634 3228 1776 3283 illius
1801 3269 1816 3295 ,
1847 3230 1930 3285 vel
1952 3245 2083 3285 con-

491 3321 775 3390 sequentia
806 3322 825 3392 (
851 3331 1059 3392 septem
1082 3322 1226 3374 enim
1257 3321 1448 3375 diebus
1478 3321 1620 3391 apud
1654 3323 1830 3392 ipsum
1859 3323 2086 3395 fuimus)

494 3414 702 3468 referre
732 3416 974 3469 convivia
1000 3431 1012 3467 :
1039 3414 1133 3468 sed
1173 3414 1638 3484 supersedendum
1671 3426 1773 3478 est,
1804 3430 1872 3471 ne
1899 3414 2087 3472 Gallus

493 3522 552 3558 se
580 3508 813 3561 instituet
842 3507 1076 3576 fatigari.
1101 3508 1371 3562 Cteterttm
1397 3518 1616 3577 postero
1630 3509 1748 3572 die,
1773 3523 1894 3563 cum
1920 3509 2085 3580 aliqui

493 3613 555 3650 ex
603 3599 793 3652 incolis
837 3600 902 3653 ad
934 3615 1032 3652 nos
1061 3601 1312 3678 visendos
1340 3601 1615 3656 conﬂuere
1635 3603 1965 3672 coepissent,
1995 3619 2087 3658 co-

494 3691 806 3761 gnoscimus
825 3691 974 3746 illum
993 3691 1263 3762 hospitem
1282 3701 1528 3747 nostrum
1542 3709 1663 3749 esse
1679 3695 2085 3767 presbyterum;

494 3784 635 3854 qttod
664 3799 874 3839 summa
902 3801 1002 3840 nos
1052 3785 1488 3842 dissimulatione
1525 3788 1822 3843 celaverat.
1880 3788 2090 3845 Deinde

494 3893 615 3932 cum
643 3881 760 3946 ipso
777 3879 842 3934 ad
866 3881 1156 3935 ecclesiam
1189 3882 1554 3949 processimus
1575 3924 1586 3939 .
1611 3897 1732 3950 qnte
1753 3881 1867 3937 fere
1879 3883 2090 3937 duobus

497 3968 732 4024 millibus
757 3970 974 4036 aberat,
995 3987 1026 4025 a
1052 3981 1344 4040 conspectu
1365 3984 1552 4028 nostro
1578 3974 1868 4042 interjectn
1893 3976 2090 4029 montis

496 4064 734 4117 exclusa.
757 4064 884 4118 Erat
906 4066 1297 4118 autemvilibus
1321 4075 1461 4119 texta
1481 4066 1750 4134 virgultis,
1781 4082 1888 4121 non
1919 4068 2092 4123 ntulto

501 4159 806 4215 ambitiosis
856 4175 1016 4228 quam
1062 4159 1232 4214 nestri
1283 4159 1514 4231 hospitis
1555 4160 2001 4226 tabernaculum,
2037 4163 2090 4217 in

497 4269 602 4326 qpo
634 4253 736 4308 nisi
768 4252 1024 4306 incurvus
1053 4253 1172 4322 quis
1202 4266 1309 4307 non
1341 4262 1551 4323 poterat
1598 4253 1924 4309 consistere.
1956 4252 2091 4310 Cum

501 4348 779 4402 hominum
808 4363 989 4402 mores
1020 4363 1393 4419 qutereremus
1413 4390 1428 4415 ,
1460 4349 1594 4405 illud
1627 4350 1946 4420 praeclarum
1975 4351 2094 4406 ani-

499 4441 919 4503 madvertimus,
946 4442 1076 4497 nihil
1101 4457 1193 4496 eos
1223 4455 1400 4512 neque
1422 4458 1606 4499 emere
1628 4457 1802 4514 neque
1830 4443 2089 4499 vendere.

498 4534 636 4600 Quid
665 4536 732 4587 sit
765 4531 912 4588 fraus
960 4546 1052 4588 aut
1085 4534 1319 4602 furtum,
1378 4537 1657 4601 nesciunt;
1709 4545 1900 4591 aurum
1930 4547 2093 4607 atque

497 4635 778 4697 argentum
800 4667 814 4692 ,
863 4643 984 4697 qua:
1031 4629 1202 4697 prima
1234 4630 1490 4686 mortales
1540 4639 1762 4700 putant,
1795 4645 1971 4702 neque
2001 4631 2094 4685 ha-

500 4719 657 4784 bent,
694 4734 868 4790 ncque
892 4719 1091 4776 habere
1117 4721 1339 4792 cupiunt
1369 4740 1381 4776 :
1409 4738 1529 4778 nam
1557 4738 1682 4778 cum
1712 4738 1815 4793 ego
1865 4723 2091 4794 presby-

499 4821 615 4868 tero
649 4815 722 4869 illl
756 4815 942 4869 decem
974 4819 1228 4869 nominas
1253 4829 1446 4870 aureos
1476 4814 1825 4879 detulissem,
1862 4813 2092 4883 refugit,

499 4905 692 4962 altiore
719 4908 951 4962 consilio
980 4916 1313 4978 protestatus
1333 4951 1346 4976 ,
1379 4910 1678 4966 Ecclesiant
1729 4925 1860 4965 auro
1883 4923 1988 4963 non
2011 4909 2096 4964 in-

499 5002 632 5054 strui
655 5042 668 5067 ,
698 5001 791 5056 sed
823 5002 999 5071 potius
1018 5002 1244 5057 destrui.
1279 5003 1689 5075 Aliquantulum
1711 5003 1761 5058 ei
1797 5002 2095 5058 vestimen-

503 5107 677 5151 torum
711 5096 1054 5152 indulsimus.

575 5189 661 5245 VI.
692 5190 844 5256 Quod
871 5205 992 5245 cum
1014 5191 1104 5246 ille
1120 5191 1347 5263 benigne
1365 5193 1685 5264 accepisset,
1714 5191 2096 5247 revocantibus

503 5296 602 5336 nos
629 5279 695 5336 ad
729 5297 876 5336 mare
899 5284 1071 5337 nztulis
1094 5325 1108 5348 ,
1137 5283 1507 5350 discessimus,
1536 5297 1904 5354 prosperaque
1929 5287 2094 5339 cursu

499 5375 728 5443 septitno
751 5374 837 5429 die
854 5374 1243 5431 Alexandriam
1267 5378 1611 5447 pervenimus
1634 5415 1648 5442 ,
1674 5376 1762 5430 ubi
1785 5375 1922 5432 fdatla
1953 5375 2095 5432 inter

500 5468 790 5535 episcopos
813 5478 975 5536 atque
1001 5469 1296 5524 monachos
1324 5470 1623 5524 certamina
1654 5468 2001 5537 gerebantur,-
2027 5479 2095 5522 ex

499 5573 560 5612 ea
590 5561 881 5615 occasione
915 5563 996 5617 vel
1030 5575 1222 5627 causa,
1282 5562 1404 5631 qnla
1463 5561 1772 5631 congregati
1816 5560 1870 5614 in
1928 5575 2095 5615 unum

503 5652 703 5717 smpins
729 5653 1044 5708 sacerdotes
1101 5653 1476 5722 frequentibus
1516 5652 1828 5707 decrevisse
1873 5650 2099 5722 synodis

519 5740 860 5812 videbantur,
887 5761 954 5801 ne
986 5747 1107 5818 quis
1129 5747 1378 5819 Origenis
1405 5744 1576 5807 libros
1622 5746 1826 5818 legeret
1870 5751 1964 5798 aut
2005 5741 2099 5799 ha-

2184 3240 2281 3294 pro
2303 3224 2536 3280 hominis
2559 3227 2734 3282 salute
2762 3242 3058 3298 perpessus
3084 3269 3098 3294 ,
3153 3233 3386 3285 mortem
3412 3247 3510 3301 pro
3545 3232 3784 3289 hominls

2185 3316 2489 3372 aeternitate
2527 3328 2831 3388 gustasset;
2880 3320 2948 3373 ita
3005 3329 3154 3375 esset
3197 3321 3391 3376 eodem
3425 3323 3618 3378 ordine
3659 3338 3785 3394 pas-

2186 3409 2354 3463 sionis
2383 3409 2544 3463 etiam
2569 3409 2843 3466 diabolum
2869 3411 3252 3482 redempturus
3276 3431 3290 3467 :
3343 3415 3468 3483 quia
3501 3417 3603 3470 hoc
3631 3417 3786 3470 horti-

2189 3504 2283 3556 tati
2312 3502 2455 3558 illius
2481 3502 2776 3573 pietatique
2797 3517 3162 3575 congrueret,
3189 3518 3244 3561 ut
3267 3507 3358 3576 qui
3391 3509 3664 3578 perditum
3691 3509 3788 3564 bo-

2191 3595 2390 3648 minem
2443 3595 2835 3663 reformasset,
2890 3598 3202 3667 prolapsum
3269 3614 3485 3669 quoque
3532 3602 3786 3668 angelum

2191 3686 2466 3742 liberaret.
2500 3688 2635 3743 Cum
2669 3689 2784 3743 hzec
2799 3699 2964 3760 atque
2991 3691 3092 3745 alia
3136 3692 3440 3746 istiusmodi
3482 3693 3551 3748 ab
3573 3695 3790 3762 episco-

2191 3783 2276 3850 pis
2309 3780 2686 3849 proderentur,
2712 3798 2776 3837 ex
2807 3783 3002 3838 studiis
3026 3785 3255 3854 partium
3287 3793 3405 3840 orta
3434 3795 3518 3842 est
3541 3787 3739 3844 seditio
3767 3805 3783 3843 :

2191 3887 2443 3942 quaecum
2461 3874 2681 3942 reprimi
2704 3875 3048 3930 sacerdotum
3078 3877 3405 3932 auctoritate
3427 3892 3535 3933 non
3567 3889 3789 3949 posset,-
3871 3941 3885 3950 _

2193 3983 2370 4024 scaevo
2397 3971 2648 4039 evetnplo
2677 3970 2742 4024 ad
2794 3973 3092 4042 regendam
3136 3973 3399 4030 Ecclesia:
3439 3974 3788 4047 disciplinam

2194 4062 2485 4132 pratfectus
2505 4065 2824 4129 assumitur,
2848 4065 3004 4134 cujus
3029 4075 3242 4121 terrore
3281 4067 3514 4137 dispersi
3548 4069 3742 4124 fratres"
3767 4107 3786 4137 ,

2193 4171 2258 4212 ac
2274 4171 2369 4226 per
2395 4156 2636 4212 diversas
2667 4172 2791 4212 oras
2819 4159 3073 4213 monachi
3101 4171 3226 4214 sunt
3249 4159 3450 4230 fugati,
3487 4161 3558 4216 ita
3587 4170 3643 4215 ut
3666 4175 3788 4231 pro-

2193 4249 2387 4319 positis
2415 4248 2610 4304 edictis
2640 4248 2696 4304 in
2741 4249 2890 4305 nulla
2940 4250 3247 4306 consistere
3293 4251 3425 4308 sede
3451 4252 3784 4308 sinerentur.

2195 4341 2334 4397 Illud
2363 4357 2448 4398 me
2478 4341 2771 4397 admodum
2804 4342 3158 4412 permovebat
3184 4385 3197 4407 ,
3222 4343 3364 4413 quod
3395 4344 3790 4414 Hieronymus,

2196 4435 2277 4490 vir
2307 4436 2540 4490 maxime
2564 4434 2869 4490 catholicus
2891 4446 2947 4490 et
2991 4449 3162 4489 sat-rte
3207 4435 3344 4506 legis
3392 4438 3790 4505 peritissimus,

2117 4500 2175 4563 D
2200 4527 2488 4597 Origenem
2513 4535 2734 4582 secutus
2785 4526 2959 4594 primo
2987 4536 3232 4596 tempore
3260 4500 3597 4597 Sputabatur,
3631 4543 3795 4596 quem

2198 4634 2344 4674 nunc
2366 4617 2510 4672 idem
2534 4619 2829 4688 praecipue,
2850 4618 2936 4672 vel
2968 4619 3147 4672 omnia
3165 4617 3312 4673 illius
3335 4619 3536 4688 scripta
3567 4620 3796 4676 damna-

2201 4721 2300 4765 ret.
2317 4709 2425 4765 Ncc
2439 4725 2566 4765 vero
2579 4724 2740 4765 ausus
2756 4725 2873 4764 sum
2889 4710 2955 4764 de
2977 4723 3251 4779 quoquam
3282 4720 3488 4765 temere
3508 4709 3754 4780 iudiearc
3778 4729 3794 4776 ξ

2200 4805 2630 4878 praestantissimi
2656 4816 2832 4862 tanien
2863 4807 3034 4862 viriet
3056 4807 3359 4863 doctissimi
3389 4807 3708 4864 ferebantur
3739 4810 3796 4867 in

2203 4901 2304 4956 hoc
2316 4899 2612 4955 certamine
2624 4900 2911 4956 dissidere.
2933 4900 3040 4958 Sed
3053 4911 3230 4957 tamen
3253 4905 3369 4957 sive
3383 4901 3518 4957 illud
3535 4917 3693 4958 error
3711 4913 3798 4958 est

2195 5003 2254 5050 ut
2281 5009 2381 5065 ego
2408 4995 2586 5050 sentio
2606 5035 2623 5062 ,
2653 4995 2767 5050 sive
2795 4994 3054 5060 haeresis,
3086 5006 3148 5051 ut
3194 5005 3444 5066 putatur;
3480 5005 3586 5052 non
3618 4997 3796 5052 solum

2199 5087 2420 5156 reprimi
2451 5101 2558 5141 non
2589 5087 2762 5155 potuit
2791 5086 2975 5142 multis
3005 5087 3577 5144 animadversionibus
3609 5103 3813 5144 sacer-.

2198 5179 2417 5242 datum;
2448 5177 2543 5233 sed
2571 5193 2912 5249 nequaquam
2941 5186 3049 5234 tam
3089 5179 3198 5236 late
3237 5195 3297 5236 se
3326 5182 3594 5250 potuisset
3623 5180 3798 5236 cllum

2199 5274 2360 5338 dere,
2394 5272 2497 5326 nisi
2550 5272 2906 5328 contentione
2952 5273 3239 5328 crevisset.
3302 5273 3618 5328 Istiusmodi
3663 5287 3799 5342 ergo

2205 5366 2510 5420 turbatione
2555 5380 2677 5420 cum
2724 5364 2845 5420 veni
2876 5365 3302 5432 Alexandriam,
3345 5365 3661 5420 fluctuabat.
3717 5365 3801 5422 Me

2203 5459 2418 5530 quidem
2442 5461 2734 5528 episcopus
2763 5459 2908 5514 illius
2936 5458 3173 5514 civitatis
3197 5459 3434 5529 benigne
3479 5457 3797 5525 admodum,

2139 5560 2141 5563 '
2203 5563 2256 5606 et
2277 5552 2474 5607 melius
2503 5567 2662 5622 quam
2697 5551 2984 5622 opinabar,
3015 5551 3272 5620 excepit,
3300 5561 3358 5606 et
3397 5565 3580 5605 secum
3611 5561 3800 5606 tenere

2206 5646 2477 5702 tentavit:
2525 5645 2621 5701 sed
2673 5659 2780 5700 non
2812 5645 2914 5700 fuit
2961 5643 3177 5698 animus
3224 5643 3295 5697 ibi
3337 5643 3677 5706 consistere,
3712 5642 3808 5699 ubi

2214 5754 2421 5798 recens
2465 5737 2724 5795 fraternae
2749 5735 2917 5793 cladis
2957 5735 3206 5792 fervebat
3253 5735 3495 5794 invidia:
3549 5751 3672 5794 nam
3703 5734 3812 5793 etsi
