4194 6192
372 256 476 313 139

1802 241 1916 300 Dl-A
1926 238 2152 300 LOGUS
2189 239 2232 295 ι.

3568 229 3677 287 190

367 371 602 424 fortasse
633 367 925 422 videantur
966 377 1164 436 parere
1203 360 1481 434 episcopis
1519 359 1808 423 debuisse,
1859 372 1968 413 non
1998 358 2052 418 Α
2077 355 2244 410 Totus
2273 361 2491 422 scalper
2535 352 2591 407 in
2635 351 2905 416 lectione,
2939 358 3081 405 totus
3113 349 3168 402 in
3199 348 3350 402 libris
3396 355 3522 402 eSt:
3565 347 3675 400 non

364 460 440 514 ob
469 459 614 514 hanc
641 468 824 514 tamen
870 469 1088 512 causam
1143 451 1549 509 multitudinem
1604 459 1810 506 tantam
1869 447 1972 504 sub

365 551 574 608 Christi
606 549 954 606 confessione
981 549 1287 609 viventem,
1319 543 1623 616 praesertim
1662 542 1731 598 ab
1757 540 1973 611 episco-

367 642 481 714 pis,
516 642 851 715 oportuisset
879 638 1062 709 affligi.

445 773 586 835 Vill.
625 777 797 848 igitur
843 773 967 831 inde
1011 773 1330 843 digressus,
1379 767 1664 829 Bethleem
1709 763 1970 840 oppidum

371 870 530 941 petii,
563 868 707 938 quod
736 867 803 923 ab
835 865 1226 939 Hierosolymis
1257 880 1350 921 sex
1371 865 1614 920 millibus
1637 862 1970 935 disparatur,

371 965 440 1019 ab
484 961 831 1018 Alexandria
875 971 1053 1017 autem
1105 961 1344 1016 'sedecim
1392 960 1765 1015 mansionibus
1796 959 1972 1013 abest.

374 1055 680 1130 Ecel'esiam
735 1056 840 1110 loci
889 1055 1037 1110 illius
1066 1047 1428 1126 Hieronymus
1467 1045 1755 1125 presbyter
1785 1051 1923 1122 regit
1957 1069 1971 1106 :

374 1161 496 1206 nam
529 1151 786 1221 parochia
811 1158 901 1206 ‘est
928 1149 1189 1221 episcOpi,
1218 1151 1307 1220 qui
1335 1148 1770 1219 Hierosolymam
1802 1151 1971 1202 tenet.

377 1239 501 1301 Mihi
528 1245 638 1315 jam
673 1244 884 1315 pridem
908 1237 1272 1316 Hieronymus
1299 1242 1583 1312 superiore
1613 1242 1698 1298 illa
1736 1256 1852 1295 mea
1883 1255 1976 1309 pe-

375 1339 747 1411 regrinatione
772 1343 1088 1408 compertus
1114 1336 1272 1391 facile
1316 1335 1655 1398 obtinuerat,
1688 1343 1743 1388 ttt
1769 1333 1974 1388 nullum

375 1419 509 1487 mihi
540 1419 910 1499 expetendum
941 1431 1148 1485 rectius
1175 1427 1476 1484 arbitrarer
1509 1446 1524 1484 :
1557 1428 1639 1483 vir
1665 1428 1807 1484 enim
1839 1443 1976 1497 prae-

376 1532 460 1580 ter
497 1522 623 1578 fidei
673 1523 930 1577 meritum
981 1521 1276 1591 dotemque
1323 1520 1607 1588 'virtutUm,
1639 1535 1745 1575 non
1794 1518 1974 1574 solum

377 1615 583 1672 Latinis
610 1619 772 1686 atque
798 1605 1030 1680 Graecis,
1061 1613 1157 1670 sed
1190 1624 1245 1668 et
1274 1613 1520 1668 Hebraeis
1541 1616 1702 1668 etiam
1731 1613 1802 1666 ita
1836 1599 1978 1667 litte-

375 1709 452 1765 ris
477 1705 760 1764 institutus
809 1719 927 1776 est,
960 1717 1015 1764 ut
1045 1721 1104 1764 se
1131 1708 1210 1763 illi
1256 1709 1308 1762 in
1342 1709 1490 1762 omni
1540 1709 1763 1762 scientia
1816 1721 1977 1761 nemo

376 1795 572 1858 audeat
601 1815 943 1872 comparare.
973 1790 1139 1857 Miror
1167 1793 1370 1866 autem,
1403 1801 1446 1856 si
1473 1817 1582 1855 non
1614 1809 1666 1856 et
1696 1799 1850 1856 vobis
1880 1816 1978 1870 per

377 1897 543 1950 multa
592 1910 714 1966 qua
762 1895 984 1965 scripsit
1027 1909 1193 1964 Opera
1238 1900 1555 1963 compertus
1583 1902 1697 1959 est,
1727 1909 1850 1947 cum
1883 1908 1978 1963 per

379 1996 550 2043 tetum
583 1977 774 2043 orbem
821 1981 1052 2057 legatur.
1095 1985 1266 2042 Nobis
1317 2002 1482 2055 vero,
1535 1981 1720 2043 Gallus
1763 1986 1974 2057 inquit,

380 2083 607 2138 nimium
657 2083 997 2152 nimiumque
1049 2089 1358 2152 compertus
1407 2090 1487 2136 est
1519 2095 1532 2134 :
1567 2083 1688 2134 nam
1718 2087 1842 2134 ante
1876 2079 1978 2134 hoc

382 2177 805 2248 quinquennium
839 2177 1127 2248 quemdam
1155 2175 1304 2231 illius
1334 2176 1574 2231 libellum
1609 2175 1734 2246 legi,
1769 2174 1822 2230 in
1869 2187 1979 2246 quo

385 2280 500 2325 tota
527 2275 832 2324 nostrorum
884 2269 1034 2324 natio
1065 2269 1455 2324 monachorum
1487 2269 1555 2324 ab
1583 2284 1649 2324 eo
1682 2267 1980 2323 vehemen-

381 2364 593 2419 tissime
620 2368 845 2418 vexat‘nr
870 2373 925 2419 et
953 2364 1225 2434 carpitur;
1256 2363 1400 2418 unde
1425 2363 1696 2418 interdum
1728 2362 1980 2434 Belgicus

386 2466 570 2515 noster
596 2457 754 2513 valde
785 2459 940 2513 irasci
975 2457 1136 2526 solet,
1167 2456 1309 2528 quod
1343 2457 1561 2527 dixerit,
1591 2473 1688 2513 nos
1713 2473 1884 2528 usque
1911 2448 1979 2513 ad

388 2553 652 2607 vomitum
685 2553 862 2607 solere
891 2552 1098 2608 satiari.
1127 2552 1240 2624 Ego
1270 2562 1450 2608 autem
1483 2553 1561 2607 illi
1588 2553 1702 2608 viro
1731 2553 1976 2623 ignosco;

388 2651 548 2716 atque
575 2646 648 2700 ita
679 2647 885 2712 sentio,
919 2643 986 2700 de
1014 2644 1369 2701 orientalibus
1402 2643 1553 2702 illum
1585 2646 1764 2717 potius
1793 2661 1983 2699 mona-

389 2735 510 2793 chis
536 2743 696 2808 quam
743 2731 809 2793 de
841 2737 1275 2794 ocCidentalibus
1301 2738 1611 2809 disputasse
1649 2757 1661 2793 :
1694 2754 1817 2792 nam
1850 2736 1979 2792 eda-

391 2832 519 2887 ('ilas
549 2831 603 2887 in
631 2829 843 2888 Graecis
870 2833 989 2904 gula
1019 2844 1123 2898 est,
1159 2832 1212 2886 in
1246 2831 1415 2888 Gallis
1445 2842 1655 2887 natura.
1690 2817 1825 2886 Tum
1856 2846 1978 2901 ego,

389 2917 751 2992 Scholastice,
783 2909 1028 2996 inqualit,
1062 2926 1239 2988 Galle,
1275 2925 1525 2981 defendis
1547 2936 1761 2997 gentem
1798 2939 1979 2991 tuam;

394 3018 488 3072 sed
517 3035 697 3088 quazso
731 3029 812 3084 te,
847 3018 987 3072 liber
1016 3019 1121 3074 iste
1151 3019 1408 3090 numquid
1452 3019 1555 3074 hoc
1583 3020 1758 3074 solum
1788 3019 1979 3073 vitium

394 3111 608 3167 damnat
636 3113 689 3166 in
740 3111 1063 3166 monachis?
1107 3095 1278 3164 immo
1308 3127 1461 3177 vero,
1495 3102 1691 3184 inquii,
1727 3111 1860 3166 nihil
1891 3126 1984 3181 pe-
2009 3139 2052 3198 ρ

394 3199 534 3260 nitus
579 3205 793 3270 ouiisit,
825 3199 968 3275 quod
1004 3221 1109 3258 non
1141 3215 1426 3274 carperet,
1462 3205 1762 3271 laceraret,
1813 3220 1982 3275 expo-

395 3310 544 3352 neret
578 3317 588 3348 :
628 3299 897 3368 prmcipue
945 3297 1268 3360 avaritiam,
1306 3312 1405 3352 nec
1457 3297 1634 3352 minus
1682 3298 1978 3352 vanitatem

390 3389 693 3443 insectatus
723 3400 824 3443 est.
858 3375 1022 3442 Multa
1049 3388 1114 3443 de
1143 3377 1394 3458 superbia
1418 3431 1431 3454 ,
1469 3406 1571 3443 non
1604 3406 1767 3458 pauca
1799 3391 1866 3445 de
1894 3407 1983 3443 stt-

393 3480 716 3551 perstitione
763 3479 1038 3536 disseruit.
1089 3469 1228 3536 Vere
1274 3479 1507 3550 fatebor,
1558 3483 1798 3552 pinxisse
1848 3471 1982 3538 mihi

393 3571 610 3630 videtur
642 3573 762 3630 Vitia
798 3577 1108 3630 multorum.

461 3688 554 3744 IX.
598 3687 865 3745 Caeterum
893 3691 961 3746 de
989 3692 1451 3748 familiaritatibus
1477 3692 1744 3763 virginum
1781 3699 1836 3746 et
1868 3708 1984 3745 mn-

391 3786 726 3849 nachornm,
779 3795 941 3854 atque
987 3785 1152 3840 etiam
1197 3785 1560 3851 clericorum,
1607 3800 1765 3854 quam
1813 3799 1982 3849 vera,

389 3890 547 3944 quam
594 3873 755 3930 fortia
811 3877 1141 3946 disputavit!
1175 3877 1318 3933 unde
1358 3893 1388 3932 a
1435 3877 1760 3949 quibusdam
1788 3920 1803 3946 ,
1844 3892 1983 3948 quos

394 3968 673 4024 nominare
703 3971 861 4037 nolo,
892 3972 1090 4028 dicitur
1123 3990 1232 4027 non
1265 3974 1437 4028 amari
1467 3991 1480 4028 :
1515 3989 1637 4028 nam
1679 3974 1821 4029 sicut
1865 3974 1985 4029 Bel.

391 4063 540 4131 gicus
568 4075 754 4120 noster
781 4066 1056 4132 irascitur,
1089 4068 1373 4123 edacitatis
1405 4067 1585 4123 nimiae
1614 4083 1715 4123 nos
1742 4077 1982 4134 notatos,

391 4158 460 4210 ita
492 4158 565 4212 illi
596 4160 830 4214 fremere
856 4160 1131 4226 dicuntur,
1157 4176 1280 4216 cum
1312 4161 1384 4231 in
1433 4162 1526 4216 illo
1560 4162 1826 4231 opusculo
1851 4160 1986 4215 scri-

393 4261 536 4315 ptum
589 4252 822 4321 legunt:
870 4251 1132 4308 Ctelibem
1163 4255 1378 4325 spernit
1424 4255 1578 4325 virgo
1623 4268 1979 4324 germanum,

392 4343 612 4400 fratrem
659 4348 858 4416 qua-rit
903 4359 1243 4404 extraneum.
1271 4347 1354 4404 Ad
1390 4349 1506 4404 haec
1545 4364 1678 4420 ego,
1707 4348 1980 4414 Nimium,

390 4437 640 4508 inquam,
670 4438 846 4506 Galle,
891 4439 1241 4511 progrederis
1271 4460 1284 4497 :
1316 4456 1448 4496 cave
1472 4455 1543 4496 ne
1572 4453 1625 4495 et
1659 4451 1710 4496 te
1751 4440 1976 4510 aliquis,

389 4531 479 4598 qui
509 4529 626 4586 haec
653 4531 901 4588 fortassis
930 4534 1202 4604 agnoscit,
1229 4534 1505 4600 exaudiat,
1533 4543 1699 4605 teque
1722 4551 1831 4590 una
1860 4541 1981 4590 cum
2008 4517 2061 4589 Ῑ)

393 4618 718 4694 Hieronymo
746 4625 970 4694 incipiat
999 4640 1106 4680 non
1149 4640 1355 4680 amare.
1384 4625 1517 4680 Nam
1546 4627 1668 4696 quia
1696 4625 1988 4681 scholasti-

392 4728 488 4770 cus
517 4731 598 4780 es,
625 4733 732 4772 non
763 4717 1032 4774 immerito
1058 4726 1110 4774 te
1137 4734 1301 4775 versu
1345 4718 1553 4774 Comici
1604 4719 1751 4774 illius
1797 4719 1986 4775 admo-

391 4809 568 4865 nebo:
600 4810 938 4884 Obsequium
967 4815 1196 4881 amicos,
1230 4815 1433 4870 veritas
1461 4815 1643 4870 odium
1676 4816 1834 4886 parit.
1870 4814 1984 4869 Tua

389 4901 544 4956 nobis
586 4904 801 4974 potius,
861 4915 922 4961 ut
957 4921 1236 4976 coeperas,
1282 4906 1654 4976 Postumiane,
1709 4915 1988 4976 repetatur

389 4995 672 5051 orientalis
698 4997 896 5054 oratio.
932 4997 1067 5068 Ego,
1098 4999 1296 5068 inquit,
1320 5007 1380 5054 ut
1405 4999 1591 5055 dicere
1615 5001 1979 5066 institueram,

388 5088 527 5157 apud
559 5089 948 5161 Hieronymum
990 5108 1084 5147 sex
1124 5094 1405 5149 mensibus
1434 5094 1508 5148 fui
1541 5111 1553 5147 :
1583 5093 1671 5148 cui
1694 5094 1840 5163 jngis
1891 5094 1986 5148 ad-

387 5195 604 5238 versum
645 5184 821 5239 malos
867 5200 1040 5256 pugna
1075 5198 1511 5259 perpetuumque
1539 5197 1816 5244 certamen
1849 5201 1982 5242 cou-

389 5278 514 5334 civit
545 5278 672 5334 odia
703 5279 1063 5352 perditorum.
1097 5282 1340 5338 Oderunt
1378 5297 1502 5337 eum
1543 5282 1826 5345 haeretici,
1860 5282 1984 5351 quia

389 5385 482 5425 eos
532 5373 852 5443 impugnare
902 5389 1008 5430 non
1058 5373 1558 5430 desinitzoderunt
1614 5373 1983 5444 clerici,quia

387 5463 548 5517 vitam
581 5479 768 5519 eorum
796 5465 1094 5521 insectatur
1120 5477 1174 5521 et
1215 5466 1466 5522 erimina.
1513 5465 1622 5522 Sed
1651 5465 1812 5534 plane
1854 5480 1978 5521 eum

389 5553 513 5607 boni
560 5571 753 5612 omnes
801 5556 1142 5613 admirantur
1183 5567 1238 5612 et
1261 5556 1534 5626 diligunt:
1571 5570 1692 5611 nam
1723 5557 1813 5626 qui
1853 5572 1977 5612 eum

387 5644 704 5705 haereticum
747 5665 870 5707 esse
900 5651 1278 5719 arbitrantur,
1307 5651 1607 5708 insaniunt.
1641 5650 1782 5707 Vere
1827 5652 1983 5706 dixe-

386 5738 510 5806 rim,
539 5740 810 5799 catholica
848 5741 1090 5802 hominis
1129 5745 1356 5802 scientia
1380 5786 1394 5812 ,
1436 5759 1564 5801 sana
1596 5744 1846 5802 doctrina
1874 5751 1978 5802 est.

2072 449 2180 512 die,
2213 463 2318 503 non
2343 459 2508 505 nocte
2529 445 2823 519 requiescit
2851 461 2865 510 ;
2892 453 2987 498 aut
3035 442 3164 512 legit
3193 439 3397 509 aliquid
3442 453 3677 508 semper,

2072 551 2164 597 aut
2191 542 2400 597 scribit.
2441 541 2598 611 Quod
2643 539 2750 595 nisi
2783 536 2914 591 mihi
2959 534 3158 589 fuisset
3197 535 3365 586 fixum
3407 531 3591 584 animo
3624 539 3682 585 et

2075 638 2439 706 promissum,
2488 635 2598 688 Deo
2628 642 2788 698 teste,
2835 628 3170 699 propositam
3213 639 3456 679 eremum
3491 623 3676 691 adire,

2074 727 2158 782 vel
2181 727 2364 796 exigui
2395 725 2659 795 temporis
2695 731 2954 793 punctum
2998 733 3027 772 a
3072 726 3222 774 tanto
3247 718 3365 771 viro
3387 715 3676 770 discedere

2074 819 2388 874 noluissem.
2423 818 2559 873 Huic
2589 833 2722 886 ergo
2752 814 2967 869 traditis
2997 821 3160 883 atque
3205 810 3526 866 commissis
3557 824 3678 863 om-

2076 913 2237 968 nibus
2262 913 2419 976 meis,
2458 912 2717 982 omnique
2745 909 2972 971 familia,
3003 922 3122 976 qum
3149 921 3236 959 me
3266 915 3460 959 contra
3491 903 3680 958 volun-

2077 1014 2240 1063 tatem
2281 1006 2446 1062 animi
2487 1006 2590 1060 mei
2621 1012 2806 1059 secuta
2836 1001 3069 1058 tenebat
3096 999 3444 1068 implicitum,
3474 1011 3682 1053 exone-

2075 1107 2224 1153 ratus
2247 1096 2651 1169 quodammndo
2679 1095 2829 1166 gravi
2862 1093 3007 1147 fasce
3039 1091 3260 1162 penitus
3291 1105 3355 1144 ac
3399 1089 3558 1154 liber,
3592 1104 3680 1144 re-

2074 1207 2294 1262 gressus
2343 1191 2766 1254 Alexandriam,
2827 1186 3064 1242 visitatis
3126 1185 3198 1238 ibi
3251 1183 3553 1250 fratribus,
3610 1184 3678 1238 ad

2073 1287 2415 1357 superiorem
2476 1286 2605 1339 inde
2663 1281 3044 1344 Thebaidam,
3094 1278 3143 1332 id
3193 1287 3276 1331 est
3333 1279 3397 1332 ad
3454 1277 3677 1348 Egypti

2077 1390 2320 1435 extrema
2364 1379 2645 1434 contendi.
2695 1375 2772 1430 lbi
2815 1375 2958 1429 enim
3006 1383 3177 1428 vasta)
3219 1373 3462 1443 patentis
3509 1371 3681 1426 eremi

2076 1472 2401 1530 solitudines
2434 1471 2728 1542 plurimum
2767 1467 3088 1524 ferebantur
3133 1466 3335 1520 habere
3381 1463 3682 1518 monacho-

2078 1577 2220 1620 rum.
2267 1564 2512 1634 Longum
2562 1573 2675 1626 est,
2725 1563 2771 1616 si
2805 1561 2987 1615 omnia
3035 1561 3249 1629 cupiam
3301 1556 3516 1612 referre
3562 1563 3682 1626 quae

2080 1656 2187 1712 vidi
2215 1673 2227 1710 :
2261 1665 2439 1710 tamen
2467 1669 2635 1726 pauca
2671 1652 3032 1722 perstringam
3062 1666 3093 1706 e
3121 1650 3391 1719 pluribus.

2009 1753 2055 1812 B
2152 1748 2221 1803 X.
2266 1748 2419 1802 Haud
2456 1747 2616 1818 longe
2657 1747 2728 1801 ab
2766 1761 2992 1810 eremo,
3038 1746 3288 1813 contigua
3343 1741 3462 1796 Nilo
3511 1741 3678 1796 multa

2082 1849 2211 1897 sunt
2240 1841 2586 1896 monasteria.
2624 1840 2875 1894 Habitant
2907 1852 3014 1892 uno
3053 1838 3175 1891 loco
3210 1837 3527 1906 plerumque
3552 1849 3682 1890 cen-

2080 1935 2190 1990 teni
2222 1933 2458 2004 :quibns
2490 1945 2767 1987 summum
2810 1932 2898 2000 jus
2927 1939 3050 1994 est,
3077 1931 3180 1982 sub
3208 1929 3416 1982 abbatis
3456 1927 3684 1997 imperio

2082 2031 2288 2095 vivere,
2323 2029 2453 2082 ttiilil
2487 2027 2715 2082 arbitrio
2751 2040 2849 2080 suo
2881 2039 3065 2095 agere,
3106 2038 3203 2092 per
3249 2021 3430 2076 omnia
3476 2022 3542 2075 ad
3582 2036 3686 2075 nu-

2083 2131 2194 2179 tum
2244 2122 2391 2177 illius
2438 2127 2876 2190 potestatemque
2912 2115 3168 2186 pendere.
3224 2114 3304 2168 Ex
3360 2113 3481 2179 his,
3514 2112 3559 2167 si
3591 2113 3684 2183 qui

2082 2215 2344 2284 majorem
2372 2214 2622 2267 virtutem
2651 2221 2836 2265 mente
2861 2209 3244 2278 conceperint,
3277 2217 3335 2261 ut
3365 2194 3537 2261 acturi
3587 2221 3679 2261 so-

2083 2310 2316 2364 litariam
2343 2308 2507 2362 vitam
2556 2321 2614 2360 se
2650 2306 2718 2359 ad
2763 2315 3007 2359 eremum
3038 2301 3364 2368 conferant,
3418 2317 3523 2355 non
3576 2301 3681 2356 nisi

2081 2403 2428 2473 permittente
2474 2398 2670 2454 abbate
2706 2397 3012 2452 discedunt.
3070 2397 3196 2450 Haec
3227 2396 3442 2449 illorum
3501 2397 3674 2466 prima

2084 2498 2253 2551 virtus
2279 2507 2395 2559 est,
2429 2509 2625 2561 parere
2669 2492 2847 2546 alieno
2903 2491 3152 2559 imperio.
3208 2489 3588 2558 Transgressis
3613 2485 3682 2542 ad

2082 2601 2358 2651 eremum,
2392 2585 2602 2641 abbatis
2643 2584 2787 2637 illius
2839 2583 3184 2637 ordinatione
3214 2583 3366 2651 panis
3395 2581 3480 2634 vel
3524 2581 3684 2650 quili-

2085 2680 2174 2735 bet
2200 2679 2352 2733 cibus
2378 2677 2515 2730 alius
2533 2675 2890 2730 ministratur.
2920 2674 3057 2730 Casu
3085 2689 3182 2743 per
3205 2673 3322 2727 illos
3349 2673 3464 2727 dies
3484 2674 3684 2743 quibus

2080 2769 2175 2825 illo
2203 2768 2545 2827 adveneram,
2580 2765 2795 2819 cuidam
2824 2764 2914 2833 qui
2946 2778 3118 2832 nuper
3140 2763 3206 2816 ad
3235 2777 3476 2816 eremum
3501 2774 3682 2815 seces-

2083 2872 2260 2925 serat,
2297 2874 2473 2930 neque
2501 2858 2734 2926 amplius
2763 2857 2831 2909 ah
2878 2855 2981 2910 hoc
3030 2857 3362 2909 monasterio
3391 2869 3546 2920 quam
3581 2869 3678 2908 sex

2086 2955 2326 3010 millibus
2348 2952 2753 3008 tabernaculum
2777 2949 2881 3004 sibi
2903 2949 3278 3012 constituerat,
3307 2963 3499 3016 panem
3517 2947 3682 3000 abbas

2088 3066 2184 3120 per
2227 3049 2364 3103 duos
2396 3060 2594 3116 pueros
2649 3045 2898 3108 miserat,
2944 3057 3172 3112 quorum
3232 3040 3410 3110 major
3448 3039 3685 3094 habebat

2087 3144 2265 3196 a'tatis
2295 3154 2466 3196 annos
2509 3137 2850 3208 quindecim,
2903 3137 3082 3189 minor
3123 3133 3496 3188 duodecennis
3541 3141 3680 3187 erat.

2088 3237 2183 3292 llis
2223 3251 2352 3305 ergo
2384 3233 2508 3287 inde
2533 3231 2887 3286 redeuntibus
2913 3230 3062 3298 aspis
3094 3228 3246 3282 mine
3295 3223 3683 3296 magnitudinis

2087 3331 2140 3381 fit
2167 3328 2404 3391 obviam,
2458 3324 2614 3393 cujus
2660 3337 2888 3376 occursu
2923 3321 3052 3374 nihil
3083 3320 3394 3388 perterriti;
3433 3319 3522 3372 ubi
3554 3329 3686 3372 ante

2087 3421 2250 3491 pedes
2278 3433 2464 3475 eorum
2500 3417 2679 3482 venit,
2706 3415 2861 3486 quasi
2890 3415 3161 3467 incantata
3191 3412 3546 3475 Carminibus,
3577 3426 3684 3464 cac-

2085 3514 2200 3569 rnla
2238 3512 2378 3568 colla
2419 3511 2689 3577 deposuit.
2716 3511 2890 3564 Minor
2911 3525 2940 3561 e
2971 3508 3156 3576 pueris
3188 3521 3349 3560 manu
3377 3505 3684 3574 apprehen-

2084 3620 2200 3661 sam
2225 3619 2288 3658 ac
2321 3602 2490 3672 pallio
2519 3603 2815 3656 involutam
2845 3601 2985 3654 ferre
3012 3602 3179 3669 coepit
3204 3617 3216 3652 :
3248 3599 3445 3653 deinde
3469 3611 3687 3651 monas-

2086 3696 2281 3764 terium
2313 3693 2464 3761 quasi
2493 3694 2664 3746 victor
2697 3692 2975 3761 ingressus
3007 3691 3057 3743 in
3091 3704 3372 3744 occursum
3417 3689 3678 3753 fratrum,

2084 3786 2510 3858 inspectantibus
2549 3784 2790 3849 cunctis,
2831 3785 3099 3853 captivam
3153 3783 3378 3835 bestiam
3431 3781 3672 3834 resoluto

2088 3882 2250 3952 pallio
2279 3897 2384 3936 non
2414 3879 2826 3949 sinejactantiae
2856 3889 3066 3931 tumore
3096 3876 3368 3944 deposuit.
3413 3873 3521 3928 Sed
3553 3887 3674 3927 cum

2086 3977 2369 4031 infantium
2399 3975 2560 4029 fidam
2593 3981 2754 4042 atque
2781 3973 3030 4025 virtutem
3055 3969 3238 4024 cmteri
3272 3967 3628 4037 praedicarent
3655 4011 3670 4034 ,

2085 4070 2254 4124 abbas
2283 4068 2374 4123 ille
2406 4067 2585 4122 altiori
2614 4065 2847 4120 consilio
2873 4105 2886 4128 ,
2923 4080 2990 4117 ne
3031 4063 3241 4116 infirma
3287 4065 3418 4115 a'tas
3447 4060 3680 4114 insoles-

2085 4170 2271 4226 ceret,
2305 4160 2471 4230 virgis
2504 4169 2790 4227 utrumque
2819 4155 3188 4226 compescuit,
3225 4157 3450 4209 multum
3497 4153 3684 4222 objur-

2083 4264 2241 4328 gatos
2261 4295 2273 4317 .
2297 4272 2394 4310 cur
2422 4256 2520 4326 ipsi
2543 4255 2684 4325 quod
2706 4269 2798 4322 per
2811 4268 2907 4309 eos
2930 4253 3186 4307 Dominus
3201 4260 3460 4321 operatus
3483 4249 3678 4312 fuerat,

2088 4350 2459 4421 prodidissent
2488 4367 2500 4403 :
2529 4349 2646 4418 ejus
2673 4347 2802 4403 illud
2851 4363 2956 4401 non
2996 4361 3108 4402 suae
3137 4347 3258 4401 fidei
3282 4388 3296 4409 ,
3349 4344 3445 4400 sed
3484 4344 3681 4398 divinae

2085 4445 2254 4501 fuisse
2280 4445 2528 4500 virtutis:
2583 4443 2858 4498 discerent
2889 4443 3096 4512 potius,
3136 4441 3245 4495 Deo
3273 4443 3325 4493 in
3378 4439 3682 4493 littinilitate

2087 4539 2324 4606 servire,
2379 4553 2486 4592 non
2533 4537 2585 4590 in
2629 4535 2798 4605 signis
2843 4545 2897 4589 et
2941 4535 3230 4589 virtutibus
3268 4533 3526 4604 gloriari:
3558 4532 3680 4601 quia

2085 4632 2279 4686 melior
2313 4640 2459 4686 esset
2489 4628 2821 4684 infirmitatis
2873 4627 3200 4682 conscientia
3232 4625 3496 4679 virtutum
3529 4623 3682 4678 vani-

2087 4732 2218 4779 tate.

2159 4816 2251 4870 XI.
2294 4815 2408 4869 lloc
2436 4813 2524 4867 tibi
2558 4813 2653 4868 ille
2683 4811 2983 4866 monachus
3004 4809 3239 4873 audivit,
3266 4816 3318 4861 et
3345 4805 3681 4877 periclitatus

2084 4909 2384 4965 infantulos
2404 4908 2672 4976 serpentis
2703 4920 2932 4961 occursu
2952 4945 2964 4966 .
3001 4911 3054 4957 rt
3083 4904 3227 4972 ipsos
3253 4902 3481 4969 insuper
3513 4900 3677 4953 multa

2085 5002 2312 5058 verbera
2340 5002 2482 5054 victo
2508 5011 2761 5068 serpente
2793 4998 3090 5060 meruisse;
3121 4997 3367 5048 abbatem
3393 4994 3640 5047 obsecrat
3666 5033 3682 5057 ,

2084 5111 2154 5150 ne
2183 5095 2283 5149 sibi
2321 5101 2442 5164 post
2471 5092 2588 5146 haec
2613 5089 2766 5161 panis
2807 5090 2947 5143 nllus
2979 5097 3069 5141 aut
3092 5088 3250 5142 cibus
3273 5085 3468 5154 aliquis
3501 5085 3682 5138 mitte--

2087 5195 2256 5240 retttr.
2291 5183 2518 5253 Jamque
2549 5195 2773 5236 octavus
2804 5181 2919 5235 dies
2949 5179 3122 5234 fuerat
3154 5192 3442 5240 emensus,
3473 5191 3581 5245 quo
3621 5189 3681 5227 se

2089 5281 2249 5334 homo
2275 5278 2478 5332 Christi
2512 5278 2650 5331 intra
2688 5277 2982 5345 periculum
3034 5276 3191 5330 famis
3233 5277 3346 5344 ipse
3386 5274 3672 5328 concluse-

2088 5383 2205 5428 rat:
2251 5373 2481 5427 arebant
2504 5371 2743 5425 membra
2779 5369 3022 5439 jejunio,
3078 5368 3171 5422 sed
3233 5367 3469 5420 deficere
3520 5377 3674 5415 mens

2086 5470 2226 5526 etelo
2250 5470 2454 5523 intenta
2484 5482 2590 5521 non
2621 5473 2874 5536 poterat:
2901 5477 3097 5534 corpus
3124 5462 3304 5516 inedia
3352 5453 3630 5512 fatiscebat
3661 5495 3675 5518 ,

2087 5563 2222 5618 ﬁdes
2243 5562 2399 5615 firma
2429 5559 2695 5614 durabat:
2728 5573 2849 5613 cum
2911 5557 3125 5610 interim
3174 5552 3482 5606 admonitus
3506 5548 3676 5602 abbas

2087 5657 2178 5712 ille
2201 5671 2300 5726 per
2328 5655 2609 5724 spiritum,
2641 5663 2699 5708 ut
2725 5651 3053 5721 discipulum
3083 5646 3354 5709 visitarel;
3405 5645 3490 5712 pia
3525 5642 3679 5697 solli-

2099 5746 2339 5803 citudine
2369 5759 2702 5818 cognoscere
2721 5745 2952 5815 cupiens
2971 5783 2984 5810 ,
3009 5755 3110 5812 qua
3132 5739 3256 5794 vitae
3283 5735 3585 5793 substantia
3604 5735 3684 5792 vir
