4172 6182
448 198 547 259 191

1799 201 2092 259 SULPlCll
2133 201 2388 262 SEVERI

3645 199 3749 256 199.

444 313 623 372 ﬁdelis
651 316 913 385 aleretur,
938 317 1030 388 qui
1056 315 1350 372 ministrari
1381 315 1484 371 sibi
1517 332 1707 384 panem
1735 319 1803 371 ab
1828 317 2047 375 homine
2073 324 2128 384 Α
2150 336 2180 376 e
2211 319 2466 377 fratribus
2510 319 2737 386 ducem,
2782 319 3026 373 locorum
3068 316 3303 387 peritum
3332 315 3352 386 )
3397 316 3746 386 pervenimus

444 411 735 478 noluisset,
772 410 839 466 ad
861 410 1246 480 requirendum
1269 408 1522 480 eumipse
1539 409 1921 479 proﬁciscitur.
1956 411 2048 467 Ille

448 503 544 559 ubi
577 506 792 559 eminus
823 518 1008 558 senem
1041 503 1233 557 venire
1258 502 1581 571 conspexit,
1637 505 1909 571 occurrit,
1941 505 2053 574 agit

446 595 688 666 gratias,
722 594 872 650 ducit
915 594 982 649 ad
1029 594 1308 650 cellulam.
1365 594 1501 650 Cum
1549 596 1780 668 ingressi
1851 597 2052 667 pariter

448 689 643 754 ambo,
669 689 1016 758 conspiciunt
1045 688 1351 758 palmiciam
1387 701 1627 759 sportam
1652 733 1666 757 ,
1705 692 1882 746 calido
1914 708 2053 763 pane

445 787 795 850 congestam,
847 779 1055 835 foribus
1085 779 1304 834 afﬁxam
1355 781 1424 835 de
1450 791 1603 850 poste
1650 784 1910 850 pendere.
1974 785 2054 839 Ac

447 872 687 945 primum
719 871 880 927 calidi
913 874 1069 942 panis
1099 873 1237 927 odor
1268 877 1508 931 sentitur
1538 891 1550 928 :
1587 883 1732 930 tactu
1762 893 1891 932 vero
1919 893 1980 932 ac
2007 879 2055 933 si

451 975 577 1021 ante
601 966 883 1036 paululum
913 967 1049 1021 focis
1071 976 1218 1022 esset
1245 977 1469 1038 ereptus
1494 1011 1508 1033 ,
1535 971 1861 1026 ostenditur.
1890 971 2055 1044 1Egy-

453 1059 553 1131 ptii
589 1069 771 1116 tamen
800 1060 954 1130 panis
976 1059 1153 1115 forma
1209 1077 1316 1114 non
1370 1062 1636 1116 cernitur.
1683 1063 2054 1133 Obstupefacti

451 1152 616 1208 ambo
639 1167 838 1209 munus
870 1153 1092 1209 caeleste
1113 1164 1484 1223 cognoscunt:
1516 1171 1638 1209 cum
1671 1156 1763 1210 ille
1809 1157 1912 1212 hoc
1963 1158 2058 1212 ab-

453 1246 596 1303 batis
623 1246 882 1301 adventui
908 1246 1209 1316 praestitum
1238 1245 1502 1302 fateretur
1521 1291 1534 1314 ,
1567 1249 1736 1303 abbas
1759 1265 1888 1303 vero
1913 1251 2058 1305 illius

454 1337 583 1394 ﬁdei
615 1354 677 1392 ac
709 1338 894 1392 virtuti
919 1339 969 1393 id
992 1338 1177 1410 potius
1209 1339 1548 1404 ascriberet;
1609 1341 1679 1394 ita
1708 1341 1868 1396 ambo
1892 1321 2083 1398 crete;

456 1439 600 1487 stem
689 1447 883 1499 panem
939 1447 1062 1486 cum
1118 1432 1289 1486 multa
1339 1434 1708 1488 exsultatione
1757 1435 2056 1505 fregerunt.

459 1520 610 1590 Quod
644 1536 764 1576 cum
795 1537 965 1577 senex
992 1522 1060 1577 ad
1080 1523 1472 1578 monasterium
1507 1533 1632 1593 post
1656 1541 1934 1595 regressus
1955 1528 2063 1581 fra-

461 1613 637 1668 tribus
667 1614 978 1679 retulisset,
1029 1623 1207 1668 tantus
1253 1616 1492 1670 omnium
1548 1618 1867 1672 incenderat
1900 1621 2063 1674 ardor

2149 414 2215 469 ad
2253 414 2543 484 quemdum
2586 428 2774 468 senem
2810 410 3135 466 monachum
3169 411 3270 464 sub
3313 409 3499 464 radice
3547 409 3746 464 montis

2148 505 2508 560 habitantem.
2540 505 2614 559 lbi
2640 547 2654 570 ,
2686 505 2827 574 quod
2853 505 2905 558 in
2935 504 3044 557 illis
3084 504 3218 557 locis
3243 502 3584 557 rarissimum
3619 512 3742 570 est,

2150 609 2345 670 puteus
2371 610 2508 655 erat.
2541 600 2740 654 Bovem
2771 615 2936 652 unum
2967 597 3237 663 habebat,
3287 597 3442 665 cujus
3497 596 3585 651 hic
3629 607 3748 650 erat

2152 703 2299 749 totus
2329 695 2504 758 labor,
2549 694 2777 762 impulsa
2824 692 2982 746 rotali
3026 690 3278 744 machina
3321 705 3516 760 aquam
3549 689 3750 756 produ-

2152 801 2309 842 cere:
2345 801 2467 839 uam
2502 784 2614 840 fere
2637 785 2786 838 mille
2812 794 2904 836 aut
2927 783 3160 852 amplius
3198 781 3393 851 pedum
3425 781 3748 850 profundum

2155 879 2301 947 putei
2336 877 2631 931 ferebatur.
2660 876 2857 932 Hortus
2887 875 2996 930 illic
3024 885 3140 929 erat
3171 875 3354 928 multis
3383 875 3624 929 oleribus
3648 889 3748 929 co-

2155 969 2376 1040 piosus:
2409 969 2462 1023 id
2495 968 2711 1038 quidem
2733 979 2921 1022 contra
2947 977 3195 1021 naturam
3228 966 3433 1029 eremi,
3465 966 3749 1020 ubiomnia

2156 1063 2398 1125 arentia,
2452 1071 2642 1116 exusta
2691 1060 2825 1114 solis
2875 1059 3194 1118 ardoribus,
3242 1058 3442 1112 nullius
3493 1073 3750 1125 umquam

2159 1154 2388 1208 seminis
2431 1154 2513 1207 vel
2566 1153 2818 1222 exiguam
2876 1151 3112 1206 radicem
3165 1150 3366 1204 ferunt.
3419 1149 3619 1203 Verum
3651 1150 3755 1204 hoc

2158 1257 2346 1300 sancto
2374 1244 2452 1299 illi
2483 1244 2636 1299 labor
2666 1261 2786 1300 cum
2831 1258 3027 1313 pecore
3065 1245 3376 1296 communis
3397 1282 3412 1307 ,
3453 1251 3507 1295 et
3539 1240 3757 1309 propria

2158 1340 2454 1410 przestabat
2491 1338 2760 1392 industria
2789 1355 2801 1390 :
2856 1337 3110 1406 frequens
3141 1338 3289 1391 enim
3315 1334 3557 1404 irrigatio
3590 1349 3757 1403 aqua-

2163 1446 2280 1485 rum
2313 1439 2518 1485 tantam
2546 1430 2931 1501 pinguedinem
2957 1431 3140 1484 arenis
3160 1429 3359 1493 dabat,
3394 1439 3452 1482 ut
3479 1430 3678 1482 mirum
3707 1429 3762 1484 in

2163 1525 2385 1581 modum
2410 1525 2588 1580 virere
2617 1535 2776 1595 atque
2808 1524 3132 1578 fructificare
3162 1523 3303 1576 horti
3337 1522 3482 1575 illius
3510 1523 3656 1576 olera
3683 1523 3765 1576 vi.-

2165 1617 2441 1672 dcremus.
2499 1617 2575 1671 Ex
2623 1617 2689 1670 iis
2738 1615 2902 1685 igitur
2933 1631 3041 1668 una
3067 1630 3188 1669 cum
3240 1613 3466 1667 domino
3516 1613 3613 1667 bos
3672 1613 3764 1668 ille

461 1707 708 1772 animos,
734 1715 792 1760 ut
822 1707 1070 1762 certatim
1095 1708 1161 1761 ad
1183 1723 1425 1764 cremum
1454 1718 1509 1762 et
1530 1724 1717 1764 sacras
1741 1712 2066 1768 solitudines
2096 1706 2143 1765 B
2169 1709 2427 1764 vivebat:
2465 1708 2624 1762 nobis
2651 1722 2870 1778 quoque
2902 1723 2967 1762 ex
3006 1721 3068 1760 ea
3113 1707 3269 1775 eopia
3302 1720 3512 1760 manum
3545 1717 3765 1761 sanetus

460 1799 545 1855 ire
568 1808 966 1869 properarent,
1003 1802 1238 1855 miseros
1266 1814 1323 1856 se
1366 1801 1596 1855 fatentes
1616 1842 1630 1867 ,
1661 1803 1751 1870 qui
1775 1803 1982 1857 diutius
2011 1804 2065 1858 in

462 1893 889 1964 congregatione
919 1894 1248 1960 multorum,
1276 1893 1364 1949 ubi
1389 1895 1782 1950 humanaesset
1811 1897 2066 1966 patienda

466 1985 815 2041 conversatio
835 2027 850 2048 ,
885 1985 1237 2040 resedissent.

539 2076 654 2131 Xll.
699 2077 756 2131 lu
792 2078 894 2132 hoc
918 2080 1251 2134 monasterio
1277 2080 1415 2135 duos
1447 2096 1548 2152 ego
1595 2097 1756 2138 senes
1785 2083 1928 2150 vidi,
1977 2084 2068 2153 qui

460 2170 575 2242 jam
597 2185 695 2240 per
717 2171 1072 2240 quadraginta
1103 2187 1277 2228 annos
1309 2174 1380 2228 ibi
1432 2174 1662 2244 degere,
1722 2175 1796 2229 ita
1832 2186 1888 2230 ut
1918 2193 2071 2231 num-

463 2278 626 2334 quam
661 2262 786 2318 iude
818 2264 1210 2332 discesserint,
1266 2265 1605 2322 ferebantur.
1657 2268 1896 2334 Quorum
1933 2284 2074 2339 pra:-

468 2355 730 2412 tereunda
765 2355 894 2410 mihi
927 2361 1379 2413 commemoratio
1401 2375 1506 2414 non
1530 2360 1783 2416 videtur:
1805 2362 2072 2429 siquidem

470 2447 524 2504 id
549 2448 618 2504 de
641 2463 832 2504 eorum
866 2450 1161 2505 virtutibus
1183 2495 1197 2519 ,
1258 2461 1313 2506 et
1332 2452 1545 2508 abbatis
1569 2455 1736 2523 ipsius
1762 2456 2076 2510 testimonio

479 2549 538 2597 et
581 2541 826 2596 omnium
882 2540 1111 2597 fratrum
1167 2544 1434 2600 audierim
1472 2561 1723 2602 sermone
1777 2548 2076 2613 celebrari,

474 2633 620 2704 quod
648 2650 813 2688 unum
838 2650 1026 2690 eorum
1054 2636 1138 2691 sol
1163 2653 1454 2706 numquam
1488 2633 1717 2695 vidisset
1734 2641 2075 2709 epulantem,

474 2727 707 2781 alterum
741 2727 970 2782 vidisset
1013 2729 1211 2784 iratum
1262 2747 1575 2801 numquam.
1616 2733 1698 2787 Ad
1743 2733 1861 2790 haec
1890 2735 2080 2790 Gallus

475 2833 565 2874 me
597 2820 850 2874 intuens:
899 2819 943 2875 Ο
982 2822 1028 2876 si
1053 2833 1235 2878 vester
1261 2823 1350 2878 ille
1395 2823 1556 2895 (nolo
1584 2843 1779 2882 nomen
1828 2830 2076 2900 edicere)

474 2924 622 2965 nunc
647 2911 901 2976 adesset,
935 2914 1131 2968 vellem
1158 2915 1450 2970 admodum
1481 2917 1625 2972 istud
1652 2919 1868 2975 audiret
1896 2936 2083 2976 exem-

475 3002 660 3073 plum:
688 3019 848 3073 quem
877 3005 930 3058 in
959 3007 1252 3060 multorum
1282 3023 1429 3077 saepe
1454 3011 1705 3078 personis
1735 3013 1956 3067 nimium
1988 3029 2085 3068 ex-

2166 1802 2335 1857 dedit.
2377 1802 2455 1856 lbi
2493 1802 2635 1868 vidi,
2683 1801 2829 1872 quod
2859 1817 2954 1856 vos
2983 1799 3122 1856 Galli
3162 1798 3303 1854 forte
3335 1816 3439 1853 non
3484 1800 3724 1854 credetis
3749 1842 3765 1866 ,

2167 1895 2330 1950 ollam
2361 1911 2482 1950 cum
2526 1895 2766 1950 oleribus
2817 1909 2939 1963 quae
2972 1894 3130 1948 nobis
3165 1893 3217 1946 iu
3249 1907 3458 1948 comam
3493 1908 3770 1961 pracpara-

2169 1991 2386 2053 bantur,
2439 1989 2559 2044 sine
2605 1990 2729 2058 igne
2775 1986 3031 2044 fervere:
3083 1997 3228 2040 tanta
3269 1991 3349 2040 vis
3372 1987 3506 2040 solis
3565 1996 3680 2050 est,
3709 1996 3770 2040 ut

2170 2081 2504 2150 quibuslibet
2533 2081 2723 2149 coquis
2746 2079 2910 2134 etiam
2942 2079 3009 2132 ad
3038 2078 3318 2135 Gallorum
3353 2077 3632 2146 pulmenta
3661 2075 3773 2130 suf-

2173 2173 2337 2230 ﬁciat.
2369 2172 2495 2227 Post
2523 2187 2734 2227 caenam
2763 2179 2941 2226 autem
2964 2171 3073 2240 jam
3104 2171 3402 2224 inclinante
3430 2184 3660 2238 vespera
3693 2169 3774 2222 iii-

2174 2267 2308 2321 vitat
2330 2280 2428 2319 nos
2445 2266 2510 2320 ad
2536 2265 2790 2319 arborem
2817 2264 3048 2334 palmam
3073 2306 3087 2329 ,
3117 2263 3272 2334 cujus
3296 2264 3569 2317 interdum
3600 2263 3773 2331 pomis

2173 2360 2250 2413 uti
2274 2359 2514 2424 solebat,
2547 2373 2667 2426 qua:
2693 2358 2808 2412 fere
2851 2357 3067 2410 duobus
3108 2356 3353 2409 millibus
3381 2356 3610 2410 aberat:
3646 2370 3769 2409 nam

2177 2450 2263 2505 hae
2295 2460 2505 2503 tantum
2535 2451 2585 2502 in
2619 2464 2804 2504 eremo
2827 2448 3084 2513 arbores,
3136 2448 3263 2502 licet
3295 2461 3420 2502 raro
3441 2489 3456 2514 ,
3503 2448 3770 2503 habentur

2180 2553 2382 2599 tamen.
2425 2543 2579 2611 Quod
2608 2555 2784 2597 utrum
2815 2541 2993 2596 solers
3013 2541 3310 2610 antiquitas
3355 2542 3732 2607 procuraret-it
3757 2583 3772 2607 ,

2179 2651 2249 2690 an
2277 2636 2378 2690 soli
2398 2646 2584 2690 natura
2614 2637 2826 2705 gignat,
2857 2635 3046 2703 ignoro
3079 2650 3091 2685 :
3118 2633 3221 2687 nisi
3258 2635 3302 2686 si
3350 2633 3490 2686 Deus
3515 2634 3778 2701 praescius

2184 2730 2531 2783 habitandam
2560 2729 2889 2799 quandoque
2921 2745 2948 2779 a
2974 2730 3177 2781 sanctis
3206 2741 3451 2782 eretnum
3471 2768 3486 2794 ,
3523 2728 3636 2781 haec
3663 2743 3776 2780 ser-

2183 2820 2264 2874 vis
2287 2821 2399 2875 suis
2423 2820 2727 2889 paraverit:
2758 2836 2824 2874 ex
2855 2818 3062 2888 majore
3092 2821 3237 2873 enim
3270 2827 3452 2888 parte,
3497 2820 3586 2885 qui
3635 2818 3781 2872 intra

2186 2912 2279 2966 illa
2325 2922 2530 2967 secreta
2559 2912 2896 2976 consistunt,
2937 2926 3060 2964 cum
3093 2911 3198 2964 alia
3232 2909 3306 2964 ibi
3347 2911 3591 2980 germina
3633 2909 3782 2963 nulla

2186 3007 2520 3073 succedant,
2568 3005 2792 3060 istarum
2837 3005 3090 3060 arborum
3131 3005 3307 3073 pomis
3348 3005 3588 3058 aluntur.
3641 3005 3784 3073 Ergo

483 3097 622 3164 perti
655 3111 844 3152 sumus
874 3097 1438 3156 vehementer-irasci;
1472 3103 1568 3157 sed
1595 3113 1772 3158 tamen
1792 3146 1807 3171 ,
1836 3108 1960 3175 quia
1984 3106 2085 3160 ini-
2113 3085 2158 3148 C
2191 3099 2281 3154 ubi
2310 3100 2376 3153 ad
2399 3101 2546 3154 illam
2573 3101 2636 3153 ad
2667 3115 2824 3168 quam
2852 3113 2951 3153 nos
2976 3099 3289 3152 humanitas
3335 3099 3506 3151 nostri
3551 3097 3783 3166 hospitis

484 3188 646 3244 micis
673 3193 818 3255 suis,
848 3201 1109 3259 quantum
1160 3193 1352 3258 audio,
1382 3211 1558 3264 nuper
1586 3197 1820 3267 ignovit,
1872 3201 1916 3254 si
1942 3201 2085 3255 istud

482 3280 731 3347 audiret,
784 3285 957 3352 magis
1007 3286 1290 3356 magisque
1340 3288 1617 3357 proposito
1669 3290 2088 3348 conﬁrmaretur

483 3376 774 3445 exemplo,
819 3378 1141 3446 praeclaram
1189 3396 1314 3436 esse
1357 3382 1612 3438 virtutem
1646 3385 1922 3441 iracundia
1980 3405 2086 3443 non

485 3471 715 3522 moveri.
753 3469 861 3524 Nec
893 3472 1329 3529 verointiciabor
1354 3475 1530 3546 justas
1553 3479 1630 3532 illi
1661 3494 1854 3535 causas
1885 3483 2088 3539 irarum

487 3558 657 3616 fuisse
686 3580 700 3616 :
731 3561 827 3617 srd
853 3563 941 3618 ubi
972 3565 1163 3621 durior
1181 3583 1381 3636 pugna,
1409 3569 1478 3624 ibi
1512 3570 1802 3640 gloriosior
1829 3583 1912 3628 est
1932 3591 2093 3631 coro-

491 3668 601 3710 na:
637 3655 780 3711 unde
802 3659 1092 3726 quemdam
1116 3701 1130 3724 ,
1176 3661 1220 3714 si
1265 3664 1517 3730 agnoscis
1541 3705 1555 3728 ,
1599 3679 1799 3720 censeo
1830 3667 1952 3736 jure
1980 3669 2094 3722 lau-

489 3746 768 3814 dandum,
799 3749 945 3820 quod
978 3766 1102 3805 cum
1131 3768 1254 3807 eum
1309 3754 1540 3809 libertus
1571 3757 1871 3812 deseruerit
1911 3760 2089 3829 ingra~

493 3846 581 3894 tus
601 3880 616 3904 ,
651 3842 909 3896 misertus
930 3852 1014 3897 est
1042 3844 1221 3912 potius
1247 3862 1409 3912 quam
1441 3833 1742 3902 insectatus
1773 3850 2093 3916 abeuntem;

490 3931 588 3987 sed
614 3947 791 4002 neque
818 3934 898 3986 illi
930 3935 1205 3999 irascitur,
1230 3952 1257 3988 a
1291 3953 1400 4006 quo
1423 3938 1633 3992 videtur
1660 3940 1945 3996 abducms.
1974 3944 2098 4012 'Ego

495 4029 680 4076 autem
709 4040 722 4076 :
754 4021 866 4076 Nisi
892 4023 1036 4078 istud
1080 4026 1362 4081 vincenda:
1399 4029 1691 4084 iracundia:
1720 4032 2099 4091 Postumianus

494 4113 834 4184 prodidisset
852 4117 1166 4187 exemplum
1186 4161 1200 4185 ,
1215 4120 1459 4189 graviter
1478 4123 1741 4178 irascerer
1763 4125 2101 4184 discessione

486 4205 707 4278 fugitivi
734 4226 747 4261 :
776 4210 872 4264 sed
896 4211 1020 4280 quia
1051 4211 1212 4268 irasci
1236 4228 1343 4267 non
1378 4215 1539 4280 licet,
1565 4223 1670 4270 tota
1695 4218 1926 4273 istorum
1953 4236 2102 4275 com-

493 4303 821 4357 memoratio
851 4319 973 4372 qua:
1020 4319 1120 4360 nos
1148 4309 1493 4377 compungit,
1553 4311 1820 4367 abolenda
1861 4324 1962 4369 est.
1997 4315 2098 4382 Te,

497 4393 724 4463 inquam
753 4436 768 4461 ,
802 4395 1190 4466 Postumiane,
1223 4410 1276 4454 te
1309 4404 1488 4468 potius
1513 4402 1816 4459 audiamus.
1849 4405 2096 4472 Faciam,

2189 3191 2452 3255 ducebat,
2486 3192 2734 3245 arborem
2765 3191 3146 3259 pervenimus,
3197 3190 3409 3243 leonem
3444 3189 3512 3241 ibi
3557 3187 3786 3241 offendi-

2189 3300 2343 3340 mus:
2374 3300 2483 3354 quo
2513 3284 2658 3349 viso,
2688 3300 2790 3354 ego
2811 3295 2866 3338 et
2898 3283 2991 3338 ille
3022 3283 3131 3337 dux
3167 3297 3318 3336 meus
3361 3280 3741 3336 intremuimus
3768 3297 3782 3345 ;

2191 3389 2412 3432 saueius
2442 3393 2569 3431 vero
2617 3376 2712 3431 ille
2745 3377 3124 3431 incunctanter
3168 3373 3435 3428 accessit:
3484 3389 3584 3426 uos
3612 3413 3626 3438 ,
3663 3373 3790 3426 licet

2191 3471 2426 3540 trepidi,
2455 3469 2852 3525 secutisumus.
2891 3470 3028 3524 Fcra
3077 3468 3358 3538 paululum
3411 3467 3507 3538 (ut
3536 3481 3789 3521 cerneres

2195 3561 2513 3630 imperatam
2537 3578 2568 3616 a
2593 3561 2704 3616 Deo
2729 3562 2747 3630 )
2773 3561 3018 3615 modesta
3043 3564 3273 3614 secessit
3297 3568 3349 3613 et
3377 3559 3639 3622 Constitit,
3662 3557 3792 3611 dum

2195 3653 2286 3709 ille
2327 3656 2528 3724 attigua
2577 3653 2742 3707 ramis
2785 3652 3169 3707 humilioribus
3222 3666 3380 3722 poma
3426 3650 3792 3717 decerperet:

2198 3762 2430 3818 cumque
2453 3748 2664 3816 plenam
2691 3747 2938 3816 palmulis
2966 3763 3184 3800 manum
3214 3745 3526 3807 obtulisset,
3557 3744 3796 3796 aceurrit

2200 3842 2408 3906 bestia,
2441 3841 2756 3910 accepitque
2790 3849 2896 3892 tam
2931 3839 3101 3893 libere
3140 3855 3299 3908 quam
3345 3838 3553 3891 nullum
3593 3837 3794 3889 animal

2199 3931 2558 3987 domesticum
2587 3949 2599 3983 :
2633 3942 2686 3985 et
2714 3946 2837 3984 cum
2861 3929 3213 3993 comedisset,
3238 3929 3525 3985 abscessit.
3548 3927 3655 3982 Nos
3679 3927 3796 3982 haec

2200 4026 2476 4080 intuentes
2503 4032 2558 4077 et
2586 4024 2761 4078 adhuc
2795 4031 3128 4088 trementes,
3181 4020 3339 4077 facile
3385 4022 3666 4091 potuimus
3702 4035 3799 4075 ex—

2202 4119 2472 4190 pendere,
2503 4129 2700 4189 quanta
2727 4119 2779 4172 in
2819 4117 2912 4172 illo
2936 4116 3062 4171 ﬁdei
3094 4117 3268 4171 virtus
3297 4126 3352 4171 et
3387 4124 3586 4187 quanta
3614 4115 3664 4169 in
3701 4128 3798 4168 uo-

2203 4213 2289 4270 bis
2317 4222 2464 4268 esset
2486 4211 2795 4268 inﬁrmitas.

2278 4305 2418 4362 XlV.
2467 4305 2647 4361 Alium
2698 4319 2853 4376 teque
2902 4303 3233 4374 singularem
3300 4303 3477 4358 virum
3518 4302 3796 4368 vidimus,

2208 4415 2375 4468 parvo
2400 4399 2613 4469 tugurio
2636 4441 2649 4462 ,
2681 4399 2735 4452 in
2765 4413 2872 4467 quo
2899 4415 3004 4452 nou
3047 4398 3151 4451 nisi
3201 4413 3341 4450 unus
3380 4397 3544 4466 recipi
3598 4401 3800 4466 posset,

499 4485 714 4554 inquit,
746 4485 985 4556 Sulpici,
1015 4491 1156 4559 quod
1193 4467 1481 4562 praecipis,
1528 4506 1796 4566 quatenus
1828 4508 1935 4552 tam
1989 4467 2104 4554 stu-
2129 4467 2183 4527 D
2210 4467 2568 4547 habitantem.
2618 4491 2695 4546 De
2746 4491 2846 4544 hoc
2890 4489 3026 4544 illud
3055 4489 3352 4553 ferebatur,
3399 4488 3542 4557 quod
3592 4489 3715 4557 lupa
3754 4487 3806 4542 ei

501 4578 688 4636 diosos
706 4580 1110 4638 audiendi'esse
1140 4586 1441 4652 vosvideo;
1474 4589 1568 4643 sed
1595 4599 1945 4657 mementote,
1980 4591 2102 4660 quia

504 4687 615 4728 non
641 4672 762 4728 sine
793 4672 983 4730 fenore
1006 4674 1168 4730 istum
1213 4679 1355 4747 apud
1387 4693 1483 4734 vos
1510 4679 1728 4749 depono
1755 4695 2063 4737 sermonem
2094 4701 2105 4736 :

501 4762 688 4819 libens
742 4776 944 4834 praesto
973 4767 1114 4836 quod
1147 4768 1401 4837 poscitis,
1444 4769 1737 4826 dummodo
1791 4772 1953 4842 paulo
1991 4781 2112 4842 post

509 4857 655 4925 quod
686 4872 991 4926 poposcero
1006 4873 1114 4913 non
1141 4861 1375 4930 negetis.
1401 4860 1508 4915 Nos
1531 4877 1690 4931 vero,
1708 4864 1947 4934 inquam,
1976 4864 2110 4919 nihil

506 4945 800 5015 habemus,
835 4948 889 5002 in
927 4964 1035 5019 quo
1079 4952 1174 5004 tibi
1213 4960 1461 5006 mutuum
1495 4954 1581 5008 vel
1611 4955 1731 5010 sine
1786 4956 1972 5010 fenore
2012 4972 2100 5010 rc-

507 5042 744 5096 stituere
772 5044 1060 5112 possimus.
1119 5045 1228 5100 Sed
1274 5057 1455 5102 tamen
1488 5047 1750 5118 quidquid
1784 5049 2062 5118 putaveris
2092 5092 2118 5113 ,,

510 5135 818 5203 imperato,
841 5135 1168 5203 dummodo,
1205 5149 1262 5194 ut
1288 5154 1568 5209 cmperas,
1601 5141 1893 5196 desideriis
1913 5143 2112 5197 nostris

515 5225 852 5284 satisfacias:
874 5229 1028 5285 valde
1051 5232 1196 5286 enim
1227 5247 1327 5287 nos
1362 5242 1449 5286 tua
1475 5233 1712 5288 delertat
1731 5233 2108 5300 oratio.Nihil,

518 5321 692 5392 inquit
718 5321 1143 5392 ‘Postumianus,
1168 5337 1344 5382 vestra
1370 5328 1548 5382 studia
1580 5326 1846 5384 fraudabo
1873 5346 1884 5381 :
1916 5327 2114 5398 etquia

515 5414 764 5469 eremitze
805 5416 966 5470 unius
989 5417 1304 5486 incipientis
1331 5419 1632 5489 agnovisiis
1663 5420 1941 5486 virtutem,
1985 5420 2122 5475 refe-

519 5520 634 5561 ram
658 5507 833 5562 adhuc
866 5510 1018 5565 vobis
1043 5525 1208 5578 pauca
1238 5513 1305 5565 de
1338 5513 1605 5580 plurimis.

551 5661 558 5673 ι
593 5597 739 5654 Xlll.
778 5601 930 5677 Ergo
963 5603 1052 5656 ubi
1085 5603 1255 5674 prima
1284 5607 1451 5659 eremi
1497 5607 1775 5676 ingressus
1807 5621 1950 5672 smn,
1987 5607 2122 5663 duo—

527 5683 702 5745 decim
748 5689 868 5751 fere
908 5710 936 5750 a
982 5693 1100 5750 Nilo
1132 5693 1704 5768 inillibusUiaheliam
1749 5707 1930 5756 autem
1955 5715 2120 5755 unum

2209 4585 2500 4640 solitaerat
2527 4591 2712 4638 astare
2750 4583 3023 4648 ccenanti,
3058 4597 3161 4637 nec
3204 4582 3360 4635 facile
3406 4596 3662 4648 umquam
3706 4580 3807 4634 lic-

2212 4678 2315 4733 slia
2361 4677 2660 4743 falleretur,
2713 4677 2842 4746 quin
2878 4676 2952 4729 illi
2985 4675 3051 4730 ad
3097 4675 3391 4744 legitimam
3435 4674 3622 4728 horam
3667 4675 3810 4729 refe-

2215 4771 2413 4826 ctionis
2436 4779 2750 4826 occurreret
2779 4812 2794 4836 ,
2841 4779 2895 4824 et
2930 4769 3132 4824 tamdiu
3168 4784 3264 4838 pro
3295 4768 3500 4824 foribus
3527 4777 3812 4838 ex5pecta-

2216 4875 2329 4928 ret,
2355 4865 2530 4920 donec
2560 4865 2649 4919 ille
2672 4879 2867 4934 panem
2897 4864 2989 4934 qui
3022 4863 3251 4918 coenula:
3281 4862 3676 4934 superfuisset,
3727 4862 3807 4916 of-

2216 4957 2421 5013 ferret:
2457 4957 2600 5011 illam
2626 4972 2842 5011 mamuu
2892 4957 3013 5026 ejus
3056 4956 3297 5010 lambere
3341 4955 3601 5011 solitam:
3649 4965 3812 5025 atque

2217 5051 2289 5106 ita
2321 5050 2470 5120 quasi
2503 5050 2727 5119 impleto
2747 5048 2932 5104 officio
2961 5058 3015 5103 et
3039 5049 3282 5118 praestita
3302 5047 3678 5103 couSolatione
3701 5047 3813 5102 dis-

2219 5143 2439 5200 cedere.
2509 5141 2614 5199 Sed
2660 5142 2800 5196 forte
2848 5140 3087 5207 accidit,
3135 5151 3191 5195 ut
3237 5151 3456 5196 sanctus
3501 5141 3633 5206 ille,
3683 5139 3815 5194 dum

2222 5238 2441 5293 fratrem
2466 5237 2557 5307 qui
2581 5235 2645 5290 ad
2670 5251 2793 5290 eum
2820 5246 3045 5291 venerat
3085 5236 3305 5292 deducit
3335 5237 3626 5292 abeuntem
3647 5277 3660 5300 ,
3694 5235 3818 5290 diu-

2227 5330 2332 5385 tius
2355 5330 2610 5393 abesset,
2644 5339 2699 5383 et
2727 5344 2833 5382 non
2864 5328 2968 5382 nisi
2998 5329 3098 5383 sub
3139 5338 3296 5383 nocte
3336 5337 3626 5382 remearet.
3673 5325 3817 5381 lute-

2226 5423 2328 5478 rim
2359 5425 2533 5479 bestia
2557 5422 2621 5477 ad
2653 5422 3192 5477 consuetudinarium
3229 5421 3363 5474 illud
3405 5435 3574 5474 cocum
3607 5428 3820 5486 tempus

2225 5517 2478 5572 occurrit.
2506 5515 2742 5571 Vacuam
2782 5515 3061 5578 cellulam,
3109 5528 3229 5567 cum
3287 5511 3609 5566 familiarem
3634 5519 3820 5580 patro-

2227 5625 2358 5664 num
2379 5609 2571 5665 abesse
2599 5610 2861 5672 sentiret,
2895 5607 3136 5675 ingressa
3156 5644 3170 5670 ,
3199 5606 3466 5658 curiosius
3493 5604 3813 5671 exjilorans,

2231 5703 2448 5756 ubinam
2504 5708 2648 5755 esset
2696 5699 2989 5755 habitator.
3041 5692 3180 5755 Casu
3214 5687 3466 5767 contigua
3514 5705 3636 5754 cum
3666 5689 3820 5767 pnnl~
