4270 6176
354 197 457 253 I95

1788 186 2129 249 DIALOGUS
2169 189 2209 245 I.

3549 192 3655 249 I91

346 311 447 365 bus
488 310 735 381 quinque
779 307 1035 378 palmicia
1089 307 1348 380 sportella
1384 305 1658 378 pendebat
1692 325 1705 361 :
1752 323 1815 363 ex
1866 309 1948 362 his
1978 308 2021 365 Α
2053 303 2168 372 “gi.
2203 301 2255 356 id
2285 315 2402 355 eam
2431 300 2596 363 V8110.
2634 310 2690 351 ιιι
2741 315 2849 370 quo
2899 299 2987 353 illa
3029 298 3289 365 ducebat.
3328 298 3663 354 anachoreta

348 421 517 458 unum
544 404 821 473 prazsumit
864 412 919 455 et
962 404 1192 457 devorat
1216 444 1229 467 ,
1260 400 1454 457 deinde
1480 410 1792 471 perpetrato
1832 416 1949 455 sce-

346 498 467 552 lere
513 496 766 550 discedit.
827 495 1129 565 Regressus
1181 495 1408 550 eremita
1461 495 1606 549 videt
1653 494 1949 565 sportulam

348 587 692 646 dissolutam.
726 601 831 641 non
856 594 1145 640 constante
1170 600 1364 654 panum
1392 602 1621 639 numero
1646 603 1659 652 ;
1694 587 1947 640 damnum

351 683 429 736 rei
478 681 761 734 familiaris
804 681 1100 749 intelligit,
1137 695 1202 735 ac
1246 694 1415 749 prope
1448 680 1611 735 limen
1658 680 1811 753 panis
1857 681 1953 735 εὼς

352 773 551 839 sumpti
584 772 881 841 fragmenta
906 774 1219 842 cognoscit;
1250 772 1346 826 sed
1362 787 1470 827 non
1496 784 1613 828 erat
1636 774 1953 827 inccrtasu-

355 867 524 935 spicio
547 907 561 930 ,
590 882 713 935 qua:
754 866 959 919 furtum
1011 880 1245 935 persona
1272 866 1513 921 fecisset.
1548 867 1685 937 Ergo
1716 882 1838 922 cum
1867 882 1952 921 se-

352 959 644 1030 quentibus
658 958 853 1012 diebus
866 959 1163 1012 secundum
1180 958 1636 1013 consuetudinem
1661 960 1830 1015 bestia
1845 973 1953 1013 non

352 1052 594 1106 venisset
645 1051 933 1121 (nimirum
977 1051 1198 1105 audacis
1247 1051 1405 1119 facti;
1433 1054 1650 1107 conscia
1679 1094 1693 1116 ,
1734 1053 1801 1107 ad
1827 1068 1953 1109 eum

351 1145 543 1201 venire
568 1146 951 1207 dissimulans,
991 1145 1077 1198 cui
1102 1144 1325 1199 fecisset
1355 1144 1654 1217 injuriam),
1683 1161 1828 1215 aegre
1860 1160 1956 1213 pa—

355 1239 589 1295 tiebatur
609 1238 861 1304 eremita,
886 1253 945 1291 se
963 1239 1197 1291 alumna:
1226 1239 1423 1292 solatio
1450 1238 1793 1293 destitutum.
1824 1239 1957 1293 Pos—

354 1340 529 1385 trcmo
559 1330 700 1383 illius
738 1332 985 1384 oratione
1018 1340 1267 1383 revocata
1298 1370 1313 1391 ,
1347 1330 1637 1397 septimum
1662 1338 1780 1397 post
1811 1329 1954 1384 diem

356 1424 544 1487 adfuit,
561 1424 841 1478 utsolebat
864 1433 1010 1486 ante,
1030 1424 1287 1477 cmuanti.
1306 1421 1413 1478 Sed
1431 1421 1513 1493 (ut
1536 1422 1689 1477 facile
1702 1437 1957 1477 cerneres

356 1518 740 1572 verecundiam
765 1515 1100 1585 paenitentis)
1118 1530 1222 1568 non
1259 1530 1388 1567 ausa
1416 1515 1632 1583 pronius
1657 1512 1953 1577 accedere‘,

357 1612 582 1677 dejectis
614 1613 667 1664 in
699 1621 900 1664 terram
934 1608 1202 1677 profundo
1241 1608 1447 1678 pudore
1472 1607 1762 1662 luminibus
1791 1607 1955 1677 (quod

2053 405 2398 465 sequeretur.
2428 393 2567 459 Quid
2599 392 2821 447 multis?
2850 393 2914 446 ad
2954 395 3271 463 speluncam
3306 392 3495 446 bestia:
3538 406 3665 459 per-

2057 491 2293 553 venitur,
2332 487 2422 541 ubi
2457 488 2548 541 illa
2596 488 2815 541 adultos
2838 488 2951 557 jam
2994 488 3232 557 quinque
3264 487 3479 541 catulos
3523 486 3668 541 male

2054 580 2161 634 fcta
2192 580 2497 635 nutriebat:
2518 578 2610 649 qui
2659 586 2716 631 ut
2744 578 2945 633 clausis
2981 578 3282 632 luminibus
3309 594 3373 631 ex
3404 579 3668 633 alvoma—

2053 672 2157 725 tris
2180 671 2451 738 exierant,
2485 671 2738 725 carcitate
2791 681 3052 739 perpetua
3109 670 3485 736 tenebantur;
3530 685 3668 740 quos

2055 765 2303 833 singulos
2348 765 2416 819 de
2466 782 2598 834 rupe
2631 766 2877 835 prolatos
2926 778 3058 821 ante
3098 766 3451 822 anachoreta:
3499 766 3668 836 pedes

2055 869 2230 912 mater
2258 859 2532 928 exposuit.
2568 858 2706 913 Tum
2738 859 2958 914 demum
3008 864 3245 916 Sanctus
3278 862 3672 919 animadvertit

2056 952 2183 1020 quid
2231 952 2403 1006 bestia
2465 953 2800 1021 postularet,
2846 952 3212 1024 invocatoque
3260 956 3354 1011 Dei
3415 957 3669 1022 nomine,

2057 1047 2416 1100 contrectavit
2450 1062 2610 1100 manu
2636 1047 2842 1101 lumina
2862 1048 3048 1103 clausa
3076 1049 3386 1103 catulorum
3423 1067 3437 1102 ;
3471 1063 3534 1103 ac
3555 1058 3668 1103 sta-

2059 1141 2151 1191 tim
2184 1141 2429 1194 caecitate
2476 1141 2728 1209 depulsa,
2766 1142 2974 1210 apertis
3029 1145 3204 1197 oculis
3239 1144 3541 1198 bestiarum
3575 1144 3671 1198 diu

2057 1244 2250 1301 negata
2285 1236 2373 1286 lux
2408 1233 2604 1301 patuit.
2635 1234 2714 1287 Ita
2761 1234 2964 1289 fratres
3004 1236 3109 1302 illi,
3141 1236 3475 1294 anachoreta
3504 1254 3670 1307 quem

2059 1328 2449 1382 desiderabant
2474 1329 2719 1393 visitato,
2749 1346 2871 1384 cum
2897 1331 3188 1385 admodum
3222 1334 3495 1387 fructuosa
3524 1334 3676 1389 labo-

2057 1421 2135 1473 ris
2160 1421 2245 1473 sui
2278 1420 2533 1475 mercede
2558 1422 2881 1476 redierunt:
2913 1423 3004 1492 qui
3030 1425 3082 1477 in
3110 1426 3486 1478 testimonium
3509 1437 3674 1481 auitae

2059 1512 2277 1565 virtutis
2295 1512 2554 1579 admissi,
2586 1513 2744 1567 fidem
2765 1514 2950 1569 Sancti
2974 1525 3028 1569 et
3048 1516 3283 1585 gloriam
3303 1516 3532 1583 Christi,
3554 1532 3675 1587 qua:

2060 1620 2158 1674 per
2190 1607 2337 1674 ipsos
2367 1617 2515 1661 esset
2542 1607 2905 1671 testiﬁcanda,
2941 1608 3232 1664 vidissent.
3260 1609 3390 1664 Mira
3423 1610 3673 1665 dicturus

360 1705 534 1775 palam
559 1703 759 1758 luebat
791 1700 1041 1771 intelligi)
1068 1701 1355 1771 quamdam
1380 1703 1588 1754 veniam
1616 1701 1953 1768 precabatur.
1989 1686 2037 1747 Β
2064 1711 2182 1751 sum
2210 1714 2222 1748 :
2255 1698 2483 1751 leaenam
2526 1710 2649 1767 post
2687 1699 2803 1752 dies
2830 1700 3077 1769 quinque
3107 1702 3173 1754 ad
3222 1713 3506 1757 auctorem
3541 1702 3678 1757 tanti

357 1797 527 1865 Quam
553 1798 693 1849 illius
710 1794 1080 1850 confusionem
1095 1794 1321 1849 eremita
1345 1794 1649 1859 miseratus,
1672 1794 1823 1862 jubet
1838 1808 1958 1847 eam

360 1891 581 1959 propius
606 1888 902 1951 accedere,
935 1902 998 1941 ac
1028 1903 1193 1940 manu
1240 1886 1439 1940 blanda
1467 1894 1626 1954 Caput
1649 1890 1801 1940 triste
1836 1899 1961 1954 per-

358 1983 597 2037 mulcet:
630 1981 755 2036 deiu
790 1995 930 2050 pane
960 1980 1239 2049 duplicato
1278 1995 1424 2034 ream
1471 1994 1625 2034 suam
1659 1979 1853 2033 reficit.
1883 1979 1960 2033 Ita

358 2074 744 2143 indulgentiam
772 2081 1063 2127 consecuta
1093 2114 1108 2138 ,
1133 2071 1297 2125 officii
1318 2071 1768 2125 consuetudinem
1793 2069 1963 2137 depo-

361 2169 473 2224 sito
511 2184 743 2223 incerare
789 2169 1082 2236 reparavit.
1120 2166 1446 2233 Intuemini,
1504 2180 1689 2236 quaeso
1713 2208 1727 2230 ,
1757 2164 1959 2220 Christi

361 2262 528 2318 etiam
582 2262 632 2315 in
688 2261 786 2315 hac
811 2273 962 2329 parte
992 2261 1279 2323 virtutem,
1323 2258 1410 2313 cui
1442 2259 1585 2327 sapit
1614 2273 1776 2312 omne
1814 2256 1961 2328 quod

361 2355 581 2409 brutum
611 2363 722 2417 est,
783 2354 869 2408 cui
920 2355 1049 2408 mite
1077 2363 1162 2408 est
1212 2368 1375 2407 omne
1416 2352 1557 2422 quod
1610 2352 1785 2405 sazvit.
1812 2351 1961 2420 Lupa

363 2456 586 2517 praastat
625 2447 861 2501 officium
890 2488 906 2512 ,
956 2447 1077 2509 lupa
1112 2446 1238 2499 furti
1266 2446 1472 2501 crimen
1519 2446 1794 2513 agnoscit,
1835 2444 1961 2512 lupa

364 2542 584 2596 eooscio
633 2540 843 2609 pudore
895 2538 1280 2593 confUnditur:
1335 2546 1523 2592 vocata
1572 2536 1753 2603 adest,
1802 2545 1963 2605 caput

367 2635 605 2704 praebet,
650 2643 705 2687 et
728 2633 888 2687 habet
920 2648 1140 2687 sensum
1173 2631 1396 2686 iudultm
1440 2630 1771 2704 sihivenim,
1819 2630 1964 2683 sicut

366 2732 626 2803 pudorem
656 2731 825 2800 gessit
850 2729 1039 2784 errati.
1071 2729 1183 2782 Tua
1219 2730 1333 2783 haec
1358 2728 1551 2790 virtus,
1576 2725 1821 2789 Christe;
1874 2735 1962 2780 tua

367 2836 492 2881 sunt
516 2828 652 2885 haec.
680 2824 919 2887 Christe,
954 2822 1217 2877 miracula
1245 2839 1257 2874 :
1285 2821 1490 2876 etenim
1514 2836 1633 2890 qum
1663 2820 1714 2872 in
1746 2830 1839 2873 tuo
1863 2833 1963 2872 no-

368 2920 515 2975 mine
538 2929 833 2986 operantur
854 2916 999 2971 servi
1031 2916 1139 2981 tui,
1168 2924 1254 2968 tua
1279 2922 1405 2967 sunt
1436 2932 1448 2966 :
1492 2925 1545 2967 et
1584 2913 1636 2965 in
1682 2912 1783 2966 hoc
1816 2912 1965 2981 inge-

370 3012 682 3075 miscimus,
712 3009 855 3078 quod
884 3008 1224 3076 majestatem
1249 3016 1393 3060 tuam
1422 3005 1553 3061 ferae
1581 3006 1843 3071 sentiunt,
1870 3006 1966 3059 ho-

367 3102 546 3157 mines
568 3119 674 3155 non
699 3111 980 3155 verentur.

441 3198 557 3252 XV.
589 3197 667 3251 Ne
698 3196 782 3251 cui
811 3206 995 3250 autem
1026 3194 1130 3249 hoc
1171 3191 1494 3248 incredibile
1524 3191 1665 3247 forte
1694 3188 1964 3254 videatur,

374 3292 580 3361 majora
618 3289 953 3345 memorabo.
1005 3286 1166 3342 Fides
1212 3285 1412 3341 Christi
1457 3285 1645 3351 adest,
1703 3301 1789 3339 me
1838 3284 1971 3338 nihil

375 3383 613 3453 ﬁngere,
647 3397 823 3449 neque
851 3381 1079 3435 incertis
1110 3378 1422 3434 auctoribus
1452 3379 1666 3447 vulgata
1699 3393 1923 3432 narrare
1956 3394 1971 3434 :

374 3475 472 3530 sed
496 3490 623 3544 quzc
649 3473 777 3525 mihi
808 3487 900 3540 per
930 3472 1119 3526 fideles
1144 3472 1288 3525 viros
1319 3480 1599 3537 comperta
1633 3479 1782 3535 sunt,
1807 3470 1976 3539 expli-

377 3566 541 3621 cabo.
576 3564 831 3618 Ilabitant
863 3564 1105 3633 plerique
1138 3564 1190 3616 in
1218 3577 1407 3617 eremo
1423 3562 1541 3616 sine
1564 3561 1689 3615 ullis
1720 3560 1974 3614 taberna-

378 3657 536 3719 culis,
588 3670 729 3725 quos
768 3655 1144 3709 Anachoretas
1177 3664 1371 3707 vocant
1406 3669 1419 3705 :
1453 3653 1642 3705 vivunt
1686 3651 1975 3706 herbarum

379 3751 654 3807 radicibus
684 3768 696 3802 :
728 3750 879 3803 nullo
910 3764 1165 3818 umquam
1194 3756 1346 3802 certo
1386 3748 1507 3801 loco
1538 3750 1877 3809 consistunt,
1911 3760 1979 3800 ne

381 3845 447 3899 ab
476 3844 787 3897 hominibus
815 3842 1271 3911 frequentantur;
1300 3854 1434 3909 quas
1464 3854 1568 3894 nox
1600 3840 1860 3908 coegerit.
1894 3853 1982 3893 se-

382 3935 722 3991 deshabent.
758 3933 838 3989 Ad
871 3934 1159 4004 quemdam
1192 3934 1355 4003 igitur
1402 3934 1503 3987 hoc
1547 3933 1655 3985 ritu
1681 3941 1842 4001 atque
1881 3932 1982 3985 hac

383 4029 505 4098 lege
536 4030 809 4082 viventem
842 4026 951 4081 duo
992 4043 1058 4081 ex
1101 4026 1268 4079 Nitria
1302 4024 1590 4090 monachi,
1643 4023 1773 4078 licet
1826 4024 1981 4093 longe

383 4122 601 4177 diversa
632 4121 888 4190 regione,
923 4129 1104 4174 tamen
1137 4118 1261 4187 quia
1292 4118 1424 4171 olim
1460 4117 1591 4185 ipsis
1614 4115 1668 4169 in
1710 4123 1986 4169 monaste—

384 4216 450 4272 rii
473 4216 895 4270 conversatione
917 4213 1117 4267 charus
1159 4218 1217 4265 et
1244 4210 1523 4264 familiaris
1551 4208 1760 4272 fuisset,
1787 4208 1985 4262 auditis

387 4309 505 4379 ejus
561 4308 853 4362 virtutibus
890 4305 1282 4361 tetenderunt:
1316 4319 1478 4373 quem
1520 4301 1613 4356 diu
1645 4302 1988 4371 multumque

387 4403 699 4474 quaesitum,
739 4400 954 4455 tandem
986 4414 1172 4454 mense
1187 4398 1423 4467 septimo
1455 4403 1775 4466 repererunt
1798 4396 1850 4448 in
1881 4408 1984 4449 cx-

2064 1789 2317 1845 beneﬁcii
2344 1793 2664 1855 revertisse,
2690 1791 2983 1861 eidemque
3014 1794 3289 1849 inusitatae
3317 1796 3447 1850 ferae
3467 1796 3676 1867 pellem

2066 1898 2167 1953 pro
2191 1898 2420 1937 munere
2451 1884 2714 1938 detulisse
2744 1901 2756 1936 :
2790 1900 2894 1952 qua
2943 1884 3267 1955 plerumque
3305 1900 3529 1943 sanctus
3582 1888 3677 1943 ille

2063 1978 2217 2047 quasi
2268 1979 2510 2033 amiculo
2563 1980 2986 2044 circumtectus,
3040 1996 3149 2035 non
3210 1982 3542 2053 dedignatus
3595 1993 3682 2040 est

2064 2086 2263 2125 munus
2292 2087 2389 2141 per
2417 2072 2651 2126 bestiam
2693 2086 2939 2139 sumere,
2988 2072 3147 2142 cujus
3173 2074 3339 2130 alium
3379 2077 3560 2147 potius
3590 2075 3681 2131 in-

2073 2162 2481 2229 terpretabatur
2505 2172 2809 2218 auctorem.

2138 2253 2276 2309 XVI.
2311 2254 2441 2308 Erat
2468 2255 2631 2309 etiam
2677 2255 2909 2311 alterius
2940 2256 3291 2313 anachorelaa
3334 2260 3387 2314 in
3422 2260 3535 2316 illis
3577 2276 3673 2317 re-

2062 2348 2313 2418 gionibus
2339 2363 2537 2403 nomen
2564 2349 2801 2411 illustre,
2826 2350 2918 2419 qui
2946 2348 2999 2403 in
3033 2365 3096 2404 ea
3128 2361 3283 2419 parte
3297 2352 3528 2419 deserti,
3553 2368 3676 2424 quae

2065 2451 2146 2495 est
2180 2440 2411 2511 Syenes,
2460 2441 2762 2497 habitabat.
2795 2441 2896 2496 llic
2924 2456 3049 2496 cum
3092 2443 3329 2512 primum
3375 2460 3435 2500 se
3466 2444 3532 2499 ad
3556 2461 3681 2501 ere-

2065 2548 2213 2586 mum
2246 2533 2604 2597 contulisset,
2659 2532 2843 2587 herbis
2900 2534 3304 2606 herbarumque
3357 2538 3673 2608 radicibus,

2065 2643 2200 2697 quas
2221 2628 2531 2697 praedulces
2560 2627 2831 2682 interdum
2862 2638 2917 2683 et
2942 2630 3161 2698 saporis
3191 2631 3377 2685 eximii
3412 2632 3518 2687 fert
3548 2648 3678 2688 are-

2068 2739 2156 2787 na,
2178 2724 2441 2787 victurus,
2462 2723 2681 2793 ignarus
2699 2725 2966 2793 germinis
2982 2727 3243 2796 eligendi,
3265 2728 3424 2784 noxia
3444 2732 3680 2798 plerum-

2067 2830 2172 2885 que
2198 2816 2479 2884 carpebat.
2522 2815 2631 2870 Nec
2658 2825 2779 2870 erat
2824 2816 2987 2871 facile
3039 2820 3150 2872 vim
3201 2820 3444 2875 radicum
3480 2837 3681 2891 sapore

2068 2908 2417 2973 discernere;
2448 2910 2573 2978 quia
2607 2909 2790 2962 omnia
2840 2924 2996 2977 :cque
3037 2910 3248 2976 dulcia;
3284 2913 3379 2967 sed
3420 2914 3681 2984 pleraque

2068 3002 2367 3056 occultiore
2382 3012 2573 3056 natura
2599 3003 2751 3057 virus
2780 3002 2986 3057 letbale
3006 3003 3361 3061 cohibebant.
3385 3006 3521 3061 Cum
3552 3023 3686 3079 ergo

1992 3070 2039 3134 Ο
2073 3094 2329 3148 edentem
2362 3093 2449 3147 vis
2477 3096 2690 3149 interna
2741 3103 3050 3163 torqueret,
3083 3107 3137 3151 et
3166 3097 3448 3154 immensis
3478 3070 3690 3157 dolori-

2074 3190 2174 3245 bus
2196 3189 2378 3243 vitalia
2413 3189 2664 3244 universa
2694 3202 3075 3261 quaterentur,
3106 3209 3169 3249 ac
3211 3194 3470 3265 frequens
3504 3200 3688 3254 vomi-

2077 3291 2163 3337 tus
2194 3283 2527 3339 cruciatibus
2572 3300 2679 3338 non
2730 3284 2974 3340 ferendis
3018 3287 3189 3356 ipsam
3246 3289 3445 3346 animae
3495 3293 3684 3349 sedem

2075 3375 2488 3444 stomachojam
2522 3375 2809 3430 fatiscente
2837 3378 3199 3445 dissolveret;
3250 3383 3431 3437 omnia
3469 3385 3690 3452 penitus

2078 3485 2201 3539 quae
2220 3480 2411 3525 eSsent
2460 3468 2670 3524 edenda
2700 3469 3022 3538 formidans,
3050 3474 3348 3542 septimum
3382 3477 3435 3531 in
3464 3478 3693 3549 ji-juniis

2079 3562 2223 3616 diem
2259 3563 2451 3629 spiritu
2485 3560 2779 3616 deficiente
2810 3562 3065 3617 ducebat.
3092 3564 3226 3618 Tum
3256 3566 3323 3620 ad
3364 3584 3485 3622 eum
3538 3572 3686 3638 fera,

2081 3656 2166 3709 cui
2193 3655 2348 3709 lbicis
2372 3663 2457 3708 est
2488 3670 2715 3719 nomen,
2743 3656 3011 3723 accessit;
3048 3657 3176 3712 huic
3216 3662 3445 3728 propius
3485 3664 3691 3719 astanti

2084 3750 2403 3804 fasciculum
2434 3748 2730 3803 herbarum
2759 3764 2921 3818 quem
2973 3750 3265 3807 collectum
3311 3755 3485 3823 pridie
3524 3758 3693 3814 attin-

2081 3859 2210 3915 gere
2237 3859 2343 3897 non
2376 3842 2635 3909 audebat,
2671 3844 2881 3913 objecit
2912 3858 2926 3896 :
2960 3844 3055 3899 sed
3104 3844 3221 3901 fera
3265 3863 3387 3918 quae
3412 3851 3691 3909 virulenta

2084 3948 2240 3992 erant
2263 3952 2361 3991 ore
2383 3936 2709 4002 discutiens,
2736 3952 2860 4005 quae
2892 3938 3113 3993 innoxia
3154 3951 3384 3995 noverat
3428 3942 3691 4013 eligebat.

2086 4031 2161 4085 Ita
2184 4031 2269 4084 vir
2299 4039 2519 4083 sanctus
2547 4029 2669 4095 eius
2716 4030 2970 4099 exemplo
3007 4030 3138 4100 quid
3192 4034 3382 4100 edere,
3433 4036 3564 4106 quid
3604 4054 3692 4096 re-

2087 4137 2289 4192 spuere
2309 4120 2535 4175 deberet
2564 4121 2825 4188 edoctus,
2859 4132 2916 4176 et
2947 4123 3249 4192 periculum
3298 4127 3457 4184 famis
3483 4130 3693 4199 evasit,

2088 4227 2143 4272 et
2174 4216 2466 4272 herbarum
2496 4231 2705 4271 venena
2735 4216 2943 4271 vitavit.
2974 4217 3079 4273 Sed
3113 4219 3333 4289 longum
3362 4233 3445 4279 est
3468 4224 3537 4280 de
3578 4241 3696 4280 om-

2090 4310 2249 4365 nibus
2278 4311 2367 4380 qui
2388 4326 2633 4366 eremum
2664 4310 2935 4376 incolunt,
2968 4323 3245 4383 comperta
3280 4316 3441 4372 nobis
3475 4319 3560 4374 vel
3590 4334 3691 4373 au—

2090 4403 2199 4456 dita
2246 4417 2568 4458 memorare.
2616 4406 2835 4458 Annum
2894 4407 3173 4475 integrum
3218 4417 3277 4462 et
3333 4418 3543 4480 septem
3584 4413 3698 4468 fere

390 4508 570 4553 tremo
595 4498 690 4551 illo
719 4496 941 4551 deserto
969 4494 1114 4565 quod
1146 4503 1231 4549 est
1276 4492 1500 4546 Blcmbis
1520 4493 1865 4562 contiguum,
1894 4490 1991 4545 de-
2013 4464 2070 4525 Β
2096 4511 2313 4553 menses
2360 4498 2501 4551 intra
2542 4498 2867 4553 solitudines
2908 4464 3242 4555 constitutus
3290 4464 3474 4573 exegi,
3525 4507 3700 4577 magis

396 4602 701 4647 morantem
725 4608 738 4643 :
758 4604 892 4660 quas
925 4589 1018 4643 ille
1046 4586 1370 4642 solitudines
1390 4586 1499 4655 jam
1534 4601 1632 4655 per
1663 4599 1836 4639 annos
1858 4584 1992 4638 dno-

394 4684 573 4739 decim
592 4682 875 4737 dicebatur
894 4678 1281 4749 habitare..Qui
1298 4679 1423 4733 licet
1445 4676 1689 4732 omnium
1714 4676 1991 4732 hominum

394 4776 597 4831 vitaret
620 4789 899 4840 occursus,
926 4783 1107 4827 tamen
1152 4772 1366 4842 agnitos
1410 4786 1517 4826 non
1550 4770 1780 4842 refugit,
1829 4784 1997 4839 seque

395 4868 738 4924 charissimis
770 4882 865 4937 per
893 4865 1131 4921 triduum
1158 4880 1267 4920 non
1296 4864 1535 4933 negavit.
1559 4864 1763 4933 Quarto
1786 4864 1875 4919 die
1900 4863 1999 4917 ali-

400 4962 723 5033 quantulum
743 4974 1087 5032 progressus,
1109 4974 1232 5014 cum
1255 4969 1686 5029 prosequeretur
1707 4959 1995 5024 abeuntes,

401 5054 630 5109 lemurum
660 5054 814 5108 mira:
838 5051 1227 5123 magnitudinis
1248 5052 1313 5106 ad
1340 5067 1399 5105 se
1416 5052 1607 5106 venire
1635 5050 1994 5119 conSpiciunt.
2070 5044 2076 5049 λ

400 5147 605 5215 Bestia,
636 5150 766 5205 licet
794 5150 968 5205 tribus
990 5149 1257 5217 repertis,
1285 5162 1393 5202 non
1422 5147 1628 5202 incerta
1662 5162 1821 5217 quem
1845 5154 1998 5216 pete-

406 5254 523 5311 ret,
554 5244 905 5299 anachoreta:
938 5242 1169 5313 pedibus
1214 5241 1546 5305 advolvitur,
1603 5248 1660 5294 et
1702 5254 1822 5294 cum
1872 5240 2000 5294 fletu

405 5336 637 5407 quodam
665 5347 720 5391 et
742 5338 1131 5392 lamentatione
1181 5335 1544 5405 procumbens
1585 5334 1865 5388 indicabat
1906 5349 2000 5404 ge-

408 5433 605 5485 mentis
629 5432 837 5498 pariter
859 5442 913 5487 et
945 5431 1195 5500 rogantis
1218 5429 1493 5484 affectum.
1513 5428 1680 5483 Movit
1708 5444 1922 5494 omnes,
1950 5438 2006 5484 et

412 5530 684 5596 prmcipue
717 5525 867 5580 illum
896 5528 988 5595 qui
1019 5540 1079 5580 se
1122 5523 1475 5578 intellexerat
1504 5524 1828 5593 expetitum.
1860 5521 2004 5576 Prm-

413 5620 698 5674 cedcmem
738 5627 1041 5689 sequuntur
1070 5636 1082 5672 :
1116 5635 1238 5673 nam
1272 5618 1529 5688 prceiens,
1560 5625 1617 5671 et
1648 5616 1879 5671 subinde
1919 5632 2005 5670 re-

417 5713 609 5771 stitans
650 5713 997 5783 subindequc
1030 5726 1375 5785 respectans,
1408 5710 1567 5766 facile
1601 5721 1817 5781 poterat
1848 5710 2008 5767 intel—

2093 4589 2311 4644 virtutis
2335 4589 2639 4644 admirator
2676 4589 2895 4657 alienae,
2927 4605 3088 4659 quam
3122 4593 3265 4662 quod
3314 4594 3430 4664 ipse
3462 4605 3567 4650 tam
3609 4614 3702 4652 ar-

2096 4682 2260 4737 duum
2289 4692 2453 4754 atque
2502 4681 2727 4738 difficile
2771 4684 3048 4753 potuerim
3080 4693 3293 4741 tentare
3324 4689 3699 4759 propositum;

2097 4776 2299 4844 saepius
2330 4784 2515 4830 tamen
2552 4790 2677 4829 cum
2711 4789 2844 4830 sene
2892 4774 2987 4830 illo
3030 4776 3121 4846 qui
3146 4785 3371 4849 puteum
3412 4789 3468 4835 et
3503 4780 3700 4840 bovem

2102 4866 2362 4931 habebat,
2399 4866 2657 4921 habitavi.
2887 4866 2891 4869 ’
3696 4863 3705 4867 ’

2176 4959 2335 5014 XVII.
2366 4960 2486 5014 Duo
2507 4959 2650 5014 beati
2672 4961 2893 5015 Antonii
2918 4965 3252 5022 monasteria
3285 4967 3416 5037 adii,
3449 4986 3574 5041 quae
3606 4972 3705 5030 bo-

2103 5052 2301 5123 dieque
2331 5052 2399 5108 ab
2438 5052 2559 5123 ejus
2588 5052 2874 5123 discipulis
2909 5055 3247 5113 incoluntur.
3287 5060 3368 5115 Ad
3394 5078 3517 5119 eum
3542 5069 3710 5125 etiam

2104 5149 2286 5205 locum
2319 5147 2372 5203 in
2404 5162 2511 5218 quo
2562 5147 2914 5203 beatissimus
2962 5149 3163 5207 Paulus
3216 5155 3425 5223 primus
3475 5164 3710 5219 eremita

2104 5253 2188 5298 est
2229 5242 2557 5306 diversatus,
2584 5242 2818 5296 accessi.
2855 5242 3099 5298 Rubrum
3150 5262 3301 5303 mare
3329 5250 3436 5305 vidi
3472 5253 3707 5324 :jngum

2108 5336 2237 5393 Sina
2270 5335 2471 5391 montis
2498 5334 2752 5398 ascendi,
2782 5335 2942 5405 cujus
2970 5352 3243 5395 summum
3278 5357 3536 5399 cacumen
3563 5348 3710 5403 ccelo

2105 5444 2245 5501 pene
2272 5429 2582 5498 contiguum
2607 5442 2947 5498 nequaquam
2975 5430 3113 5484 adiri
3150 5443 3345 5500 potest.
3372 5434 3517 5489 Iuter
3546 5438 3714 5505 hujus

2105 5536 2355 5579 recessus
2400 5522 2730 5576 anachoreta
2782 5536 2905 5576 esse
2952 5521 3150 5589 aliquis
3193 5526 3490 5592 ferebatur,
3542 5542 3715 5596 quem

2102 5616 2192 5671 diu
2218 5616 2557 5685 multumque
2588 5614 2877 5684 quaesitum
2907 5613 3096 5669 videre
3131 5632 3241 5671 non
3268 5620 3442 5683 potui,
3471 5618 3566 5690 qui
3598 5620 3730 5674 fere

2105 5709 2215 5779 jam
2242 5718 2367 5765 ante
2397 5707 2794 5781 quinquaginta
2821 5720 2997 5761 annos
3040 5722 3073 5760 a
3127 5715 3564 5774 conversatione
3614 5713 3742 5768 bu-
