  <div class='ocr_page' id='page_1' title='image "/cluster/home/n/w/nwhite01/storage/ocr_20150623/20/hvd.32044096580469/103.png"; bbox 0 0 4270 6176; ppageno 0'>
   <div class='ocr_carea' id='block_1_1' title="bbox 553 283 657 341">
    <p class='ocr_par' dir='ltr' id='par_1_1' title="bbox 553 283 657 341">
     <span class='ocr_line' id='line_1_1' title="bbox 553 283 657 341; baseline -0.01 -1"><span class='ocrx_word' id='word_1_1' title='bbox 553 283 657 341; x_wconf 64' lang='grc'><strong>195</strong></span> 
     </span>
    </p>
   </div>
   <div class='ocr_carea' id='block_1_2' title="bbox 1908 266 2486 331">
    <p class='ocr_par' dir='ltr' id='par_1_2' title="bbox 1908 266 2486 331">
     <span class='ocr_line' id='line_1_2' title="bbox 1908 266 2486 331; baseline -0.009 0"><span class='ocrx_word' id='word_1_2' title='bbox 1908 269 2197 331; x_wconf 73' lang='grc' dir='ltr'>ευιριοιι</span> <span class='ocrx_word' id='word_1_3' title='bbox 2230 266 2486 328; x_wconf 72' lang='lat' dir='ltr'><strong>SEVERI</strong></span> 
     </span>
    </p>
   </div>
   <div class='ocr_carea' id='block_1_3' title="bbox 3747 259 3849 328">
    <p class='ocr_par' dir='ltr' id='par_1_3' title="bbox 3747 259 3849 328">
     <span class='ocr_line' id='line_1_3' title="bbox 3747 259 3849 328; baseline 0.01 -1"><span class='ocrx_word' id='word_1_4' title='bbox 3747 259 3849 328; x_wconf 59' lang='lat'><strong>{96</strong></span> 
     </span>
    </p>
   </div>
   <div class='ocr_carea' id='block_1_4' title="bbox 552 384 3855 467">
    <p class='ocr_par' dir='ltr' id='par_1_4' title="bbox 552 384 3855 467">
     <span class='ocr_line' id='line_1_4' title="bbox 552 384 3855 467; baseline -0.005 -10"><span class='ocrx_word' id='word_1_5' title='bbox 552 416 707 457; x_wconf 87' lang='lat' dir='ltr'><strong>mana</strong></span> <span class='ocrx_word' id='word_1_6' title='bbox 734 409 996 467; x_wconf 89' lang='lat' dir='ltr'><strong>remotus,</strong></span> <span class='ocrx_word' id='word_1_7' title='bbox 1015 400 1163 454; x_wconf 90' lang='lat' dir='ltr'><strong>nullo</strong></span> <span class='ocrx_word' id='word_1_8' title='bbox 1179 397 1345 453; x_wconf 83' lang='lat' dir='ltr'><strong>vestis</strong></span> <span class='ocrx_word' id='word_1_9' title='bbox 1362 394 1627 464; x_wconf 84' lang='lat' dir='ltr'><strong>usu,setis</strong></span> <span class='ocrx_word' id='word_1_10' title='bbox 1653 389 1901 464; x_wconf 88' lang='lat' dir='ltr'><strong>corporis</strong></span> <span class='ocrx_word' id='word_1_11' title='bbox 1923 389 2004 446; x_wconf 89' lang='lat' dir='ltr'><strong>sui</strong></span> <span class='ocrx_word' id='word_1_12' title='bbox 2035 397 2148 443; x_wconf 84' lang='lat' dir='ltr'><strong>tec-</strong></span> <span class='ocrx_word' id='word_1_13' title='bbox 2178 389 2226 448; x_wconf 80' lang='grc' dir='ltr'><strong>Δ</strong></span> <span class='ocrx_word' id='word_1_14' title='bbox 2255 386 2378 443; x_wconf 87' lang='lat' dir='ltr'><strong>dem</strong></span> <span class='ocrx_word' id='word_1_15' title='bbox 2395 386 2459 441; x_wconf 89' lang='lat' dir='ltr'><strong>ad</strong></span> <span class='ocrx_word' id='word_1_16' title='bbox 2475 384 2996 444; x_wconf 75' lang='lat' dir='ltr'><strong>eumdemabbatem</strong></span> <span class='ocrx_word' id='word_1_17' title='bbox 3013 385 3368 458; x_wconf 86' lang='lat' dir='ltr'><strong>recipiendus</strong></span> <span class='ocrx_word' id='word_1_18' title='bbox 3381 385 3712 442; x_wconf 78' lang='lat' dir='ltr'><strong>advenerat:</strong></span> <span class='ocrx_word' id='word_1_19' title='bbox 3730 401 3855 442; x_wconf 90' lang='lat' dir='ltr'><strong>cum</strong></span> 
     </span>
    </p>
   </div>
   <div class='ocr_carea' id='block_1_5' title="bbox 545 483 2150 559">
    <p class='ocr_par' dir='ltr' id='par_1_5' title="bbox 545 483 2150 559">
     <span class='ocr_line' id='line_1_5' title="bbox 545 483 2150 559; baseline -0.008 -10"><span class='ocrx_word' id='word_1_20' title='bbox 545 503 662 559; x_wconf 91' lang='lat' dir='ltr'><strong>tus,</strong></span> <span class='ocrx_word' id='word_1_21' title='bbox 689 494 990 548; x_wconf 73' lang='lat' dir='ltr'><strong>nuditatem</strong></span> <span class='ocrx_word' id='word_1_22' title='bbox 1028 508 1175 546; x_wconf 81' lang='lat' dir='ltr'><strong>suam</strong></span> <span class='ocrx_word' id='word_1_23' title='bbox 1208 491 1395 545; x_wconf 73' lang='lat' dir='ltr'><strong>divino</strong></span> <span class='ocrx_word' id='word_1_24' title='bbox 1443 502 1672 543; x_wconf 88' lang='lat' dir='ltr'><strong>munere</strong></span> <span class='ocrx_word' id='word_1_25' title='bbox 1721 483 2018 540; x_wconf 83' lang='lat' dir='ltr'><strong>nesciebat.</strong></span> <span class='ocrx_word' id='word_1_26' title='bbox 2054 483 2150 536; x_wconf 87' lang='lat' dir='ltr'><strong>ilic</strong></span> 
     </span>
    </p>
   </div>
   <div class='ocr_carea' id='block_1_6' title="bbox 541 580 2148 658">
    <p class='ocr_par' dir='ltr' id='par_1_6' title="bbox 541 580 2148 658">
     <span class='ocr_line' id='line_1_6' title="bbox 541 580 2148 658; baseline -0.007 -16"><span class='ocrx_word' id='word_1_27' title='bbox 541 586 761 658; x_wconf 90' lang='lat' dir='ltr'><strong>quoties</strong></span> <span class='ocrx_word' id='word_1_28' title='bbox 795 602 920 641; x_wconf 84' lang='lat' dir='ltr'><strong>eum</strong></span> <span class='ocrx_word' id='word_1_29' title='bbox 975 585 1218 654; x_wconf 78' lang='lat' dir='ltr'><strong>religiosi</strong></span> <span class='ocrx_word' id='word_1_30' title='bbox 1276 583 1377 638; x_wconf 81' lang='lat' dir='ltr'><strong>viri</strong></span> <span class='ocrx_word' id='word_1_31' title='bbox 1428 583 1582 637; x_wconf 84' lang='lat' dir='ltr'><strong>adire</strong></span> <span class='ocrx_word' id='word_1_32' title='bbox 1616 580 1930 644; x_wconf 85' lang='lat' dir='ltr'><strong>voluerunt,</strong></span> <span class='ocrx_word' id='word_1_33' title='bbox 1985 591 2148 631; x_wconf 85' lang='lat' dir='ltr'><strong>cursu</strong></span> 
     </span>
    </p>
   </div>
   <div class='ocr_carea' id='block_1_7' title="bbox 545 670 2148 748">
    <p class='ocr_par' dir='ltr' id='par_1_7' title="bbox 545 670 2148 748">
     <span class='ocr_line' id='line_1_7' title="bbox 545 670 2148 748; baseline -0.007 -13"><span class='ocrx_word' id='word_1_34' title='bbox 545 683 664 735; x_wconf 87' lang='lat' dir='ltr'><strong>avia</strong></span> <span class='ocrx_word' id='word_1_35' title='bbox 703 690 915 748; x_wconf 82' lang='lat' dir='ltr'><strong>petens,</strong></span> <span class='ocrx_word' id='word_1_36' title='bbox 948 692 1277 747; x_wconf 81' lang='lat' dir='ltr'><strong>congressus</strong></span> <span class='ocrx_word' id='word_1_37' title='bbox 1313 677 1517 730; x_wconf 83' lang='lat' dir='ltr'><strong>vitabat</strong></span> <span class='ocrx_word' id='word_1_38' title='bbox 1560 674 1848 729; x_wconf 88' lang='lat' dir='ltr'><strong>humanos.</strong></span> <span class='ocrx_word' id='word_1_39' title='bbox 1898 670 2001 728; x_wconf 86' lang='lat' dir='ltr'><strong>Uni</strong></span> <span class='ocrx_word' id='word_1_40' title='bbox 2034 683 2148 724; x_wconf 84' lang='lat' dir='ltr'><strong>tan-</strong></span> 
     </span>
    </p>
   </div>
   <div class='ocr_carea' id='block_1_8' title="bbox 543 765 2147 839">
    <p class='ocr_par' dir='ltr' id='par_1_8' title="bbox 543 765 2147 839">
     <span class='ocr_line' id='line_1_8' title="bbox 543 765 2147 839; baseline -0.004 -13"><span class='ocrx_word' id='word_1_41' title='bbox 543 772 831 827; x_wconf 90' lang='lat' dir='ltr'><strong>tummodo</strong></span> <span class='ocrx_word' id='word_1_42' title='bbox 854 771 1130 825; x_wconf 77' lang='lat' dir='ltr'><strong>ferebatur</strong></span> <span class='ocrx_word' id='word_1_43' title='bbox 1144 785 1205 825; x_wconf 89' lang='lat' dir='ltr'><strong>se</strong></span> <span class='ocrx_word' id='word_1_44' title='bbox 1227 780 1354 824; x_wconf 90' lang='lat' dir='ltr'><strong>ante</strong></span> <span class='ocrx_word' id='word_1_45' title='bbox 1373 768 1807 839; x_wconf 81' lang='lat' dir='ltr'><strong>quinquennium</strong></span> <span class='ocrx_word' id='word_1_46' title='bbox 1826 765 2147 836; x_wconf 64' lang='lat' dir='ltr'><strong>praebuisse,</strong></span> 
     </span>
    </p>
   </div>
   <div class='ocr_carea' id='block_1_9' title="bbox 539 857 2150 934">
    <p class='ocr_par' dir='ltr' id='par_1_9' title="bbox 539 857 2150 934">
     <span class='ocr_line' id='line_1_9' title="bbox 539 857 2150 934; baseline -0.005 -16"><span class='ocrx_word' id='word_1_47' title='bbox 539 864 814 934; x_wconf 87' lang='lat' dir='ltr'><strong>quicredo</strong></span> <span class='ocrx_word' id='word_1_48' title='bbox 843 864 1054 932; x_wconf 87' lang='lat' dir='ltr'><strong>potenti</strong></span> <span class='ocrx_word' id='word_1_49' title='bbox 1081 863 1190 917; x_wconf 84' lang='lat' dir='ltr'><strong>fide</strong></span> <span class='ocrx_word' id='word_1_50' title='bbox 1210 862 1528 916; x_wconf 83' lang='lat' dir='ltr'><strong>idobtinere</strong></span> <span class='ocrx_word' id='word_1_51' title='bbox 1553 860 1886 931; x_wconf 82' lang='lat' dir='ltr'><strong>promeruit:</strong></span> <span class='ocrx_word' id='word_1_52' title='bbox 1907 857 1994 912; x_wconf 90' lang='lat' dir='ltr'><strong>cui</strong></span> <span class='ocrx_word' id='word_1_53' title='bbox 2011 859 2150 911; x_wconf 79' lang='lat' dir='ltr'><strong>inter</strong></span> 
     </span>
    </p>
   </div>
   <div class='ocr_carea' id='block_1_10' title="bbox 539 951 2148 1024">
    <p class='ocr_par' dir='ltr' id='par_1_10' title="bbox 539 951 2148 1024">
     <span class='ocr_line' id='line_1_10' title="bbox 539 951 2148 1024; baseline -0.005 -14"><span class='ocrx_word' id='word_1_54' title='bbox 539 958 708 1011; x_wconf 87' lang='lat' dir='ltr'><strong>multa</strong></span> <span class='ocrx_word' id='word_1_55' title='bbox 735 956 1008 1023; x_wconf 64' lang='lat' dir='ltr'><strong>colloquia</strong></span> <span class='ocrx_word' id='word_1_56' title='bbox 1039 954 1441 1024; x_wconf 81' lang='lat' dir='ltr'><strong>percunctanti,</strong></span> <span class='ocrx_word' id='word_1_57' title='bbox 1465 967 1566 1006; x_wconf 88' lang='lat' dir='ltr'><strong>cur</strong></span> <span class='ocrx_word' id='word_1_58' title='bbox 1596 951 1844 1007; x_wconf 85' lang='lat' dir='ltr'><strong>homines</strong></span> <span class='ocrx_word' id='word_1_59' title='bbox 1865 958 2148 1017; x_wconf 81' lang='lat' dir='ltr'><strong>tantopere</strong></span> 
     </span>
    </p>
   </div>
   <div class='ocr_carea' id='block_1_11' title="bbox 537 1040 2148 1117">
    <p class='ocr_par' dir='ltr' id='par_1_11' title="bbox 537 1040 2148 1117">
     <span class='ocr_line' id='line_1_11' title="bbox 537 1040 2148 1117; baseline -0.007 -13"><span class='ocrx_word' id='word_1_60' title='bbox 537 1050 761 1113; x_wconf 84' lang='lat' dir='ltr'><strong>vitaret,</strong></span> <span class='ocrx_word' id='word_1_61' title='bbox 779 1048 1130 1117; x_wconf 65' lang='lat' dir='ltr'><strong>respondisse</strong></span> <span class='ocrx_word' id='word_1_62' title='bbox 1147 1048 1484 1115; x_wconf 82' lang='lat' dir='ltr'><strong>perhibetur,</strong></span> <span class='ocrx_word' id='word_1_63' title='bbox 1502 1061 1625 1099; x_wconf 87' lang='lat' dir='ltr'><strong>cum</strong></span> <span class='ocrx_word' id='word_1_64' title='bbox 1647 1044 1738 1113; x_wconf 87' lang='lat' dir='ltr'><strong>qui</strong></span> <span class='ocrx_word' id='word_1_65' title='bbox 1754 1043 1821 1096; x_wconf 82' lang='lat' dir='ltr'><strong>ab</strong></span> <span class='ocrx_word' id='word_1_66' title='bbox 1836 1040 2148 1096; x_wconf 83' lang='lat' dir='ltr'><strong>hominibus</strong></span> 
     </span>
    </p>
   </div>
   <div class='ocr_carea' id='block_1_12' title="bbox 537 1135 2144 1212">
    <p class='ocr_par' dir='ltr' id='par_1_12' title="bbox 537 1135 2144 1212">
     <span class='ocr_line' id='line_1_12' title="bbox 537 1135 2144 1212; baseline -0.007 -15"><span class='ocrx_word' id='word_1_67' title='bbox 537 1143 1005 1212; x_wconf 76' lang='lat' dir='ltr'><strong>frequentaretur,</strong></span> <span class='ocrx_word' id='word_1_68' title='bbox 1042 1157 1152 1195; x_wconf 91' lang='lat' dir='ltr'><strong>non</strong></span> <span class='ocrx_word' id='word_1_69' title='bbox 1186 1157 1349 1211; x_wconf 86' lang='lat' dir='ltr'><strong>posse</strong></span> <span class='ocrx_word' id='word_1_70' title='bbox 1394 1139 1464 1193; x_wconf 77' lang='lat' dir='ltr'><strong>ab</strong></span> <span class='ocrx_word' id='word_1_71' title='bbox 1503 1139 1714 1208; x_wconf 82' lang='lat' dir='ltr'><strong>angelis</strong></span> <span class='ocrx_word' id='word_1_72' title='bbox 1765 1135 2100 1206; x_wconf 88' lang='lat' dir='ltr'><strong>frequentari</strong></span> <span class='ocrx_word' id='word_1_73' title='bbox 2132 1150 2144 1185; x_wconf 86' lang='lat'><strong>:</strong></span> 
     </span>
    </p>
   </div>
   <div class='ocr_carea' id='block_1_13' title="bbox 537 1227 2146 1305">
    <p class='ocr_par' dir='ltr' id='par_1_13' title="bbox 537 1227 2146 1305">
     <span class='ocr_line' id='line_1_13' title="bbox 537 1227 2146 1305; baseline -0.006 -15"><span class='ocrx_word' id='word_1_74' title='bbox 537 1235 687 1290; x_wconf 87' lang='lat' dir='ltr'><strong>unde</strong></span> <span class='ocrx_word' id='word_1_75' title='bbox 710 1252 816 1287; x_wconf 90' lang='lat' dir='ltr'><strong>non</strong></span> <span class='ocrx_word' id='word_1_76' title='bbox 845 1233 1124 1305; x_wconf 88' lang='lat' dir='ltr'><strong>immerito</strong></span> <span class='ocrx_word' id='word_1_77' title='bbox 1152 1242 1371 1302; x_wconf 85' lang='lat' dir='ltr'><strong>recepta</strong></span> <span class='ocrx_word' id='word_1_78' title='bbox 1401 1233 1660 1302; x_wconf 86' lang='lat' dir='ltr'><strong>opinione</strong></span> <span class='ocrx_word' id='word_1_79' title='bbox 1683 1229 1975 1284; x_wconf 74' lang='lat' dir='ltr'><strong>munitorum</strong></span> <span class='ocrx_word' id='word_1_80' title='bbox 2007 1227 2146 1280; x_wconf 89' lang='lat' dir='ltr'><strong>fama</strong></span> 
     </span>
    </p>
   </div>
   <div class='ocr_carea' id='block_1_14' title="bbox 537 1320 2147 1399">
    <p class='ocr_par' dir='ltr' id='par_1_14' title="bbox 537 1320 2147 1399">
     <span class='ocr_line' id='line_1_14' title="bbox 537 1320 2147 1399; baseline -0.007 -15"><span class='ocrx_word' id='word_1_81' title='bbox 537 1330 877 1399; x_wconf 75' lang='lat' dir='ltr'><strong>vulgaverat,</strong></span> <span class='ocrx_word' id='word_1_82' title='bbox 897 1330 1158 1384; x_wconf 80' lang='lat' dir='ltr'><strong>Sanctum</strong></span> <span class='ocrx_word' id='word_1_83' title='bbox 1175 1329 1326 1382; x_wconf 93' lang='lat' dir='ltr'><strong>illum</strong></span> <span class='ocrx_word' id='word_1_84' title='bbox 1343 1327 1410 1383; x_wconf 83' lang='lat' dir='ltr'><strong>ab</strong></span> <span class='ocrx_word' id='word_1_85' title='bbox 1434 1325 1645 1395; x_wconf 78' lang='lat' dir='ltr'><strong>angelis</strong></span> <span class='ocrx_word' id='word_1_86' title='bbox 1670 1324 1902 1377; x_wconf 88' lang='lat' dir='ltr'><strong>visitari.</strong></span> <span class='ocrx_word' id='word_1_87' title='bbox 1919 1320 2147 1390; x_wconf 84' lang='lat' dir='ltr'><strong>Egoau-</strong></span> 
     </span>
    </p>
   </div>
   <div class='ocr_carea' id='block_1_15' title="bbox 539 1415 2150 1490">
    <p class='ocr_par' dir='ltr' id='par_1_15' title="bbox 539 1415 2150 1490">
     <span class='ocr_line' id='line_1_15' title="bbox 539 1415 2150 1490; baseline -0.005 -16"><span class='ocrx_word' id='word_1_88' title='bbox 539 1427 647 1476; x_wconf 89' lang='lat' dir='ltr'><strong>tem</strong></span> <span class='ocrx_word' id='word_1_89' title='bbox 675 1437 702 1475; x_wconf 94' lang='lat' dir='ltr'><strong>a</strong></span> <span class='ocrx_word' id='word_1_90' title='bbox 737 1422 866 1477; x_wconf 87' lang='lat' dir='ltr'><strong>Sina</strong></span> <span class='ocrx_word' id='word_1_91' title='bbox 894 1430 1080 1474; x_wconf 83' lang='lat' dir='ltr'><strong>monte</strong></span> <span class='ocrx_word' id='word_1_92' title='bbox 1108 1421 1392 1490; x_wconf 88' lang='lat' dir='ltr'><strong>digressus</strong></span> <span class='ocrx_word' id='word_1_93' title='bbox 1417 1419 1482 1471; x_wconf 87' lang='lat' dir='ltr'><strong>ad</strong></span> <span class='ocrx_word' id='word_1_94' title='bbox 1508 1417 1688 1471; x_wconf 77' lang='lat' dir='ltr'><strong>Nilum</strong></span> <span class='ocrx_word' id='word_1_95' title='bbox 1720 1415 2150 1482; x_wconf 86' lang='lat' dir='ltr'><strong>flumenregres-</strong></span> 
     </span>
    </p>
   </div>
   <div class='ocr_carea' id='block_1_16' title="bbox 537 1507 2150 1581">
    <p class='ocr_par' dir='ltr' id='par_1_16' title="bbox 537 1507 2150 1581">
     <span class='ocr_line' id='line_1_16' title="bbox 537 1507 2150 1581; baseline -0.007 -11"><span class='ocrx_word' id='word_1_96' title='bbox 537 1528 632 1571; x_wconf 83' lang='lat' dir='ltr'><strong>sus</strong></span> <span class='ocrx_word' id='word_1_97' title='bbox 664 1530 808 1575; x_wconf 86' lang='lat' dir='ltr'><strong>sum,</strong></span> <span class='ocrx_word' id='word_1_98' title='bbox 845 1514 1003 1581; x_wconf 88' lang='lat' dir='ltr'><strong>cujus</strong></span> <span class='ocrx_word' id='word_1_99' title='bbox 1047 1514 1194 1581; x_wconf 85' lang='lat' dir='ltr'><strong>ripas</strong></span> <span class='ocrx_word' id='word_1_100' title='bbox 1225 1511 1604 1581; x_wconf 79' lang='lat' dir='ltr'><strong>frequentibus</strong></span> <span class='ocrx_word' id='word_1_101' title='bbox 1643 1507 1992 1563; x_wconf 82' lang='lat' dir='ltr'><strong>monasteriis</strong></span> <span class='ocrx_word' id='word_1_102' title='bbox 2018 1519 2150 1559; x_wconf 82' lang='lat' dir='ltr'><strong>con-</strong></span> 
     </span>
    </p>
   </div>
   <div class='ocr_carea' id='block_1_17' title="bbox 536 1600 2151 1678">
    <p class='ocr_par' dir='ltr' id='par_1_17' title="bbox 536 1600 2151 1678">
     <span class='ocr_line' id='line_1_17' title="bbox 536 1600 2151 1678; baseline -0.007 -13"><span class='ocrx_word' id='word_1_103' title='bbox 536 1620 712 1665; x_wconf 76' lang='lat' dir='ltr'><strong>sertas</strong></span> <span class='ocrx_word' id='word_1_104' title='bbox 739 1620 972 1677; x_wconf 86' lang='lat' dir='ltr'><strong>utraque</strong></span> <span class='ocrx_word' id='word_1_105' title='bbox 998 1625 1063 1663; x_wconf 78' lang='lat' dir='ltr'><strong>ex</strong></span> <span class='ocrx_word' id='word_1_106' title='bbox 1091 1619 1245 1678; x_wconf 87' lang='lat' dir='ltr'><strong>parte</strong></span> <span class='ocrx_word' id='word_1_107' title='bbox 1277 1606 1544 1670; x_wconf 84' lang='lat' dir='ltr'><strong>lustravi;</strong></span> <span class='ocrx_word' id='word_1_108' title='bbox 1577 1605 1902 1674; x_wconf 86' lang='lat' dir='ltr'><strong>plerumque</strong></span> <span class='ocrx_word' id='word_1_109' title='bbox 1928 1600 2060 1665; x_wconf 89' lang='lat' dir='ltr'><strong>vidi,</strong></span> <span class='ocrx_word' id='word_1_110' title='bbox 2091 1606 2151 1653; x_wconf 91' lang='lat' dir='ltr'><strong>ut</strong></span> 
     </span>
    </p>
   </div>
   <div class='ocr_carea' id='block_1_18' title="bbox 535 1691 2148 1766">
    <p class='ocr_par' dir='ltr' id='par_1_18' title="bbox 535 1691 2148 1766">
     <span class='ocr_line' id='line_1_18' title="bbox 535 1691 2148 1766; baseline -0.006 -10"><span class='ocrx_word' id='word_1_111' title='bbox 535 1700 744 1756; x_wconf 87' lang='lat' dir='ltr'><strong>dudum</strong></span> <span class='ocrx_word' id='word_1_112' title='bbox 772 1701 1045 1766; x_wconf 83' lang='lat' dir='ltr'><strong>dixeram,</strong></span> <span class='ocrx_word' id='word_1_113' title='bbox 1077 1716 1189 1754; x_wconf 91' lang='lat' dir='ltr'><strong>uno</strong></span> <span class='ocrx_word' id='word_1_114' title='bbox 1218 1700 1272 1753; x_wconf 91' lang='lat' dir='ltr'><strong>in</strong></span> <span class='ocrx_word' id='word_1_115' title='bbox 1299 1701 1423 1753; x_wconf 86' lang='lat' dir='ltr'><strong>loco</strong></span> <span class='ocrx_word' id='word_1_116' title='bbox 1453 1697 1706 1751; x_wconf 84' lang='lat' dir='ltr'><strong>habitare</strong></span> <span class='ocrx_word' id='word_1_117' title='bbox 1726 1703 2026 1749; x_wconf 91' lang='lat' dir='ltr'><strong>centenos:</strong></span> <span class='ocrx_word' id='word_1_118' title='bbox 2054 1691 2148 1747; x_wconf 82' lang='lat' dir='ltr'><strong>sed</strong></span> 
     </span>
    </p>
   </div>
   <div class='ocr_carea' id='block_1_19' title="bbox 2252 480 3857 553">
    <p class='ocr_par' dir='ltr' id='par_1_19' title="bbox 2252 480 3857 553">
     <span class='ocr_line' id='line_1_19' title="bbox 2252 480 3857 553; baseline 0.001 -17"><span class='ocrx_word' id='word_1_119' title='bbox 2252 483 2424 550; x_wconf 88' lang='lat' dir='ltr'><strong>prima</strong></span> <span class='ocrx_word' id='word_1_120' title='bbox 2443 482 2494 536; x_wconf 88' lang='lat' dir='ltr'><strong>ei</strong></span> <span class='ocrx_word' id='word_1_121' title='bbox 2518 483 2605 537; x_wconf 83' lang='lat' dir='ltr'><strong>lex</strong></span> <span class='ocrx_word' id='word_1_122' title='bbox 2624 480 2954 539; x_wconf 70' lang='lat' dir='ltr'><strong>obedientiae</strong></span> <span class='ocrx_word' id='word_1_123' title='bbox 2970 492 3291 552; x_wconf 86' lang='lat' dir='ltr'><strong>poneretur,</strong></span> <span class='ocrx_word' id='word_1_124' title='bbox 3313 495 3375 538; x_wconf 92' lang='lat' dir='ltr'><strong>ac</strong></span> <span class='ocrx_word' id='word_1_125' title='bbox 3388 491 3672 553; x_wconf 85' lang='lat' dir='ltr'><strong>perpetem</strong></span> <span class='ocrx_word' id='word_1_126' title='bbox 3701 483 3857 552; x_wconf 87' lang='lat' dir='ltr'><strong>polii-</strong></span> 
     </span>
    </p>
   </div>
   <div class='ocr_carea' id='block_1_20' title="bbox 2250 574 3859 643">
    <p class='ocr_par' dir='ltr' id='par_1_20' title="bbox 2250 574 3859 643">
     <span class='ocr_line' id='line_1_20' title="bbox 2250 574 3859 643; baseline 0.001 -11"><span class='ocrx_word' id='word_1_127' title='bbox 2250 575 2550 632; x_wconf 84' lang='lat' dir='ltr'><strong>oereturad</strong></span> <span class='ocrx_word' id='word_1_128' title='bbox 2571 575 2755 630; x_wconf 86' lang='lat' dir='ltr'><strong>omnia</strong></span> <span class='ocrx_word' id='word_1_129' title='bbox 2779 575 2864 630; x_wconf 80' lang='lat' dir='ltr'><strong>vel</strong></span> <span class='ocrx_word' id='word_1_130' title='bbox 2886 583 3139 629; x_wconf 74' lang='lat' dir='ltr'><strong>extrema</strong></span> <span class='ocrx_word' id='word_1_131' title='bbox 3165 574 3512 643; x_wconf 81' lang='lat' dir='ltr'><strong>patientiam;</strong></span> <span class='ocrx_word' id='word_1_132' title='bbox 3537 591 3670 632; x_wconf 85' lang='lat' dir='ltr'><strong>casu</strong></span> <span class='ocrx_word' id='word_1_133' title='bbox 3693 575 3859 634; x_wconf 84' lang='lat' dir='ltr'><strong>abbas</strong></span> 
     </span>
    </p>
   </div>
   <div class='ocr_carea' id='block_1_21' title="bbox 2249 668 3856 740">
    <p class='ocr_par' dir='ltr' id='par_1_21' title="bbox 2249 668 3856 740">
     <span class='ocr_line' id='line_1_21' title="bbox 2249 668 3856 740; baseline 0 -16"><span class='ocrx_word' id='word_1_134' title='bbox 2249 670 2574 725; x_wconf 84' lang='lat' dir='ltr'><strong>storacinatn</strong></span> <span class='ocrx_word' id='word_1_135' title='bbox 2595 668 3142 740; x_wconf 88' lang='lat' dir='ltr'><strong>virgamjampridem</strong></span> <span class='ocrx_word' id='word_1_136' title='bbox 3170 669 3378 724; x_wconf 87' lang='lat' dir='ltr'><strong>aridam</strong></span> <span class='ocrx_word' id='word_1_137' title='bbox 3409 684 3573 724; x_wconf 88' lang='lat' dir='ltr'><strong>manu</strong></span> <span class='ocrx_word' id='word_1_138' title='bbox 3603 671 3856 740; x_wconf 78' lang='lat' dir='ltr'><strong>gerebat:</strong></span> 
     </span>
    </p>
   </div>
   <div class='ocr_carea' id='block_1_22' title="bbox 2251 760 3854 836">
    <p class='ocr_par' dir='ltr' id='par_1_22' title="bbox 2251 760 3854 836">
     <span class='ocr_line' id='line_1_22' title="bbox 2251 760 3854 836; baseline 0.003 -21"><span class='ocrx_word' id='word_1_139' title='bbox 2251 760 2396 816; x_wconf 84' lang='lat' dir='ltr'><strong>hanc</strong></span> <span class='ocrx_word' id='word_1_140' title='bbox 2415 762 2532 817; x_wconf 89' lang='lat' dir='ltr'><strong>solo</strong></span> <span class='ocrx_word' id='word_1_141' title='bbox 2555 761 2690 832; x_wconf 83' lang='lat' dir='ltr'><strong>figit,</strong></span> <span class='ocrx_word' id='word_1_142' title='bbox 2724 772 2890 834; x_wconf 87' lang='lat' dir='ltr'><strong>atque</strong></span> <span class='ocrx_word' id='word_1_143' title='bbox 2938 762 3019 818; x_wconf 92' lang='lat' dir='ltr'><strong>illi</strong></span> <span class='ocrx_word' id='word_1_144' title='bbox 3060 762 3282 818; x_wconf 77' lang='lat' dir='ltr'><strong>advenae</strong></span> <span class='ocrx_word' id='word_1_145' title='bbox 3307 762 3360 818; x_wconf 88' lang='lat' dir='ltr'><strong>id</strong></span> <span class='ocrx_word' id='word_1_146' title='bbox 3388 764 3854 836; x_wconf 86' lang='lat' dir='ltr'><strong>operisimponit,</strong></span> 
     </span>
    </p>
   </div>
   <div class='ocr_carea' id='block_1_23' title="bbox 2249 855 3862 928">
    <p class='ocr_par' dir='ltr' id='par_1_23' title="bbox 2249 855 3862 928">
     <span class='ocr_line' id='line_1_23' title="bbox 2249 855 3862 928; baseline 0.004 -19"><span class='ocrx_word' id='word_1_147' title='bbox 2249 864 2308 909; x_wconf 79' lang='lat' dir='ltr'><strong>ut</strong></span> <span class='ocrx_word' id='word_1_148' title='bbox 2341 856 2542 910; x_wconf 78' lang='lat' dir='ltr'><strong>tamdiu</strong></span> <span class='ocrx_word' id='word_1_149' title='bbox 2573 856 2800 926; x_wconf 75' lang='lat' dir='ltr'><strong>virgulae</strong></span> <span class='ocrx_word' id='word_1_150' title='bbox 2829 870 3025 927; x_wconf 85' lang='lat' dir='ltr'><strong>aquam</strong></span> <span class='ocrx_word' id='word_1_151' title='bbox 3067 855 3325 927; x_wconf 85' lang='lat' dir='ltr'><strong>irriguam</strong></span> <span class='ocrx_word' id='word_1_152' title='bbox 3361 857 3728 928; x_wconf 81' lang='lat' dir='ltr'><strong>ministraret,</strong></span> <span class='ocrx_word' id='word_1_153' title='bbox 3761 857 3862 915; x_wconf 78' lang='lat' dir='ltr'><strong>do-</strong></span> 
     </span>
    </p>
   </div>
   <div class='ocr_carea' id='block_1_24' title="bbox 2253 945 3858 1020">
    <p class='ocr_par' dir='ltr' id='par_1_24' title="bbox 2253 945 3858 1020">
     <span class='ocr_line' id='line_1_24' title="bbox 2253 945 3858 1020; baseline 0.004 -21"><span class='ocrx_word' id='word_1_154' title='bbox 2253 961 2372 1012; x_wconf 85' lang='lat' dir='ltr'><strong>nec,</strong></span> <span class='ocrx_word' id='word_1_155' title='bbox 2404 945 2552 1016; x_wconf 89' lang='lat' dir='ltr'><strong>quod</strong></span> <span class='ocrx_word' id='word_1_156' title='bbox 2577 954 2770 1002; x_wconf 86' lang='lat' dir='ltr'><strong>contra</strong></span> <span class='ocrx_word' id='word_1_157' title='bbox 2799 960 3020 1002; x_wconf 89' lang='lat' dir='ltr'><strong>omnem</strong></span> <span class='ocrx_word' id='word_1_158' title='bbox 3049 956 3300 1002; x_wconf 85' lang='lat' dir='ltr'><strong>naturam</strong></span> <span class='ocrx_word' id='word_1_159' title='bbox 3325 958 3471 1012; x_wconf 87' lang='lat' dir='ltr'><strong>erat,</strong></span> <span class='ocrx_word' id='word_1_160' title='bbox 3503 948 3708 1020; x_wconf 84' lang='lat' dir='ltr'><strong>lignum</strong></span> <span class='ocrx_word' id='word_1_161' title='bbox 3749 953 3858 1005; x_wconf 88' lang='lat' dir='ltr'><strong>ari-</strong></span> 
     </span>
    </p>
   </div>
   <div class='ocr_carea' id='block_1_25' title="bbox 2251 1035 3859 1111">
    <p class='ocr_par' dir='ltr' id='par_1_25' title="bbox 2251 1035 3859 1111">
     <span class='ocr_line' id='line_1_25' title="bbox 2251 1035 3859 1111; baseline 0.004 -20"><span class='ocrx_word' id='word_1_162' title='bbox 2251 1035 2382 1092; x_wconf 85' lang='lat' dir='ltr'><strong>dum</strong></span> <span class='ocrx_word' id='word_1_163' title='bbox 2404 1037 2458 1091; x_wconf 89' lang='lat' dir='ltr'><strong>in</strong></span> <span class='ocrx_word' id='word_1_164' title='bbox 2487 1037 2602 1091; x_wconf 85' lang='lat' dir='ltr'><strong>solo</strong></span> <span class='ocrx_word' id='word_1_165' title='bbox 2627 1047 2826 1094; x_wconf 87' lang='lat' dir='ltr'><strong>arente</strong></span> <span class='ocrx_word' id='word_1_166' title='bbox 2851 1039 3172 1094; x_wconf 82' lang='lat' dir='ltr'><strong>viresceret.</strong></span> <span class='ocrx_word' id='word_1_167' title='bbox 3206 1039 3502 1111; x_wconf 89' lang='lat' dir='ltr'><strong>Subjectus</strong></span> <span class='ocrx_word' id='word_1_168' title='bbox 3525 1042 3731 1097; x_wconf 81' lang='lat' dir='ltr'><strong>advena</strong></span> <span class='ocrx_word' id='word_1_169' title='bbox 3756 1042 3859 1097; x_wconf 79' lang='lat' dir='ltr'><strong>du-</strong></span> 
     </span>
    </p>
   </div>
   <div class='ocr_carea' id='block_1_26' title="bbox 2253 1132 3858 1207">
    <p class='ocr_par' dir='ltr' id='par_1_26' title="bbox 2253 1132 3858 1207">
     <span class='ocr_line' id='line_1_26' title="bbox 2253 1132 3858 1207; baseline 0.004 -21"><span class='ocrx_word' id='word_1_170' title='bbox 2253 1146 2334 1186; x_wconf 63' lang='lat' dir='ltr'><strong>rat</strong></span> <span class='ocrx_word' id='word_1_171' title='bbox 2359 1132 2494 1203; x_wconf 70' lang='lat' dir='ltr'><strong>legis</strong></span> <span class='ocrx_word' id='word_1_172' title='bbox 2525 1133 2778 1203; x_wconf 89' lang='lat' dir='ltr'><strong>imperio,</strong></span> <span class='ocrx_word' id='word_1_173' title='bbox 2835 1148 3032 1202; x_wconf 86' lang='lat' dir='ltr'><strong>aquam</strong></span> <span class='ocrx_word' id='word_1_174' title='bbox 3077 1135 3316 1204; x_wconf 86' lang='lat' dir='ltr'><strong>propriis</strong></span> <span class='ocrx_word' id='word_1_175' title='bbox 3345 1134 3586 1192; x_wconf 86' lang='lat' dir='ltr'><strong>humeris</strong></span> <span class='ocrx_word' id='word_1_176' title='bbox 3609 1137 3858 1207; x_wconf 89' lang='lat' dir='ltr'><strong>quotidie</strong></span> 
     </span>
    </p>
   </div>
   <div class='ocr_carea' id='block_1_27' title="bbox 2250 1225 3854 1298">
    <p class='ocr_par' dir='ltr' id='par_1_27' title="bbox 2250 1225 3854 1298">
     <span class='ocr_line' id='line_1_27' title="bbox 2250 1225 3854 1298; baseline 0.002 -17"><span class='ocrx_word' id='word_1_177' title='bbox 2250 1225 2622 1292; x_wconf 76' lang='lat' dir='ltr'><strong>convehebat,</strong></span> <span class='ocrx_word' id='word_1_178' title='bbox 2651 1241 2772 1298; x_wconf 70' lang='lat' dir='ltr'><strong>qua!</strong></span> <span class='ocrx_word' id='word_1_179' title='bbox 2800 1241 2830 1280; x_wconf 91' lang='lat' dir='ltr'><strong>a</strong></span> <span class='ocrx_word' id='word_1_180' title='bbox 2856 1226 2980 1283; x_wconf 85' lang='lat' dir='ltr'><strong>Nilo</strong></span> <span class='ocrx_word' id='word_1_181' title='bbox 3018 1227 3243 1282; x_wconf 82' lang='lat' dir='ltr'><strong>flumine</strong></span> <span class='ocrx_word' id='word_1_182' title='bbox 3275 1243 3374 1298; x_wconf 86' lang='lat' dir='ltr'><strong>per</strong></span> <span class='ocrx_word' id='word_1_183' title='bbox 3405 1229 3516 1284; x_wconf 90' lang='lat' dir='ltr'><strong>duo</strong></span> <span class='ocrx_word' id='word_1_184' title='bbox 3543 1229 3658 1284; x_wconf 88' lang='lat' dir='ltr'><strong>fere</strong></span> <span class='ocrx_word' id='word_1_185' title='bbox 3688 1229 3854 1284; x_wconf 89' lang='lat' dir='ltr'><strong>millia</strong></span> 
     </span>
    </p>
   </div>
   <div class='ocr_carea' id='block_1_28' title="bbox 2251 1317 3855 1388">
    <p class='ocr_par' dir='ltr' id='par_1_28' title="bbox 2251 1317 3855 1388">
     <span class='ocr_line' id='line_1_28' title="bbox 2251 1317 3855 1388; baseline 0.002 -18"><span class='ocrx_word' id='word_1_186' title='bbox 2251 1318 2568 1387; x_wconf 81' lang='lat' dir='ltr'><strong>petebatur;</strong></span> <span class='ocrx_word' id='word_1_187' title='bbox 2595 1317 2820 1388; x_wconf 81' lang='lat' dir='ltr'><strong>jamque</strong></span> <span class='ocrx_word' id='word_1_188' title='bbox 2871 1332 3095 1374; x_wconf 88' lang='lat' dir='ltr'><strong>emenso</strong></span> <span class='ocrx_word' id='word_1_189' title='bbox 3135 1319 3264 1372; x_wconf 90' lang='lat' dir='ltr'><strong>anni</strong></span> <span class='ocrx_word' id='word_1_190' title='bbox 3301 1318 3501 1388; x_wconf 87' lang='lat' dir='ltr'><strong>spatio,</strong></span> <span class='ocrx_word' id='word_1_191' title='bbox 3543 1319 3700 1373; x_wconf 85' lang='lat' dir='ltr'><strong>labor</strong></span> <span class='ocrx_word' id='word_1_192' title='bbox 3748 1334 3855 1374; x_wconf 89' lang='lat' dir='ltr'><strong>non</strong></span> 
     </span>
    </p>
   </div>
   <div class='ocr_carea' id='block_1_29' title="bbox 2251 1410 3855 1483">
    <p class='ocr_par' dir='ltr' id='par_1_29' title="bbox 2251 1410 3855 1483">
     <span class='ocr_line' id='line_1_29' title="bbox 2251 1410 3855 1483; baseline 0 -16"><span class='ocrx_word' id='word_1_193' title='bbox 2251 1413 2501 1467; x_wconf 82' lang='lat' dir='ltr'><strong>cessabat</strong></span> <span class='ocrx_word' id='word_1_194' title='bbox 2529 1412 2904 1482; x_wconf 85' lang='lat' dir='ltr'><strong>operantis,ct</strong></span> <span class='ocrx_word' id='word_1_195' title='bbox 2933 1411 3002 1466; x_wconf 90' lang='lat' dir='ltr'><strong>de</strong></span> <span class='ocrx_word' id='word_1_196' title='bbox 3026 1410 3208 1466; x_wconf 90' lang='lat' dir='ltr'><strong>fructu</strong></span> <span class='ocrx_word' id='word_1_197' title='bbox 3239 1413 3423 1482; x_wconf 89' lang='lat' dir='ltr'><strong>operis</strong></span> <span class='ocrx_word' id='word_1_198' title='bbox 3445 1426 3571 1483; x_wconf 88' lang='lat' dir='ltr'><strong>spes</strong></span> <span class='ocrx_word' id='word_1_199' title='bbox 3600 1427 3724 1468; x_wconf 90' lang='lat' dir='ltr'><strong>esse</strong></span> <span class='ocrx_word' id='word_1_200' title='bbox 3747 1427 3855 1467; x_wconf 90' lang='lat' dir='ltr'><strong>non</strong></span> 
     </span>
    </p>
   </div>
   <div class='ocr_carea' id='block_1_30' title="bbox 2254 1503 3852 1574">
    <p class='ocr_par' dir='ltr' id='par_1_30' title="bbox 2254 1503 3852 1574">
     <span class='ocr_line' id='line_1_30' title="bbox 2254 1503 3852 1574; baseline 0.002 -18"><span class='ocrx_word' id='word_1_201' title='bbox 2254 1512 2464 1574; x_wconf 82' lang='lat' dir='ltr'><strong>poterat</strong></span> <span class='ocrx_word' id='word_1_202' title='bbox 2496 1522 2508 1557; x_wconf 92' lang='lat'><strong>:</strong></span> <span class='ocrx_word' id='word_1_203' title='bbox 2540 1514 2726 1559; x_wconf 85' lang='lat' dir='ltr'><strong>tamen</strong></span> <span class='ocrx_word' id='word_1_204' title='bbox 2745 1503 3076 1560; x_wconf 80' lang='lat' dir='ltr'><strong>obedientiae</strong></span> <span class='ocrx_word' id='word_1_205' title='bbox 3105 1505 3279 1558; x_wconf 88' lang='lat' dir='ltr'><strong>virtus</strong></span> <span class='ocrx_word' id='word_1_206' title='bbox 3306 1505 3357 1558; x_wconf 90' lang='lat' dir='ltr'><strong>in</strong></span> <span class='ocrx_word' id='word_1_207' title='bbox 3383 1504 3574 1561; x_wconf 89' lang='lat' dir='ltr'><strong>labore</strong></span> <span class='ocrx_word' id='word_1_208' title='bbox 3604 1504 3852 1561; x_wconf 85' lang='lat' dir='ltr'><strong>durabat.</strong></span> 
     </span>
    </p>
   </div>
   <div class='ocr_carea' id='block_1_31' title="bbox 2250 1596 3855 1668">
    <p class='ocr_par' dir='ltr' id='par_1_31' title="bbox 2250 1596 3855 1668">
     <span class='ocr_line' id='line_1_31' title="bbox 2250 1596 3855 1668; baseline 0.002 -19"><span class='ocrx_word' id='word_1_209' title='bbox 2250 1597 2496 1667; x_wconf 84' lang='lat' dir='ltr'><strong>Sequens</strong></span> <span class='ocrx_word' id='word_1_210' title='bbox 2542 1611 2760 1668; x_wconf 79' lang='lat' dir='ltr'><strong>quoque</strong></span> <span class='ocrx_word' id='word_1_211' title='bbox 2808 1611 2984 1652; x_wconf 90' lang='lat' dir='ltr'><strong>annus</strong></span> <span class='ocrx_word' id='word_1_212' title='bbox 3036 1596 3280 1652; x_wconf 87' lang='lat' dir='ltr'><strong>laborem</strong></span> <span class='ocrx_word' id='word_1_213' title='bbox 3304 1596 3416 1667; x_wconf 82' lang='lat' dir='ltr'><strong>jam</strong></span> <span class='ocrx_word' id='word_1_214' title='bbox 3448 1596 3629 1653; x_wconf 83' lang='lat' dir='ltr'><strong>affecti</strong></span> <span class='ocrx_word' id='word_1_215' title='bbox 3669 1597 3855 1653; x_wconf 80' lang='lat' dir='ltr'><strong>fratris</strong></span> 
     </span>
    </p>
   </div>
   <div class='ocr_carea' id='block_1_32' title="bbox 2252 1691 3854 1762">
    <p class='ocr_par' dir='ltr' id='par_1_32' title="bbox 2252 1691 3854 1762">
     <span class='ocr_line' id='line_1_32' title="bbox 2252 1691 3854 1762; baseline 0.002 -18"><span class='ocrx_word' id='word_1_216' title='bbox 2252 1691 2441 1746; x_wconf 84' lang='lat' dir='ltr'><strong>eludit.</strong></span> <span class='ocrx_word' id='word_1_217' title='bbox 2489 1691 2676 1746; x_wconf 83' lang='lat' dir='ltr'><strong>&#39;l‘ertio</strong></span> <span class='ocrx_word' id='word_1_218' title='bbox 2704 1691 2924 1746; x_wconf 86' lang='lat' dir='ltr'><strong>demum</strong></span> <span class='ocrx_word' id='word_1_219' title='bbox 2957 1691 3366 1747; x_wconf 85' lang='lat' dir='ltr'><strong>succedentium</strong></span> <span class='ocrx_word' id='word_1_220' title='bbox 3419 1699 3729 1762; x_wconf 82' lang='lat' dir='ltr'><strong>temporum</strong></span> <span class='ocrx_word' id='word_1_221' title='bbox 3772 1692 3854 1748; x_wconf 87' lang='lat' dir='ltr'><strong>ia-</strong></span> 
     </span>
    </p>
   </div>
   <div class='ocr_carea' id='block_1_33' title="bbox 536 1773 3854 1858">
    <p class='ocr_par' dir='ltr' id='par_1_33' title="bbox 536 1773 3854 1858">
     <span class='ocr_line' id='line_1_33' title="bbox 536 1773 3854 1858; baseline -0.002 -9"><span class='ocrx_word' id='word_1_222' title='bbox 536 1803 592 1849; x_wconf 89' lang='lat' dir='ltr'><strong>et</strong></span> <span class='ocrx_word' id='word_1_223' title='bbox 641 1793 764 1846; x_wconf 85' lang='lat' dir='ltr'><strong>bina</strong></span> <span class='ocrx_word' id='word_1_224' title='bbox 804 1803 857 1846; x_wconf 88' lang='lat' dir='ltr'><strong>et</strong></span> <span class='ocrx_word' id='word_1_225' title='bbox 881 1803 1036 1847; x_wconf 89' lang='lat' dir='ltr'><strong>terna</strong></span> <span class='ocrx_word' id='word_1_226' title='bbox 1063 1793 1234 1846; x_wconf 81' lang='lat' dir='ltr'><strong>millia</strong></span> <span class='ocrx_word' id='word_1_227' title='bbox 1269 1794 1320 1846; x_wconf 89' lang='lat' dir='ltr'><strong>in</strong></span> <span class='ocrx_word' id='word_1_228' title='bbox 1342 1792 1534 1848; x_wconf 79' lang='lat' dir='ltr'><strong>iisdem</strong></span> <span class='ocrx_word' id='word_1_229' title='bbox 1567 1788 1764 1844; x_wconf 82' lang='lat' dir='ltr'><strong>viculis</strong></span> <span class='ocrx_word' id='word_1_230' title='bbox 1793 1788 1998 1858; x_wconf 82' lang='lat' dir='ltr'><strong>degere</strong></span> <span class='ocrx_word' id='word_1_231' title='bbox 2019 1801 2150 1841; x_wconf 87' lang='lat' dir='ltr'><strong>con-</strong></span> <span class='ocrx_word' id='word_1_232' title='bbox 2179 1773 2226 1834; x_wconf 75' lang='grc' dir='ltr'><em>Β</em></span> <span class='ocrx_word' id='word_1_233' title='bbox 2252 1786 2416 1842; x_wconf 87' lang='lat' dir='ltr'><strong>bente</strong></span> <span class='ocrx_word' id='word_1_234' title='bbox 2453 1786 2752 1852; x_wconf 86' lang='lat' dir='ltr'><strong>curriculo,</strong></span> <span class='ocrx_word' id='word_1_235' title='bbox 2803 1800 2927 1842; x_wconf 89' lang='lat' dir='ltr'><strong>cum</strong></span> <span class='ocrx_word' id='word_1_236' title='bbox 2980 1800 3159 1857; x_wconf 83' lang='lat' dir='ltr'><strong>neque</strong></span> <span class='ocrx_word' id='word_1_237' title='bbox 3206 1794 3368 1842; x_wconf 82' lang='lat' dir='ltr'><strong>noctu</strong></span> <span class='ocrx_word' id='word_1_238' title='bbox 3401 1802 3578 1857; x_wconf 87' lang='lat' dir='ltr'><strong>neque</strong></span> <span class='ocrx_word' id='word_1_239' title='bbox 3619 1786 3854 1842; x_wconf 74' lang='lat' dir='ltr'><strong>interdiu</strong></span> 
     </span>
    </p>
   </div>
   <div class='ocr_carea' id='block_1_34' title="bbox 537 1879 2149 1952">
    <p class='ocr_par' dir='ltr' id='par_1_34' title="bbox 537 1879 2149 1952">
     <span class='ocr_line' id='line_1_34' title="bbox 537 1879 2149 1952; baseline -0.005 -11"><span class='ocrx_word' id='word_1_240' title='bbox 537 1885 740 1942; x_wconf 83' lang='lat' dir='ltr'><strong>stabat.</strong></span> <span class='ocrx_word' id='word_1_241' title='bbox 773 1885 883 1939; x_wconf 83' lang='lat' dir='ltr'><strong>Nec</strong></span> <span class='ocrx_word' id='word_1_242' title='bbox 917 1901 1049 1940; x_wconf 88' lang='lat' dir='ltr'><strong>sane</strong></span> <span class='ocrx_word' id='word_1_243' title='bbox 1097 1885 1172 1938; x_wconf 86' lang='lat' dir='ltr'><strong>ibi</strong></span> <span class='ocrx_word' id='word_1_244' title='bbox 1218 1885 1488 1940; x_wconf 88' lang='lat' dir='ltr'><strong>minorem</strong></span> <span class='ocrx_word' id='word_1_245' title='bbox 1526 1883 1724 1952; x_wconf 80' lang='lat' dir='ltr'><strong>putetis</strong></span> <span class='ocrx_word' id='word_1_246' title='bbox 1756 1879 2149 1935; x_wconf 82' lang='lat' dir='ltr'><strong>diversantium</strong></span> 
     </span>
    </p>
   </div>
   <div class='ocr_carea' id='block_1_35' title="bbox 535 1978 2151 2042">
    <p class='ocr_par' dir='ltr' id='par_1_35' title="bbox 535 1978 2151 2042">
     <span class='ocr_line' id='line_1_35' title="bbox 535 1978 2151 2042; baseline -0.006 -7"><span class='ocrx_word' id='word_1_247' title='bbox 535 1978 590 2035; x_wconf 86' lang='lat' dir='ltr'><strong>in</strong></span> <span class='ocrx_word' id='word_1_248' title='bbox 622 1980 974 2034; x_wconf 86' lang='lat' dir='ltr'><strong>multitudine</strong></span> <span class='ocrx_word' id='word_1_249' title='bbox 999 1983 1540 2034; x_wconf 72' lang='lat' dir='ltr'><strong>monachorumesse</strong></span> <span class='ocrx_word' id='word_1_250' title='bbox 1563 1979 1849 2038; x_wconf 86' lang='lat' dir='ltr'><strong>virtutem,</strong></span> <span class='ocrx_word' id='word_1_251' title='bbox 1876 1987 2034 2042; x_wconf 87' lang='lat' dir='ltr'><strong>quam</strong></span> <span class='ocrx_word' id='word_1_252' title='bbox 2059 1986 2151 2026; x_wconf 84' lang='lat' dir='ltr'><strong>eo-</strong></span> 
     </span>
    </p>
   </div>
   <div class='ocr_carea' id='block_1_36' title="bbox 541 2068 2151 2143">
    <p class='ocr_par' dir='ltr' id='par_1_36' title="bbox 541 2068 2151 2143">
     <span class='ocr_line' id='line_1_36' title="bbox 541 2068 2151 2143; baseline -0.003 -15"><span class='ocrx_word' id='word_1_253' title='bbox 541 2089 663 2128; x_wconf 89' lang='lat' dir='ltr'><strong>rum</strong></span> <span class='ocrx_word' id='word_1_254' title='bbox 688 2089 811 2128; x_wconf 81' lang='lat' dir='ltr'><strong>esse</strong></span> <span class='ocrx_word' id='word_1_255' title='bbox 834 2073 1169 2142; x_wconf 83' lang='lat' dir='ltr'><strong>cognoscitis</strong></span> <span class='ocrx_word' id='word_1_256' title='bbox 1200 2074 1290 2143; x_wconf 85' lang='lat' dir='ltr'><strong>qui</strong></span> <span class='ocrx_word' id='word_1_257' title='bbox 1321 2087 1380 2126; x_wconf 87' lang='lat' dir='ltr'><strong>se</strong></span> <span class='ocrx_word' id='word_1_258' title='bbox 1427 2072 1495 2127; x_wconf 86' lang='lat' dir='ltr'><strong>ab</strong></span> <span class='ocrx_word' id='word_1_259' title='bbox 1520 2069 1769 2125; x_wconf 86' lang='lat' dir='ltr'><strong>humanis</strong></span> <span class='ocrx_word' id='word_1_260' title='bbox 1809 2068 2037 2124; x_wconf 68' lang='lat' dir='ltr'><strong>coetibus</strong></span> <span class='ocrx_word' id='word_1_261' title='bbox 2067 2083 2151 2123; x_wconf 65' lang='lat' dir='ltr'><strong>re»</strong></span> 
     </span>
    </p>
   </div>
   <div class='ocr_carea' id='block_1_37' title="bbox 534 2163 2152 2235">
    <p class='ocr_par' dir='ltr' id='par_1_37' title="bbox 534 2163 2152 2235">
     <span class='ocr_line' id='line_1_37' title="bbox 534 2163 2152 2235; baseline -0.005 -13"><span class='ocrx_word' id='word_1_262' title='bbox 534 2177 843 2222; x_wconf 85' lang='lat' dir='ltr'><strong>moverunt.</strong></span> <span class='ocrx_word' id='word_1_263' title='bbox 871 2167 1175 2235; x_wconf 71' lang='lat' dir='ltr'><strong>Praecipua,</strong></span> <span class='ocrx_word' id='word_1_264' title='bbox 1211 2179 1270 2220; x_wconf 91' lang='lat' dir='ltr'><strong>ut</strong></span> <span class='ocrx_word' id='word_1_265' title='bbox 1314 2167 1426 2235; x_wconf 87' lang='lat' dir='ltr'><strong>jam</strong></span> <span class='ocrx_word' id='word_1_266' title='bbox 1474 2167 1745 2229; x_wconf 83' lang='lat' dir='ltr'><strong>dixeram,</strong></span> <span class='ocrx_word' id='word_1_267' title='bbox 1786 2163 1860 2217; x_wconf 92' lang='lat' dir='ltr'><strong>ibi</strong></span> <span class='ocrx_word' id='word_1_268' title='bbox 1893 2163 2067 2216; x_wconf 85' lang='lat' dir='ltr'><strong>virtus</strong></span> <span class='ocrx_word' id='word_1_269' title='bbox 2096 2169 2152 2215; x_wconf 88' lang='lat' dir='ltr'><strong>et</strong></span> 
     </span>
    </p>
   </div>
   <div class='ocr_carea' id='block_1_38' title="bbox 536 2255 2148 2329">
    <p class='ocr_par' dir='ltr' id='par_1_38' title="bbox 536 2255 2148 2329">
     <span class='ocr_line' id='line_1_38' title="bbox 536 2255 2148 2329; baseline -0.004 -16"><span class='ocrx_word' id='word_1_270' title='bbox 536 2261 710 2329; x_wconf 87' lang='lat' dir='ltr'><strong>prima</strong></span> <span class='ocrx_word' id='word_1_271' title='bbox 726 2269 814 2313; x_wconf 91' lang='lat' dir='ltr'><strong>cst</strong></span> <span class='ocrx_word' id='word_1_272' title='bbox 833 2259 1172 2323; x_wconf 86' lang='lat' dir='ltr'><strong>obedientia;</strong></span> <span class='ocrx_word' id='word_1_273' title='bbox 1200 2272 1377 2327; x_wconf 89' lang='lat' dir='ltr'><strong>neque</strong></span> <span class='ocrx_word' id='word_1_274' title='bbox 1399 2258 1558 2310; x_wconf 89' lang='lat' dir='ltr'><strong>aliter</strong></span> <span class='ocrx_word' id='word_1_275' title='bbox 1577 2255 1874 2310; x_wconf 86' lang='lat' dir='ltr'><strong>adveniens</strong></span> <span class='ocrx_word' id='word_1_276' title='bbox 1903 2269 1932 2308; x_wconf 90' lang='lat' dir='ltr'><strong>a</strong></span> <span class='ocrx_word' id='word_1_277' title='bbox 1963 2266 2148 2307; x_wconf 85' lang='lat' dir='ltr'><strong>mona-</strong></span> 
     </span>
    </p>
   </div>
   <div class='ocr_carea' id='block_1_39' title="bbox 536 2343 2152 2419">
    <p class='ocr_par' dir='ltr' id='par_1_39' title="bbox 536 2343 2152 2419">
     <span class='ocr_line' id='line_1_39' title="bbox 536 2343 2152 2419; baseline -0.006 -12"><span class='ocrx_word' id='word_1_278' title='bbox 536 2351 902 2407; x_wconf 81' lang='lat' dir='ltr'><strong>Steriiabbate</strong></span> <span class='ocrx_word' id='word_1_279' title='bbox 925 2352 1247 2419; x_wconf 86' lang='lat' dir='ltr'><strong>suscipitur,</strong></span> <span class='ocrx_word' id='word_1_280' title='bbox 1266 2364 1423 2418; x_wconf 87' lang='lat' dir='ltr'><strong>quam</strong></span> <span class='ocrx_word' id='word_1_281' title='bbox 1442 2350 1532 2418; x_wconf 88' lang='lat' dir='ltr'><strong>qui</strong></span> <span class='ocrx_word' id='word_1_282' title='bbox 1553 2356 1796 2402; x_wconf 87' lang='lat' dir='ltr'><strong>tentatus</strong></span> <span class='ocrx_word' id='word_1_283' title='bbox 1819 2346 1974 2416; x_wconf 87' lang='lat' dir='ltr'><strong>prius</strong></span> <span class='ocrx_word' id='word_1_284' title='bbox 1991 2343 2152 2398; x_wconf 85' lang='lat' dir='ltr'><strong>fuerit</strong></span> 
     </span>
    </p>
   </div>
   <div class='ocr_carea' id='block_1_40' title="bbox 537 2435 2152 2515">
    <p class='ocr_par' dir='ltr' id='par_1_40' title="bbox 537 2435 2152 2515">
     <span class='ocr_line' id='line_1_40' title="bbox 537 2435 2152 2515; baseline -0.006 -14"><span class='ocrx_word' id='word_1_285' title='bbox 537 2456 591 2502; x_wconf 90' lang='lat' dir='ltr'><strong>et</strong></span> <span class='ocrx_word' id='word_1_286' title='bbox 622 2446 905 2515; x_wconf 86' lang='lat' dir='ltr'><strong>probatus,</strong></span> <span class='ocrx_word' id='word_1_287' title='bbox 936 2445 1144 2498; x_wconf 90' lang='lat' dir='ltr'><strong>nullum</strong></span> <span class='ocrx_word' id='word_1_288' title='bbox 1178 2458 1436 2512; x_wconf 84' lang='lat' dir='ltr'><strong>umquam</strong></span> <span class='ocrx_word' id='word_1_289' title='bbox 1462 2451 1831 2503; x_wconf 86' lang='lat' dir='ltr'><strong>recusaturus,</strong></span> <span class='ocrx_word' id='word_1_290' title='bbox 1855 2435 2152 2508; x_wconf 68' lang='lat' dir='ltr'><strong>quamlibet</strong></span> 
     </span>
    </p>
   </div>
   <div class='ocr_carea' id='block_1_41' title="bbox 537 2527 2152 2604">
    <p class='ocr_par' dir='ltr' id='par_1_41' title="bbox 537 2527 2152 2604">
     <span class='ocr_line' id='line_1_41' title="bbox 537 2527 2152 2604; baseline -0.007 -12"><span class='ocrx_word' id='word_1_291' title='bbox 537 2537 770 2592; x_wconf 80' lang='lat' dir='ltr'><strong>arduum</strong></span> <span class='ocrx_word' id='word_1_292' title='bbox 821 2551 884 2591; x_wconf 88' lang='lat' dir='ltr'><strong>ac</strong></span> <span class='ocrx_word' id='word_1_293' title='bbox 911 2535 1143 2591; x_wconf 82' lang='lat' dir='ltr'><strong>difficile</strong></span> <span class='ocrx_word' id='word_1_294' title='bbox 1187 2534 1583 2604; x_wconf 84' lang='lat' dir='ltr'><strong>indignumque</strong></span> <span class='ocrx_word' id='word_1_295' title='bbox 1627 2531 1898 2598; x_wconf 87' lang='lat' dir='ltr'><strong>toleratu,</strong></span> <span class='ocrx_word' id='word_1_296' title='bbox 1940 2527 2152 2583; x_wconf 76' lang='lat' dir='ltr'><strong>abbatis</strong></span> 
     </span>
    </p>
   </div>
   <div class='ocr_carea' id='block_1_42' title="bbox 723 2645 853 2683">
    <p class='ocr_par' dir='ltr' id='par_1_42' title="bbox 723 2645 853 2683">
     <span class='ocr_line' id='line_1_42' title="bbox 723 2645 853 2683; baseline 0.008 -1"><span class='ocrx_word' id='word_1_297' title='bbox 723 2645 853 2683; x_wconf 78' lang='grc' dir='ltr'>ιυιιι.</span> 
     </span>
    </p>
   </div>
   <div class='ocr_carea' id='block_1_43' title="bbox 539 2636 2151 2777">
    <p class='ocr_par' dir='ltr' id='par_1_43' title="bbox 539 2636 2151 2777">
     <span class='ocr_line' id='line_1_43' title="bbox 723 2636 853 2683; baseline 0.008 -1"><span class='ocrx_word' id='word_1_298' title='bbox 723 2636 776 2682; x_wconf 84' lang='lat' dir='ltr'><strong>iu</strong></span> <span class='ocrx_word' id='word_1_299' title='bbox 817 2648 853 2683; x_wconf 87' lang='lat' dir='ltr'><strong>t.</strong></span> 
     </span>
     <span class='ocr_line' id='line_1_44' title="bbox 539 2636 2151 2777; baseline -0.01 1"><span class='ocrx_word' id='word_1_300' title='bbox 539 2636 814 2777; x_wconf 43' lang='lat' dir='ltr'><strong>malit:</strong></span> <span class='ocrx_word' id='word_1_301' title='bbox 837 2723 949 2775; x_wconf 73' lang='lat' dir='ltr'><strong>Diuo</strong></span> <span class='ocrx_word' id='word_1_302' title='bbox 995 2722 1151 2774; x_wconf 83' lang='lat' dir='ltr'><strong>vobis</strong></span> <span class='ocrx_word' id='word_1_303' title='bbox 1178 2719 1413 2774; x_wconf 88' lang='lat' dir='ltr'><strong>referam</strong></span> <span class='ocrx_word' id='word_1_304' title='bbox 1457 2713 1792 2771; x_wconf 83' lang='lat' dir='ltr'><strong>incredibilis</strong></span> <span class='ocrx_word' id='word_1_305' title='bbox 1817 2711 2151 2770; x_wconf 67' lang='lat' dir='ltr'><strong>obedient’m</strong></span> 
     </span>
    </p>
   </div>
   <div class='ocr_carea' id='block_1_44' title="bbox 537 2807 2144 2885">
    <p class='ocr_par' dir='ltr' id='par_1_44' title="bbox 537 2807 2144 2885">
     <span class='ocr_line' id='line_1_45' title="bbox 537 2807 2144 2885; baseline -0.009 -13"><span class='ocrx_word' id='word_1_306' title='bbox 537 2816 839 2872; x_wconf 78' lang='lat' dir='ltr'><strong>admodum</strong></span> <span class='ocrx_word' id='word_1_307' title='bbox 865 2830 1058 2885; x_wconf 89' lang='lat' dir='ltr'><strong>magna</strong></span> <span class='ocrx_word' id='word_1_308' title='bbox 1088 2812 1378 2876; x_wconf 83' lang='lat' dir='ltr'><strong>miracula,</strong></span> <span class='ocrx_word' id='word_1_309' title='bbox 1407 2811 1846 2879; x_wconf 82' lang='lat' dir='ltr'><strong>iicetsuppetant</strong></span> <span class='ocrx_word' id='word_1_310' title='bbox 1875 2807 2030 2875; x_wconf 83' lang='lat' dir='ltr'><strong>plura</strong></span> <span class='ocrx_word' id='word_1_311' title='bbox 2061 2819 2144 2859; x_wconf 87' lang='lat' dir='ltr'><strong>re-</strong></span> 
     </span>
    </p>
   </div>
   <div class='ocr_carea' id='block_1_45' title="bbox 539 2899 2141 2968">
    <p class='ocr_par' dir='ltr' id='par_1_45' title="bbox 539 2899 2141 2968">
     <span class='ocr_line' id='line_1_46' title="bbox 539 2899 2141 2968; baseline -0.011 -1"><span class='ocrx_word' id='word_1_312' title='bbox 539 2911 741 2968; x_wconf 86' lang='lat' dir='ltr'><strong>colenti</strong></span> <span class='ocrx_word' id='word_1_313' title='bbox 771 2927 783 2962; x_wconf 90' lang='lat'><strong>:</strong></span> <span class='ocrx_word' id='word_1_314' title='bbox 817 2909 914 2963; x_wconf 78' lang='lat' dir='ltr'><strong>sed</strong></span> <span class='ocrx_word' id='word_1_315' title='bbox 941 2908 1006 2962; x_wconf 83' lang='lat' dir='ltr'><strong>ad</strong></span> <span class='ocrx_word' id='word_1_316' title='bbox 1036 2905 1390 2962; x_wconf 79' lang='lat' dir='ltr'><strong>excitandam</strong></span> <span class='ocrx_word' id='word_1_317' title='bbox 1418 2903 1692 2957; x_wconf 78' lang='lat' dir='ltr'><strong>virtutum</strong></span> <span class='ocrx_word' id='word_1_318' title='bbox 1713 2899 2141 2962; x_wconf 61' lang='lat' dir='ltr'><strong>atmulationetn,</strong></span> 
     </span>
    </p>
   </div>
   <div class='ocr_carea' id='block_1_46' title="bbox 536 2991 2148 3071">
    <p class='ocr_par' dir='ltr' id='par_1_46' title="bbox 536 2991 2148 3071">
     <span class='ocr_line' id='line_1_47' title="bbox 536 2991 2148 3071; baseline -0.01 -13"><span class='ocrx_word' id='word_1_319' title='bbox 536 3004 627 3060; x_wconf 74' lang='lat' dir='ltr'><strong>cui</strong></span> <span class='ocrx_word' id='word_1_320' title='bbox 655 3017 824 3071; x_wconf 87' lang='lat' dir='ltr'><strong>pauca</strong></span> <span class='ocrx_word' id='word_1_321' title='bbox 852 3017 958 3055; x_wconf 84' lang='lat' dir='ltr'><strong>non</strong></span> <span class='ocrx_word' id='word_1_322' title='bbox 988 2999 1291 3063; x_wconf 79' lang='lat' dir='ltr'><strong>sufficiunt,</strong></span> <span class='ocrx_word' id='word_1_323' title='bbox 1324 2998 1489 3051; x_wconf 84' lang='lat' dir='ltr'><strong>multa</strong></span> <span class='ocrx_word' id='word_1_324' title='bbox 1516 3011 1620 3049; x_wconf 87' lang='lat' dir='ltr'><strong>non</strong></span> <span class='ocrx_word' id='word_1_325' title='bbox 1650 2993 1967 3064; x_wconf 81' lang='lat' dir='ltr'><strong>proderunt.</strong></span> <span class='ocrx_word' id='word_1_326' title='bbox 2003 2991 2148 3058; x_wconf 76' lang='lat' dir='ltr'><strong>Ergo</strong></span> 
     </span>
    </p>
   </div>
   <div class='ocr_carea' id='block_1_47' title="bbox 544 3083 2142 3164">
    <p class='ocr_par' dir='ltr' id='par_1_47' title="bbox 544 3083 2142 3164">
     <span class='ocr_line' id='line_1_48' title="bbox 544 3083 2142 3164; baseline -0.01 -14"><span class='ocrx_word' id='word_1_327' title='bbox 544 3109 669 3150; x_wconf 86' lang='lat' dir='ltr'><strong>cum</strong></span> <span class='ocrx_word' id='word_1_328' title='bbox 699 3094 918 3164; x_wconf 86' lang='lat' dir='ltr'><strong>quidam</strong></span> <span class='ocrx_word' id='word_1_329' title='bbox 949 3093 1136 3147; x_wconf 64' lang='lat' dir='ltr'><strong>saeculi</strong></span> <span class='ocrx_word' id='word_1_330' title='bbox 1169 3090 1378 3145; x_wconf 80' lang='lat' dir='ltr'><strong>actibus</strong></span> <span class='ocrx_word' id='word_1_331' title='bbox 1418 3086 1705 3151; x_wconf 80' lang='lat' dir='ltr'><strong>abdicatis,</strong></span> <span class='ocrx_word' id='word_1_332' title='bbox 1752 3083 2142 3138; x_wconf 80' lang='lat' dir='ltr'><strong>monasterium</strong></span> 
     </span>
    </p>
   </div>
   <div class='ocr_carea' id='block_1_48' title="bbox 2253 1879 3855 1951">
    <p class='ocr_par' dir='ltr' id='par_1_48' title="bbox 2253 1879 3855 1951">
     <span class='ocr_line' id='line_1_49' title="bbox 2253 1879 3855 1951; baseline 0.001 -18"><span class='ocrx_word' id='word_1_333' title='bbox 2253 1879 2507 1949; x_wconf 83' lang='lat' dir='ltr'><strong>aquarius</strong></span> <span class='ocrx_word' id='word_1_334' title='bbox 2539 1880 2629 1934; x_wconf 88' lang='lat' dir='ltr'><strong>ille</strong></span> <span class='ocrx_word' id='word_1_335' title='bbox 2641 1890 2889 1936; x_wconf 86' lang='lat' dir='ltr'><strong>cessaret</strong></span> <span class='ocrx_word' id='word_1_336' title='bbox 2909 1887 3187 1950; x_wconf 84' lang='lat' dir='ltr'><strong>operator,</strong></span> <span class='ocrx_word' id='word_1_337' title='bbox 3211 1881 3362 1951; x_wconf 87' lang='lat' dir='ltr'><strong>virga</strong></span> <span class='ocrx_word' id='word_1_338' title='bbox 3385 1879 3586 1934; x_wconf 81' lang='lat' dir='ltr'><strong>floruit.</strong></span> <span class='ocrx_word' id='word_1_339' title='bbox 3602 1879 3716 1949; x_wconf 83' lang='lat' dir='ltr'><strong>Ego</strong></span> <span class='ocrx_word' id='word_1_340' title='bbox 3739 1879 3855 1949; x_wconf 81' lang='lat' dir='ltr'><strong>ipse</strong></span> 
     </span>
    </p>
   </div>
   <div class='ocr_carea' id='block_1_49' title="bbox 2252 1969 3854 2042">
    <p class='ocr_par' dir='ltr' id='par_1_49' title="bbox 2252 1969 3854 2042">
     <span class='ocr_line' id='line_1_50' title="bbox 2252 1969 3854 2042; baseline -0.001 -16"><span class='ocrx_word' id='word_1_341' title='bbox 2252 1985 2318 2026; x_wconf 82' lang='lat' dir='ltr'><strong>ex</strong></span> <span class='ocrx_word' id='word_1_342' title='bbox 2352 1970 2441 2025; x_wconf 88' lang='lat' dir='ltr'><strong>illa</strong></span> <span class='ocrx_word' id='word_1_343' title='bbox 2475 1971 2685 2039; x_wconf 79' lang='lat' dir='ltr'><strong>virgula</strong></span> <span class='ocrx_word' id='word_1_344' title='bbox 2731 1971 3071 2026; x_wconf 82' lang='lat' dir='ltr'><strong>arbusculam</strong></span> <span class='ocrx_word' id='word_1_345' title='bbox 3114 1969 3255 2039; x_wconf 81' lang='lat' dir='ltr'><strong>vidi,</strong></span> <span class='ocrx_word' id='word_1_346' title='bbox 3308 1987 3428 2042; x_wconf 62' lang='lat' dir='ltr'><strong>quas</strong></span> <span class='ocrx_word' id='word_1_347' title='bbox 3472 1971 3744 2041; x_wconf 88' lang='lat' dir='ltr'><strong>hodieque</strong></span> <span class='ocrx_word' id='word_1_348' title='bbox 3797 1971 3854 2025; x_wconf 88' lang='lat' dir='ltr'><strong>in</strong></span> 
     </span>
    </p>
   </div>
   <div class='ocr_carea' id='block_1_50' title="bbox 2251 2063 3857 2134">
    <p class='ocr_par' dir='ltr' id='par_1_50' title="bbox 2251 2063 3857 2134">
     <span class='ocr_line' id='line_1_51' title="bbox 2251 2063 3857 2134; baseline 0.001 -17"><span class='ocrx_word' id='word_1_349' title='bbox 2251 2063 2394 2118; x_wconf 83' lang='lat' dir='ltr'><strong>atrio</strong></span> <span class='ocrx_word' id='word_1_350' title='bbox 2421 2064 2740 2119; x_wconf 85' lang='lat' dir='ltr'><strong>monasterii</strong></span> <span class='ocrx_word' id='word_1_351' title='bbox 2774 2064 2941 2119; x_wconf 86' lang='lat' dir='ltr'><strong>ramis</strong></span> <span class='ocrx_word' id='word_1_352' title='bbox 2979 2065 3285 2119; x_wconf 83' lang='lat' dir='ltr'><strong>virentibus</strong></span> <span class='ocrx_word' id='word_1_353' title='bbox 3331 2065 3480 2134; x_wconf 79' lang='lat' dir='ltr'><strong>quasi</strong></span> <span class='ocrx_word' id='word_1_354' title='bbox 3513 2065 3564 2118; x_wconf 87' lang='lat' dir='ltr'><strong>in</strong></span> <span class='ocrx_word' id='word_1_355' title='bbox 3604 2063 3857 2119; x_wconf 87' lang='lat' dir='ltr'><strong>testimo-</strong></span> 
     </span>
    </p>
   </div>
   <div class='ocr_carea' id='block_1_51' title="bbox 2252 2155 3857 2226">
    <p class='ocr_par' dir='ltr' id='par_1_51' title="bbox 2252 2155 3857 2226">
     <span class='ocr_line' id='line_1_52' title="bbox 2252 2155 3857 2226; baseline -0.001 -16"><span class='ocrx_word' id='word_1_356' title='bbox 2252 2157 2400 2211; x_wconf 88' lang='lat' dir='ltr'><strong>nium</strong></span> <span class='ocrx_word' id='word_1_357' title='bbox 2424 2171 2650 2212; x_wconf 85' lang='lat' dir='ltr'><strong>manens</strong></span> <span class='ocrx_word' id='word_1_358' title='bbox 2669 2197 2684 2220; x_wconf 85' lang='lat'><strong>,</strong></span> <span class='ocrx_word' id='word_1_359' title='bbox 2711 2165 2976 2226; x_wconf 87' lang='lat' dir='ltr'><strong>quantum</strong></span> <span class='ocrx_word' id='word_1_360' title='bbox 3007 2155 3318 2212; x_wconf 85' lang='lat' dir='ltr'><strong>obedientia</strong></span> <span class='ocrx_word' id='word_1_361' title='bbox 3350 2156 3572 2223; x_wconf 90' lang='lat' dir='ltr'><strong>meruit,</strong></span> <span class='ocrx_word' id='word_1_362' title='bbox 3598 2166 3654 2210; x_wconf 92' lang='lat' dir='ltr'><strong>et</strong></span> <span class='ocrx_word' id='word_1_363' title='bbox 3683 2171 3857 2223; x_wconf 88' lang='lat' dir='ltr'><strong>quan-</strong></span> 
     </span>
    </p>
   </div>
   <div class='ocr_carea' id='block_1_52' title="bbox 2252 2247 3850 2320">
    <p class='ocr_par' dir='ltr' id='par_1_52' title="bbox 2252 2247 3850 2320">
     <span class='ocr_line' id='line_1_53' title="bbox 2252 2247 3850 2320; baseline -0.001 -16"><span class='ocrx_word' id='word_1_364' title='bbox 2252 2256 2368 2304; x_wconf 86' lang='lat' dir='ltr'><strong>tum</strong></span> <span class='ocrx_word' id='word_1_365' title='bbox 2395 2247 2530 2305; x_wconf 90' lang='lat' dir='ltr'><strong>fides</strong></span> <span class='ocrx_word' id='word_1_366' title='bbox 2560 2251 2748 2320; x_wconf 78' lang='lat' dir='ltr'><strong>possit,</strong></span> <span class='ocrx_word' id='word_1_367' title='bbox 2776 2249 3038 2305; x_wconf 83' lang='lat' dir='ltr'><strong>ostendit.</strong></span> <span class='ocrx_word' id='word_1_368' title='bbox 3072 2249 3178 2306; x_wconf 85' lang='lat' dir='ltr'><strong>Sed</strong></span> <span class='ocrx_word' id='word_1_369' title='bbox 3205 2266 3291 2306; x_wconf 90' lang='lat' dir='ltr'><strong>me</strong></span> <span class='ocrx_word' id='word_1_370' title='bbox 3319 2251 3437 2306; x_wconf 83' lang='lat' dir='ltr'><strong>dies</strong></span> <span class='ocrx_word' id='word_1_371' title='bbox 3458 2260 3584 2306; x_wconf 91' lang='lat' dir='ltr'><strong>ante</strong></span> <span class='ocrx_word' id='word_1_372' title='bbox 3609 2249 3850 2316; x_wconf 86' lang='lat' dir='ltr'><strong>deficiet,</strong></span> 
     </span>
    </p>
   </div>
   <div class='ocr_carea' id='block_1_53' title="bbox 2250 2340 3853 2412">
    <p class='ocr_par' dir='ltr' id='par_1_53' title="bbox 2250 2340 3853 2412">
     <span class='ocr_line' id='line_1_54' title="bbox 2250 2340 3853 2412; baseline 0.002 -18"><span class='ocrx_word' id='word_1_373' title='bbox 2250 2356 2408 2411; x_wconf 80' lang='lat' dir='ltr'><strong>quam</strong></span> <span class='ocrx_word' id='word_1_374' title='bbox 2440 2341 2654 2396; x_wconf 76' lang='lat' dir='ltr'><strong>diversa</strong></span> <span class='ocrx_word' id='word_1_375' title='bbox 2677 2342 2934 2396; x_wconf 85' lang='lat' dir='ltr'><strong>miracula</strong></span> <span class='ocrx_word' id='word_1_376' title='bbox 2969 2357 3093 2412; x_wconf 76' lang='lat' dir='ltr'><strong>quae</strong></span> <span class='ocrx_word' id='word_1_377' title='bbox 3115 2340 3245 2395; x_wconf 87' lang='lat' dir='ltr'><strong>mihi</strong></span> <span class='ocrx_word' id='word_1_378' title='bbox 3275 2341 3344 2396; x_wconf 88' lang='lat' dir='ltr'><strong>de</strong></span> <span class='ocrx_word' id='word_1_379' title='bbox 3379 2341 3670 2397; x_wconf 86' lang='lat' dir='ltr'><strong>virtutibus</strong></span> <span class='ocrx_word' id='word_1_380' title='bbox 3715 2341 3853 2397; x_wconf 83' lang='lat' dir='ltr'><strong>San-</strong></span> 
     </span>
    </p>
   </div>
   <div class='ocr_carea' id='block_1_54' title="bbox 2249 2441 3386 2504">
    <p class='ocr_par' dir='ltr' id='par_1_54' title="bbox 2249 2441 3386 2504">
     <span class='ocr_line' id='line_1_55' title="bbox 2249 2441 3386 2504; baseline 0 -18"><span class='ocrx_word' id='word_1_381' title='bbox 2249 2442 2464 2487; x_wconf 78' lang='lat' dir='ltr'><strong>ctorum</strong></span> <span class='ocrx_word' id='word_1_382' title='bbox 2489 2443 2615 2487; x_wconf 78' lang='lat' dir='ltr'><strong>sunt</strong></span> <span class='ocrx_word' id='word_1_383' title='bbox 2636 2441 2920 2504; x_wconf 79' lang='lat' dir='ltr'><strong>comperta</strong></span> <span class='ocrx_word' id='word_1_384' title='bbox 2942 2475 2956 2499; x_wconf 92' lang='lat'><strong>,</strong></span> <span class='ocrx_word' id='word_1_385' title='bbox 2989 2449 3386 2489; x_wconf 63' lang='lat' dir='ltr'><strong>consummet».</strong></span> 
     </span>
    </p>
   </div>
   <div class='ocr_carea' id='block_1_55' title="bbox 2322 2523 3851 2598">
    <p class='ocr_par' dir='ltr' id='par_1_55' title="bbox 2322 2523 3851 2598">
     <span class='ocr_line' id='line_1_56' title="bbox 2322 2523 3851 2598; baseline 0.003 -20"><span class='ocrx_word' id='word_1_386' title='bbox 2322 2523 2438 2579; x_wconf 84' lang='grc' dir='ltr'><strong>ΧΧ.</strong></span> <span class='ocrx_word' id='word_1_387' title='bbox 2476 2525 2591 2580; x_wconf 85' lang='lat' dir='ltr'><strong>Duo</strong></span> <span class='ocrx_word' id='word_1_388' title='bbox 2618 2526 2774 2582; x_wconf 82' lang='lat' dir='ltr'><strong>vobis</strong></span> <span class='ocrx_word' id='word_1_389' title='bbox 2815 2527 2992 2582; x_wconf 84' lang='lat' dir='ltr'><strong>adhuc</strong></span> <span class='ocrx_word' id='word_1_390' title='bbox 3018 2528 3279 2597; x_wconf 65' lang='lat' dir='ltr'><strong>praeclara</strong></span> <span class='ocrx_word' id='word_1_391' title='bbox 3325 2526 3641 2582; x_wconf 89' lang='lat' dir='ltr'><strong>memorabo</strong></span> <span class='ocrx_word' id='word_1_392' title='bbox 3671 2545 3684 2580; x_wconf 90' lang='lat'><strong>:</strong></span> <span class='ocrx_word' id='word_1_393' title='bbox 3713 2542 3851 2598; x_wconf 85' lang='lat' dir='ltr'><strong>quo-</strong></span> 
     </span>
    </p>
   </div>
   <div class='ocr_carea' id='block_1_56' title="bbox 2247 2619 3853 2690">
    <p class='ocr_par' dir='ltr' id='par_1_56' title="bbox 2247 2619 3853 2690">
     <span class='ocr_line' id='line_1_57' title="bbox 2247 2619 3853 2690; baseline 0.001 -16"><span class='ocrx_word' id='word_1_394' title='bbox 2247 2635 2369 2674; x_wconf 86' lang='lat' dir='ltr'><strong>rum</strong></span> <span class='ocrx_word' id='word_1_395' title='bbox 2386 2635 2550 2674; x_wconf 80' lang='lat' dir='ltr'><strong>unum</strong></span> <span class='ocrx_word' id='word_1_396' title='bbox 2574 2620 2851 2690; x_wconf 84' lang='lat' dir='ltr'><strong>egregium</strong></span> <span class='ocrx_word' id='word_1_397' title='bbox 2876 2619 3256 2676; x_wconf 81' lang='lat' dir='ltr'><strong>eritadvcrsus</strong></span> <span class='ocrx_word' id='word_1_398' title='bbox 3283 2619 3613 2675; x_wconf 84' lang='lat' dir='ltr'><strong>inﬂationem</strong></span> <span class='ocrx_word' id='word_1_399' title='bbox 3635 2621 3853 2675; x_wconf 73' lang='lat' dir='ltr'><strong>misera:</strong></span> 
     </span>
    </p>
   </div>
   <div class='ocr_carea' id='block_1_57' title="bbox 2247 2711 3854 2782">
    <p class='ocr_par' dir='ltr' id='par_1_57' title="bbox 2247 2711 3854 2782">
     <span class='ocr_line' id='line_1_58' title="bbox 2247 2711 3854 2782; baseline 0 -16"><span class='ocrx_word' id='word_1_400' title='bbox 2247 2711 2504 2766; x_wconf 80' lang='lat' dir='ltr'><strong>vanitatis</strong></span> <span class='ocrx_word' id='word_1_401' title='bbox 2530 2713 2860 2782; x_wconf 86' lang='lat' dir='ltr'><strong>exemplum,</strong></span> <span class='ocrx_word' id='word_1_402' title='bbox 2911 2712 3142 2768; x_wconf 81' lang='lat' dir='ltr'><strong>alterum</strong></span> <span class='ocrx_word' id='word_1_403' title='bbox 3171 2711 3436 2768; x_wconf 87' lang='lat' dir='ltr'><strong>adversus</strong></span> <span class='ocrx_word' id='word_1_404' title='bbox 3477 2712 3665 2767; x_wconf 85' lang='lat' dir='ltr'><strong>falsam</strong></span> <span class='ocrx_word' id='word_1_405' title='bbox 3691 2712 3854 2782; x_wconf 78' lang='lat' dir='ltr'><strong>justi-</strong></span> 
     </span>
    </p>
   </div>
   <div class='ocr_carea' id='block_1_58' title="bbox 2247 2806 3852 2878">
    <p class='ocr_par' dir='ltr' id='par_1_58' title="bbox 2247 2806 3852 2878">
     <span class='ocr_line' id='line_1_59' title="bbox 2247 2806 3852 2878; baseline 0.001 -18"><span class='ocrx_word' id='word_1_406' title='bbox 2247 2807 2376 2860; x_wconf 86' lang='lat' dir='ltr'><strong>tiam</strong></span> <span class='ocrx_word' id='word_1_407' title='bbox 2405 2821 2512 2860; x_wconf 87' lang='lat' dir='ltr'><strong>nou</strong></span> <span class='ocrx_word' id='word_1_408' title='bbox 2553 2806 2832 2862; x_wconf 80' lang='lat' dir='ltr'><strong>mediocre</strong></span> <span class='ocrx_word' id='word_1_409' title='bbox 2856 2809 3260 2863; x_wconf 82' lang='lat' dir='ltr'><strong>documentum.</strong></span> <span class='ocrx_word' id='word_1_410' title='bbox 3292 2807 3523 2875; x_wconf 84' lang='lat' dir='ltr'><strong>Quidam</strong></span> <span class='ocrx_word' id='word_1_411' title='bbox 3551 2822 3680 2878; x_wconf 84' lang='lat' dir='ltr'><strong>ergo</strong></span> <span class='ocrx_word' id='word_1_412' title='bbox 3713 2806 3852 2864; x_wconf 84' lang='lat' dir='ltr'><strong>San-</strong></span> 
     </span>
    </p>
   </div>
   <div class='ocr_carea' id='block_1_59' title="bbox 2246 2896 3853 2970">
    <p class='ocr_par' dir='ltr' id='par_1_59' title="bbox 2246 2896 3853 2970">
     <span class='ocr_line' id='line_1_60' title="bbox 2246 2896 3853 2970; baseline 0.002 -20"><span class='ocrx_word' id='word_1_413' title='bbox 2246 2905 2397 2961; x_wconf 86' lang='lat' dir='ltr'><strong>ctus,</strong></span> <span class='ocrx_word' id='word_1_414' title='bbox 2433 2896 2795 2966; x_wconf 80' lang='lat' dir='ltr'><strong>fugandorum</strong></span> <span class='ocrx_word' id='word_1_415' title='bbox 2823 2897 2896 2951; x_wconf 81' lang='lat' dir='ltr'><strong>de</strong></span> <span class='ocrx_word' id='word_1_416' title='bbox 2913 2898 3246 2970; x_wconf 78' lang='lat' dir='ltr'><strong>corporibus</strong></span> <span class='ocrx_word' id='word_1_417' title='bbox 3269 2899 3512 2954; x_wconf 78' lang='lat' dir='ltr'><strong>obsessis</strong></span> <span class='ocrx_word' id='word_1_418' title='bbox 3538 2899 3853 2954; x_wconf 62' lang='lat' dir='ltr'><strong>distantium</strong></span> 
     </span>
    </p>
   </div>
   <div class='ocr_carea' id='block_1_60' title="bbox 2246 2988 3852 3064">
    <p class='ocr_par' dir='ltr' id='par_1_60' title="bbox 2246 2988 3852 3064">
     <span class='ocr_line' id='line_1_61' title="bbox 2246 2988 3852 3064; baseline 0.004 -22"><span class='ocrx_word' id='word_1_419' title='bbox 2246 2988 2550 3045; x_wconf 84' lang='lat' dir='ltr'><strong>incredibili</strong></span> <span class='ocrx_word' id='word_1_420' title='bbox 2584 2991 2846 3060; x_wconf 83' lang='lat' dir='ltr'><strong>praeditus</strong></span> <span class='ocrx_word' id='word_1_421' title='bbox 2876 3001 3170 3062; x_wconf 79' lang='lat' dir='ltr'><strong>potestate,</strong></span> <span class='ocrx_word' id='word_1_422' title='bbox 3201 2991 3446 3047; x_wconf 81' lang='lat' dir='ltr'><strong>inaudita</strong></span> <span class='ocrx_word' id='word_1_423' title='bbox 3474 3007 3576 3062; x_wconf 72' lang='lat' dir='ltr'><strong>per</strong></span> <span class='ocrx_word' id='word_1_424' title='bbox 3601 2993 3852 3064; x_wconf 77' lang='lat' dir='ltr'><strong>singulos</strong></span> 
     </span>
    </p>
   </div>
   <div class='ocr_carea' id='block_1_61' title="bbox 2245 3082 3853 3164">
    <p class='ocr_par' dir='ltr' id='par_1_61' title="bbox 2245 3082 3853 3164">
     <span class='ocr_line' id='line_1_62' title="bbox 2245 3082 3853 3164; baseline 0.004 -27"><span class='ocrx_word' id='word_1_425' title='bbox 2245 3082 2365 3138; x_wconf 87' lang='lat' dir='ltr'><strong>dies</strong></span> <span class='ocrx_word' id='word_1_426' title='bbox 2391 3084 2542 3154; x_wconf 86' lang='lat' dir='ltr'><strong>signa</strong></span> <span class='ocrx_word' id='word_1_427' title='bbox 2572 3083 2827 3141; x_wconf 87' lang='lat' dir='ltr'><strong>faciebat.</strong></span> <span class='ocrx_word' id='word_1_428' title='bbox 2856 3085 2972 3141; x_wconf 85' lang='lat' dir='ltr'><strong>Non</strong></span> <span class='ocrx_word' id='word_1_429' title='bbox 3003 3086 3178 3142; x_wconf 83' lang='lat' dir='ltr'><strong>solum</strong></span> <span class='ocrx_word' id='word_1_430' title='bbox 3205 3087 3349 3142; x_wconf 85' lang='lat' dir='ltr'><strong>enim</strong></span> <span class='ocrx_word' id='word_1_431' title='bbox 3376 3103 3636 3155; x_wconf 59' lang='lat' dir='ltr'><strong>praeeris,</strong></span> <span class='ocrx_word' id='word_1_432' title='bbox 3673 3102 3853 3164; x_wconf 80' lang='lat' dir='ltr'><strong>neque</strong></span> 
     </span>
    </p>
   </div>
   <div class='ocr_carea' id='block_1_62' title="bbox 530 3161 3853 3254">
    <p class='ocr_par' dir='ltr' id='par_1_62' title="bbox 530 3161 3853 3254">
     <span class='ocr_line' id='line_1_63' title="bbox 530 3161 3853 3254; baseline -0.005 -14"><span class='ocrx_word' id='word_1_433' title='bbox 530 3161 744 3254; x_wconf 62' lang='lat' dir='ltr'><strong>magnae</strong></span> <span class='ocrx_word' id='word_1_434' title='bbox 767 3183 1146 3253; x_wconf 77' lang='lat' dir='ltr'><strong>dispositionis</strong></span> <span class='ocrx_word' id='word_1_435' title='bbox 1193 3183 1474 3251; x_wconf 86' lang='lat' dir='ltr'><strong>ingressus</strong></span> <span class='ocrx_word' id='word_1_436' title='bbox 1509 3178 1716 3245; x_wconf 68' lang='lat' dir='ltr'><strong>suscipi</strong></span> <span class='ocrx_word' id='word_1_437' title='bbox 1771 3191 1830 3230; x_wconf 82' lang='lat' dir='ltr'><strong>se</strong></span> <span class='ocrx_word' id='word_1_438' title='bbox 1878 3183 2134 3243; x_wconf 79' lang='lat' dir='ltr'><strong>rogaret;</strong></span> <span class='ocrx_word' id='word_1_439' title='bbox 2165 3161 2208 3222; x_wconf 90' lang='lat' dir='ltr'>C</span> <span class='ocrx_word' id='word_1_440' title='bbox 2243 3177 2408 3232; x_wconf 79' lang='lat' dir='ltr'><strong>verbo</strong></span> <span class='ocrx_word' id='word_1_441' title='bbox 2442 3187 2680 3242; x_wconf 58' lang='lat' dir='ltr'><strong>tantum,</strong></span> <span class='ocrx_word' id='word_1_442' title='bbox 2714 3180 2808 3234; x_wconf 77' lang='lat' dir='ltr'><strong>sed</strong></span> <span class='ocrx_word' id='word_1_443' title='bbox 2836 3180 3032 3235; x_wconf 65' lang='lat' dir='ltr'><strong>absens</strong></span> <span class='ocrx_word' id='word_1_444' title='bbox 3062 3196 3280 3252; x_wconf 70' lang='lat' dir='ltr'><strong>quoque</strong></span> <span class='ocrx_word' id='word_1_445' title='bbox 3322 3181 3596 3238; x_wconf 54' lang='lat' dir='ltr'><strong>interdum</strong></span> <span class='ocrx_word' id='word_1_446' title='bbox 3619 3225 3631 3247; x_wconf 60' lang='grc'><em>,</em></span> <span class='ocrx_word' id='word_1_447' title='bbox 3680 3161 3853 3238; x_wconf 43' lang='lat' dir='ltr'><strong>omen</strong></span> 
     </span>
    </p>
   </div>
   <div class='ocr_carea' id='block_1_63' title="bbox 531 3265 2148 3343">
    <p class='ocr_par' dir='ltr' id='par_1_63' title="bbox 531 3265 2148 3343">
     <span class='ocr_line' id='line_1_64' title="bbox 531 3265 2148 3343; baseline -0.009 -10"><span class='ocrx_word' id='word_1_448' title='bbox 531 3278 699 3334; x_wconf 86' lang='lat' dir='ltr'><strong>abbas</strong></span> <span class='ocrx_word' id='word_1_449' title='bbox 730 3277 783 3331; x_wconf 83' lang='lat' dir='ltr'><strong>ei</strong></span> <span class='ocrx_word' id='word_1_450' title='bbox 802 3277 974 3343; x_wconf 85' lang='lat' dir='ltr'><strong>coepit</strong></span> <span class='ocrx_word' id='word_1_451' title='bbox 1003 3275 1166 3328; x_wconf 85' lang='lat' dir='ltr'><strong>multa</strong></span> <span class='ocrx_word' id='word_1_452' title='bbox 1202 3287 1539 3342; x_wconf 75' lang='lat' dir='ltr'><strong>proponere,</strong></span> <span class='ocrx_word' id='word_1_453' title='bbox 1575 3283 1774 3340; x_wconf 88' lang='lat' dir='ltr'><strong>graves</strong></span> <span class='ocrx_word' id='word_1_454' title='bbox 1815 3282 1939 3322; x_wconf 91' lang='lat' dir='ltr'><strong>esse</strong></span> <span class='ocrx_word' id='word_1_455' title='bbox 1987 3265 2148 3319; x_wconf 85' lang='lat' dir='ltr'><strong>istius</strong></span> 
     </span>
    </p>
   </div>
   <div class='ocr_carea' id='block_1_64' title="bbox 534 3357 2146 3437">
    <p class='ocr_par' dir='ltr' id='par_1_64' title="bbox 534 3357 2146 3437">
     <span class='ocr_line' id='line_1_65' title="bbox 534 3357 2146 3437; baseline -0.008 -13"><span class='ocrx_word' id='word_1_456' title='bbox 534 3368 838 3437; x_wconf 82' lang='lat' dir='ltr'><strong>disciplinac</strong></span> <span class='ocrx_word' id='word_1_457' title='bbox 863 3367 1104 3431; x_wconf 84' lang='lat' dir='ltr'><strong>labores,</strong></span> <span class='ocrx_word' id='word_1_458' title='bbox 1139 3382 1233 3418; x_wconf 78' lang='lat' dir='ltr'><strong>sua</strong></span> <span class='ocrx_word' id='word_1_459' title='bbox 1265 3380 1396 3418; x_wconf 83' lang='lat' dir='ltr'><strong>vero</strong></span> <span class='ocrx_word' id='word_1_460' title='bbox 1428 3363 1562 3416; x_wconf 90' lang='lat' dir='ltr'><strong>dura</strong></span> <span class='ocrx_word' id='word_1_461' title='bbox 1588 3360 1818 3430; x_wconf 86' lang='lat' dir='ltr'><strong>imperia</strong></span> <span class='ocrx_word' id='word_1_462' title='bbox 1839 3400 1853 3424; x_wconf 93' lang='lat'><strong>,</strong></span> <span class='ocrx_word' id='word_1_463' title='bbox 1883 3357 2146 3428; x_wconf 57' lang='lat' dir='ltr'><strong>quantil-</strong></span> 
     </span>
    </p>
   </div>
   <div class='ocr_carea' id='block_1_65' title="bbox 532 3449 2142 3525">
    <p class='ocr_par' dir='ltr' id='par_1_65' title="bbox 532 3449 2142 3525">
     <span class='ocr_line' id='line_1_66' title="bbox 532 3449 2142 3525; baseline -0.009 -10"><span class='ocrx_word' id='word_1_464' title='bbox 532 3459 639 3515; x_wconf 86' lang='lat' dir='ltr'><strong>lius</strong></span> <span class='ocrx_word' id='word_1_465' title='bbox 663 3459 822 3514; x_wconf 84' lang='lat' dir='ltr'><strong>f&#39;acilc</strong></span> <span class='ocrx_word' id='word_1_466' title='bbox 847 3457 1056 3511; x_wconf 87' lang='lat' dir='ltr'><strong>valeret</strong></span> <span class='ocrx_word' id='word_1_467' title='bbox 1079 3456 1309 3525; x_wconf 78' lang='lat' dir='ltr'><strong>implere</strong></span> <span class='ocrx_word' id='word_1_468' title='bbox 1337 3453 1595 3523; x_wconf 84' lang='lat' dir='ltr'><strong>patientia</strong></span> <span class='ocrx_word' id='word_1_469' title='bbox 1623 3470 1634 3503; x_wconf 89' lang='lat'><strong>:</strong></span> <span class='ocrx_word' id='word_1_470' title='bbox 1656 3449 1807 3504; x_wconf 78' lang='lat' dir='ltr'><strong>aliud.</strong></span> <span class='ocrx_word' id='word_1_471' title='bbox 1823 3450 2002 3519; x_wconf 76' lang='lat' dir='ltr'><strong>potius</strong></span> <span class='ocrx_word' id='word_1_472' title='bbox 2026 3462 2142 3501; x_wconf 86' lang='lat' dir='ltr'><strong>mo-</strong></span> 
     </span>
    </p>
   </div>
   <div class='ocr_carea' id='block_1_66' title="bbox 534 3546 2138 3616">
    <p class='ocr_par' dir='ltr' id='par_1_66' title="bbox 534 3546 2138 3616">
     <span class='ocr_line' id='line_1_67' title="bbox 534 3546 2138 3616; baseline -0.007 -9"><span class='ocrx_word' id='word_1_473' title='bbox 534 3551 860 3616; x_wconf 80' lang='lat' dir='ltr'><strong>nasterium,</strong></span> <span class='ocrx_word' id='word_1_474' title='bbox 893 3550 988 3608; x_wconf 81' lang='lat' dir='ltr'><strong>ubi</strong></span> <span class='ocrx_word' id='word_1_475' title='bbox 1017 3548 1360 3604; x_wconf 87' lang='lat' dir='ltr'><strong>facilioribus</strong></span> <span class='ocrx_word' id='word_1_476' title='bbox 1393 3547 1604 3616; x_wconf 88' lang='lat' dir='ltr'><strong>legibus</strong></span> <span class='ocrx_word' id='word_1_477' title='bbox 1632 3546 1936 3609; x_wconf 82' lang='lat' dir='ltr'><strong>viveretur,</strong></span> <span class='ocrx_word' id='word_1_478' title='bbox 1962 3556 2138 3611; x_wconf 80' lang='lat' dir='ltr'><strong>expe-</strong></span> 
     </span>
    </p>
   </div>
   <div class='ocr_carea' id='block_1_67' title="bbox 535 3639 2138 3712">
    <p class='ocr_par' dir='ltr' id='par_1_67' title="bbox 535 3639 2138 3712">
     <span class='ocr_line' id='line_1_68' title="bbox 535 3639 2138 3712; baseline -0.005 -13"><span class='ocrx_word' id='word_1_479' title='bbox 535 3655 672 3701; x_wconf 86' lang='lat' dir='ltr'><strong>teret</strong></span> <span class='ocrx_word' id='word_1_480' title='bbox 691 3665 702 3698; x_wconf 90' lang='lat'><strong><em>:</em></strong></span> <span class='ocrx_word' id='word_1_481' title='bbox 722 3662 830 3699; x_wconf 86' lang='lat' dir='ltr'><strong>nun</strong></span> <span class='ocrx_word' id='word_1_482' title='bbox 865 3652 1104 3699; x_wconf 86' lang='lat' dir='ltr'><strong>tentaret</strong></span> <span class='ocrx_word' id='word_1_483' title='bbox 1131 3643 1356 3712; x_wconf 77' lang='lat' dir='ltr'><strong>aggredi</strong></span> <span class='ocrx_word' id='word_1_484' title='bbox 1377 3641 1524 3712; x_wconf 87' lang='lat' dir='ltr'><strong>quod</strong></span> <span class='ocrx_word' id='word_1_485' title='bbox 1545 3639 1772 3710; x_wconf 85' lang='lat' dir='ltr'><strong>implere</strong></span> <span class='ocrx_word' id='word_1_486' title='bbox 1801 3653 1910 3693; x_wconf 87' lang='lat' dir='ltr'><strong>non</strong></span> <span class='ocrx_word' id='word_1_487' title='bbox 1933 3645 2138 3707; x_wconf 84' lang='lat' dir='ltr'><strong>posset.</strong></span> 
     </span>
    </p>
   </div>
   <div class='ocr_carea' id='block_1_68' title="bbox 533 3729 2144 3804">
    <p class='ocr_par' dir='ltr' id='par_1_68' title="bbox 533 3729 2144 3804">
     <span class='ocr_line' id='line_1_69' title="bbox 533 3729 2144 3804; baseline -0.005 -12"><span class='ocrx_word' id='word_1_488' title='bbox 533 3739 628 3800; x_wconf 67' lang='lat' dir='ltr'><strong>ille</strong></span> <span class='ocrx_word' id='word_1_489' title='bbox 669 3755 798 3798; x_wconf 70' lang='lat' dir='ltr'><strong>vero</strong></span> <span class='ocrx_word' id='word_1_490' title='bbox 838 3739 973 3794; x_wconf 81' lang='lat' dir='ltr'><strong>nihil</strong></span> <span class='ocrx_word' id='word_1_491' title='bbox 1022 3737 1106 3792; x_wconf 84' lang='lat' dir='ltr'><strong>his</strong></span> <span class='ocrx_word' id='word_1_492' title='bbox 1135 3736 1442 3792; x_wconf 82' lang='lat' dir='ltr'><strong>terroribus</strong></span> <span class='ocrx_word' id='word_1_493' title='bbox 1479 3731 1818 3804; x_wconf 78' lang='lat' dir='ltr'><strong>permoveri,</strong></span> <span class='ocrx_word' id='word_1_494' title='bbox 1848 3730 1942 3786; x_wconf 84' lang='lat' dir='ltr'><strong>sed</strong></span> <span class='ocrx_word' id='word_1_495' title='bbox 1968 3729 2144 3800; x_wconf 71' lang='lat' dir='ltr'><strong>magis</strong></span> 
     </span>
    </p>
   </div>
   <div class='ocr_carea' id='block_1_69' title="bbox 530 3823 2144 3898">
    <p class='ocr_par' dir='ltr' id='par_1_69' title="bbox 530 3823 2144 3898">
     <span class='ocr_line' id='line_1_70' title="bbox 530 3823 2144 3898; baseline -0.007 -10"><span class='ocrx_word' id='word_1_496' title='bbox 530 3834 603 3888; x_wconf 87' lang='lat' dir='ltr'><strong>ita</strong></span> <span class='ocrx_word' id='word_1_497' title='bbox 632 3849 851 3890; x_wconf 76' lang='lat' dir='ltr'><strong>omnem</strong></span> <span class='ocrx_word' id='word_1_498' title='bbox 873 3832 1254 3887; x_wconf 86' lang='lat' dir='ltr'><strong>obedientiam</strong></span> <span class='ocrx_word' id='word_1_499' title='bbox 1277 3827 1548 3898; x_wconf 90' lang='lat' dir='ltr'><strong>polliceri,</strong></span> <span class='ocrx_word' id='word_1_500' title='bbox 1576 3835 1654 3892; x_wconf 87' lang='lat' dir='ltr'><strong>ut,</strong></span> <span class='ocrx_word' id='word_1_501' title='bbox 1685 3827 1730 3880; x_wconf 88' lang='lat' dir='ltr'><strong>si</strong></span> <span class='ocrx_word' id='word_1_502' title='bbox 1757 3840 1882 3879; x_wconf 85' lang='lat' dir='ltr'><strong>eum</strong></span> <span class='ocrx_word' id='word_1_503' title='bbox 1901 3823 2144 3878; x_wconf 76' lang='lat' dir='ltr'><strong>abbasin</strong></span> 
     </span>
    </p>
   </div>
   <div class='ocr_carea' id='block_1_70' title="bbox 529 3920 2148 3998">
    <p class='ocr_par' dir='ltr' id='par_1_70' title="bbox 529 3920 2148 3998">
     <span class='ocr_line' id='line_1_71' title="bbox 529 3920 2148 3998; baseline -0.007 -18"><span class='ocrx_word' id='word_1_504' title='bbox 529 3926 708 3998; x_wconf 88' lang='lat' dir='ltr'><strong>ignem</strong></span> <span class='ocrx_word' id='word_1_505' title='bbox 741 3927 819 3984; x_wconf 84' lang='lat' dir='ltr'><strong>ire</strong></span> <span class='ocrx_word' id='word_1_506' title='bbox 853 3927 1200 3996; x_wconf 53' lang='lat' dir='ltr'><strong>praeciperet,</strong></span> <span class='ocrx_word' id='word_1_507' title='bbox 1235 3938 1342 3977; x_wconf 89' lang='lat' dir='ltr'><strong>non</strong></span> <span class='ocrx_word' id='word_1_508' title='bbox 1383 3931 1656 3976; x_wconf 81' lang='lat' dir='ltr'><strong>recusaret</strong></span> <span class='ocrx_word' id='word_1_509' title='bbox 1692 3920 1902 3974; x_wconf 86' lang='lat' dir='ltr'><strong>intrare</strong></span> <span class='ocrx_word' id='word_1_510' title='bbox 1928 3935 1941 3970; x_wconf 90' lang='lat'>:</span> <span class='ocrx_word' id='word_1_511' title='bbox 1971 3931 2148 3987; x_wconf 82' lang='lat' dir='ltr'><strong>quam</strong></span> 
     </span>
    </p>
   </div>
   <div class='ocr_carea' id='block_1_71' title="bbox 532 4014 2137 4087">
    <p class='ocr_par' dir='ltr' id='par_1_71' title="bbox 532 4014 2137 4087">
     <span class='ocr_line' id='line_1_72' title="bbox 532 4014 2137 4087; baseline -0.007 -13"><span class='ocrx_word' id='word_1_512' title='bbox 532 4021 680 4075; x_wconf 83' lang='lat' dir='ltr'><strong>illius</strong></span> <span class='ocrx_word' id='word_1_513' title='bbox 697 4019 1090 4087; x_wconf 83' lang='lat' dir='ltr'><strong>professionem</strong></span> <span class='ocrx_word' id='word_1_514' title='bbox 1123 4016 1213 4071; x_wconf 91' lang='lat' dir='ltr'><strong>ubi</strong></span> <span class='ocrx_word' id='word_1_515' title='bbox 1235 4015 1492 4084; x_wconf 81' lang='lat' dir='ltr'><strong>magister</strong></span> <span class='ocrx_word' id='word_1_516' title='bbox 1521 4014 1755 4081; x_wconf 81' lang='lat' dir='ltr'><strong>accepit,</strong></span> <span class='ocrx_word' id='word_1_517' title='bbox 1787 4025 1896 4065; x_wconf 88' lang='lat' dir='ltr'><strong>non</strong></span> <span class='ocrx_word' id='word_1_518' title='bbox 1917 4019 2137 4065; x_wconf 79' lang='lat' dir='ltr'><strong>cuncta-</strong></span> 
     </span>
    </p>
   </div>
   <div class='ocr_carea' id='block_1_72' title="bbox 528 4105 2139 4181">
    <p class='ocr_par' dir='ltr' id='par_1_72' title="bbox 528 4105 2139 4181">
     <span class='ocr_line' id='line_1_73' title="bbox 528 4105 2139 4181; baseline -0.007 -13"><span class='ocrx_word' id='word_1_519' title='bbox 528 4121 614 4168; x_wconf 87' lang='lat' dir='ltr'><strong>tus</strong></span> <span class='ocrx_word' id='word_1_520' title='bbox 644 4111 878 4181; x_wconf 76' lang='lat' dir='ltr'><strong>probare</strong></span> <span class='ocrx_word' id='word_1_521' title='bbox 923 4110 1295 4179; x_wconf 83' lang='lat' dir='ltr'><strong>profitentem.</strong></span> <span class='ocrx_word' id='word_1_522' title='bbox 1343 4107 1485 4162; x_wconf 88' lang='lat' dir='ltr'><strong>Casu</strong></span> <span class='ocrx_word' id='word_1_523' title='bbox 1519 4105 1768 4162; x_wconf 72' lang='lat' dir='ltr'><strong>clibanus</strong></span> <span class='ocrx_word' id='word_1_524' title='bbox 1799 4114 2021 4174; x_wconf 80' lang='lat' dir='ltr'><strong>propter</strong></span> <span class='ocrx_word' id='word_1_525' title='bbox 2049 4119 2139 4158; x_wconf 86' lang='lat' dir='ltr'><strong>ar-</strong></span> 
     </span>
    </p>
   </div>
   <div class='ocr_carea' id='block_1_73' title="bbox 529 4197 2138 4274">
    <p class='ocr_par' dir='ltr' id='par_1_73' title="bbox 529 4197 2138 4274">
     <span class='ocr_line' id='line_1_74' title="bbox 529 4197 2138 4274; baseline -0.005 -12"><span class='ocrx_word' id='word_1_526' title='bbox 529 4205 728 4271; x_wconf 86' lang='lat' dir='ltr'><strong>debat,</strong></span> <span class='ocrx_word' id='word_1_527' title='bbox 772 4205 867 4274; x_wconf 88' lang='lat' dir='ltr'><strong>qui</strong></span> <span class='ocrx_word' id='word_1_528' title='bbox 898 4203 1067 4258; x_wconf 88' lang='lat' dir='ltr'><strong>muito</strong></span> <span class='ocrx_word' id='word_1_529' title='bbox 1101 4204 1224 4272; x_wconf 87' lang='lat' dir='ltr'><strong>igne</strong></span> <span class='ocrx_word' id='word_1_530' title='bbox 1249 4216 1551 4256; x_wconf 85' lang='lat' dir='ltr'><strong>succensus</strong></span> <span class='ocrx_word' id='word_1_531' title='bbox 1574 4197 1878 4269; x_wconf 43' lang='lat' dir='ltr'><strong>coqutrnd&#39;is</strong></span> <span class='ocrx_word' id='word_1_532' title='bbox 1908 4198 2138 4268; x_wconf 80' lang='lat' dir='ltr'><strong>panibus</strong></span> 
     </span>
    </p>
   </div>
   <div class='ocr_carea' id='block_1_74' title="bbox 527 4293 2138 4369">
    <p class='ocr_par' dir='ltr' id='par_1_74' title="bbox 527 4293 2138 4369">
     <span class='ocr_line' id='line_1_75' title="bbox 527 4293 2138 4369; baseline -0.002 -17"><span class='ocrx_word' id='word_1_533' title='bbox 527 4298 836 4369; x_wconf 86' lang='lat' dir='ltr'><strong>parabatur.</strong></span> <span class='ocrx_word' id='word_1_534' title='bbox 867 4296 1186 4352; x_wconf 76' lang='lat' dir='ltr'><strong>Exnndabat</strong></span> <span class='ocrx_word' id='word_1_535' title='bbox 1213 4295 1460 4364; x_wconf 84' lang='lat' dir='ltr'><strong>abruptis</strong></span> <span class='ocrx_word' id='word_1_536' title='bbox 1481 4293 1703 4348; x_wconf 67' lang='lat' dir='ltr'><strong>flamma.</strong></span> <span class='ocrx_word' id='word_1_537' title='bbox 1727 4293 2060 4358; x_wconf 76' lang='lat' dir='ltr'><strong>fornacibus,</strong></span> <span class='ocrx_word' id='word_1_538' title='bbox 2081 4304 2138 4348; x_wconf 89' lang='lat' dir='ltr'><strong>et</strong></span> 
     </span>
    </p>
   </div>
   <div class='ocr_carea' id='block_1_75' title="bbox 524 4388 2135 4460">
    <p class='ocr_par' dir='ltr' id='par_1_75' title="bbox 524 4388 2135 4460">
     <span class='ocr_line' id='line_1_76' title="bbox 524 4388 2135 4460; baseline -0.004 -14"><span class='ocrx_word' id='word_1_539' title='bbox 524 4390 662 4446; x_wconf 85' lang='lat' dir='ltr'><strong>intra</strong></span> <span class='ocrx_word' id='word_1_540' title='bbox 694 4393 890 4446; x_wconf 88' lang='lat' dir='ltr'><strong>camini</strong></span> <span class='ocrx_word' id='word_1_541' title='bbox 921 4390 1071 4446; x_wconf 88' lang='lat' dir='ltr'><strong>illius</strong></span> <span class='ocrx_word' id='word_1_542' title='bbox 1091 4405 1330 4445; x_wconf 83' lang='lat' dir='ltr'><strong>concava</strong></span> <span class='ocrx_word' id='word_1_543' title='bbox 1364 4389 1490 4444; x_wconf 86' lang='lat' dir='ltr'><strong>t0tis</strong></span> <span class='ocrx_word' id='word_1_544' title='bbox 1519 4388 1752 4443; x_wconf 77' lang='lat' dir='ltr'><strong>habenis</strong></span> <span class='ocrx_word' id='word_1_545' title='bbox 1771 4389 2135 4460; x_wconf 83' lang='lat' dir='ltr'><strong>regnabatin-</strong></span> 
     </span>
    </p>
   </div>
   <div class='ocr_carea' id='block_1_76' title="bbox 522 4481 2134 4551">
    <p class='ocr_par' dir='ltr' id='par_1_76' title="bbox 522 4481 2134 4551">
     <span class='ocr_line' id='line_1_77' title="bbox 522 4481 2134 4551; baseline -0.002 -11"><span class='ocrx_word' id='word_1_546' title='bbox 522 4485 795 4542; x_wconf 85' lang='lat' dir='ltr'><strong>cemlium.</strong></span> <span class='ocrx_word' id='word_1_547' title='bbox 829 4484 981 4539; x_wconf 85' lang='lat' dir='ltr'><strong>iiunc</strong></span> <span class='ocrx_word' id='word_1_548' title='bbox 1006 4483 1175 4550; x_wconf 77' lang='lat' dir='ltr'><strong>igitur</strong></span> <span class='ocrx_word' id='word_1_549' title='bbox 1197 4481 1474 4537; x_wconf 72' lang='lat' dir='ltr'><strong>advenam.</strong></span> <span class='ocrx_word' id='word_1_550' title='bbox 1503 4481 1656 4536; x_wconf 79' lang='lat' dir='ltr'><strong>illum</strong></span> <span class='ocrx_word' id='word_1_551' title='bbox 1686 4481 1844 4551; x_wconf 71' lang='lat' dir='ltr'><strong>jubet</strong></span> <span class='ocrx_word' id='word_1_552' title='bbox 1873 4484 2134 4551; x_wconf 84' lang='lat' dir='ltr'><strong>magister</strong></span> 
     </span>
    </p>
   </div>
   <div class='ocr_carea' id='block_1_77' title="bbox 2243 3272 3849 3344">
    <p class='ocr_par' dir='ltr' id='par_1_77' title="bbox 2243 3272 3849 3344">
     <span class='ocr_line' id='line_1_78' title="bbox 2243 3272 3849 3344; baseline 0.004 -20"><span class='ocrx_word' id='word_1_553' title='bbox 2243 3273 2324 3325; x_wconf 86' lang='lat' dir='ltr'><strong>sui</strong></span> <span class='ocrx_word' id='word_1_554' title='bbox 2358 3272 2590 3326; x_wconf 87' lang='lat' dir='ltr'><strong>fimbriis</strong></span> <span class='ocrx_word' id='word_1_555' title='bbox 2611 3282 2700 3326; x_wconf 82' lang='lat' dir='ltr'><strong>aut</strong></span> <span class='ocrx_word' id='word_1_556' title='bbox 2731 3273 2980 3342; x_wconf 87' lang='lat' dir='ltr'><strong>epistolis</strong></span> <span class='ocrx_word' id='word_1_557' title='bbox 3006 3273 3213 3341; x_wconf 76' lang='lat' dir='ltr'><strong>missis,</strong></span> <span class='ocrx_word' id='word_1_558' title='bbox 3245 3288 3476 3344; x_wconf 83' lang='lat' dir='ltr'><strong>corpora</strong></span> <span class='ocrx_word' id='word_1_559' title='bbox 3503 3276 3722 3330; x_wconf 69' lang='lat' dir='ltr'><strong>ob&lt;essa</strong></span> <span class='ocrx_word' id='word_1_560' title='bbox 3752 3291 3849 3330; x_wconf 88' lang='lat' dir='ltr'><strong>cu-</strong></span> 
     </span>
    </p>
   </div>
   <div class='ocr_carea' id='block_1_78' title="bbox 2242 3365 3848 3439">
    <p class='ocr_par' dir='ltr' id='par_1_78' title="bbox 2242 3365 3848 3439">
     <span class='ocr_line' id='line_1_79' title="bbox 2242 3365 3848 3439; baseline 0.004 -20"><span class='ocrx_word' id='word_1_561' title='bbox 2242 3365 2416 3420; x_wconf 88' lang='lat' dir='ltr'><strong>rabat.</strong></span> <span class='ocrx_word' id='word_1_562' title='bbox 2453 3365 2548 3420; x_wconf 78' lang='lat' dir='ltr'><strong>Hic</strong></span> <span class='ocrx_word' id='word_1_563' title='bbox 2571 3380 2704 3436; x_wconf 82' lang='lat' dir='ltr'><strong>ergo</strong></span> <span class='ocrx_word' id='word_1_564' title='bbox 2733 3367 2930 3420; x_wconf 82' lang='lat' dir='ltr'><strong>mirum</strong></span> <span class='ocrx_word' id='word_1_565' title='bbox 2986 3369 3035 3421; x_wconf 88' lang='lat' dir='ltr'><strong>in</strong></span> <span class='ocrx_word' id='word_1_566' title='bbox 3075 3367 3297 3422; x_wconf 83' lang='lat' dir='ltr'><strong>modum</strong></span> <span class='ocrx_word' id='word_1_567' title='bbox 3327 3367 3778 3439; x_wconf 80' lang='lat' dir='ltr'><strong>frequentabatur</strong></span> <span class='ocrx_word' id='word_1_568' title='bbox 3813 3384 3848 3426; x_wconf 84' lang='lat' dir='ltr'><strong>a</strong></span> 
     </span>
    </p>
   </div>
   <div class='ocr_carea' id='block_1_79' title="bbox 2245 3456 3848 3526">
    <p class='ocr_par' dir='ltr' id='par_1_79' title="bbox 2245 3456 3848 3526">
     <span class='ocr_line' id='line_1_80' title="bbox 2245 3456 3848 3526; baseline 0.006 -16"><span class='ocrx_word' id='word_1_569' title='bbox 2245 3456 2457 3526; x_wconf 83' lang='lat' dir='ltr'><strong>pepulis</strong></span> <span class='ocrx_word' id='word_1_570' title='bbox 2483 3471 2549 3511; x_wconf 81' lang='lat' dir='ltr'><strong>ex</strong></span> <span class='ocrx_word' id='word_1_571' title='bbox 2598 3465 2714 3512; x_wconf 86' lang='lat' dir='ltr'><strong>toto</strong></span> <span class='ocrx_word' id='word_1_572' title='bbox 2763 3457 2830 3512; x_wconf 86' lang='lat' dir='ltr'><strong>ad</strong></span> <span class='ocrx_word' id='word_1_573' title='bbox 2862 3473 2988 3512; x_wconf 87' lang='lat' dir='ltr'><strong>eum</strong></span> <span class='ocrx_word' id='word_1_574' title='bbox 3016 3459 3150 3514; x_wconf 86' lang='lat' dir='ltr'><strong>orbe</strong></span> <span class='ocrx_word' id='word_1_575' title='bbox 3181 3459 3544 3516; x_wconf 79' lang='lat' dir='ltr'><strong>venientibus.</strong></span> <span class='ocrx_word' id='word_1_576' title='bbox 3577 3460 3848 3518; x_wconf 83' lang='lat' dir='ltr'><strong>Taceod‘e</strong></span> 
     </span>
    </p>
   </div>
   <div class='ocr_carea' id='block_1_80' title="bbox 2242 3551 3846 3628">
    <p class='ocr_par' dir='ltr' id='par_1_80' title="bbox 2242 3551 3846 3628">
     <span class='ocr_line' id='line_1_81' title="bbox 2242 3551 3846 3628; baseline 0.005 -24"><span class='ocrx_word' id='word_1_577' title='bbox 2242 3551 2544 3606; x_wconf 85' lang='lat' dir='ltr'><strong>minoribus</strong></span> <span class='ocrx_word' id='word_1_578' title='bbox 2580 3569 2593 3605; x_wconf 93' lang='lat'><strong>:</strong></span> <span class='ocrx_word' id='word_1_579' title='bbox 2627 3553 2869 3623; x_wconf 63' lang='lat' dir='ltr'><strong>praefecti</strong></span> <span class='ocrx_word' id='word_1_580' title='bbox 2898 3555 3243 3625; x_wconf 87' lang='lat' dir='ltr'><strong>comitesque</strong></span> <span class='ocrx_word' id='word_1_581' title='bbox 3263 3597 3278 3623; x_wconf 91' lang='lat'><strong>,</strong></span> <span class='ocrx_word' id='word_1_582' title='bbox 3305 3571 3366 3611; x_wconf 88' lang='lat' dir='ltr'><strong>ac</strong></span> <span class='ocrx_word' id='word_1_583' title='bbox 3393 3556 3735 3612; x_wconf 87' lang='lat' dir='ltr'><strong>diversarum</strong></span> <span class='ocrx_word' id='word_1_584' title='bbox 3757 3557 3846 3628; x_wconf 73' lang='lat' dir='ltr'><strong>jju-</strong></span> 
     </span>
    </p>
   </div>
   <div class='ocr_carea' id='block_1_81' title="bbox 2241 3647 3842 3722">
    <p class='ocr_par' dir='ltr' id='par_1_81' title="bbox 2241 3647 3842 3722">
     <span class='ocr_line' id='line_1_82' title="bbox 2241 3647 3842 3722; baseline 0.003 -21"><span class='ocrx_word' id='word_1_585' title='bbox 2241 3647 2388 3702; x_wconf 87' lang='lat' dir='ltr'><strong>dices</strong></span> <span class='ocrx_word' id='word_1_586' title='bbox 2416 3657 2745 3719; x_wconf 80' lang='lat' dir='ltr'><strong>potestatum</strong></span> <span class='ocrx_word' id='word_1_587' title='bbox 2790 3665 2889 3720; x_wconf 91' lang='lat' dir='ltr'><strong>pro</strong></span> <span class='ocrx_word' id='word_1_588' title='bbox 2917 3651 3122 3706; x_wconf 89' lang='lat' dir='ltr'><strong>foribus</strong></span> <span class='ocrx_word' id='word_1_589' title='bbox 3151 3651 3297 3707; x_wconf 85' lang='lat' dir='ltr'><strong>illius</strong></span> <span class='ocrx_word' id='word_1_590' title='bbox 3337 3665 3480 3722; x_wconf 59' lang='lat' dir='ltr'><strong>sat-pe</strong></span> <span class='ocrx_word' id='word_1_591' title='bbox 3506 3652 3798 3720; x_wconf 87' lang='lat' dir='ltr'><strong>jacuerunt</strong></span> <span class='ocrx_word' id='word_1_592' title='bbox 3830 3669 3842 3706; x_wconf 93' lang='lat'>:</span> 
     </span>
    </p>
   </div>
   <div class='ocr_carea' id='block_1_82' title="bbox 2245 3741 3848 3812">
    <p class='ocr_par' dir='ltr' id='par_1_82' title="bbox 2245 3741 3848 3812">
     <span class='ocr_line' id='line_1_83' title="bbox 2245 3741 3848 3812; baseline 0.003 -18"><span class='ocrx_word' id='word_1_593' title='bbox 2245 3741 2504 3810; x_wconf 81' lang='lat' dir='ltr'><strong>EpiscOpi</strong></span> <span class='ocrx_word' id='word_1_594' title='bbox 2524 3757 2738 3812; x_wconf 83' lang='lat' dir='ltr'><strong>qucque</strong></span> <span class='ocrx_word' id='word_1_595' title='bbox 2765 3743 3134 3809; x_wconf 89' lang='lat' dir='ltr'><strong>sanctissimi,</strong></span> <span class='ocrx_word' id='word_1_596' title='bbox 3161 3743 3486 3799; x_wconf 82' lang='lat' dir='ltr'><strong>sacerdotali</strong></span> <span class='ocrx_word' id='word_1_597' title='bbox 3509 3744 3848 3799; x_wconf 84' lang='lat' dir='ltr'><strong>auctoritate</strong></span> 
     </span>
    </p>
   </div>
   <div class='ocr_carea' id='block_1_83' title="bbox 2241 3835 3846 3910">
    <p class='ocr_par' dir='ltr' id='par_1_83' title="bbox 2241 3835 3846 3910">
     <span class='ocr_line' id='line_1_84' title="bbox 2241 3835 3846 3910; baseline 0.002 -20"><span class='ocrx_word' id='word_1_598' title='bbox 2241 3835 2509 3906; x_wconf 85' lang='lat' dir='ltr'><strong>deposita,</strong></span> <span class='ocrx_word' id='word_1_599' title='bbox 2539 3836 2781 3908; x_wconf 89' lang='lat' dir='ltr'><strong>contingi</strong></span> <span class='ocrx_word' id='word_1_600' title='bbox 2809 3853 2868 3892; x_wconf 90' lang='lat' dir='ltr'><strong>se</strong></span> <span class='ocrx_word' id='word_1_601' title='bbox 2898 3837 2965 3893; x_wconf 90' lang='lat' dir='ltr'><strong>ab</strong></span> <span class='ocrx_word' id='word_1_602' title='bbox 2993 3853 3058 3894; x_wconf 89' lang='lat' dir='ltr'><strong>co</strong></span> <span class='ocrx_word' id='word_1_603' title='bbox 3087 3848 3247 3910; x_wconf 88' lang='lat' dir='ltr'><strong>atque</strong></span> <span class='ocrx_word' id='word_1_604' title='bbox 3277 3837 3520 3894; x_wconf 87' lang='lat' dir='ltr'><strong>benedici</strong></span> <span class='ocrx_word' id='word_1_605' title='bbox 3555 3837 3846 3894; x_wconf 88' lang='lat' dir='ltr'><strong>humiliter</strong></span> 
     </span>
    </p>
   </div>
   <div class='ocr_carea' id='block_1_84' title="bbox 2240 3927 3846 3996">
    <p class='ocr_par' dir='ltr' id='par_1_84' title="bbox 2240 3927 3846 3996">
     <span class='ocr_line' id='line_1_85' title="bbox 2240 3927 3846 3996; baseline 0.002 -14"><span class='ocrx_word' id='word_1_606' title='bbox 2240 3927 2576 3996; x_wconf 83' lang='lat' dir='ltr'><strong>postulantes</strong></span> <span class='ocrx_word' id='word_1_607' title='bbox 2597 3967 2612 3994; x_wconf 94' lang='lat'><strong>,</strong></span> <span class='ocrx_word' id='word_1_608' title='bbox 2665 3929 3037 3984; x_wconf 79' lang='lat' dir='ltr'><strong>sanctificatos</strong></span> <span class='ocrx_word' id='word_1_609' title='bbox 3079 3945 3139 3985; x_wconf 91' lang='lat' dir='ltr'><strong>se</strong></span> <span class='ocrx_word' id='word_1_610' title='bbox 3161 3945 3223 3985; x_wconf 92' lang='lat' dir='ltr'><strong>ac</strong></span> <span class='ocrx_word' id='word_1_611' title='bbox 3252 3930 3435 3984; x_wconf 77' lang='lat' dir='ltr'><strong>divino</strong></span> <span class='ocrx_word' id='word_1_612' title='bbox 3461 3943 3688 3985; x_wconf 89' lang='lat' dir='ltr'><strong>munere</strong></span> <span class='ocrx_word' id='word_1_613' title='bbox 3720 3929 3846 3985; x_wconf 85' lang='lat' dir='ltr'><strong>illu-</strong></span> 
     </span>
    </p>
   </div>
   <div class='ocr_carea' id='block_1_85' title="bbox 2239 4022 3837 4095">
    <p class='ocr_par' dir='ltr' id='par_1_85' title="bbox 2239 4022 3837 4095">
     <span class='ocr_line' id='line_1_86' title="bbox 2239 4022 3837 4095; baseline 0.002 -20"><span class='ocrx_word' id='word_1_614' title='bbox 2239 4031 2461 4085; x_wconf 86' lang='lat' dir='ltr'><strong>stratos,</strong></span> <span class='ocrx_word' id='word_1_615' title='bbox 2490 4022 2707 4091; x_wconf 87' lang='lat' dir='ltr'><strong>quoties</strong></span> <span class='ocrx_word' id='word_1_616' title='bbox 2725 4037 2942 4076; x_wconf 89' lang='lat' dir='ltr'><strong>manum</strong></span> <span class='ocrx_word' id='word_1_617' title='bbox 2968 4022 3114 4077; x_wconf 90' lang='lat' dir='ltr'><strong>illius</strong></span> <span class='ocrx_word' id='word_1_618' title='bbox 3140 4034 3452 4094; x_wconf 85' lang='lat' dir='ltr'><strong>vestemque</strong></span> <span class='ocrx_word' id='word_1_619' title='bbox 3475 4023 3837 4095; x_wconf 76' lang='lat' dir='ltr'><strong>contigerant,</strong></span> 
     </span>
    </p>
   </div>
   <div class='ocr_carea' id='block_1_86' title="bbox 2240 4113 3842 4186">
    <p class='ocr_par' dir='ltr' id='par_1_86' title="bbox 2240 4113 3842 4186">
     <span class='ocr_line' id='line_1_87' title="bbox 2240 4113 3842 4186; baseline 0.003 -20"><span class='ocrx_word' id='word_1_620' title='bbox 2240 4127 2351 4166; x_wconf 84' lang='lat' dir='ltr'><strong>non</strong></span> <span class='ocrx_word' id='word_1_621' title='bbox 2381 4113 3049 4170; x_wconf 82' lang='lat' dir='ltr'><strong>immeritocrediderunt.</strong></span> <span class='ocrx_word' id='word_1_622' title='bbox 3078 4114 3176 4170; x_wconf 85' lang='lat' dir='ltr'><strong>Hic</strong></span> <span class='ocrx_word' id='word_1_623' title='bbox 3223 4115 3505 4172; x_wconf 84' lang='lat' dir='ltr'><strong>ferebatur</strong></span> <span class='ocrx_word' id='word_1_624' title='bbox 3534 4116 3684 4171; x_wconf 88' lang='lat' dir='ltr'><strong>onmi</strong></span> <span class='ocrx_word' id='word_1_625' title='bbox 3711 4125 3842 4186; x_wconf 86' lang='lat' dir='ltr'><strong>potu</strong></span> 
     </span>
    </p>
   </div>
   <div class='ocr_carea' id='block_1_87' title="bbox 2237 4206 3839 4282">
    <p class='ocr_par' dir='ltr' id='par_1_87' title="bbox 2237 4206 3839 4282">
     <span class='ocr_line' id='line_1_88' title="bbox 2237 4206 3839 4282; baseline 0.002 -22"><span class='ocrx_word' id='word_1_626' title='bbox 2237 4206 2290 4260; x_wconf 92' lang='lat' dir='ltr'><strong>in</strong></span> <span class='ocrx_word' id='word_1_627' title='bbox 2321 4217 2639 4277; x_wconf 87' lang='lat' dir='ltr'><strong>perpetuum</strong></span> <span class='ocrx_word' id='word_1_628' title='bbox 2675 4208 2888 4278; x_wconf 91' lang='lat' dir='ltr'><strong>penitus</strong></span> <span class='ocrx_word' id='word_1_629' title='bbox 2918 4209 3222 4276; x_wconf 85' lang='lat' dir='ltr'><strong>abstinere,</strong></span> <span class='ocrx_word' id='word_1_630' title='bbox 3270 4223 3333 4264; x_wconf 92' lang='lat' dir='ltr'><strong>ac</strong></span> <span class='ocrx_word' id='word_1_631' title='bbox 3378 4223 3475 4279; x_wconf 90' lang='lat' dir='ltr'><strong>pro</strong></span> <span class='ocrx_word' id='word_1_632' title='bbox 3521 4210 3644 4266; x_wconf 89' lang='lat' dir='ltr'><strong>cibo</strong></span> <span class='ocrx_word' id='word_1_633' title='bbox 3685 4208 3839 4282; x_wconf 82' lang='lat' dir='ltr'><strong>(tibi,</strong></span> 
     </span>
    </p>
   </div>
   <div class='ocr_carea' id='block_1_88' title="bbox 2238 4299 3844 4375">
    <p class='ocr_par' dir='ltr' id='par_1_88' title="bbox 2238 4299 3844 4375">
     <span class='ocr_line' id='line_1_89' title="bbox 2238 4299 3844 4375; baseline 0.002 -19"><span class='ocrx_word' id='word_1_634' title='bbox 2238 4299 2553 4370; x_wconf 88' lang='lat' dir='ltr'><strong>Sulpici,in</strong></span> <span class='ocrx_word' id='word_1_635' title='bbox 2596 4317 2782 4357; x_wconf 87' lang='lat' dir='ltr'><strong>aurem</strong></span> <span class='ocrx_word' id='word_1_636' title='bbox 2807 4303 3016 4374; x_wconf 88' lang='lat' dir='ltr'><strong>loquar,</strong></span> <span class='ocrx_word' id='word_1_637' title='bbox 3057 4317 3123 4358; x_wconf 90' lang='lat' dir='ltr'><strong>ne</strong></span> <span class='ocrx_word' id='word_1_638' title='bbox 3151 4303 3337 4360; x_wconf 88' lang='lat' dir='ltr'><strong>Gallus</strong></span> <span class='ocrx_word' id='word_1_639' title='bbox 3360 4302 3464 4359; x_wconf 86' lang='lat' dir='ltr'><strong>hoc</strong></span> <span class='ocrx_word' id='word_1_640' title='bbox 3502 4302 3712 4375; x_wconf 81' lang='lat' dir='ltr'><strong>audiat)</strong></span> <span class='ocrx_word' id='word_1_641' title='bbox 3759 4319 3844 4359; x_wconf 84' lang='lat' dir='ltr'><strong>se-</strong></span> 
     </span>
    </p>
   </div>
   <div class='ocr_carea' id='block_1_89' title="bbox 2238 4395 3836 4463">
    <p class='ocr_par' dir='ltr' id='par_1_89' title="bbox 2238 4395 3836 4463">
     <span class='ocr_line' id='line_1_90' title="bbox 2238 4395 3836 4463; baseline 0.001 -14"><span class='ocrx_word' id='word_1_642' title='bbox 2238 4406 2384 4463; x_wconf 86' lang='lat' dir='ltr'><strong>ptem</strong></span> <span class='ocrx_word' id='word_1_643' title='bbox 2419 4405 2625 4450; x_wconf 88' lang='lat' dir='ltr'><strong>tantum</strong></span> <span class='ocrx_word' id='word_1_644' title='bbox 2649 4396 2847 4451; x_wconf 87' lang='lat' dir='ltr'><strong>caricis</strong></span> <span class='ocrx_word' id='word_1_645' title='bbox 2876 4397 3193 4452; x_wconf 88' lang='lat' dir='ltr'><strong>sustentari.</strong></span> <span class='ocrx_word' id='word_1_646' title='bbox 3226 4395 3435 4453; x_wconf 81' lang='lat' dir='ltr'><strong>interea</strong></span> <span class='ocrx_word' id='word_1_647' title='bbox 3458 4407 3650 4451; x_wconf 89' lang='lat' dir='ltr'><strong>sancto</strong></span> <span class='ocrx_word' id='word_1_648' title='bbox 3694 4396 3836 4463; x_wconf 88' lang='lat' dir='ltr'><strong>viro,</strong></span> 
     </span>
    </p>
   </div>
   <div class='ocr_carea' id='block_1_90' title="bbox 2235 4487 3844 4558">
    <p class='ocr_par' dir='ltr' id='par_1_90' title="bbox 2235 4487 3844 4558">
     <span class='ocr_line' id='line_1_91' title="bbox 2235 4487 3844 4558; baseline 0.001 -16"><span class='ocrx_word' id='word_1_649' title='bbox 2235 4498 2294 4542; x_wconf 91' lang='lat' dir='ltr'><strong>ut</strong></span> <span class='ocrx_word' id='word_1_650' title='bbox 2319 4504 2384 4543; x_wconf 85' lang='lat' dir='ltr'><strong>ex</strong></span> <span class='ocrx_word' id='word_1_651' title='bbox 2426 4489 2624 4544; x_wconf 87' lang='lat' dir='ltr'><strong>virtute</strong></span> <span class='ocrx_word' id='word_1_652' title='bbox 2671 4489 2869 4554; x_wconf 91' lang='lat' dir='ltr'><strong>honor,</strong></span> <span class='ocrx_word' id='word_1_653' title='bbox 2931 4491 3002 4544; x_wconf 89' lang='lat' dir='ltr'><strong>ita</strong></span> <span class='ocrx_word' id='word_1_654' title='bbox 3058 4505 3126 4545; x_wconf 84' lang='lat' dir='ltr'><strong>ex</strong></span> <span class='ocrx_word' id='word_1_655' title='bbox 3183 4489 3395 4546; x_wconf 87' lang='lat' dir='ltr'><strong>honore</strong></span> <span class='ocrx_word' id='word_1_656' title='bbox 3421 4489 3631 4544; x_wconf 86' lang='lat' dir='ltr'><strong>vanitas</strong></span> <span class='ocrx_word' id='word_1_657' title='bbox 3673 4487 3844 4558; x_wconf 66' lang='lat' dir='ltr'><strong>carpit</strong></span> 
     </span>
    </p>
   </div>
   <div class='ocr_carea' id='block_1_91' title="bbox 527 4547 3844 4650">
    <p class='ocr_par' dir='ltr' id='par_1_91' title="bbox 527 4547 3844 4650">
     <span class='ocr_line' id='line_1_92' title="bbox 527 4547 3844 4650; baseline 0 -17"><span class='ocrx_word' id='word_1_658' title='bbox 527 4578 732 4634; x_wconf 90' lang='lat' dir='ltr'><strong>intrare</strong></span> <span class='ocrx_word' id='word_1_659' title='bbox 765 4596 776 4631; x_wconf 88' lang='lat'>:</span> <span class='ocrx_word' id='word_1_660' title='bbox 814 4594 914 4634; x_wconf 90' lang='lat' dir='ltr'><strong>nec</strong></span> <span class='ocrx_word' id='word_1_661' title='bbox 938 4547 1152 4633; x_wconf 76' lang='lat' dir='ltr'><strong>distulit</strong></span> <span class='ocrx_word' id='word_1_662' title='bbox 1172 4592 1364 4647; x_wconf 76' lang='lat' dir='ltr'><strong>parere</strong></span> <span class='ocrx_word' id='word_1_663' title='bbox 1391 4584 1672 4646; x_wconf 79' lang='lat' dir='ltr'><strong>praecepto</strong></span> <span class='ocrx_word' id='word_1_664' title='bbox 1687 4547 1714 4628; x_wconf 28' lang='grc' dir='ltr'><strong>γε</strong></span> <span class='ocrx_word' id='word_1_665' title='bbox 1749 4547 2131 4630; x_wconf 35' lang='lat' dir='ltr'><strong>mediasvflam-</strong></span> <span class='ocrx_word' id='word_1_666' title='bbox 2157 4547 2519 4648; x_wconf 70' lang='lat' dir='ltr'><strong>Dobrepere.</strong></span> <span class='ocrx_word' id='word_1_667' title='bbox 2551 4580 2708 4647; x_wconf 78' lang='lat' dir='ltr'><strong>Quod</strong></span> <span class='ocrx_word' id='word_1_668' title='bbox 2741 4547 2942 4635; x_wconf 78' lang='lat' dir='ltr'><strong>malum</strong></span> <span class='ocrx_word' id='word_1_669' title='bbox 2971 4579 3061 4635; x_wconf 90' lang='lat' dir='ltr'><strong>ille</strong></span> <span class='ocrx_word' id='word_1_670' title='bbox 3093 4579 3183 4635; x_wconf 91' lang='lat' dir='ltr'><strong>ubi</strong></span> <span class='ocrx_word' id='word_1_671' title='bbox 3207 4580 3438 4650; x_wconf 88' lang='lat' dir='ltr'><strong>primum</strong></span> <span class='ocrx_word' id='word_1_672' title='bbox 3474 4580 3648 4650; x_wconf 85' lang='lat' dir='ltr'><strong>potuit</strong></span> <span class='ocrx_word' id='word_1_673' title='bbox 3682 4579 3735 4634; x_wconf 89' lang='lat' dir='ltr'><strong>in</strong></span> <span class='ocrx_word' id='word_1_674' title='bbox 3765 4547 3844 4634; x_wconf 61' lang='grc' dir='ltr'><strong>ἐς</strong></span> 
     </span>
    </p>
   </div>
   <div class='ocr_carea' id='block_1_92' title="bbox 527 4668 3842 4744">
    <p class='ocr_par' dir='ltr' id='par_1_92' title="bbox 527 4668 3842 4744">
     <span class='ocr_line' id='line_1_93' title="bbox 527 4668 3842 4744; baseline 0 -17"><span class='ocrx_word' id='word_1_675' title='bbox 527 4688 645 4727; x_wconf 87' lang='lat' dir='ltr'><strong>mas</strong></span> <span class='ocrx_word' id='word_1_676' title='bbox 675 4671 806 4728; x_wconf 86' lang='lat' dir='ltr'><strong>nihil</strong></span> <span class='ocrx_word' id='word_1_677' title='bbox 837 4680 1123 4727; x_wconf 86' lang='lat' dir='ltr'><strong>cunctatus</strong></span> <span class='ocrx_word' id='word_1_678' title='bbox 1148 4669 1482 4740; x_wconf 72' lang='lat' dir='ltr'><strong>ingreditur;</strong></span> <span class='ocrx_word' id='word_1_679' title='bbox 1516 4685 1644 4740; x_wconf 62' lang='lat' dir='ltr'><strong>qua</strong></span> <span class='ocrx_word' id='word_1_680' title='bbox 1667 4685 1793 4724; x_wconf 70' lang='lat' dir='ltr'><strong>mox</strong></span> <span class='ocrx_word' id='word_1_681' title='bbox 1812 4678 1918 4722; x_wconf 80' lang='lat' dir='ltr'><strong>tam</strong></span> <span class='ocrx_word' id='word_1_682' title='bbox 1939 4668 2136 4723; x_wconf 76' lang='lat' dir='ltr'><strong>audaci</strong></span> <span class='ocrx_word' id='word_1_683' title='bbox 2233 4672 2440 4729; x_wconf 88' lang='lat' dir='ltr'><strong>sentire</strong></span> <span class='ocrx_word' id='word_1_684' title='bbox 2478 4673 2747 4744; x_wconf 80' lang='lat' dir='ltr'><strong>grassari,</strong></span> <span class='ocrx_word' id='word_1_685' title='bbox 2783 4673 2874 4729; x_wconf 87' lang='lat' dir='ltr'><strong>diu</strong></span> <span class='ocrx_word' id='word_1_686' title='bbox 2904 4673 3244 4742; x_wconf 84' lang='lat' dir='ltr'><strong>multumque</strong></span> <span class='ocrx_word' id='word_1_687' title='bbox 3283 4672 3559 4728; x_wconf 77' lang='lat' dir='ltr'><strong>discutere</strong></span> <span class='ocrx_word' id='word_1_688' title='bbox 3607 4683 3842 4728; x_wconf 81' lang='lat' dir='ltr'><strong>conatus</strong></span> 
     </span>
    </p>
   </div>
   <div class='ocr_carea' id='block_1_93' title="bbox 527 4761 3839 4838">
    <p class='ocr_par' dir='ltr' id='par_1_93' title="bbox 527 4761 3839 4838">
     <span class='ocr_line' id='line_1_94' title="bbox 527 4761 3839 4838; baseline 0.001 -18"><span class='ocrx_word' id='word_1_689' title='bbox 527 4766 631 4822; x_wconf 85' lang='lat' dir='ltr'><strong>fnie</strong></span> <span class='ocrx_word' id='word_1_690' title='bbox 656 4768 838 4832; x_wconf 64' lang='lat' dir='ltr'><strong>victas,</strong></span> <span class='ocrx_word' id='word_1_691' title='bbox 871 4766 1020 4821; x_wconf 89' lang='lat' dir='ltr'><strong>velut</strong></span> <span class='ocrx_word' id='word_1_692' title='bbox 1049 4765 1161 4820; x_wconf 83' lang='lat' dir='ltr'><strong>illis</strong></span> <span class='ocrx_word' id='word_1_693' title='bbox 1186 4764 1470 4835; x_wconf 72' lang='lat' dir='ltr'><strong>quondam.</strong></span> <span class='ocrx_word' id='word_1_694' title='bbox 1499 4764 1740 4818; x_wconf 65' lang='lat' dir='ltr'><strong>liebrzeis</strong></span> <span class='ocrx_word' id='word_1_695' title='bbox 1761 4761 1965 4833; x_wconf 73' lang='lat' dir='ltr'><strong>pueris,</strong></span> <span class='ocrx_word' id='word_1_696' title='bbox 2014 4776 2136 4816; x_wconf 78' lang='lat' dir='ltr'><strong>ces-</strong></span> <span class='ocrx_word' id='word_1_697' title='bbox 2233 4775 2316 4820; x_wconf 87' lang='lat' dir='ltr'><strong>est</strong></span> <span class='ocrx_word' id='word_1_698' title='bbox 2345 4785 2359 4820; x_wconf 89' lang='lat'><strong>:</strong></span> <span class='ocrx_word' id='word_1_699' title='bbox 2389 4764 2490 4822; x_wconf 83' lang='lat' dir='ltr'><strong>sed</strong></span> <span class='ocrx_word' id='word_1_700' title='bbox 2530 4768 2716 4838; x_wconf 75' lang='lat' dir='ltr'><strong>repelli</strong></span> <span class='ocrx_word' id='word_1_701' title='bbox 2757 4769 2995 4838; x_wconf 74' lang='lat' dir='ltr'><strong>ptenitus</strong></span> <span class='ocrx_word' id='word_1_702' title='bbox 3022 4769 3106 4824; x_wconf 87' lang='lat' dir='ltr'><strong>vel</strong></span> <span class='ocrx_word' id='word_1_703' title='bbox 3135 4768 3298 4823; x_wconf 91' lang='lat' dir='ltr'><strong>tacita</strong></span> <span class='ocrx_word' id='word_1_704' title='bbox 3326 4768 3658 4823; x_wconf 77' lang='lat' dir='ltr'><strong>conscientia</strong></span> <span class='ocrx_word' id='word_1_705' title='bbox 3686 4767 3839 4822; x_wconf 85' lang='lat' dir='ltr'><strong>vani—</strong></span> 
     </span>
    </p>
   </div>
   <div class='ocr_carea' id='block_1_94' title="bbox 527 4854 3835 4934">
    <p class='ocr_par' dir='ltr' id='par_1_94' title="bbox 527 4854 3835 4934">
     <span class='ocr_line' id='line_1_95' title="bbox 527 4854 3835 4934; baseline 0.001 -21"><span class='ocrx_word' id='word_1_706' title='bbox 527 4873 648 4914; x_wconf 86' lang='lat' dir='ltr'><strong>sere</strong></span> <span class='ocrx_word' id='word_1_707' title='bbox 674 4860 934 4918; x_wconf 75' lang='lat' dir='ltr'><strong>venienti.</strong></span> <span class='ocrx_word' id='word_1_708' title='bbox 962 4859 1236 4928; x_wconf 84' lang='lat' dir='ltr'><strong>Superata</strong></span> <span class='ocrx_word' id='word_1_709' title='bbox 1252 4865 1447 4912; x_wconf 80' lang='lat' dir='ltr'><strong>natura</strong></span> <span class='ocrx_word' id='word_1_710' title='bbox 1461 4865 1576 4919; x_wconf 88' lang='lat' dir='ltr'><strong>est,</strong></span> <span class='ocrx_word' id='word_1_711' title='bbox 1612 4855 1744 4926; x_wconf 82' lang='lat' dir='ltr'><strong>fugit</strong></span> <span class='ocrx_word' id='word_1_712' title='bbox 1771 4854 2130 4911; x_wconf 69' lang='lat' dir='ltr'><strong>incendium:</strong></span> <span class='ocrx_word' id='word_1_713' title='bbox 2235 4863 2380 4928; x_wconf 68' lang='lat' dir='ltr'><strong>tatis,</strong></span> <span class='ocrx_word' id='word_1_714' title='bbox 2407 4873 2789 4932; x_wconf 75' lang='lat' dir='ltr'><strong>perseverante</strong></span> <span class='ocrx_word' id='word_1_715' title='bbox 2805 4865 3022 4924; x_wconf 84' lang='lat' dir='ltr'><strong>virtute,</strong></span> <span class='ocrx_word' id='word_1_716' title='bbox 3053 4877 3159 4918; x_wconf 87' lang='lat' dir='ltr'><strong>non</strong></span> <span class='ocrx_word' id='word_1_717' title='bbox 3186 4863 3380 4933; x_wconf 89' lang='lat' dir='ltr'><strong>potuit.</strong></span> <span class='ocrx_word' id='word_1_718' title='bbox 3403 4861 3612 4934; x_wconf 81' lang='lat' dir='ltr'><strong>Ubique</strong></span> <span class='ocrx_word' id='word_1_719' title='bbox 3635 4875 3835 4917; x_wconf 90' lang='lat' dir='ltr'><strong>nomen</strong></span> 
     </span>
    </p>
   </div>
   <div class='ocr_carea' id='block_1_95' title="bbox 527 4948 3826 5024">
    <p class='ocr_par' dir='ltr' id='par_1_95' title="bbox 527 4948 3826 5024">
     <span class='ocr_line' id='line_1_96' title="bbox 527 4948 3826 5024; baseline 0.001 -18"><span class='ocrx_word' id='word_1_720' title='bbox 527 4961 582 5006; x_wconf 86' lang='lat' dir='ltr'><strong>et</strong></span> <span class='ocrx_word' id='word_1_721' title='bbox 609 4951 698 5019; x_wconf 88' lang='lat' dir='ltr'><strong>qui</strong></span> <span class='ocrx_word' id='word_1_722' title='bbox 725 4951 1014 5020; x_wconf 87' lang='lat' dir='ltr'><strong>putabatur</strong></span> <span class='ocrx_word' id='word_1_723' title='bbox 1036 4966 1279 5016; x_wconf 82' lang='lat' dir='ltr'><strong>arsurus,</strong></span> <span class='ocrx_word' id='word_1_724' title='bbox 1312 4951 1458 5004; x_wconf 87' lang='lat' dir='ltr'><strong>velut</strong></span> <span class='ocrx_word' id='word_1_725' title='bbox 1478 4949 1682 5020; x_wconf 71' lang='lat' dir='ltr'><strong>frigido</strong></span> <span class='ocrx_word' id='word_1_726' title='bbox 1698 4964 1828 5004; x_wconf 72' lang='lat' dir='ltr'><strong>rore</strong></span> <span class='ocrx_word' id='word_1_727' title='bbox 1851 4948 2138 5018; x_wconf 68' lang='lat' dir='ltr'><strong>perfusum</strong></span> <span class='ocrx_word' id='word_1_728' title='bbox 2231 4957 2348 5024; x_wconf 85' lang='lat' dir='ltr'><strong>ejus</strong></span> <span class='ocrx_word' id='word_1_729' title='bbox 2379 4955 2664 5011; x_wconf 71' lang='lat' dir='ltr'><strong>drcmones</strong></span> <span class='ocrx_word' id='word_1_730' title='bbox 2697 4957 3038 5011; x_wconf 81' lang='lat' dir='ltr'><strong>fatebantur:</strong></span> <span class='ocrx_word' id='word_1_731' title='bbox 3070 4955 3367 5011; x_wconf 80' lang='lat' dir='ltr'><strong>excludere</strong></span> <span class='ocrx_word' id='word_1_732' title='bbox 3394 4969 3424 5008; x_wconf 91' lang='lat' dir='ltr'><strong>a</strong></span> <span class='ocrx_word' id='word_1_733' title='bbox 3456 4970 3516 5009; x_wconf 88' lang='lat' dir='ltr'><strong>se</strong></span> <span class='ocrx_word' id='word_1_734' title='bbox 3547 4951 3826 5009; x_wconf 77' lang='lat' dir='ltr'><strong>conﬂuen-</strong></span> 
     </span>
    </p>
   </div>
   <div class='ocr_carea' id='block_1_96' title="bbox 525 5040 3838 5119">
    <p class='ocr_par' dir='ltr' id='par_1_96' title="bbox 525 5040 3838 5119">
     <span class='ocr_line' id='line_1_97' title="bbox 525 5040 3838 5119; baseline 0.001 -19"><span class='ocrx_word' id='word_1_735' title='bbox 525 5059 584 5100; x_wconf 87' lang='lat' dir='ltr'><strong>se</strong></span> <span class='ocrx_word' id='word_1_736' title='bbox 610 5045 724 5114; x_wconf 90' lang='lat' dir='ltr'><strong>ipse</strong></span> <span class='ocrx_word' id='word_1_737' title='bbox 753 5045 980 5099; x_wconf 88' lang='lat' dir='ltr'><strong>miratus</strong></span> <span class='ocrx_word' id='word_1_738' title='bbox 997 5053 1098 5098; x_wconf 89' lang='lat' dir='ltr'><strong>est.</strong></span> <span class='ocrx_word' id='word_1_739' title='bbox 1121 5042 1369 5113; x_wconf 63' lang='lat' dir='ltr'><strong>Sedquid</strong></span> <span class='ocrx_word' id='word_1_740' title='bbox 1394 5044 1612 5109; x_wconf 82' lang='lat' dir='ltr'><strong>mirum,</strong></span> <span class='ocrx_word' id='word_1_741' title='bbox 1633 5043 1678 5096; x_wconf 89' lang='lat' dir='ltr'><strong>si</strong></span> <span class='ocrx_word' id='word_1_742' title='bbox 1695 5040 2125 5109; x_wconf 53' lang='lat' dir='ltr'><strong>tuumﬁbriste,</strong></span> <span class='ocrx_word' id='word_1_743' title='bbox 2229 5049 2358 5103; x_wconf 90' lang='lat' dir='ltr'><strong>tium</strong></span> <span class='ocrx_word' id='word_1_744' title='bbox 2392 5049 2621 5119; x_wconf 87' lang='lat' dir='ltr'><strong>populos</strong></span> <span class='ocrx_word' id='word_1_745' title='bbox 2651 5063 2755 5104; x_wconf 87' lang='lat' dir='ltr'><strong>non</strong></span> <span class='ocrx_word' id='word_1_746' title='bbox 2801 5049 3037 5105; x_wconf 85' lang='lat' dir='ltr'><strong>valebat.</strong></span> <span class='ocrx_word' id='word_1_747' title='bbox 3072 5049 3230 5103; x_wconf 78' lang='lat' dir='ltr'><strong>Virus</strong></span> <span class='ocrx_word' id='word_1_748' title='bbox 3262 5047 3478 5103; x_wconf 85' lang='lat' dir='ltr'><strong>interim</strong></span> <span class='ocrx_word' id='word_1_749' title='bbox 3505 5049 3681 5103; x_wconf 77' lang='lat' dir='ltr'><strong>latens</strong></span> <span class='ocrx_word' id='word_1_750' title='bbox 3715 5061 3838 5104; x_wconf 48' lang='lat' dir='ltr'><strong>ser-</strong></span> 
     </span>
    </p>
   </div>
   <div class='ocr_carea' id='block_1_97' title="bbox 525 5133 3836 5211">
    <p class='ocr_par' dir='ltr' id='par_1_97' title="bbox 525 5133 3836 5211">
     <span class='ocr_line' id='line_1_98' title="bbox 525 5133 3836 5211; baseline 0.001 -19"><span class='ocrx_word' id='word_1_751' title='bbox 525 5138 760 5193; x_wconf 87' lang='lat' dir='ltr'><strong>tironem</strong></span> <span class='ocrx_word' id='word_1_752' title='bbox 787 5137 928 5208; x_wconf 87' lang='lat' dir='ltr'><strong>ignis</strong></span> <span class='ocrx_word' id='word_1_753' title='bbox 955 5137 1044 5193; x_wconf 87' lang='lat' dir='ltr'><strong>ille</strong></span> <span class='ocrx_word' id='word_1_754' title='bbox 1076 5153 1185 5191; x_wconf 82' lang='lat' dir='ltr'><strong>non</strong></span> <span class='ocrx_word' id='word_1_755' title='bbox 1201 5137 1410 5206; x_wconf 82' lang='lat' dir='ltr'><strong>attigit,</strong></span> <span class='ocrx_word' id='word_1_756' title='bbox 1438 5145 1494 5189; x_wconf 82' lang='lat' dir='ltr'><strong>ut</strong></span> <span class='ocrx_word' id='word_1_757' title='bbox 1523 5151 1622 5190; x_wconf 84' lang='lat' dir='ltr'><strong>nec</strong></span> <span class='ocrx_word' id='word_1_758' title='bbox 1647 5135 1896 5192; x_wconf 82' lang='lat' dir='ltr'><strong>abbatem</strong></span> <span class='ocrx_word' id='word_1_759' title='bbox 1923 5133 2131 5204; x_wconf 85' lang='lat' dir='ltr'><strong>pigeret</strong></span> <span class='ocrx_word' id='word_1_760' title='bbox 2229 5139 2391 5209; x_wconf 88' lang='lat' dir='ltr'><strong>pebat</strong></span> <span class='ocrx_word' id='word_1_761' title='bbox 2421 5141 2474 5194; x_wconf 88' lang='lat' dir='ltr'><strong>in</strong></span> <span class='ocrx_word' id='word_1_762' title='bbox 2489 5150 2800 5210; x_wconf 85' lang='lat' dir='ltr'><strong>pectore;et</strong></span> <span class='ocrx_word' id='word_1_763' title='bbox 2827 5139 2980 5209; x_wconf 91' lang='lat' dir='ltr'><strong>cujus</strong></span> <span class='ocrx_word' id='word_1_764' title='bbox 3009 5150 3142 5195; x_wconf 89' lang='lat' dir='ltr'><strong>nutu</strong></span> <span class='ocrx_word' id='word_1_765' title='bbox 3167 5155 3234 5196; x_wconf 82' lang='lat' dir='ltr'><strong>ex</strong></span> <span class='ocrx_word' id='word_1_766' title='bbox 3257 5141 3488 5196; x_wconf 84' lang='lat' dir='ltr'><strong>aliorum</strong></span> <span class='ocrx_word' id='word_1_767' title='bbox 3511 5140 3836 5211; x_wconf 85' lang='lat' dir='ltr'><strong>corporibus</strong></span> 
     </span>
    </p>
   </div>
   <div class='ocr_carea' id='block_1_98' title="bbox 524 5227 3834 5308">
    <p class='ocr_par' dir='ltr' id='par_1_98' title="bbox 524 5227 3834 5308">
     <span class='ocr_line' id='line_1_99' title="bbox 524 5227 3834 5308; baseline 0 -19"><span class='ocrx_word' id='word_1_768' title='bbox 524 5233 655 5289; x_wconf 89' lang='lat' dir='ltr'><strong>dura</strong></span> <span class='ocrx_word' id='word_1_769' title='bbox 713 5232 1000 5308; x_wconf 86' lang='lat' dir='ltr'><strong>mandasse</strong></span> <span class='ocrx_word' id='word_1_770' title='bbox 1025 5273 1039 5298; x_wconf 90' lang='lat'><strong>,</strong></span> <span class='ocrx_word' id='word_1_771' title='bbox 1086 5246 1190 5287; x_wconf 80' lang='lat' dir='ltr'><strong>nec</strong></span> <span class='ocrx_word' id='word_1_772' title='bbox 1220 5229 1554 5298; x_wconf 69' lang='lat' dir='ltr'><strong>discipulum</strong></span> <span class='ocrx_word' id='word_1_773' title='bbox 1583 5229 1873 5298; x_wconf 79' lang='lat' dir='ltr'><strong>pceniteret</strong></span> <span class='ocrx_word' id='word_1_774' title='bbox 1900 5227 2138 5297; x_wconf 78' lang='lat' dir='ltr'><strong>imperio</strong></span> <span class='ocrx_word' id='word_1_775' title='bbox 2230 5231 2510 5287; x_wconf 77' lang='lat' dir='ltr'><strong>daemones</strong></span> <span class='ocrx_word' id='word_1_776' title='bbox 2543 5232 2891 5302; x_wconf 80' lang='lat' dir='ltr'><strong>fugabantur,</strong></span> <span class='ocrx_word' id='word_1_777' title='bbox 2915 5248 2975 5288; x_wconf 90' lang='lat' dir='ltr'><strong>se</strong></span> <span class='ocrx_word' id='word_1_778' title='bbox 3001 5233 3178 5303; x_wconf 91' lang='lat' dir='ltr'><strong>ipsum</strong></span> <span class='ocrx_word' id='word_1_779' title='bbox 3218 5235 3448 5289; x_wconf 83' lang='lat' dir='ltr'><strong>occultis</strong></span> <span class='ocrx_word' id='word_1_780' title='bbox 3479 5233 3834 5305; x_wconf 39' lang='lat' dir='ltr'><strong>cegitati‘onié</strong></span> 
     </span>
    </p>
   </div>
   <div class='ocr_carea' id='block_1_99' title="bbox 520 5320 3834 5401">
    <p class='ocr_par' dir='ltr' id='par_1_99' title="bbox 520 5320 3834 5401">
     <span class='ocr_line' id='line_1_100' title="bbox 520 5320 3834 5401; baseline -0.003 -20"><span class='ocrx_word' id='word_1_781' title='bbox 520 5326 822 5395; x_wconf 50' lang='lat' dir='ltr'><strong>paruisse?</strong></span> <span class='ocrx_word' id='word_1_782' title='bbox 854 5326 943 5395; x_wconf 88' lang='lat' dir='ltr'><strong>qui</strong></span> <span class='ocrx_word' id='word_1_783' title='bbox 967 5340 1030 5378; x_wconf 86' lang='lat' dir='ltr'><strong>co</strong></span> <span class='ocrx_word' id='word_1_784' title='bbox 1063 5339 1168 5393; x_wconf 91' lang='lat' dir='ltr'><strong>quo</strong></span> <span class='ocrx_word' id='word_1_785' title='bbox 1200 5321 1500 5376; x_wconf 75' lang='lat' dir='ltr'><strong>advenerat</strong></span> <span class='ocrx_word' id='word_1_786' title='bbox 1527 5320 1640 5384; x_wconf 81' lang='lat' dir='ltr'><strong>die,</strong></span> <span class='ocrx_word' id='word_1_787' title='bbox 1671 5320 1798 5374; x_wconf 86' lang='lat' dir='ltr'><strong>dum</strong></span> <span class='ocrx_word' id='word_1_788' title='bbox 1826 5329 2130 5376; x_wconf 71' lang='lat' dir='ltr'><strong>tentaretur</strong></span> <span class='ocrx_word' id='word_1_789' title='bbox 2230 5326 2333 5382; x_wconf 80' lang='lat' dir='ltr'><strong>bus</strong></span> <span class='ocrx_word' id='word_1_790' title='bbox 2363 5328 2616 5382; x_wconf 79' lang='lat' dir='ltr'><strong>vanitatis</strong></span> <span class='ocrx_word' id='word_1_791' title='bbox 2647 5344 2880 5399; x_wconf 89' lang='lat' dir='ltr'><strong>purgare</strong></span> <span class='ocrx_word' id='word_1_792' title='bbox 2926 5344 3032 5384; x_wconf 90' lang='lat' dir='ltr'><strong>non</strong></span> <span class='ocrx_word' id='word_1_793' title='bbox 3066 5338 3298 5400; x_wconf 89' lang='lat' dir='ltr'><strong>poterat.</strong></span> <span class='ocrx_word' id='word_1_794' title='bbox 3331 5328 3482 5384; x_wconf 87' lang='lat' dir='ltr'><strong>Totis</strong></span> <span class='ocrx_word' id='word_1_795' title='bbox 3513 5327 3676 5398; x_wconf 84' lang='lat' dir='ltr'><strong>igitur</strong></span> <span class='ocrx_word' id='word_1_796' title='bbox 3702 5343 3834 5401; x_wconf 77' lang='lat' dir='ltr'><strong>pre-</strong></span> 
     </span>
    </p>
   </div>
   <div class='ocr_carea' id='block_1_100' title="bbox 519 5409 3836 5494">
    <p class='ocr_par' dir='ltr' id='par_1_100' title="bbox 519 5409 3836 5494">
     <span class='ocr_line' id='line_1_101' title="bbox 519 5409 3836 5494; baseline -0.004 -15"><span class='ocrx_word' id='word_1_797' title='bbox 519 5423 794 5487; x_wconf 77' lang='lat' dir='ltr'><strong>infirmus,</strong></span> <span class='ocrx_word' id='word_1_798' title='bbox 825 5420 1100 5489; x_wconf 85' lang='lat' dir='ltr'><strong>perfectus</strong></span> <span class='ocrx_word' id='word_1_799' title='bbox 1128 5409 1382 5470; x_wconf 58' lang='lat' dir='ltr'><strong>inuentus</strong></span> <span class='ocrx_word' id='word_1_800' title='bbox 1403 5423 1506 5479; x_wconf 60' lang='lat' dir='ltr'><strong>esu,</strong></span> <span class='ocrx_word' id='word_1_801' title='bbox 1528 5413 1736 5467; x_wconf 81' lang='lat' dir='ltr'><strong>merito</strong></span> <span class='ocrx_word' id='word_1_802' title='bbox 1753 5411 1906 5477; x_wconf 81' lang='lat' dir='ltr'><strong>felix,</strong></span> <span class='ocrx_word' id='word_1_803' title='bbox 1930 5414 2126 5466; x_wconf 81' lang='lat' dir='ltr'><strong>merito</strong></span> <span class='ocrx_word' id='word_1_804' title='bbox 2228 5422 2384 5477; x_wconf 67' lang='lat' dir='ltr'><strong>cibus</strong></span> <span class='ocrx_word' id='word_1_805' title='bbox 2407 5438 2701 5478; x_wconf 65' lang='lat' dir='ltr'><strong>conversus</strong></span> <span class='ocrx_word' id='word_1_806' title='bbox 2742 5423 2814 5478; x_wconf 70' lang='lat' dir='ltr'><strong>ad</strong></span> <span class='ocrx_word' id='word_1_807' title='bbox 2849 5425 3132 5480; x_wconf 60' lang='lat' dir='ltr'><strong>Dominum</strong></span> <span class='ocrx_word' id='word_1_808' title='bbox 3167 5424 3339 5481; x_wconf 64' lang='lat' dir='ltr'><strong>fermr</strong></span> <span class='ocrx_word' id='word_1_809' title='bbox 3363 5437 3576 5491; x_wconf 53' lang='lat' dir='ltr'><strong>orasse,</strong></span> <span class='ocrx_word' id='word_1_810' title='bbox 3610 5433 3668 5479; x_wconf 78' lang='grc' dir='ltr'>οι</span> <span class='ocrx_word' id='word_1_811' title='bbox 3707 5437 3836 5494; x_wconf 70' lang='lat' dir='ltr'><strong>per-</strong></span> 
     </span>
    </p>
   </div>
   <div class='ocr_carea' id='block_1_101' title="bbox 515 5507 2125 5588">
    <p class='ocr_par' dir='ltr' id='par_1_101' title="bbox 515 5507 2125 5588">
     <span class='ocr_line' id='line_1_102' title="bbox 515 5507 2125 5588; baseline -0.008 -15"><span class='ocrx_word' id='word_1_812' title='bbox 515 5520 827 5588; x_wconf 84' lang='lat' dir='ltr'><strong>gloriosus:</strong></span> <span class='ocrx_word' id='word_1_813' title='bbox 856 5514 1115 5583; x_wconf 82' lang='lat' dir='ltr'><strong>probatus</strong></span> <span class='ocrx_word' id='word_1_814' title='bbox 1145 5508 1480 5573; x_wconf 73' lang='lat' dir='ltr'><strong>obedientia,</strong></span> <span class='ocrx_word' id='word_1_815' title='bbox 1512 5507 1854 5578; x_wconf 72' lang='lat' dir='ltr'><strong>glorificatqu</strong></span> <span class='ocrx_word' id='word_1_816' title='bbox 1875 5514 1962 5561; x_wconf 78' lang='lat' dir='ltr'><strong>est</strong></span> <span class='ocrx_word' id='word_1_817' title='bbox 2003 5521 2125 5576; x_wconf 84' lang='lat' dir='ltr'><strong>pas-</strong></span> 
     </span>
    </p>
   </div>
   <div class='ocr_carea' id='block_1_102' title="bbox 524 5626 2133 5762">
    <p class='ocr_par' dir='ltr' id='par_1_102' title="bbox 524 5626 2133 5762">
     <span class='ocr_line' id='line_1_103' title="bbox 524 5626 2133 5762; baseline -0.005 -6"><span class='ocrx_word' id='word_1_818' title='bbox 524 5626 736 5756; x_wconf 54' lang='grc' dir='ltr'><strong>εωὶῗῗὶξ.</strong></span> <span class='ocrx_word' id='word_1_819' title='bbox 759 5698 830 5760; x_wconf 71' lang='grc' dir='ltr'>ιιι,</span> <span class='ocrx_word' id='word_1_820' title='bbox 851 5696 1046 5756; x_wconf 86' lang='lat' dir='ltr'><strong>eodem</strong></span> <span class='ocrx_word' id='word_1_821' title='bbox 1075 5702 1256 5750; x_wconf 78' lang='lat' dir='ltr'><strong>autem</strong></span> <span class='ocrx_word' id='word_1_822' title='bbox 1295 5689 1631 5747; x_wconf 74' lang='lat' dir='ltr'><strong>mmasterio</strong></span> <span class='ocrx_word' id='word_1_823' title='bbox 1669 5689 1876 5748; x_wconf 61' lang='lat' dir='ltr'><strong>factum</strong></span> <span class='ocrx_word' id='word_1_824' title='bbox 1902 5692 1962 5746; x_wconf 70' lang='lat' dir='ltr'><strong>id</strong></span> <span class='ocrx_word' id='word_1_825' title='bbox 1983 5692 2133 5762; x_wconf 75' lang='lat' dir='ltr'><strong>quod</strong></span> 
     </span>
    </p>
   </div>
   <div class='ocr_carea' id='block_1_103' title="bbox 519 5781 2132 5858">
    <p class='ocr_par' dir='ltr' id='par_1_103' title="bbox 519 5781 2132 5858">
     <span class='ocr_line' id='line_1_104' title="bbox 519 5781 2132 5858; baseline -0.002 -10"><span class='ocrx_word' id='word_1_826' title='bbox 519 5791 770 5848; x_wconf 77' lang='lat' dir='ltr'><strong>dicturus</strong></span> <span class='ocrx_word' id='word_1_827' title='bbox 793 5804 933 5858; x_wconf 71' lang='lat' dir='ltr'><strong>sum,</strong></span> <span class='ocrx_word' id='word_1_828' title='bbox 959 5787 1164 5851; x_wconf 77' lang='lat' dir='ltr'><strong>recenti</strong></span> <span class='ocrx_word' id='word_1_829' title='bbox 1195 5785 1458 5844; x_wconf 73' lang='lat' dir='ltr'><strong>niceteria</strong></span> <span class='ocrx_word' id='word_1_830' title='bbox 1481 5781 1782 5842; x_wconf 75' lang='lat' dir='ltr'><strong>ferebatur.</strong></span> <span class='ocrx_word' id='word_1_831' title='bbox 1799 5783 2028 5853; x_wconf 68' lang='lat' dir='ltr'><strong>Quidam</strong></span> <span class='ocrx_word' id='word_1_832' title='bbox 2044 5786 2132 5844; x_wconf 85' lang='lat' dir='ltr'><strong>iti-</strong></span> 
     </span>
    </p>
   </div>
   <div class='ocr_carea' id='block_1_104' title="bbox 2231 5515 3832 5590">
    <p class='ocr_par' dir='ltr' id='par_1_104' title="bbox 2231 5515 3832 5590">
     <span class='ocr_line' id='line_1_105' title="bbox 2231 5515 3832 5590; baseline 0.002 -22"><span class='ocrx_word' id='word_1_833' title='bbox 2231 5515 2396 5570; x_wconf 90' lang='lat' dir='ltr'><strong>missa</strong></span> <span class='ocrx_word' id='word_1_834' title='bbox 2451 5516 2504 5570; x_wconf 89' lang='lat' dir='ltr'><strong>in</strong></span> <span class='ocrx_word' id='word_1_835' title='bbox 2551 5530 2611 5571; x_wconf 90' lang='lat' dir='ltr'><strong>se</strong></span> <span class='ocrx_word' id='word_1_836' title='bbox 2652 5515 2936 5573; x_wconf 83' lang='lat' dir='ltr'><strong>mensibus</strong></span> <span class='ocrx_word' id='word_1_837' title='bbox 2970 5516 3210 5590; x_wconf 89' lang='lat' dir='ltr'><strong>quinque</strong></span> <span class='ocrx_word' id='word_1_838' title='bbox 3256 5516 3474 5572; x_wconf 88' lang='lat' dir='ltr'><strong>diabolo</strong></span> <span class='ocrx_word' id='word_1_839' title='bbox 3523 5525 3832 5589; x_wconf 88' lang='lat' dir='ltr'><strong>potestate,</strong></span> 
     </span>
    </p>
   </div>
   <div class='ocr_carea' id='block_1_105' title="bbox 2230 5607 3844 5680">
    <p class='ocr_par' dir='ltr' id='par_1_105' title="bbox 2230 5607 3844 5680">
     <span class='ocr_line' id='line_1_106' title="bbox 2230 5607 3844 5680; baseline 0.003 -19"><span class='ocrx_word' id='word_1_840' title='bbox 2230 5607 2427 5662; x_wconf 88' lang='lat' dir='ltr'><strong>similis</strong></span> <span class='ocrx_word' id='word_1_841' title='bbox 2461 5607 2550 5662; x_wconf 84' lang='lat' dir='ltr'><strong>his</strong></span> <span class='ocrx_word' id='word_1_842' title='bbox 2585 5608 2738 5665; x_wconf 67' lang='lat' dir='ltr'><strong>ﬁeret</strong></span> <span class='ocrx_word' id='word_1_843' title='bbox 2777 5625 2914 5679; x_wconf 83' lang='lat' dir='ltr'><strong>quos</strong></span> <span class='ocrx_word' id='word_1_844' title='bbox 2959 5609 3076 5680; x_wconf 89' lang='lat' dir='ltr'><strong>ipse</strong></span> <span class='ocrx_word' id='word_1_845' title='bbox 3119 5619 3426 5667; x_wconf 81' lang='lat' dir='ltr'><strong>curaverat.</strong></span> <span class='ocrx_word' id='word_1_846' title='bbox 3459 5610 3600 5678; x_wconf 83' lang='lat' dir='ltr'><strong>Quid</strong></span> <span class='ocrx_word' id='word_1_847' title='bbox 3646 5611 3844 5666; x_wconf 76' lang='lat' dir='ltr'><strong>multis</strong></span> 
     </span>
    </p>
   </div>
   <div class='ocr_carea' id='block_1_106' title="bbox 2231 5699 3833 5772">
    <p class='ocr_par' dir='ltr' id='par_1_106' title="bbox 2231 5699 3833 5772">
     <span class='ocr_line' id='line_1_107' title="bbox 2231 5699 3833 5772; baseline 0.002 -18"><span class='ocrx_word' id='word_1_848' title='bbox 2231 5699 2456 5756; x_wconf 84' lang='lat' dir='ltr'><strong>morer?</strong></span> <span class='ocrx_word' id='word_1_849' title='bbox 2500 5701 2594 5756; x_wconf 87' lang='lat' dir='ltr'><strong>ille</strong></span> <span class='ocrx_word' id='word_1_850' title='bbox 2639 5711 2975 5771; x_wconf 62' lang='lat' dir='ltr'><strong>praepotens,</strong></span> <span class='ocrx_word' id='word_1_851' title='bbox 3013 5701 3104 5757; x_wconf 84' lang='lat' dir='ltr'><strong>ille</strong></span> <span class='ocrx_word' id='word_1_852' title='bbox 3143 5703 3311 5772; x_wconf 81' lang='lat' dir='ltr'><strong>signis</strong></span> <span class='ocrx_word' id='word_1_853' title='bbox 3334 5713 3500 5772; x_wconf 78' lang='lat' dir='ltr'><strong>atque</strong></span> <span class='ocrx_word' id='word_1_854' title='bbox 3539 5704 3833 5760; x_wconf 85' lang='lat' dir='ltr'><strong>virtutibus</strong></span> 
     </span>
    </p>
   </div>
   <div class='ocr_carea' id='block_1_107' title="bbox 2225 5789 3834 5867">
    <p class='ocr_par' dir='ltr' id='par_1_107' title="bbox 2225 5789 3834 5867">
     <span class='ocr_line' id='line_1_108' title="bbox 2225 5789 3834 5867; baseline 0.004 -21"><span class='ocrx_word' id='word_1_855' title='bbox 2225 5795 2350 5847; x_wconf 77' lang='lat' dir='ltr'><strong>toto</strong></span> <span class='ocrx_word' id='word_1_856' title='bbox 2373 5789 2598 5848; x_wconf 74' lang='lat' dir='ltr'><strong>Oriente</strong></span> <span class='ocrx_word' id='word_1_857' title='bbox 2615 5791 2883 5863; x_wconf 59' lang='lat' dir='ltr'><strong>“ligatus,</strong></span> <span class='ocrx_word' id='word_1_858' title='bbox 2908 5791 3000 5848; x_wconf 79' lang='lat' dir='ltr'><strong>ille</strong></span> <span class='ocrx_word' id='word_1_859' title='bbox 3021 5790 3096 5848; x_wconf 71' lang='lat' dir='ltr'><strong>ad</strong></span> <span class='ocrx_word' id='word_1_860' title='bbox 3108 5793 3261 5864; x_wconf 82' lang='lat' dir='ltr'><strong>cujus</strong></span> <span class='ocrx_word' id='word_1_861' title='bbox 3291 5792 3474 5851; x_wconf 85' lang='lat' dir='ltr'><strong>limina</strong></span> <span class='ocrx_word' id='word_1_862' title='bbox 3497 5795 3688 5867; x_wconf 83' lang='lat' dir='ltr'><strong>populi</strong></span> <span class='ocrx_word' id='word_1_863' title='bbox 3705 5804 3834 5852; x_wconf 84' lang='lat' dir='ltr'><strong>ante</strong></span> 
     </span>
    </p>
   </div>
  </div>
