  <div class='ocr_page' id='page_1' title='image "/cluster/home/n/w/nwhite01/storage/ocr_20150623/20/hvd.32044096580469/104.png"; bbox 0 0 4270 6176; ppageno 0'>
   <div class='ocr_carea' id='block_1_1' title="bbox 342 178 444 247">
    <p class='ocr_par' dir='ltr' id='par_1_1' title="bbox 342 178 444 247">
     <span class='ocr_line' id='line_1_1' title="bbox 342 178 444 247; baseline 0 0"><span class='ocrx_word' id='word_1_1' title='bbox 342 178 444 247; x_wconf 67' lang='grc' dir='ltr'><strong>ιω</strong></span> 
     </span>
    </p>
   </div>
   <div class='ocr_carea' id='block_1_2' title="bbox 1788 176 2213 245">
    <p class='ocr_par' dir='ltr' id='par_1_2' title="bbox 1788 176 2213 245">
     <span class='ocr_line' id='line_1_2' title="bbox 1788 176 2213 245; baseline -0.014 0"><span class='ocrx_word' id='word_1_2' title='bbox 1788 176 2130 245; x_wconf 57' lang='grc' dir='ltr'><strong>ωλιοευε</strong></span> <span class='ocrx_word' id='word_1_3' title='bbox 2172 179 2213 241; x_wconf 80' lang='lat' dir='ltr'><strong>l.</strong></span> 
     </span>
    </p>
   </div>
   <div class='ocr_carea' id='block_1_3' title="bbox 3544 182 3645 242">
    <p class='ocr_par' dir='ltr' id='par_1_3' title="bbox 3544 182 3645 242">
     <span class='ocr_line' id='line_1_3' title="bbox 3544 182 3645 242; baseline -0.01 0"><span class='ocrx_word' id='word_1_4' title='bbox 3544 182 3645 242; x_wconf 76' lang='grc'><strong>198</strong></span> 
     </span>
    </p>
   </div>
   <div class='ocr_carea' id='block_1_4' title="bbox 336 294 3649 369">
    <p class='ocr_par' dir='ltr' id='par_1_4' title="bbox 336 294 3649 369">
     <span class='ocr_line' id='line_1_4' title="bbox 336 294 3649 369; baseline -0.001 -17"><span class='ocrx_word' id='word_1_5' title='bbox 336 297 749 361; x_wconf 78' lang='lat' dir='ltr'><strong>conﬂuxerunt,</strong></span> <span class='ocrx_word' id='word_1_6' title='bbox 781 294 849 363; x_wconf 83' lang='lat' dir='ltr'><strong>ad</strong></span> <span class='ocrx_word' id='word_1_7' title='bbox 871 296 1029 368; x_wconf 73' lang='lat' dir='ltr'><strong>cujus</strong></span> <span class='ocrx_word' id='word_1_8' title='bbox 1052 296 1199 353; x_wconf 88' lang='lat' dir='ltr'><strong>fores</strong></span> <span class='ocrx_word' id='word_1_9' title='bbox 1230 309 1463 363; x_wconf 61' lang='lat' dir='ltr'><strong>summa;</strong></span> <span class='ocrx_word' id='word_1_10' title='bbox 1486 296 1643 357; x_wconf 90' lang='lat' dir='ltr'><strong>istius</strong></span> <span class='ocrx_word' id='word_1_11' title='bbox 1682 299 1862 361; x_wconf 60' lang='lat' dir='ltr'><strong>saeculi</strong></span> <span class='ocrx_word' id='word_1_12' title='bbox 1891 314 1950 357; x_wconf 87' lang='lat' dir='ltr'><strong>se</strong></span> <span class='ocrx_word' id='word_1_13' title='bbox 1977 301 2031 369; x_wconf 79' lang='grc' dir='ltr'><strong>Α</strong></span> <span class='ocrx_word' id='word_1_14' title='bbox 2056 298 2238 356; x_wconf 88' lang='lat' dir='ltr'><strong>solum</strong></span> <span class='ocrx_word' id='word_1_15' title='bbox 2271 311 2330 355; x_wconf 90' lang='lat' dir='ltr'><strong>so</strong></span> <span class='ocrx_word' id='word_1_16' title='bbox 2359 296 2559 355; x_wconf 71' lang='lat' dir='ltr'><strong>sreculo</strong></span> <span class='ocrx_word' id='word_1_17' title='bbox 2588 297 2807 366; x_wconf 84' lang='lat' dir='ltr'><strong>eripere</strong></span> <span class='ocrx_word' id='word_1_18' title='bbox 2826 303 3140 363; x_wconf 73' lang='lat' dir='ltr'><strong>contentus,</strong></span> <span class='ocrx_word' id='word_1_19' title='bbox 3167 296 3398 355; x_wconf 79' lang='lat' dir='ltr'><strong>salutem</strong></span> <span class='ocrx_word' id='word_1_20' title='bbox 3427 313 3649 354; x_wconf 86' lang='lat' dir='ltr'><strong>suorum</strong></span> 
     </span>
    </p>
   </div>
   <div class='ocr_carea' id='block_1_5' title="bbox 337 391 1941 463">
    <p class='ocr_par' dir='ltr' id='par_1_5' title="bbox 337 391 1941 463">
     <span class='ocr_line' id='line_1_5' title="bbox 337 391 1941 463; baseline 0.001 -19"><span class='ocrx_word' id='word_1_21' title='bbox 337 399 758 463; x_wconf 75' lang='lat' dir='ltr'><strong>prostraverant</strong></span> <span class='ocrx_word' id='word_1_22' title='bbox 801 400 1126 461; x_wconf 73' lang='lat' dir='ltr'><strong>potestates,</strong></span> <span class='ocrx_word' id='word_1_23' title='bbox 1169 399 1455 460; x_wconf 22' lang='lat' dir='ltr'><strong>correptus,</strong></span> <span class='ocrx_word' id='word_1_24' title='bbox 1483 406 1510 445; x_wconf 91' lang='lat' dir='ltr'><strong>a</strong></span> <span class='ocrx_word' id='word_1_25' title='bbox 1551 391 1800 453; x_wconf 73' lang='lat' dir='ltr'><strong>daemone</strong></span> <span class='ocrx_word' id='word_1_26' title='bbox 1827 400 1941 458; x_wconf 88' lang='lat' dir='ltr'><strong>est,</strong></span> 
     </span>
    </p>
   </div>
   <div class='ocr_carea' id='block_1_6' title="bbox 336 483 1948 557">
    <p class='ocr_par' dir='ltr' id='par_1_6' title="bbox 336 483 1948 557">
     <span class='ocr_line' id='line_1_6' title="bbox 336 483 1948 557; baseline -0.002 -16"><span class='ocrx_word' id='word_1_27' title='bbox 336 496 525 551; x_wconf 86' lang='lat' dir='ltr'><strong>tentus</strong></span> <span class='ocrx_word' id='word_1_28' title='bbox 548 484 600 543; x_wconf 89' lang='lat' dir='ltr'><strong>in</strong></span> <span class='ocrx_word' id='word_1_29' title='bbox 632 483 885 549; x_wconf 75' lang='lat' dir='ltr'><strong>vinculis.</strong></span> <span class='ocrx_word' id='word_1_30' title='bbox 911 483 1105 549; x_wconf 79' lang='lat' dir='ltr'><strong>omnia</strong></span> <span class='ocrx_word' id='word_1_31' title='bbox 1132 483 1221 549; x_wconf 84' lang='lat' dir='ltr'><strong>illa</strong></span> <span class='ocrx_word' id='word_1_32' title='bbox 1249 498 1370 557; x_wconf 79' lang='lat' dir='ltr'><strong>quae</strong></span> <span class='ocrx_word' id='word_1_33' title='bbox 1390 484 1743 557; x_wconf 77' lang='lat' dir='ltr'><strong>energuuieni</strong></span> <span class='ocrx_word' id='word_1_34' title='bbox 1769 484 1948 538; x_wconf 85' lang='lat' dir='ltr'><strong>solent</strong></span> 
     </span>
    </p>
   </div>
   <div class='ocr_carea' id='block_1_7' title="bbox 336 578 1946 653">
    <p class='ocr_par' dir='ltr' id='par_1_7' title="bbox 336 578 1946 653">
     <span class='ocr_line' id='line_1_7' title="bbox 336 578 1946 653; baseline -0.002 -18"><span class='ocrx_word' id='word_1_35' title='bbox 336 579 507 647; x_wconf 79' lang='lat' dir='ltr'><strong>ferre.</strong></span> <span class='ocrx_word' id='word_1_36' title='bbox 543 578 1066 653; x_wconf 83' lang='lat' dir='ltr'><strong>perpessus,quinto</strong></span> <span class='ocrx_word' id='word_1_37' title='bbox 1095 578 1315 637; x_wconf 89' lang='lat' dir='ltr'><strong>demum</strong></span> <span class='ocrx_word' id='word_1_38' title='bbox 1358 594 1546 643; x_wconf 82' lang='lat' dir='ltr'><strong>mense</strong></span> <span class='ocrx_word' id='word_1_39' title='bbox 1583 588 1837 649; x_wconf 80' lang='lat' dir='ltr'><strong>purgatus</strong></span> <span class='ocrx_word' id='word_1_40' title='bbox 1864 587 1946 633; x_wconf 89' lang='lat' dir='ltr'><strong>est</strong></span> 
     </span>
    </p>
   </div>
   <div class='ocr_carea' id='block_1_8' title="bbox 339 671 1946 743">
    <p class='ocr_par' dir='ltr' id='par_1_8' title="bbox 339 671 1946 743">
     <span class='ocr_line' id='line_1_8' title="bbox 339 671 1946 743; baseline -0.001 -15"><span class='ocrx_word' id='word_1_41' title='bbox 339 688 454 737; x_wconf 87' lang='lat' dir='ltr'><strong>non</strong></span> <span class='ocrx_word' id='word_1_42' title='bbox 484 681 692 739; x_wconf 85' lang='lat' dir='ltr'><strong>tantum</strong></span> <span class='ocrx_word' id='word_1_43' title='bbox 715 672 989 739; x_wconf 65' lang='lat' dir='ltr'><strong>daemone,</strong></span> <span class='ocrx_word' id='word_1_44' title='bbox 1010 671 1131 739; x_wconf 83' lang='lat' dir='ltr'><strong>sed,</strong></span> <span class='ocrx_word' id='word_1_45' title='bbox 1160 672 1306 743; x_wconf 86' lang='lat' dir='ltr'><strong>quod</strong></span> <span class='ocrx_word' id='word_1_46' title='bbox 1333 672 1411 739; x_wconf 84' lang='lat' dir='ltr'><strong>illi</strong></span> <span class='ocrx_word' id='word_1_47' title='bbox 1440 682 1558 737; x_wconf 87' lang='lat' dir='ltr'><strong>erat</strong></span> <span class='ocrx_word' id='word_1_48' title='bbox 1580 672 1769 737; x_wconf 83' lang='lat' dir='ltr'><strong>utilius</strong></span> <span class='ocrx_word' id='word_1_49' title='bbox 1786 683 1946 742; x_wconf 83' lang='lat' dir='ltr'><strong>atque</strong></span> 
     </span>
    </p>
   </div>
   <div class='ocr_carea' id='block_1_9' title="bbox 340 766 897 837">
    <p class='ocr_par' dir='ltr' id='par_1_9' title="bbox 340 766 897 837">
     <span class='ocr_line' id='line_1_9' title="bbox 340 766 897 837; baseline -0.005 -14"><span class='ocrx_word' id='word_1_50' title='bbox 340 766 605 837; x_wconf 82' lang='lat' dir='ltr'><strong>OptatiuS,</strong></span> <span class='ocrx_word' id='word_1_51' title='bbox 637 766 897 831; x_wconf 83' lang='lat' dir='ltr'><strong>vanitate.</strong></span> 
     </span>
    </p>
   </div>
   <div class='ocr_carea' id='block_1_10' title="bbox 416 856 1945 926">
    <p class='ocr_par' dir='ltr' id='par_1_10' title="bbox 416 856 1945 926">
     <span class='ocr_line' id='line_1_10' title="bbox 416 856 1945 926; baseline -0.003 -13"><span class='ocrx_word' id='word_1_52' title='bbox 416 856 559 913; x_wconf 79' lang='lat' dir='ltr'><strong>XXI.</strong></span> <span class='ocrx_word' id='word_1_53' title='bbox 592 856 699 912; x_wconf 88' lang='lat' dir='ltr'><strong>Sed</strong></span> <span class='ocrx_word' id='word_1_54' title='bbox 742 856 874 913; x_wconf 88' lang='lat' dir='ltr'><strong>mihi</strong></span> <span class='ocrx_word' id='word_1_55' title='bbox 924 857 1027 912; x_wconf 89' lang='lat' dir='ltr'><strong>ista</strong></span> <span class='ocrx_word' id='word_1_56' title='bbox 1070 858 1354 925; x_wconf 84' lang='lat' dir='ltr'><strong>replicanti</strong></span> <span class='ocrx_word' id='word_1_57' title='bbox 1400 867 1584 926; x_wconf 81' lang='lat' dir='ltr'><strong>nostra</strong></span> <span class='ocrx_word' id='word_1_58' title='bbox 1627 856 1945 923; x_wconf 83' lang='lat' dir='ltr'><strong>infelicitas,</strong></span> 
     </span>
    </p>
   </div>
   <div class='ocr_carea' id='block_1_11' title="bbox 338 948 1943 1016">
    <p class='ocr_par' dir='ltr' id='par_1_11' title="bbox 338 948 1943 1016">
     <span class='ocr_line' id='line_1_11' title="bbox 338 948 1943 1016; baseline -0.001 -11"><span class='ocrx_word' id='word_1_59' title='bbox 338 959 528 1011; x_wconf 87' lang='lat' dir='ltr'><strong>nostra</strong></span> <span class='ocrx_word' id='word_1_60' title='bbox 556 948 801 1011; x_wconf 87' lang='lat' dir='ltr'><strong>occurrit</strong></span> <span class='ocrx_word' id='word_1_61' title='bbox 845 948 1157 1013; x_wconf 85' lang='lat' dir='ltr'><strong>inﬁrmitas.</strong></span> <span class='ocrx_word' id='word_1_62' title='bbox 1196 948 1329 1016; x_wconf 84' lang='lat' dir='ltr'><strong>Quis</strong></span> <span class='ocrx_word' id='word_1_63' title='bbox 1370 951 1513 1007; x_wconf 90' lang='lat' dir='ltr'><strong>enim</strong></span> <span class='ocrx_word' id='word_1_64' title='bbox 1556 957 1802 1005; x_wconf 84' lang='lat' dir='ltr'><strong>nostrum</strong></span> <span class='ocrx_word' id='word_1_65' title='bbox 1831 958 1943 1016; x_wconf 84' lang='lat' dir='ltr'><strong>est,</strong></span> 
     </span>
    </p>
   </div>
   <div class='ocr_carea' id='block_1_12' title="bbox 339 1040 1947 1112">
    <p class='ocr_par' dir='ltr' id='par_1_12' title="bbox 339 1040 1947 1112">
     <span class='ocr_line' id='line_1_12' title="bbox 339 1040 1947 1112; baseline -0.001 -16"><span class='ocrx_word' id='word_1_66' title='bbox 339 1057 500 1112; x_wconf 85' lang='lat' dir='ltr'><strong>quem</strong></span> <span class='ocrx_word' id='word_1_67' title='bbox 530 1041 575 1095; x_wconf 89' lang='lat' dir='ltr'><strong>si</strong></span> <span class='ocrx_word' id='word_1_68' title='bbox 607 1056 747 1095; x_wconf 89' lang='lat' dir='ltr'><strong>unus</strong></span> <span class='ocrx_word' id='word_1_69' title='bbox 789 1040 1155 1107; x_wconf 80' lang='lat' dir='ltr'><strong>homunculus</strong></span> <span class='ocrx_word' id='word_1_70' title='bbox 1200 1041 1418 1109; x_wconf 79' lang='lat' dir='ltr'><strong>humilis</strong></span> <span class='ocrx_word' id='word_1_71' title='bbox 1459 1042 1807 1109; x_wconf 63' lang='lat' dir='ltr'><strong>salutaverit,</strong></span> <span class='ocrx_word' id='word_1_72' title='bbox 1856 1054 1947 1097; x_wconf 89' lang='lat' dir='ltr'><strong>aut</strong></span> 
     </span>
    </p>
   </div>
   <div class='ocr_carea' id='block_1_13' title="bbox 337 1134 1945 1205">
    <p class='ocr_par' dir='ltr' id='par_1_13' title="bbox 337 1134 1945 1205">
     <span class='ocr_line' id='line_1_13' title="bbox 337 1134 1945 1205; baseline -0.002 -14"><span class='ocrx_word' id='word_1_73' title='bbox 337 1134 507 1201; x_wconf 70' lang='lat' dir='ltr'><strong>fatuis</strong></span> <span class='ocrx_word' id='word_1_74' title='bbox 536 1144 703 1205; x_wconf 85' lang='lat' dir='ltr'><strong>atque</strong></span> <span class='ocrx_word' id='word_1_75' title='bbox 730 1134 1085 1199; x_wconf 76' lang='lat' dir='ltr'><strong>adulantibus</strong></span> <span class='ocrx_word' id='word_1_76' title='bbox 1113 1136 1296 1197; x_wconf 79' lang='lat' dir='ltr'><strong>verbis</strong></span> <span class='ocrx_word' id='word_1_77' title='bbox 1325 1135 1526 1199; x_wconf 77' lang='lat' dir='ltr'><strong>femina</strong></span> <span class='ocrx_word' id='word_1_78' title='bbox 1555 1151 1658 1202; x_wconf 79' lang='lat' dir='ltr'><strong>una</strong></span> <span class='ocrx_word' id='word_1_79' title='bbox 1690 1135 1945 1201; x_wconf 81' lang='lat' dir='ltr'><strong>laudave-</strong></span> 
     </span>
    </p>
   </div>
   <div class='ocr_carea' id='block_1_14' title="bbox 339 1227 1945 1303">
    <p class='ocr_par' dir='ltr' id='par_1_14' title="bbox 339 1227 1945 1303">
     <span class='ocr_line' id='line_1_14' title="bbox 339 1227 1945 1303; baseline 0.001 -19"><span class='ocrx_word' id='word_1_80' title='bbox 339 1228 443 1303; x_wconf 82' lang='lat' dir='ltr'><strong>rit,</strong></span> <span class='ocrx_word' id='word_1_81' title='bbox 474 1244 583 1291; x_wconf 86' lang='lat' dir='ltr'><strong>non</strong></span> <span class='ocrx_word' id='word_1_82' title='bbox 629 1228 893 1293; x_wconf 80' lang='lat' dir='ltr'><strong>continuo</strong></span> <span class='ocrx_word' id='word_1_83' title='bbox 919 1229 1096 1295; x_wconf 82' lang='lat' dir='ltr'><strong>elatus</strong></span> <span class='ocrx_word' id='word_1_84' title='bbox 1121 1229 1193 1287; x_wconf 86' lang='lat' dir='ltr'><strong>sit</strong></span> <span class='ocrx_word' id='word_1_85' title='bbox 1215 1229 1495 1299; x_wconf 80' lang='lat' dir='ltr'><strong>superbia,</strong></span> <span class='ocrx_word' id='word_1_86' title='bbox 1521 1244 1628 1295; x_wconf 81' lang='lat' dir='ltr'><strong>non</strong></span> <span class='ocrx_word' id='word_1_87' title='bbox 1652 1230 1834 1287; x_wconf 81' lang='lat' dir='ltr'><strong>statim</strong></span> <span class='ocrx_word' id='word_1_88' title='bbox 1865 1227 1945 1285; x_wconf 62' lang='lat' dir='ltr'><strong>inv</strong></span> 
     </span>
    </p>
   </div>
   <div class='ocr_carea' id='block_1_15' title="bbox 338 1320 1950 1389">
    <p class='ocr_par' dir='ltr' id='par_1_15' title="bbox 338 1320 1950 1389">
     <span class='ocr_line' id='line_1_15' title="bbox 338 1320 1950 1389; baseline 0.001 -12"><span class='ocrx_word' id='word_1_89' title='bbox 338 1321 502 1379; x_wconf 81' lang='lat' dir='ltr'><strong>ﬂatus</strong></span> <span class='ocrx_word' id='word_1_90' title='bbox 541 1322 611 1389; x_wconf 85' lang='lat' dir='ltr'><strong>sit</strong></span> <span class='ocrx_word' id='word_1_91' title='bbox 640 1320 918 1385; x_wconf 75' lang='lat' dir='ltr'><strong>vanitate?</strong></span> <span class='ocrx_word' id='word_1_92' title='bbox 945 1332 1003 1379; x_wconf 91' lang='lat' dir='ltr'><strong>ut</strong></span> <span class='ocrx_word' id='word_1_93' title='bbox 1030 1323 1246 1389; x_wconf 82' lang='lat' dir='ltr'><strong>etiamsi</strong></span> <span class='ocrx_word' id='word_1_94' title='bbox 1280 1338 1386 1378; x_wconf 92' lang='lat' dir='ltr'><strong>non</strong></span> <span class='ocrx_word' id='word_1_95' title='bbox 1418 1324 1623 1389; x_wconf 81' lang='lat' dir='ltr'><strong>habeat</strong></span> <span class='ocrx_word' id='word_1_96' title='bbox 1663 1323 1950 1389; x_wconf 78' lang='lat' dir='ltr'><strong>conscien-</strong></span> 
     </span>
    </p>
   </div>
   <div class='ocr_carea' id='block_1_16' title="bbox 343 1416 1948 1485">
    <p class='ocr_par' dir='ltr' id='par_1_16' title="bbox 343 1416 1948 1485">
     <span class='ocr_line' id='line_1_16' title="bbox 343 1416 1948 1485; baseline 0.004 -16"><span class='ocrx_word' id='word_1_97' title='bbox 343 1416 475 1472; x_wconf 85' lang='lat' dir='ltr'><strong>tiam</strong></span> <span class='ocrx_word' id='word_1_98' title='bbox 505 1416 833 1485; x_wconf 83' lang='lat' dir='ltr'><strong>sanctitatis,</strong></span> <span class='ocrx_word' id='word_1_99' title='bbox 858 1426 1059 1479; x_wconf 81' lang='lat' dir='ltr'><strong>tamen,</strong></span> <span class='ocrx_word' id='word_1_100' title='bbox 1080 1416 1206 1485; x_wconf 83' lang='lat' dir='ltr'><strong>quia</strong></span> <span class='ocrx_word' id='word_1_101' title='bbox 1223 1417 1611 1483; x_wconf 78' lang='lat' dir='ltr'><strong>velstultorum</strong></span> <span class='ocrx_word' id='word_1_102' title='bbox 1634 1417 1948 1479; x_wconf 78' lang='lat' dir='ltr'><strong>adulatione</strong></span> 
     </span>
    </p>
   </div>
   <div class='ocr_carea' id='block_1_17' title="bbox 341 1508 1949 1578">
    <p class='ocr_par' dir='ltr' id='par_1_17' title="bbox 341 1508 1949 1578">
     <span class='ocr_line' id='line_1_17' title="bbox 341 1508 1949 1578; baseline 0.002 -15"><span class='ocrx_word' id='word_1_103' title='bbox 341 1517 438 1567; x_wconf 81' lang='lat' dir='ltr'><strong>aut</strong></span> <span class='ocrx_word' id='word_1_104' title='bbox 470 1508 722 1575; x_wconf 81' lang='lat' dir='ltr'><strong>fortassis</strong></span> <span class='ocrx_word' id='word_1_105' title='bbox 768 1508 967 1571; x_wconf 83' lang='lat' dir='ltr'><strong>errore</strong></span> <span class='ocrx_word' id='word_1_106' title='bbox 1004 1520 1227 1569; x_wconf 81' lang='lat' dir='ltr'><strong>Sanctus</strong></span> <span class='ocrx_word' id='word_1_107' title='bbox 1254 1525 1376 1567; x_wconf 85' lang='lat' dir='ltr'><strong>esse</strong></span> <span class='ocrx_word' id='word_1_108' title='bbox 1407 1510 1639 1578; x_wconf 79' lang='lat' dir='ltr'><strong>dicatur,</strong></span> <span class='ocrx_word' id='word_1_109' title='bbox 1673 1511 1949 1571; x_wconf 85' lang='lat' dir='ltr'><strong>sanctissi-</strong></span> 
     </span>
    </p>
   </div>
   <div class='ocr_carea' id='block_1_18' title="bbox 344 1599 1951 1672">
    <p class='ocr_par' dir='ltr' id='par_1_18' title="bbox 344 1599 1951 1672">
     <span class='ocr_line' id='line_1_18' title="bbox 344 1599 1951 1672; baseline 0.001 -17"><span class='ocrx_word' id='word_1_110' title='bbox 344 1615 491 1665; x_wconf 88' lang='lat' dir='ltr'><strong>tnum</strong></span> <span class='ocrx_word' id='word_1_111' title='bbox 516 1615 578 1657; x_wconf 88' lang='lat' dir='ltr'><strong>se</strong></span> <span class='ocrx_word' id='word_1_112' title='bbox 605 1599 837 1672; x_wconf 83' lang='lat' dir='ltr'><strong>putabit.</strong></span> <span class='ocrx_word' id='word_1_113' title='bbox 866 1600 985 1659; x_wconf 81' lang='lat' dir='ltr'><strong>Jam</strong></span> <span class='ocrx_word' id='word_1_114' title='bbox 1018 1616 1157 1661; x_wconf 86' lang='lat' dir='ltr'><strong>vero</strong></span> <span class='ocrx_word' id='word_1_115' title='bbox 1188 1604 1233 1657; x_wconf 87' lang='lat' dir='ltr'><strong>si</strong></span> <span class='ocrx_word' id='word_1_116' title='bbox 1270 1603 1323 1663; x_wconf 88' lang='lat' dir='ltr'><strong>ei</strong></span> <span class='ocrx_word' id='word_1_117' title='bbox 1354 1618 1579 1665; x_wconf 80' lang='lat' dir='ltr'><strong>munera</strong></span> <span class='ocrx_word' id='word_1_118' title='bbox 1611 1603 1801 1663; x_wconf 85' lang='lat' dir='ltr'><strong>crebra</strong></span> <span class='ocrx_word' id='word_1_119' title='bbox 1827 1604 1951 1659; x_wconf 87' lang='lat' dir='ltr'><strong>mit-</strong></span> 
     </span>
    </p>
   </div>
   <div class='ocr_carea' id='block_1_19' title="bbox 2048 390 3652 461">
    <p class='ocr_par' dir='ltr' id='par_1_19' title="bbox 2048 390 3652 461">
     <span class='ocr_line' id='line_1_19' title="bbox 2048 390 3652 461; baseline 0.001 -16"><span class='ocrx_word' id='word_1_120' title='bbox 2048 406 2157 446; x_wconf 89' lang='lat' dir='ltr'><strong>non</strong></span> <span class='ocrx_word' id='word_1_121' title='bbox 2187 391 2307 445; x_wconf 87' lang='lat' dir='ltr'><strong>sine</strong></span> <span class='ocrx_word' id='word_1_122' title='bbox 2340 390 2623 461; x_wconf 80' lang='lat' dir='ltr'><strong>impietate</strong></span> <span class='ocrx_word' id='word_1_123' title='bbox 2657 390 2978 460; x_wconf 79' lang='lat' dir='ltr'><strong>negligeret.</strong></span> <span class='ocrx_word' id='word_1_124' title='bbox 3010 390 3323 453; x_wconf 82' lang='lat' dir='ltr'><strong>Istiusmodi</strong></span> <span class='ocrx_word' id='word_1_125' title='bbox 3348 408 3476 457; x_wconf 76' lang='lat' dir='ltr'><strong>ergo</strong></span> <span class='ocrx_word' id='word_1_126' title='bbox 3504 392 3652 447; x_wconf 69' lang='lat' dir='ltr'><strong>falsa:</strong></span> 
     </span>
    </p>
   </div>
   <div class='ocr_carea' id='block_1_20' title="bbox 2045 480 3654 553">
    <p class='ocr_par' dir='ltr' id='par_1_20' title="bbox 2045 480 3654 553">
     <span class='ocr_line' id='line_1_20' title="bbox 2045 480 3654 553; baseline 0 -14"><span class='ocrx_word' id='word_1_127' title='bbox 2045 480 2270 551; x_wconf 84' lang='lat' dir='ltr'><strong>justitiae</strong></span> <span class='ocrx_word' id='word_1_128' title='bbox 2298 483 2486 538; x_wconf 89' lang='lat' dir='ltr'><strong>colore</strong></span> <span class='ocrx_word' id='word_1_129' title='bbox 2536 493 2851 552; x_wconf 87' lang='lat' dir='ltr'><strong>superatus.</strong></span> <span class='ocrx_word' id='word_1_130' title='bbox 2910 492 3031 551; x_wconf 83' lang='lat' dir='ltr'><strong>post</strong></span> <span class='ocrx_word' id='word_1_131' title='bbox 3078 484 3500 553; x_wconf 84' lang='lat' dir='ltr'><strong>quadriennium</strong></span> <span class='ocrx_word' id='word_1_132' title='bbox 3543 486 3654 539; x_wconf 87' lang='lat' dir='ltr'><strong>fere</strong></span> 
     </span>
    </p>
   </div>
   <div class='ocr_carea' id='block_1_21' title="bbox 2051 574 3652 647">
    <p class='ocr_par' dir='ltr' id='par_1_21' title="bbox 2051 574 3652 647">
     <span class='ocr_line' id='line_1_21' title="bbox 2051 574 3652 647; baseline 0 -18"><span class='ocrx_word' id='word_1_133' title='bbox 2051 574 2299 629; x_wconf 74' lang='lat' dir='ltr'><strong>cellulam</strong></span> <span class='ocrx_word' id='word_1_134' title='bbox 2330 591 2481 629; x_wconf 88' lang='lat' dir='ltr'><strong>suam</strong></span> <span class='ocrx_word' id='word_1_135' title='bbox 2532 584 2699 646; x_wconf 89' lang='lat' dir='ltr'><strong>atque</strong></span> <span class='ocrx_word' id='word_1_136' title='bbox 2748 576 3089 647; x_wconf 84' lang='lat' dir='ltr'><strong>propositum</strong></span> <span class='ocrx_word' id='word_1_137' title='bbox 3135 577 3361 633; x_wconf 85' lang='lat' dir='ltr'><strong>eremita</strong></span> <span class='ocrx_word' id='word_1_138' title='bbox 3390 577 3652 631; x_wconf 80' lang='lat' dir='ltr'><strong>deseruit.</strong></span> 
     </span>
    </p>
   </div>
   <div class='ocr_carea' id='block_1_22' title="bbox 2052 667 3655 742">
    <p class='ocr_par' dir='ltr' id='par_1_22' title="bbox 2052 667 3655 742">
     <span class='ocr_line' id='line_1_22' title="bbox 2052 667 3655 742; baseline -0.001 -13"><span class='ocrx_word' id='word_1_139' title='bbox 2052 667 2162 729; x_wconf 78' lang='lat' dir='ltr'><strong>Sed</strong></span> <span class='ocrx_word' id='word_1_140' title='bbox 2189 670 2281 725; x_wconf 90' lang='lat' dir='ltr'><strong>ubi</strong></span> <span class='ocrx_word' id='word_1_141' title='bbox 2310 670 2377 723; x_wconf 89' lang='lat' dir='ltr'><strong>ad</strong></span> <span class='ocrx_word' id='word_1_142' title='bbox 2410 669 2721 738; x_wconf 79' lang='lat' dir='ltr'><strong>proximum</strong></span> <span class='ocrx_word' id='word_1_143' title='bbox 2754 670 3175 737; x_wconf 80' lang='lat' dir='ltr'><strong>monasterium,</strong></span> <span class='ocrx_word' id='word_1_144' title='bbox 3218 672 3362 742; x_wconf 90' lang='lat' dir='ltr'><strong>quod</strong></span> <span class='ocrx_word' id='word_1_145' title='bbox 3413 688 3442 726; x_wconf 88' lang='lat' dir='ltr'><strong>a</strong></span> <span class='ocrx_word' id='word_1_146' title='bbox 3471 673 3655 727; x_wconf 90' lang='lat' dir='ltr'><strong>multis</strong></span> 
     </span>
    </p>
   </div>
   <div class='ocr_carea' id='block_1_23' title="bbox 2053 760 3731 830">
    <p class='ocr_par' dir='ltr' id='par_1_23' title="bbox 2053 760 3731 830">
     <span class='ocr_line' id='line_1_23' title="bbox 2053 760 3731 830; baseline 0.005 -15"><span class='ocrx_word' id='word_1_147' title='bbox 2053 760 2318 819; x_wconf 77' lang='lat' dir='ltr'><strong>fratribus</strong></span> <span class='ocrx_word' id='word_1_148' title='bbox 2345 762 2720 829; x_wconf 82' lang='lat' dir='ltr'><strong>habitabatur,</strong></span> <span class='ocrx_word' id='word_1_149' title='bbox 2753 766 2985 820; x_wconf 80' lang='lat' dir='ltr'><strong>arcessit</strong></span> <span class='ocrx_word' id='word_1_150' title='bbox 3008 807 3022 830; x_wconf 93' lang='lat'><strong>,</strong></span> <span class='ocrx_word' id='word_1_151' title='bbox 3055 781 3273 821; x_wconf 83' lang='lat' dir='ltr'><strong>causam</strong></span> <span class='ocrx_word' id='word_1_152' title='bbox 3305 765 3655 823; x_wconf 81' lang='lat' dir='ltr'><strong>discessionis</strong></span> <span class='ocrx_word' id='word_1_153' title='bbox 3724 808 3731 813; x_wconf 65' lang='grc' dir='ltr'><strong>ε</strong></span> 
     </span>
    </p>
   </div>
   <div class='ocr_carea' id='block_1_24' title="bbox 2050 856 3654 924">
    <p class='ocr_par' dir='ltr' id='par_1_24' title="bbox 2050 856 3654 924">
     <span class='ocr_line' id='line_1_24' title="bbox 2050 856 3654 924; baseline 0.004 -17"><span class='ocrx_word' id='word_1_154' title='bbox 2050 865 2215 924; x_wconf 86' lang='lat' dir='ltr'><strong>atque</strong></span> <span class='ocrx_word' id='word_1_155' title='bbox 2237 856 2533 921; x_wconf 74' lang='lat' dir='ltr'><strong>consilium</strong></span> <span class='ocrx_word' id='word_1_156' title='bbox 2547 857 2922 924; x_wconf 63' lang='lat' dir='ltr'><strong>quaerentibus</strong></span> <span class='ocrx_word' id='word_1_157' title='bbox 2938 857 3251 913; x_wconf 81' lang='lat' dir='ltr'><strong>confitetur.</strong></span> <span class='ocrx_word' id='word_1_158' title='bbox 3277 858 3654 914; x_wconf 77' lang='lat' dir='ltr'><strong>Reititeutibus</strong></span> 
     </span>
    </p>
   </div>
   <div class='ocr_carea' id='block_1_25' title="bbox 2050 949 3655 1019">
    <p class='ocr_par' dir='ltr' id='par_1_25' title="bbox 2050 949 3655 1019">
     <span class='ocr_line' id='line_1_25' title="bbox 2050 949 3655 1019; baseline -0.001 -12"><span class='ocrx_word' id='word_1_159' title='bbox 2050 949 2277 1013; x_wconf 80' lang='lat' dir='ltr'><strong>Cunctis,</strong></span> <span class='ocrx_word' id='word_1_160' title='bbox 2306 960 2358 1009; x_wconf 88' lang='lat' dir='ltr'><strong>et</strong></span> <span class='ocrx_word' id='word_1_161' title='bbox 2390 949 2658 1019; x_wconf 69' lang='lat' dir='ltr'><strong>prmeiptte</strong></span> <span class='ocrx_word' id='word_1_162' title='bbox 2683 951 2788 1007; x_wconf 88' lang='lat' dir='ltr'><strong>loci</strong></span> <span class='ocrx_word' id='word_1_163' title='bbox 2814 950 2959 1005; x_wconf 89' lang='lat' dir='ltr'><strong>illius</strong></span> <span class='ocrx_word' id='word_1_164' title='bbox 2977 951 3170 1006; x_wconf 84' lang='lat' dir='ltr'><strong>abbate</strong></span> <span class='ocrx_word' id='word_1_165' title='bbox 3200 952 3492 1015; x_wconf 78' lang='lat' dir='ltr'><strong>renitente.</strong></span> <span class='ocrx_word' id='word_1_166' title='bbox 3517 951 3655 1005; x_wconf 83' lang='lat' dir='ltr'><strong>male</strong></span> 
     </span>
    </p>
   </div>
   <div class='ocr_carea' id='block_1_26' title="bbox 2050 1043 3651 1114">
    <p class='ocr_par' dir='ltr' id='par_1_26' title="bbox 2050 1043 3651 1114">
     <span class='ocr_line' id='line_1_26' title="bbox 2050 1043 3651 1114; baseline 0.002 -20"><span class='ocrx_word' id='word_1_167' title='bbox 2050 1043 2230 1103; x_wconf 83' lang='lat' dir='ltr'><strong>animo</strong></span> <span class='ocrx_word' id='word_1_168' title='bbox 2254 1043 2356 1103; x_wconf 73' lang='lat' dir='ltr'><strong>(ita</strong></span> <span class='ocrx_word' id='word_1_169' title='bbox 2382 1044 2658 1102; x_wconf 85' lang='lat' dir='ltr'><strong>sententia</strong></span> <span class='ocrx_word' id='word_1_170' title='bbox 2683 1059 2790 1101; x_wconf 88' lang='lat' dir='ltr'><strong>non</strong></span> <span class='ocrx_word' id='word_1_171' title='bbox 2818 1047 2992 1113; x_wconf 76' lang='lat' dir='ltr'><strong>putuit</strong></span> <span class='ocrx_word' id='word_1_172' title='bbox 3015 1044 3177 1101; x_wconf 80' lang='lat' dir='ltr'><strong>avelli</strong></span> <span class='ocrx_word' id='word_1_173' title='bbox 3209 1061 3221 1098; x_wconf 92' lang='lat'><strong>:</strong></span> <span class='ocrx_word' id='word_1_174' title='bbox 3255 1045 3420 1114; x_wconf 90' lang='lat' dir='ltr'><strong>igitur</strong></span> <span class='ocrx_word' id='word_1_175' title='bbox 3448 1044 3651 1101; x_wconf 86' lang='lat' dir='ltr'><strong>infelici</strong></span> 
     </span>
    </p>
   </div>
   <div class='ocr_carea' id='block_1_27' title="bbox 2051 1134 3653 1205">
    <p class='ocr_par' dir='ltr' id='par_1_27' title="bbox 2051 1134 3653 1205">
     <span class='ocr_line' id='line_1_27' title="bbox 2051 1134 3653 1205; baseline 0 -14"><span class='ocrx_word' id='word_1_176' title='bbox 2051 1148 2112 1191; x_wconf 83' lang='lat' dir='ltr'><strong>se</strong></span> <span class='ocrx_word' id='word_1_177' title='bbox 2138 1134 2510 1192; x_wconf 86' lang='lat' dir='ltr'><strong>obstinatione</strong></span> <span class='ocrx_word' id='word_1_178' title='bbox 2539 1136 2870 1205; x_wconf 78' lang='lat' dir='ltr'><strong>proripiens,</strong></span> <span class='ocrx_word' id='word_1_179' title='bbox 2895 1152 3018 1192; x_wconf 88' lang='lat' dir='ltr'><strong>cum</strong></span> <span class='ocrx_word' id='word_1_180' title='bbox 3065 1137 3259 1193; x_wconf 75' lang='lat' dir='ltr'><strong>dolore</strong></span> <span class='ocrx_word' id='word_1_181' title='bbox 3288 1137 3530 1192; x_wconf 85' lang='lat' dir='ltr'><strong>omnium</strong></span> <span class='ocrx_word' id='word_1_182' title='bbox 3572 1137 3653 1191; x_wconf 79' lang='lat' dir='ltr'><strong>di—</strong></span> 
     </span>
    </p>
   </div>
   <div class='ocr_carea' id='block_1_28' title="bbox 2050 1228 3654 1299">
    <p class='ocr_par' dir='ltr' id='par_1_28' title="bbox 2050 1228 3654 1299">
     <span class='ocr_line' id='line_1_28' title="bbox 2050 1228 3654 1299; baseline 0.002 -18"><span class='ocrx_word' id='word_1_183' title='bbox 2050 1241 2269 1296; x_wconf 79' lang='lat' dir='ltr'><strong>gressus</strong></span> <span class='ocrx_word' id='word_1_184' title='bbox 2301 1235 2431 1287; x_wconf 78' lang='lat' dir='ltr'><strong>ests</strong></span> <span class='ocrx_word' id='word_1_185' title='bbox 2454 1228 2734 1286; x_wconf 74' lang='lat' dir='ltr'><strong>fratribus.</strong></span> <span class='ocrx_word' id='word_1_186' title='bbox 2763 1230 2863 1285; x_wconf 73' lang='lat' dir='ltr'><strong>Vix</strong></span> <span class='ocrx_word' id='word_1_187' title='bbox 2897 1243 3249 1299; x_wconf 86' lang='lat' dir='ltr'><strong>econspectu</strong></span> <span class='ocrx_word' id='word_1_188' title='bbox 3279 1232 3654 1294; x_wconf 78' lang='lat' dir='ltr'><strong>abscessi-rat,</strong></span> 
     </span>
    </p>
   </div>
   <div class='ocr_carea' id='block_1_29' title="bbox 2053 1322 3657 1393">
    <p class='ocr_par' dir='ltr' id='par_1_29' title="bbox 2053 1322 3657 1393">
     <span class='ocr_line' id='line_1_29' title="bbox 2053 1322 3657 1393; baseline 0 -17"><span class='ocrx_word' id='word_1_189' title='bbox 2053 1322 2315 1390; x_wconf 86' lang='lat' dir='ltr'><strong>impletur</strong></span> <span class='ocrx_word' id='word_1_190' title='bbox 2364 1338 2392 1380; x_wconf 85' lang='lat' dir='ltr'><strong>a</strong></span> <span class='ocrx_word' id='word_1_191' title='bbox 2436 1323 2713 1389; x_wconf 68' lang='lat' dir='ltr'><strong>daemone,</strong></span> <span class='ocrx_word' id='word_1_192' title='bbox 2741 1337 3104 1392; x_wconf 73' lang='lat' dir='ltr'><strong>cruentaeque</strong></span> <span class='ocrx_word' id='word_1_193' title='bbox 3156 1339 3376 1393; x_wconf 85' lang='lat' dir='ltr'><strong>spumas</strong></span> <span class='ocrx_word' id='word_1_194' title='bbox 3407 1340 3505 1378; x_wconf 90' lang='lat' dir='ltr'><strong>ore</strong></span> <span class='ocrx_word' id='word_1_195' title='bbox 3535 1340 3657 1393; x_wconf 73' lang='lat' dir='ltr'><strong>pru-</strong></span> 
     </span>
    </p>
   </div>
   <div class='ocr_carea' id='block_1_30' title="bbox 2055 1416 3653 1487">
    <p class='ocr_par' dir='ltr' id='par_1_30' title="bbox 2055 1416 3653 1487">
     <span class='ocr_line' id='line_1_30' title="bbox 2055 1416 3653 1487; baseline 0.001 -17"><span class='ocrx_word' id='word_1_196' title='bbox 2055 1416 2299 1479; x_wconf 70' lang='lat' dir='ltr'><strong>t&#39;olveus,</strong></span> <span class='ocrx_word' id='word_1_197' title='bbox 2329 1418 2443 1472; x_wconf 82' lang='lat' dir='ltr'><strong>suis</strong></span> <span class='ocrx_word' id='word_1_198' title='bbox 2472 1418 2736 1479; x_wconf 81' lang='lat' dir='ltr'><strong>dentibus</strong></span> <span class='ocrx_word' id='word_1_199' title='bbox 2778 1434 2837 1472; x_wconf 86' lang='lat' dir='ltr'><strong>se</strong></span> <span class='ocrx_word' id='word_1_200' title='bbox 2872 1420 2990 1487; x_wconf 82' lang='lat' dir='ltr'><strong>ipse</strong></span> <span class='ocrx_word' id='word_1_201' title='bbox 3025 1418 3314 1474; x_wconf 85' lang='lat' dir='ltr'><strong>lacerabat.</strong></span> <span class='ocrx_word' id='word_1_202' title='bbox 3350 1419 3560 1473; x_wconf 80' lang='lat' dir='ltr'><strong>Deinde</strong></span> <span class='ocrx_word' id='word_1_203' title='bbox 3590 1420 3653 1479; x_wconf 67' lang='lat' dir='ltr'><strong>ait</strong></span> 
     </span>
    </p>
   </div>
   <div class='ocr_carea' id='block_1_31' title="bbox 2054 1509 3656 1582">
    <p class='ocr_par' dir='ltr' id='par_1_31' title="bbox 2054 1509 3656 1582">
     <span class='ocr_line' id='line_1_31' title="bbox 2054 1509 3656 1582; baseline 0.001 -19"><span class='ocrx_word' id='word_1_204' title='bbox 2054 1509 2196 1565; x_wconf 90' lang='lat' dir='ltr'><strong>idem</strong></span> <span class='ocrx_word' id='word_1_205' title='bbox 2219 1510 2616 1567; x_wconf 80' lang='lat' dir='ltr'><strong>monasterium</strong></span> <span class='ocrx_word' id='word_1_206' title='bbox 2645 1513 2870 1566; x_wconf 89' lang='lat' dir='ltr'><strong>fratrum</strong></span> <span class='ocrx_word' id='word_1_207' title='bbox 2898 1510 3141 1566; x_wconf 84' lang='lat' dir='ltr'><strong>humeris</strong></span> <span class='ocrx_word' id='word_1_208' title='bbox 3164 1522 3505 1582; x_wconf 83' lang='lat' dir='ltr'><strong>reportatus,</strong></span> <span class='ocrx_word' id='word_1_209' title='bbox 3537 1529 3656 1566; x_wconf 82' lang='lat' dir='ltr'><strong>Cttlll</strong></span> 
     </span>
    </p>
   </div>
   <div class='ocr_carea' id='block_1_32' title="bbox 2052 1602 3653 1672">
    <p class='ocr_par' dir='ltr' id='par_1_32' title="bbox 2052 1602 3653 1672">
     <span class='ocr_line' id='line_1_32' title="bbox 2052 1602 3653 1672; baseline -0.002 -15"><span class='ocrx_word' id='word_1_210' title='bbox 2052 1602 2295 1657; x_wconf 79' lang='lat' dir='ltr'><strong>coerceri</strong></span> <span class='ocrx_word' id='word_1_211' title='bbox 2330 1602 2380 1657; x_wconf 89' lang='lat' dir='ltr'><strong>in</strong></span> <span class='ocrx_word' id='word_1_212' title='bbox 2410 1616 2477 1657; x_wconf 81' lang='lat' dir='ltr'><strong>eo</strong></span> <span class='ocrx_word' id='word_1_213' title='bbox 2505 1603 2821 1657; x_wconf 82' lang='lat' dir='ltr'><strong>immundus</strong></span> <span class='ocrx_word' id='word_1_214' title='bbox 2859 1603 3081 1672; x_wconf 81' lang='lat' dir='ltr'><strong>spiritus</strong></span> <span class='ocrx_word' id='word_1_215' title='bbox 3132 1618 3239 1658; x_wconf 87' lang='lat' dir='ltr'><strong>non</strong></span> <span class='ocrx_word' id='word_1_216' title='bbox 3287 1604 3525 1666; x_wconf 83' lang='lat' dir='ltr'><strong>valeret,</strong></span> <span class='ocrx_word' id='word_1_217' title='bbox 3567 1622 3653 1665; x_wconf 68' lang='lat' dir='ltr'><strong>nc-</strong></span> 
     </span>
    </p>
   </div>
   <div class='ocr_carea' id='block_1_33' title="bbox 344 1691 3657 1765">
    <p class='ocr_par' dir='ltr' id='par_1_33' title="bbox 344 1691 3657 1765">
     <span class='ocr_line' id='line_1_33' title="bbox 344 1691 3657 1765; baseline 0.001 -18"><span class='ocrx_word' id='word_1_218' title='bbox 344 1702 548 1759; x_wconf 81' lang='lat' dir='ltr'><strong>tantur,</strong></span> <span class='ocrx_word' id='word_1_219' title='bbox 582 1692 681 1749; x_wconf 88' lang='lat' dir='ltr'><strong>Dei</strong></span> <span class='ocrx_word' id='word_1_220' title='bbox 734 1709 795 1753; x_wconf 79' lang='lat' dir='ltr'><strong>se</strong></span> <span class='ocrx_word' id='word_1_221' title='bbox 845 1694 1214 1761; x_wconf 76' lang='lat' dir='ltr'><strong>munificentia</strong></span> <span class='ocrx_word' id='word_1_222' title='bbox 1261 1706 1473 1756; x_wconf 86' lang='lat' dir='ltr'><strong>asseret</strong></span> <span class='ocrx_word' id='word_1_223' title='bbox 1528 1696 1820 1763; x_wconf 74' lang='lat' dir='ltr'><strong>honorari,</strong></span> <span class='ocrx_word' id='word_1_224' title='bbox 1865 1697 1951 1753; x_wconf 86' lang='lat' dir='ltr'><strong>eui</strong></span> <span class='ocrx_word' id='word_1_225' title='bbox 1990 1691 2030 1753; x_wconf 85' lang='grc' dir='ltr'><strong>Β</strong></span> <span class='ocrx_word' id='word_1_226' title='bbox 2062 1692 2321 1752; x_wconf 82' lang='lat' dir='ltr'><strong>cessitate</strong></span> <span class='ocrx_word' id='word_1_227' title='bbox 2362 1702 2616 1765; x_wconf 81' lang='lat' dir='ltr'><strong>cogente.</strong></span> <span class='ocrx_word' id='word_1_228' title='bbox 2670 1694 2863 1749; x_wconf 82' lang='lat' dir='ltr'><strong>ferreis</strong></span> <span class='ocrx_word' id='word_1_229' title='bbox 2914 1695 3141 1749; x_wconf 58' lang='lat' dir='ltr'><strong>nexibus</strong></span> <span class='ocrx_word' id='word_1_230' title='bbox 3175 1697 3447 1764; x_wconf 75' lang='lat' dir='ltr'><strong>alligatur,</strong></span> <span class='ocrx_word' id='word_1_231' title='bbox 3492 1699 3657 1765; x_wconf 79' lang='lat' dir='ltr'><strong>pedes</strong></span> 
     </span>
    </p>
   </div>
   <div class='ocr_carea' id='block_1_34' title="bbox 342 1784 1950 1859">
    <p class='ocr_par' dir='ltr' id='par_1_34' title="bbox 342 1784 1950 1859">
     <span class='ocr_line' id='line_1_34' title="bbox 342 1784 1950 1859; baseline -0.001 -17"><span class='ocrx_word' id='word_1_232' title='bbox 342 1784 641 1853; x_wconf 73' lang='lat' dir='ltr'><strong>dormienti</strong></span> <span class='ocrx_word' id='word_1_233' title='bbox 688 1796 855 1859; x_wconf 87' lang='lat' dir='ltr'><strong>atque</strong></span> <span class='ocrx_word' id='word_1_234' title='bbox 909 1787 1158 1855; x_wconf 74' lang='lat' dir='ltr'><strong>resoluto</strong></span> <span class='ocrx_word' id='word_1_235' title='bbox 1207 1790 1516 1845; x_wconf 87' lang='lat' dir='ltr'><strong>necessaria</strong></span> <span class='ocrx_word' id='word_1_236' title='bbox 1548 1791 1950 1853; x_wconf 76' lang='lat' dir='ltr'><strong>conferantur:</strong></span> 
     </span>
    </p>
   </div>
   <div class='ocr_carea' id='block_1_35' title="bbox 343 1879 1957 1952">
    <p class='ocr_par' dir='ltr' id='par_1_35' title="bbox 343 1879 1957 1952">
     <span class='ocr_line' id='line_1_35' title="bbox 343 1879 1957 1952; baseline 0.004 -19"><span class='ocrx_word' id='word_1_237' title='bbox 343 1879 487 1951; x_wconf 89' lang='lat' dir='ltr'><strong>quod</strong></span> <span class='ocrx_word' id='word_1_238' title='bbox 516 1881 562 1934; x_wconf 91' lang='lat' dir='ltr'><strong>si</strong></span> <span class='ocrx_word' id='word_1_239' title='bbox 596 1880 681 1935; x_wconf 87' lang='lat' dir='ltr'><strong>vel</strong></span> <span class='ocrx_word' id='word_1_240' title='bbox 712 1879 781 1939; x_wconf 89' lang='lat' dir='ltr'><strong>de</strong></span> <span class='ocrx_word' id='word_1_241' title='bbox 813 1881 1032 1947; x_wconf 85' lang='lat' dir='ltr'><strong>modico</strong></span> <span class='ocrx_word' id='word_1_242' title='bbox 1059 1881 1109 1939; x_wconf 89' lang='lat' dir='ltr'><strong>ei</strong></span> <span class='ocrx_word' id='word_1_243' title='bbox 1140 1882 1321 1951; x_wconf 84' lang='lat' dir='ltr'><strong>aliqua</strong></span> <span class='ocrx_word' id='word_1_244' title='bbox 1352 1882 1570 1949; x_wconf 81' lang='lat' dir='ltr'><strong>virtutis</strong></span> <span class='ocrx_word' id='word_1_245' title='bbox 1593 1883 1745 1952; x_wconf 84' lang='lat' dir='ltr'><strong>signa</strong></span> <span class='ocrx_word' id='word_1_246' title='bbox 1767 1897 1957 1941; x_wconf 73' lang='lat' dir='ltr'><strong>Succe-</strong></span> 
     </span>
    </p>
   </div>
   <div class='ocr_carea' id='block_1_36' title="bbox 344 1972 1957 2045">
    <p class='ocr_par' dir='ltr' id='par_1_36' title="bbox 344 1972 1957 2045">
     <span class='ocr_line' id='line_1_36' title="bbox 344 1972 1957 2045; baseline 0.002 -16"><span class='ocrx_word' id='word_1_247' title='bbox 344 1972 556 2038; x_wconf 88' lang='lat' dir='ltr'><strong>derent,</strong></span> <span class='ocrx_word' id='word_1_248' title='bbox 612 1972 867 2043; x_wconf 77' lang='lat' dir='ltr'><strong>angelum</strong></span> <span class='ocrx_word' id='word_1_249' title='bbox 920 1987 982 2029; x_wconf 89' lang='lat' dir='ltr'><strong>se</strong></span> <span class='ocrx_word' id='word_1_250' title='bbox 1031 1982 1268 2041; x_wconf 87' lang='lat' dir='ltr'><strong>putaret.</strong></span> <span class='ocrx_word' id='word_1_251' title='bbox 1301 1976 1569 2033; x_wconf 71' lang='lat' dir='ltr'><strong>Cancrum</strong></span> <span class='ocrx_word' id='word_1_252' title='bbox 1616 1990 1740 2035; x_wconf 76' lang='lat' dir='ltr'><strong>eum</strong></span> <span class='ocrx_word' id='word_1_253' title='bbox 1780 1990 1957 2045; x_wconf 83' lang='lat' dir='ltr'><strong>neque</strong></span> 
     </span>
    </p>
   </div>
   <div class='ocr_carea' id='block_1_37' title="bbox 345 2068 1959 2139">
    <p class='ocr_par' dir='ltr' id='par_1_37' title="bbox 345 2068 1959 2139">
     <span class='ocr_line' id='line_1_37' title="bbox 345 2068 1959 2139; baseline 0.002 -18"><span class='ocrx_word' id='word_1_254' title='bbox 345 2079 515 2135; x_wconf 84' lang='lat' dir='ltr'><strong>Opere</strong></span> <span class='ocrx_word' id='word_1_255' title='bbox 557 2082 731 2139; x_wconf 90' lang='lat' dir='ltr'><strong>neque</strong></span> <span class='ocrx_word' id='word_1_256' title='bbox 774 2068 979 2131; x_wconf 82' lang='lat' dir='ltr'><strong>virtute</strong></span> <span class='ocrx_word' id='word_1_257' title='bbox 1020 2068 1359 2139; x_wconf 83' lang='lat' dir='ltr'><strong>conspicuus</strong></span> <span class='ocrx_word' id='word_1_258' title='bbox 1384 2070 1475 2135; x_wconf 88' lang='lat' dir='ltr'><strong>sit,</strong></span> <span class='ocrx_word' id='word_1_259' title='bbox 1505 2071 1553 2131; x_wconf 87' lang='lat' dir='ltr'><strong>si</strong></span> <span class='ocrx_word' id='word_1_260' title='bbox 1578 2070 1699 2139; x_wconf 87' lang='lat' dir='ltr'><strong>quis</strong></span> <span class='ocrx_word' id='word_1_261' title='bbox 1722 2070 1959 2129; x_wconf 79' lang='lat' dir='ltr'><strong>clericus</strong></span> 
     </span>
    </p>
   </div>
   <div class='ocr_carea' id='block_1_38' title="bbox 346 2156 1958 2231">
    <p class='ocr_par' dir='ltr' id='par_1_38' title="bbox 346 2156 1958 2231">
     <span class='ocr_line' id='line_1_38' title="bbox 346 2156 1958 2231; baseline 0.004 -18"><span class='ocrx_word' id='word_1_262' title='bbox 346 2157 515 2227; x_wconf 78' lang='lat' dir='ltr'><strong>fuerit</strong></span> <span class='ocrx_word' id='word_1_263' title='bbox 542 2156 794 2229; x_wconf 74' lang='lat' dir='ltr'><strong>effectus.</strong></span> <span class='ocrx_word' id='word_1_264' title='bbox 818 2159 1012 2227; x_wconf 80' lang='lat' dir='ltr'><strong>dilatat</strong></span> <span class='ocrx_word' id='word_1_265' title='bbox 1032 2162 1297 2225; x_wconf 85' lang='lat' dir='ltr'><strong>continuo</strong></span> <span class='ocrx_word' id='word_1_266' title='bbox 1325 2159 1570 2223; x_wconf 75' lang='lat' dir='ltr'><strong>fimbrias</strong></span> <span class='ocrx_word' id='word_1_267' title='bbox 1591 2176 1741 2227; x_wconf 79' lang='lat' dir='ltr'><strong>suas,</strong></span> <span class='ocrx_word' id='word_1_268' title='bbox 1760 2164 1958 2231; x_wconf 77' lang='lat' dir='ltr'><strong>gaudet</strong></span> 
     </span>
    </p>
   </div>
   <div class='ocr_carea' id='block_1_39' title="bbox 344 2250 1955 2323">
    <p class='ocr_par' dir='ltr' id='par_1_39' title="bbox 344 2250 1955 2323">
     <span class='ocr_line' id='line_1_39' title="bbox 344 2250 1955 2323; baseline 0.002 -17"><span class='ocrx_word' id='word_1_269' title='bbox 344 2250 803 2319; x_wconf 76' lang='lat' dir='ltr'><strong>salutationibus,</strong></span> <span class='ocrx_word' id='word_1_270' title='bbox 852 2251 1076 2319; x_wconf 75' lang='lat' dir='ltr'><strong>inflatur</strong></span> <span class='ocrx_word' id='word_1_271' title='bbox 1129 2253 1563 2322; x_wconf 85' lang='lat' dir='ltr'><strong>occursionibus,</strong></span> <span class='ocrx_word' id='word_1_272' title='bbox 1622 2254 1742 2323; x_wconf 79' lang='lat' dir='ltr'><strong>ipse</strong></span> <span class='ocrx_word' id='word_1_273' title='bbox 1793 2256 1955 2317; x_wconf 79' lang='lat' dir='ltr'><strong>etiam</strong></span> 
     </span>
    </p>
   </div>
   <div class='ocr_carea' id='block_1_40' title="bbox 344 2343 1959 2415">
    <p class='ocr_par' dir='ltr' id='par_1_40' title="bbox 344 2343 1959 2415">
     <span class='ocr_line' id='line_1_40' title="bbox 344 2343 1959 2415; baseline 0.003 -14"><span class='ocrx_word' id='word_1_274' title='bbox 344 2343 549 2415; x_wconf 80' lang='lat' dir='ltr'><strong>ubique</strong></span> <span class='ocrx_word' id='word_1_275' title='bbox 599 2344 861 2411; x_wconf 82' lang='lat' dir='ltr'><strong>discurrit</strong></span> <span class='ocrx_word' id='word_1_276' title='bbox 891 2362 904 2399; x_wconf 85' lang='lat'><strong>:</strong></span> <span class='ocrx_word' id='word_1_277' title='bbox 937 2353 995 2401; x_wconf 89' lang='lat' dir='ltr'><strong>et</strong></span> <span class='ocrx_word' id='word_1_278' title='bbox 1021 2347 1115 2415; x_wconf 80' lang='lat' dir='ltr'><strong>qui</strong></span> <span class='ocrx_word' id='word_1_279' title='bbox 1147 2356 1274 2409; x_wconf 87' lang='lat' dir='ltr'><strong>ante</strong></span> <span class='ocrx_word' id='word_1_280' title='bbox 1305 2347 1533 2412; x_wconf 77' lang='lat' dir='ltr'><strong>pedibus</strong></span> <span class='ocrx_word' id='word_1_281' title='bbox 1565 2357 1655 2407; x_wconf 83' lang='lat' dir='ltr'><strong>aut</strong></span> <span class='ocrx_word' id='word_1_282' title='bbox 1683 2348 1857 2411; x_wconf 86' lang='lat' dir='ltr'><strong>asello</strong></span> <span class='ocrx_word' id='word_1_283' title='bbox 1879 2348 1959 2406; x_wconf 86' lang='lat' dir='ltr'><strong>ire</strong></span> 
     </span>
    </p>
   </div>
   <div class='ocr_carea' id='block_1_41' title="bbox 345 2438 1955 2508">
    <p class='ocr_par' dir='ltr' id='par_1_41' title="bbox 345 2438 1955 2508">
     <span class='ocr_line' id='line_1_41' title="bbox 345 2438 1955 2508; baseline -0.001 -16"><span class='ocrx_word' id='word_1_284' title='bbox 345 2444 754 2504; x_wconf 82' lang='lat' dir='ltr'><strong>consueverat,</strong></span> <span class='ocrx_word' id='word_1_285' title='bbox 813 2447 1103 2508; x_wconf 83' lang='lat' dir='ltr'><strong>spumante</strong></span> <span class='ocrx_word' id='word_1_286' title='bbox 1151 2453 1297 2507; x_wconf 85' lang='lat' dir='ltr'><strong>equo</strong></span> <span class='ocrx_word' id='word_1_287' title='bbox 1338 2439 1606 2508; x_wconf 79' lang='lat' dir='ltr'><strong>superbus</strong></span> <span class='ocrx_word' id='word_1_288' title='bbox 1638 2438 1955 2503; x_wconf 71' lang='lat' dir='ltr'><strong>invehitur:</strong></span> 
     </span>
    </p>
   </div>
   <div class='ocr_carea' id='block_1_42' title="bbox 346 2530 1959 2601">
    <p class='ocr_par' dir='ltr' id='par_1_42' title="bbox 346 2530 1959 2601">
     <span class='ocr_line' id='line_1_42' title="bbox 346 2530 1959 2601; baseline 0.002 -18"><span class='ocrx_word' id='word_1_289' title='bbox 346 2544 512 2601; x_wconf 83' lang='lat' dir='ltr'><strong>parva</strong></span> <span class='ocrx_word' id='word_1_290' title='bbox 540 2530 692 2599; x_wconf 88' lang='lat' dir='ltr'><strong>prius</strong></span> <span class='ocrx_word' id='word_1_291' title='bbox 720 2545 781 2585; x_wconf 87' lang='lat' dir='ltr'><strong>ac</strong></span> <span class='ocrx_word' id='word_1_292' title='bbox 811 2531 901 2595; x_wconf 87' lang='lat' dir='ltr'><strong>vili</strong></span> <span class='ocrx_word' id='word_1_293' title='bbox 932 2530 1127 2599; x_wconf 84' lang='lat' dir='ltr'><strong>cellula</strong></span> <span class='ocrx_word' id='word_1_294' title='bbox 1157 2540 1444 2595; x_wconf 76' lang='lat' dir='ltr'><strong>contentus</strong></span> <span class='ocrx_word' id='word_1_295' title='bbox 1488 2531 1734 2597; x_wconf 75' lang='lat' dir='ltr'><strong>habitare</strong></span> <span class='ocrx_word' id='word_1_296' title='bbox 1756 2572 1770 2596; x_wconf 90' lang='lat'><strong>,</strong></span> <span class='ocrx_word' id='word_1_297' title='bbox 1800 2532 1959 2601; x_wconf 76' lang='lat' dir='ltr'><strong>erigit</strong></span> 
     </span>
    </p>
   </div>
   <div class='ocr_carea' id='block_1_43' title="bbox 347 2623 1959 2695">
    <p class='ocr_par' dir='ltr' id='par_1_43' title="bbox 347 2623 1959 2695">
     <span class='ocr_line' id='line_1_43' title="bbox 347 2623 1959 2695; baseline 0.001 -17"><span class='ocrx_word' id='word_1_298' title='bbox 347 2624 493 2691; x_wconf 85' lang='lat' dir='ltr'><strong>celsa</strong></span> <span class='ocrx_word' id='word_1_299' title='bbox 525 2623 822 2695; x_wconf 83' lang='lat' dir='ltr'><strong>laquearia,</strong></span> <span class='ocrx_word' id='word_1_300' title='bbox 874 2624 1152 2681; x_wconf 89' lang='lat' dir='ltr'><strong>construit</strong></span> <span class='ocrx_word' id='word_1_301' title='bbox 1191 2625 1365 2689; x_wconf 88' lang='lat' dir='ltr'><strong>multa</strong></span> <span class='ocrx_word' id='word_1_302' title='bbox 1418 2623 1722 2695; x_wconf 79' lang='lat' dir='ltr'><strong>conclavia,</strong></span> <span class='ocrx_word' id='word_1_303' title='bbox 1757 2624 1959 2693; x_wconf 84' lang='lat' dir='ltr'><strong>sculpit</strong></span> 
     </span>
    </p>
   </div>
   <div class='ocr_carea' id='block_1_44' title="bbox 346 2717 1955 2789">
    <p class='ocr_par' dir='ltr' id='par_1_44' title="bbox 346 2717 1955 2789">
     <span class='ocr_line' id='line_1_44' title="bbox 346 2717 1955 2789; baseline 0.002 -17"><span class='ocrx_word' id='word_1_304' title='bbox 346 2718 509 2783; x_wconf 72' lang='lat' dir='ltr'><strong>osda,</strong></span> <span class='ocrx_word' id='word_1_305' title='bbox 531 2717 709 2789; x_wconf 81' lang='lat' dir='ltr'><strong>pingit</strong></span> <span class='ocrx_word' id='word_1_306' title='bbox 732 2718 988 2783; x_wconf 87' lang='lat' dir='ltr'><strong>armaria,</strong></span> <span class='ocrx_word' id='word_1_307' title='bbox 1012 2726 1218 2775; x_wconf 88' lang='lat' dir='ltr'><strong>vestem</strong></span> <span class='ocrx_word' id='word_1_308' title='bbox 1250 2718 1458 2786; x_wconf 81' lang='lat' dir='ltr'><strong>respuit</strong></span> <span class='ocrx_word' id='word_1_309' title='bbox 1479 2718 1838 2788; x_wconf 83' lang='lat' dir='ltr'><strong>grossioretu,</strong></span> <span class='ocrx_word' id='word_1_310' title='bbox 1869 2717 1955 2781; x_wconf 80' lang='lat' dir='ltr'><strong>iu-</strong></span> 
     </span>
    </p>
   </div>
   <div class='ocr_carea' id='block_1_45' title="bbox 348 2810 1957 2881">
    <p class='ocr_par' dir='ltr' id='par_1_45' title="bbox 348 2810 1957 2881">
     <span class='ocr_line' id='line_1_45' title="bbox 348 2810 1957 2881; baseline 0.001 -14"><span class='ocrx_word' id='word_1_311' title='bbox 348 2810 673 2867; x_wconf 88' lang='lat' dir='ltr'><strong>dumeutum</strong></span> <span class='ocrx_word' id='word_1_312' title='bbox 708 2811 873 2873; x_wconf 83' lang='lat' dir='ltr'><strong>molle</strong></span> <span class='ocrx_word' id='word_1_313' title='bbox 900 2810 1198 2877; x_wconf 81' lang='lat' dir='ltr'><strong>desiderat,</strong></span> <span class='ocrx_word' id='word_1_314' title='bbox 1232 2820 1394 2881; x_wconf 88' lang='lat' dir='ltr'><strong>atque</strong></span> <span class='ocrx_word' id='word_1_315' title='bbox 1420 2811 1536 2869; x_wconf 79' lang='lat' dir='ltr'><strong>haec</strong></span> <span class='ocrx_word' id='word_1_316' title='bbox 1567 2810 1749 2873; x_wconf 77' lang='lat' dir='ltr'><strong>charis</strong></span> <span class='ocrx_word' id='word_1_317' title='bbox 1778 2811 1957 2871; x_wconf 72' lang='lat' dir='ltr'><strong>viduis</strong></span> 
     </span>
    </p>
   </div>
   <div class='ocr_carea' id='block_1_46' title="bbox 351 2901 1958 2974">
    <p class='ocr_par' dir='ltr' id='par_1_46' title="bbox 351 2901 1958 2974">
     <span class='ocr_line' id='line_1_46' title="bbox 351 2901 1958 2974; baseline 0.001 -16"><span class='ocrx_word' id='word_1_318' title='bbox 351 2916 418 2958; x_wconf 79' lang='lat' dir='ltr'><strong>ac</strong></span> <span class='ocrx_word' id='word_1_319' title='bbox 446 2901 804 2958; x_wconf 81' lang='lat' dir='ltr'><strong>familiaribus</strong></span> <span class='ocrx_word' id='word_1_320' title='bbox 837 2903 1061 2961; x_wconf 84' lang='lat' dir='ltr'><strong>mandat</strong></span> <span class='ocrx_word' id='word_1_321' title='bbox 1115 2903 1319 2965; x_wconf 86' lang='lat' dir='ltr'><strong>tributa</strong></span> <span class='ocrx_word' id='word_1_322' title='bbox 1375 2905 1711 2974; x_wconf 72' lang='lat' dir='ltr'><strong>virginibus;</strong></span> <span class='ocrx_word' id='word_1_323' title='bbox 1760 2905 1851 2963; x_wconf 83' lang='lat' dir='ltr'><strong>illa</strong></span> <span class='ocrx_word' id='word_1_324' title='bbox 1902 2914 1958 2959; x_wconf 89' lang='lat' dir='ltr'><strong>ut</strong></span> 
     </span>
    </p>
   </div>
   <div class='ocr_carea' id='block_1_47' title="bbox 353 2992 1953 3064">
    <p class='ocr_par' dir='ltr' id='par_1_47' title="bbox 353 2992 1953 3064">
     <span class='ocr_line' id='line_1_47' title="bbox 353 2992 1953 3064; baseline 0.001 -17"><span class='ocrx_word' id='word_1_325' title='bbox 353 2992 615 3064; x_wconf 77' lang='lat' dir='ltr'><strong>byrrbum</strong></span> <span class='ocrx_word' id='word_1_326' title='bbox 646 2995 935 3064; x_wconf 81' lang='lat' dir='ltr'><strong>rigentem.</strong></span> <span class='ocrx_word' id='word_1_327' title='bbox 966 2993 1083 3059; x_wconf 68' lang='lat' dir='ltr'><strong>hinc</strong></span> <span class='ocrx_word' id='word_1_328' title='bbox 1109 3003 1166 3048; x_wconf 90' lang='lat' dir='ltr'><strong>ut</strong></span> <span class='ocrx_word' id='word_1_329' title='bbox 1190 2993 1451 3057; x_wconf 84' lang='lat' dir='ltr'><strong>ﬂuentem</strong></span> <span class='ocrx_word' id='word_1_330' title='bbox 1484 3005 1633 3057; x_wconf 86' lang='lat' dir='ltr'><strong>texat</strong></span> <span class='ocrx_word' id='word_1_331' title='bbox 1658 2995 1953 3055; x_wconf 76' lang='lat' dir='ltr'><strong>laceruam.</strong></span> 
     </span>
    </p>
   </div>
   <div class='ocr_carea' id='block_1_48' title="bbox 2057 1784 3659 1855">
    <p class='ocr_par' dir='ltr' id='par_1_48' title="bbox 2057 1784 3659 1855">
     <span class='ocr_line' id='line_1_48' title="bbox 2057 1784 3659 1855; baseline -0.002 -12"><span class='ocrx_word' id='word_1_332' title='bbox 2057 1800 2181 1845; x_wconf 81' lang='lat' dir='ltr'><strong>eum.</strong></span> <span class='ocrx_word' id='word_1_333' title='bbox 2210 1784 2458 1849; x_wconf 79' lang='lat' dir='ltr'><strong>manibus</strong></span> <span class='ocrx_word' id='word_1_334' title='bbox 2490 1785 2806 1849; x_wconf 84' lang='lat' dir='ltr'><strong>vinciuntur</strong></span> <span class='ocrx_word' id='word_1_335' title='bbox 2839 1805 2850 1841; x_wconf 92' lang='lat'><strong>:</strong></span> <span class='ocrx_word' id='word_1_336' title='bbox 2886 1803 2993 1843; x_wconf 88' lang='lat' dir='ltr'><strong>non</strong></span> <span class='ocrx_word' id='word_1_337' title='bbox 3044 1788 3310 1841; x_wconf 82' lang='lat' dir='ltr'><strong>immerita</strong></span> <span class='ocrx_word' id='word_1_338' title='bbox 3339 1802 3499 1855; x_wconf 63' lang='lat' dir='ltr'><strong>pinna</strong></span> <span class='ocrx_word' id='word_1_339' title='bbox 3524 1787 3659 1855; x_wconf 73' lang='lat' dir='ltr'><strong>fugi-</strong></span> 
     </span>
    </p>
   </div>
   <div class='ocr_carea' id='block_1_49' title="bbox 2060 1877 3660 1948">
    <p class='ocr_par' dir='ltr' id='par_1_49' title="bbox 2060 1877 3660 1948">
     <span class='ocr_line' id='line_1_49' title="bbox 2060 1877 3660 1948; baseline -0.002 -11"><span class='ocrx_word' id='word_1_340' title='bbox 2060 1877 2196 1945; x_wconf 84' lang='lat' dir='ltr'><strong>tivo,</strong></span> <span class='ocrx_word' id='word_1_341' title='bbox 2220 1887 2278 1935; x_wconf 85' lang='lat' dir='ltr'><strong>ut</strong></span> <span class='ocrx_word' id='word_1_342' title='bbox 2305 1893 2465 1948; x_wconf 86' lang='lat' dir='ltr'><strong>quem</strong></span> <span class='ocrx_word' id='word_1_343' title='bbox 2493 1892 2602 1933; x_wconf 86' lang='lat' dir='ltr'><strong>non</strong></span> <span class='ocrx_word' id='word_1_344' title='bbox 2629 1877 2947 1933; x_wconf 81' lang='lat' dir='ltr'><strong>cohibuerat</strong></span> <span class='ocrx_word' id='word_1_345' title='bbox 2992 1878 3151 1943; x_wconf 85' lang='lat' dir='ltr'><strong>lides,</strong></span> <span class='ocrx_word' id='word_1_346' title='bbox 3196 1889 3403 1935; x_wconf 77' lang='lat' dir='ltr'><strong>eatena:</strong></span> <span class='ocrx_word' id='word_1_347' title='bbox 3441 1880 3660 1934; x_wconf 78' lang='lat' dir='ltr'><strong>cohibe-</strong></span> 
     </span>
    </p>
   </div>
   <div class='ocr_carea' id='block_1_50' title="bbox 2060 1971 3660 2031">
    <p class='ocr_par' dir='ltr' id='par_1_50' title="bbox 2060 1971 3660 2031">
     <span class='ocr_line' id='line_1_50' title="bbox 2060 1971 3660 2031; baseline -0.001 -5"><span class='ocrx_word' id='word_1_348' title='bbox 2060 1981 2201 2031; x_wconf 84' lang='lat' dir='ltr'><strong>rent.</strong></span> <span class='ocrx_word' id='word_1_349' title='bbox 2236 1971 2363 2029; x_wconf 76' lang='lat' dir='ltr'><strong>Post.</strong></span> <span class='ocrx_word' id='word_1_350' title='bbox 2404 1971 2687 2029; x_wconf 80' lang='lat' dir='ltr'><strong>biennium</strong></span> <span class='ocrx_word' id='word_1_351' title='bbox 2715 1972 2933 2031; x_wconf 82' lang='lat' dir='ltr'><strong>demum</strong></span> <span class='ocrx_word' id='word_1_352' title='bbox 2963 1971 3209 2028; x_wconf 87' lang='lat' dir='ltr'><strong>oratione</strong></span> <span class='ocrx_word' id='word_1_353' title='bbox 3238 1973 3561 2028; x_wconf 83' lang='lat' dir='ltr'><strong>Sanctorum</strong></span> <span class='ocrx_word' id='word_1_354' title='bbox 3592 1972 3660 2026; x_wconf 85' lang='lat' dir='ltr'><strong>ab</strong></span> 
     </span>
    </p>
   </div>
   <div class='ocr_carea' id='block_1_51' title="bbox 2062 2064 3659 2134">
    <p class='ocr_par' dir='ltr' id='par_1_51' title="bbox 2062 2064 3659 2134">
     <span class='ocr_line' id='line_1_51' title="bbox 2062 2064 3659 2134; baseline -0.002 -11"><span class='ocrx_word' id='word_1_355' title='bbox 2062 2064 2341 2125; x_wconf 85' lang='lat' dir='ltr'><strong>immundo</strong></span> <span class='ocrx_word' id='word_1_356' title='bbox 2371 2065 2567 2134; x_wconf 75' lang='lat' dir='ltr'><strong>spiritu</strong></span> <span class='ocrx_word' id='word_1_357' title='bbox 2594 2065 2886 2131; x_wconf 88' lang='lat' dir='ltr'><strong>liberatur;</strong></span> <span class='ocrx_word' id='word_1_358' title='bbox 2915 2065 2984 2123; x_wconf 87' lang='lat' dir='ltr'><strong>ad</strong></span> <span class='ocrx_word' id='word_1_359' title='bbox 3013 2080 3257 2127; x_wconf 81' lang='lat' dir='ltr'><strong>eremuni</strong></span> <span class='ocrx_word' id='word_1_360' title='bbox 3283 2065 3427 2125; x_wconf 82' lang='lat' dir='ltr'><strong>unde</strong></span> <span class='ocrx_word' id='word_1_361' title='bbox 3456 2066 3659 2125; x_wconf 69' lang='lat' dir='ltr'><strong>disces-</strong></span> 
     </span>
    </p>
   </div>
   <div class='ocr_carea' id='block_1_52' title="bbox 2059 2160 3659 2230">
    <p class='ocr_par' dir='ltr' id='par_1_52' title="bbox 2059 2160 3659 2230">
     <span class='ocr_line' id='line_1_52' title="bbox 2059 2160 3659 2230; baseline 0.002 -16"><span class='ocrx_word' id='word_1_362' title='bbox 2059 2170 2229 2221; x_wconf 77' lang='lat' dir='ltr'><strong>serat.</strong></span> <span class='ocrx_word' id='word_1_363' title='bbox 2262 2175 2385 2217; x_wconf 73' lang='lat' dir='ltr'><strong>mox</strong></span> <span class='ocrx_word' id='word_1_364' title='bbox 2420 2176 2703 2230; x_wconf 71' lang='lat' dir='ltr'><strong>regressus</strong></span> <span class='ocrx_word' id='word_1_365' title='bbox 2727 2170 2833 2228; x_wconf 86' lang='lat' dir='ltr'><strong>est,</strong></span> <span class='ocrx_word' id='word_1_366' title='bbox 2867 2170 2922 2217; x_wconf 89' lang='lat' dir='ltr'><strong>et</strong></span> <span class='ocrx_word' id='word_1_367' title='bbox 2952 2162 3068 2229; x_wconf 88' lang='lat' dir='ltr'><strong>ipse</strong></span> <span class='ocrx_word' id='word_1_368' title='bbox 3096 2170 3400 2230; x_wconf 73' lang='lat' dir='ltr'><strong>correptus,</strong></span> <span class='ocrx_word' id='word_1_369' title='bbox 3452 2172 3505 2219; x_wconf 91' lang='lat' dir='ltr'><strong>et</strong></span> <span class='ocrx_word' id='word_1_370' title='bbox 3536 2160 3659 2218; x_wconf 85' lang='lat' dir='ltr'><strong>aliis</strong></span> 
     </span>
    </p>
   </div>
   <div class='ocr_carea' id='block_1_53' title="bbox 2061 2251 3659 2322">
    <p class='ocr_par' dir='ltr' id='par_1_53' title="bbox 2061 2251 3659 2322">
     <span class='ocr_line' id='line_1_53' title="bbox 2061 2251 3659 2322; baseline -0.001 -11"><span class='ocrx_word' id='word_1_371' title='bbox 2061 2262 2185 2321; x_wconf 84' lang='lat' dir='ltr'><strong>post</strong></span> <span class='ocrx_word' id='word_1_372' title='bbox 2232 2251 2447 2309; x_wconf 90' lang='lat' dir='ltr'><strong>futurus</strong></span> <span class='ocrx_word' id='word_1_373' title='bbox 2476 2254 2751 2322; x_wconf 74' lang='lat' dir='ltr'><strong>exemplo,</strong></span> <span class='ocrx_word' id='word_1_374' title='bbox 2786 2268 2857 2309; x_wconf 87' lang='lat' dir='ltr'><strong>ne</strong></span> <span class='ocrx_word' id='word_1_375' title='bbox 2884 2268 3047 2322; x_wconf 86' lang='lat' dir='ltr'><strong>quem</strong></span> <span class='ocrx_word' id='word_1_376' title='bbox 3104 2262 3198 2309; x_wconf 90' lang='lat' dir='ltr'><strong>aut</strong></span> <span class='ocrx_word' id='word_1_377' title='bbox 3248 2252 3659 2322; x_wconf 64' lang='lat' dir='ltr'><strong>falsatjuslitlw</strong></span> 
     </span>
    </p>
   </div>
   <div class='ocr_carea' id='block_1_54' title="bbox 2060 2344 3659 2413">
    <p class='ocr_par' dir='ltr' id='par_1_54' title="bbox 2060 2344 3659 2413">
     <span class='ocr_line' id='line_1_54' title="bbox 2060 2344 3659 2413; baseline -0.001 -10"><span class='ocrx_word' id='word_1_378' title='bbox 2060 2344 2249 2405; x_wconf 79' lang='lat' dir='ltr'><strong>umbra</strong></span> <span class='ocrx_word' id='word_1_379' title='bbox 2272 2344 2539 2413; x_wconf 73' lang='lat' dir='ltr'><strong>decipiat.</strong></span> <span class='ocrx_word' id='word_1_380' title='bbox 2570 2354 2662 2401; x_wconf 86' lang='lat' dir='ltr'><strong>aut</strong></span> <span class='ocrx_word' id='word_1_381' title='bbox 2692 2346 2903 2403; x_wconf 78' lang='lat' dir='ltr'><strong>incerta</strong></span> <span class='ocrx_word' id='word_1_382' title='bbox 2932 2344 3206 2403; x_wconf 82' lang='lat' dir='ltr'><strong>mobilitas</strong></span> <span class='ocrx_word' id='word_1_383' title='bbox 3238 2345 3411 2403; x_wconf 81' lang='lat' dir='ltr'><strong>inutili</strong></span> <span class='ocrx_word' id='word_1_384' title='bbox 3440 2345 3659 2403; x_wconf 68' lang='lat' dir='ltr'><strong>levitate</strong></span> 
     </span>
    </p>
   </div>
   <div class='ocr_carea' id='block_1_55' title="bbox 2058 2437 3665 2507">
    <p class='ocr_par' dir='ltr' id='par_1_55' title="bbox 2058 2437 3665 2507">
     <span class='ocr_line' id='line_1_55' title="bbox 2058 2437 3665 2507; baseline 0.001 -14"><span class='ocrx_word' id='word_1_385' title='bbox 2058 2437 2353 2505; x_wconf 81' lang='lat' dir='ltr'><strong>compellat</strong></span> <span class='ocrx_word' id='word_1_386' title='bbox 2380 2437 2551 2497; x_wconf 77' lang='lat' dir='ltr'><strong>semel</strong></span> <span class='ocrx_word' id='word_1_387' title='bbox 2582 2448 2761 2507; x_wconf 58' lang='lat' dir='ltr'><strong>empta</strong></span> <span class='ocrx_word' id='word_1_388' title='bbox 2790 2438 3073 2495; x_wconf 77' lang='lat' dir='ltr'><strong>deserere.</strong></span> <span class='ocrx_word' id='word_1_389' title='bbox 3111 2439 3235 2495; x_wconf 16' lang='lat' dir='ltr'><strong>litare</strong></span> <span class='ocrx_word' id='word_1_390' title='bbox 3266 2453 3362 2495; x_wconf 84' lang='lat' dir='ltr'><strong>vos</strong></span> <span class='ocrx_word' id='word_1_391' title='bbox 3393 2438 3459 2493; x_wconf 85' lang='lat' dir='ltr'><strong>de</strong></span> <span class='ocrx_word' id='word_1_392' title='bbox 3494 2440 3665 2495; x_wconf 77' lang='lat' dir='ltr'><strong>virtu-</strong></span> 
     </span>
    </p>
   </div>
   <div class='ocr_carea' id='block_1_56' title="bbox 2063 2528 3660 2599">
    <p class='ocr_par' dir='ltr' id='par_1_56' title="bbox 2063 2528 3660 2599">
     <span class='ocr_line' id='line_1_56' title="bbox 2063 2528 3660 2599; baseline 0.003 -17"><span class='ocrx_word' id='word_1_393' title='bbox 2063 2528 2207 2585; x_wconf 86' lang='lat' dir='ltr'><strong>tibus</strong></span> <span class='ocrx_word' id='word_1_394' title='bbox 2239 2528 2479 2592; x_wconf 79' lang='lat' dir='ltr'><strong>Domini,</strong></span> <span class='ocrx_word' id='word_1_395' title='bbox 2508 2544 2642 2598; x_wconf 74' lang='lat' dir='ltr'><strong>quas</strong></span> <span class='ocrx_word' id='word_1_396' title='bbox 2676 2532 2729 2585; x_wconf 89' lang='lat' dir='ltr'><strong>iu</strong></span> <span class='ocrx_word' id='word_1_397' title='bbox 2766 2532 2941 2586; x_wconf 83' lang='lat' dir='ltr'><strong>servis</strong></span> <span class='ocrx_word' id='word_1_398' title='bbox 2982 2530 3095 2587; x_wconf 80' lang='lat' dir='ltr'><strong>suis</strong></span> <span class='ocrx_word' id='word_1_399' title='bbox 3126 2532 3207 2587; x_wconf 81' lang='lat' dir='ltr'><strong>vel</strong></span> <span class='ocrx_word' id='word_1_400' title='bbox 3240 2531 3499 2587; x_wconf 85' lang='lat' dir='ltr'><strong>imitanda</strong></span> <span class='ocrx_word' id='word_1_401' title='bbox 3529 2548 3660 2599; x_wconf 85' lang='lat' dir='ltr'><strong>ope-</strong></span> 
     </span>
    </p>
   </div>
   <div class='ocr_carea' id='block_1_57' title="bbox 2058 2622 3662 2695">
    <p class='ocr_par' dir='ltr' id='par_1_57' title="bbox 2058 2622 3662 2695">
     <span class='ocr_line' id='line_1_57' title="bbox 2058 2622 3662 2695; baseline 0.002 -19"><span class='ocrx_word' id='word_1_402' title='bbox 2058 2629 2211 2679; x_wconf 91' lang='lat' dir='ltr'><strong>ratus</strong></span> <span class='ocrx_word' id='word_1_403' title='bbox 2242 2630 2326 2679; x_wconf 78' lang='lat' dir='ltr'><strong>est</strong></span> <span class='ocrx_word' id='word_1_404' title='bbox 2356 2622 2442 2679; x_wconf 84' lang='lat' dir='ltr'><strong>vel</strong></span> <span class='ocrx_word' id='word_1_405' title='bbox 2495 2622 2763 2689; x_wconf 81' lang='lat' dir='ltr'><strong>timenda,</strong></span> <span class='ocrx_word' id='word_1_406' title='bbox 2794 2625 2935 2679; x_wconf 81' lang='lat' dir='ltr'><strong>scire</strong></span> <span class='ocrx_word' id='word_1_407' title='bbox 2965 2624 3223 2679; x_wconf 82' lang='lat' dir='ltr'><strong>sufﬁciat.</strong></span> <span class='ocrx_word' id='word_1_408' title='bbox 3276 2625 3385 2681; x_wconf 87' lang='lat' dir='ltr'><strong>Sed</strong></span> <span class='ocrx_word' id='word_1_409' title='bbox 3416 2628 3542 2695; x_wconf 87' lang='lat' dir='ltr'><strong>quia</strong></span> <span class='ocrx_word' id='word_1_410' title='bbox 3574 2643 3662 2679; x_wconf 64' lang='lat' dir='ltr'><strong>stt-</strong></span> 
     </span>
    </p>
   </div>
   <div class='ocr_carea' id='block_1_58' title="bbox 2060 2712 3658 2781">
    <p class='ocr_par' dir='ltr' id='par_1_58' title="bbox 2060 2712 3658 2781">
     <span class='ocr_line' id='line_1_58' title="bbox 2060 2712 3658 2781; baseline 0.003 -13"><span class='ocrx_word' id='word_1_411' title='bbox 2060 2712 2237 2771; x_wconf 73' lang='lat' dir='ltr'><strong>tisfeci</strong></span> <span class='ocrx_word' id='word_1_412' title='bbox 2290 2714 2489 2770; x_wconf 76' lang='lat' dir='ltr'><strong>vestris</strong></span> <span class='ocrx_word' id='word_1_413' title='bbox 2544 2717 2791 2781; x_wconf 84' lang='lat' dir='ltr'><strong>auribus,</strong></span> <span class='ocrx_word' id='word_1_414' title='bbox 2853 2716 3021 2771; x_wconf 83' lang='lat' dir='ltr'><strong>immo</strong></span> <span class='ocrx_word' id='word_1_415' title='bbox 3051 2718 3219 2771; x_wconf 89' lang='lat' dir='ltr'><strong>etiam</strong></span> <span class='ocrx_word' id='word_1_416' title='bbox 3273 2719 3556 2774; x_wconf 79' lang='lat' dir='ltr'><strong>verbosior</strong></span> <span class='ocrx_word' id='word_1_417' title='bbox 3587 2719 3658 2772; x_wconf 89' lang='lat' dir='ltr'><strong>fui</strong></span> 
     </span>
    </p>
   </div>
   <div class='ocr_carea' id='block_1_59' title="bbox 2062 2807 3658 2881">
    <p class='ocr_par' dir='ltr' id='par_1_59' title="bbox 2062 2807 3658 2881">
     <span class='ocr_line' id='line_1_59' title="bbox 2062 2807 3658 2881; baseline 0 -16"><span class='ocrx_word' id='word_1_418' title='bbox 2062 2807 2292 2873; x_wconf 72' lang='lat' dir='ltr'><strong>fortasse</strong></span> <span class='ocrx_word' id='word_1_419' title='bbox 2320 2824 2485 2879; x_wconf 85' lang='lat' dir='ltr'><strong>quam</strong></span> <span class='ocrx_word' id='word_1_420' title='bbox 2510 2809 2699 2871; x_wconf 82' lang='lat' dir='ltr'><strong>debui,</strong></span> <span class='ocrx_word' id='word_1_421' title='bbox 2733 2818 2791 2864; x_wconf 84' lang='lat' dir='ltr'><strong>tu</strong></span> <span class='ocrx_word' id='word_1_422' title='bbox 2817 2810 2982 2864; x_wconf 84' lang='lat' dir='ltr'><strong>modo</strong></span> <span class='ocrx_word' id='word_1_423' title='bbox 3013 2811 3106 2881; x_wconf 91' lang='lat' dir='ltr'><strong>(ad</strong></span> <span class='ocrx_word' id='word_1_424' title='bbox 3137 2826 3227 2864; x_wconf 82' lang='lat' dir='ltr'><strong>me</strong></span> <span class='ocrx_word' id='word_1_425' title='bbox 3254 2820 3437 2865; x_wconf 83' lang='lat' dir='ltr'><strong>autem</strong></span> <span class='ocrx_word' id='word_1_426' title='bbox 3473 2813 3658 2881; x_wconf 79' lang='lat' dir='ltr'><strong>loquo-</strong></span> 
     </span>
    </p>
   </div>
   <div class='ocr_carea' id='block_1_60' title="bbox 2062 2902 3658 2971">
    <p class='ocr_par' dir='ltr' id='par_1_60' title="bbox 2062 2902 3658 2971">
     <span class='ocr_line' id='line_1_60' title="bbox 2062 2902 3658 2971; baseline -0.002 -15"><span class='ocrx_word' id='word_1_427' title='bbox 2062 2902 2244 2971; x_wconf 87' lang='lat' dir='ltr'><strong>batur)</strong></span> <span class='ocrx_word' id='word_1_428' title='bbox 2272 2902 2519 2957; x_wconf 78' lang='lat' dir='ltr'><strong>debitum</strong></span> <span class='ocrx_word' id='word_1_429' title='bbox 2551 2902 2707 2959; x_wconf 77' lang='lat' dir='ltr'><strong>fenus</strong></span> <span class='ocrx_word' id='word_1_430' title='bbox 2738 2902 2982 2966; x_wconf 77' lang='lat' dir='ltr'><strong>exsolve,</strong></span> <span class='ocrx_word' id='word_1_431' title='bbox 3018 2912 3077 2957; x_wconf 91' lang='lat' dir='ltr'><strong>ut</strong></span> <span class='ocrx_word' id='word_1_432' title='bbox 3104 2910 3157 2957; x_wconf 87' lang='lat' dir='ltr'><strong>te</strong></span> <span class='ocrx_word' id='word_1_433' title='bbox 3187 2902 3255 2956; x_wconf 91' lang='lat' dir='ltr'><strong>de</strong></span> <span class='ocrx_word' id='word_1_434' title='bbox 3285 2903 3512 2956; x_wconf 68' lang='lat' dir='ltr'><strong>Martitio</strong></span> <span class='ocrx_word' id='word_1_435' title='bbox 3546 2914 3658 2970; x_wconf 79' lang='lat' dir='ltr'><strong>tuo,</strong></span> 
     </span>
    </p>
   </div>
   <div class='ocr_carea' id='block_1_61' title="bbox 2064 2993 3661 3065">
    <p class='ocr_par' dir='ltr' id='par_1_61' title="bbox 2064 2993 3661 3065">
     <span class='ocr_line' id='line_1_61' title="bbox 2064 2993 3661 3065; baseline 0.003 -17"><span class='ocrx_word' id='word_1_436' title='bbox 2064 3004 2121 3048; x_wconf 93' lang='lat' dir='ltr'><strong>ut</strong></span> <span class='ocrx_word' id='word_1_437' title='bbox 2151 3010 2207 3049; x_wconf 87' lang='lat' dir='ltr'><strong>es</strong></span> <span class='ocrx_word' id='word_1_438' title='bbox 2237 2995 2450 3061; x_wconf 80' lang='lat' dir='ltr'><strong>solitus,</strong></span> <span class='ocrx_word' id='word_1_439' title='bbox 2480 2995 2639 3065; x_wconf 78' lang='lat' dir='ltr'><strong>plura</strong></span> <span class='ocrx_word' id='word_1_440' title='bbox 2690 2993 3051 3061; x_wconf 85' lang='lat' dir='ltr'><strong>referentem,</strong></span> <span class='ocrx_word' id='word_1_441' title='bbox 3093 2997 3207 3064; x_wconf 69' lang='lat' dir='ltr'><strong>iam</strong></span> <span class='ocrx_word' id='word_1_442' title='bbox 3236 2996 3439 3064; x_wconf 88' lang='lat' dir='ltr'><strong>pridem</strong></span> <span class='ocrx_word' id='word_1_443' title='bbox 3473 2996 3527 3057; x_wconf 81' lang='lat' dir='ltr'><strong>in</strong></span> <span class='ocrx_word' id='word_1_444' title='bbox 3558 2996 3661 3052; x_wconf 88' lang='lat' dir='ltr'><strong>hoc</strong></span> 
     </span>
    </p>
   </div>
   <div class='ocr_carea' id='block_1_62' title="bbox 355 3070 3264 3153">
    <p class='ocr_par' dir='ltr' id='par_1_62' title="bbox 355 3070 3264 3153">
     <span class='ocr_line' id='line_1_62' title="bbox 355 3070 3264 3153; baseline 0.001 -14"><span class='ocrx_word' id='word_1_445' title='bbox 355 3084 557 3153; x_wconf 73' lang='lat' dir='ltr'><strong>Verum</strong></span> <span class='ocrx_word' id='word_1_446' title='bbox 589 3085 707 3153; x_wconf 82' lang='lat' dir='ltr'><strong>lia-c</strong></span> <span class='ocrx_word' id='word_1_447' title='bbox 735 3085 1095 3153; x_wconf 76' lang='lat' dir='ltr'><strong>describenda</strong></span> <span class='ocrx_word' id='word_1_448' title='bbox 1143 3085 1453 3153; x_wconf 79' lang='lat' dir='ltr'><strong>mordacius</strong></span> <span class='ocrx_word' id='word_1_449' title='bbox 1481 3086 1641 3153; x_wconf 75' lang='lat' dir='ltr'><strong>beato</strong></span> <span class='ocrx_word' id='word_1_450' title='bbox 1668 3086 1786 3147; x_wconf 84' lang='lat' dir='ltr'><strong>viro</strong></span> <span class='ocrx_word' id='word_1_451' title='bbox 1829 3087 1951 3146; x_wconf 66' lang='lat' dir='ltr'><strong>Hie«</strong></span> <span class='ocrx_word' id='word_1_452' title='bbox 1983 3070 2028 3132; x_wconf 72' lang='grc' dir='ltr'><strong>Ο</strong></span> <span class='ocrx_word' id='word_1_453' title='bbox 2062 3087 2351 3149; x_wconf 76' lang='lat' dir='ltr'><strong>desideriis</strong></span> <span class='ocrx_word' id='word_1_454' title='bbox 2382 3089 2521 3144; x_wconf 84' lang='lat' dir='ltr'><strong>meis</strong></span> <span class='ocrx_word' id='word_1_455' title='bbox 2550 3088 2929 3153; x_wconf 59' lang='lat' dir='ltr'><strong>aestuantibus,</strong></span> <span class='ocrx_word' id='word_1_456' title='bbox 2962 3090 3264 3143; x_wconf 77' lang='lat' dir='ltr'><strong>audiamus.</strong></span> 
     </span>
    </p>
   </div>
   <div class='ocr_carea' id='block_1_63' title="bbox 358 3180 1953 3257">
    <p class='ocr_par' dir='ltr' id='par_1_63' title="bbox 358 3180 1953 3257">
     <span class='ocr_line' id='line_1_63' title="bbox 358 3180 1953 3257; baseline -0.001 -22"><span class='ocrx_word' id='word_1_457' title='bbox 358 3194 591 3250; x_wconf 84' lang='lat' dir='ltr'><strong>roiiymo</strong></span> <span class='ocrx_word' id='word_1_458' title='bbox 641 3180 1019 3257; x_wconf 78' lang='lat' dir='ltr'><strong>relinquamus</strong></span> <span class='ocrx_word' id='word_1_459' title='bbox 1050 3198 1063 3243; x_wconf 86' lang='lat'><strong>;</strong></span> <span class='ocrx_word' id='word_1_460' title='bbox 1096 3180 1163 3237; x_wconf 88' lang='lat' dir='ltr'><strong>ad</strong></span> <span class='ocrx_word' id='word_1_461' title='bbox 1218 3180 1553 3252; x_wconf 65' lang='lat' dir='ltr'><strong>propositum</strong></span> <span class='ocrx_word' id='word_1_462' title='bbox 1596 3190 1953 3243; x_wconf 80' lang='lat' dir='ltr'><strong>revertamur.</strong></span> 
     </span>
    </p>
   </div>
   <div class='ocr_carea' id='block_1_64' title="bbox 359 3275 1958 3347">
    <p class='ocr_par' dir='ltr' id='par_1_64' title="bbox 359 3275 1958 3347">
     <span class='ocr_line' id='line_1_64' title="bbox 359 3275 1958 3347; baseline -0.001 -15"><span class='ocrx_word' id='word_1_463' title='bbox 359 3275 439 3347; x_wconf 77' lang='lat' dir='ltr'><strong>Tu</strong></span> <span class='ocrx_word' id='word_1_464' title='bbox 469 3293 625 3344; x_wconf 85' lang='lat' dir='ltr'><strong>vero,</strong></span> <span class='ocrx_word' id='word_1_465' title='bbox 655 3277 829 3347; x_wconf 89' lang='lat' dir='ltr'><strong>inquit</strong></span> <span class='ocrx_word' id='word_1_466' title='bbox 855 3276 1045 3345; x_wconf 84' lang='lat' dir='ltr'><strong>Gallus</strong></span> <span class='ocrx_word' id='word_1_467' title='bbox 1072 3291 1247 3341; x_wconf 90' lang='lat' dir='ltr'><strong>meus,</strong></span> <span class='ocrx_word' id='word_1_468' title='bbox 1277 3277 1461 3333; x_wconf 87' lang='lat' dir='ltr'><strong>nescio</strong></span> <span class='ocrx_word' id='word_1_469' title='bbox 1482 3276 1609 3346; x_wconf 88' lang='lat' dir='ltr'><strong>quid</strong></span> <span class='ocrx_word' id='word_1_470' title='bbox 1633 3276 1958 3344; x_wconf 80' lang='lat' dir='ltr'><strong>Hieronymo</strong></span> 
     </span>
    </p>
   </div>
   <div class='ocr_carea' id='block_1_65' title="bbox 360 3368 1958 3439">
    <p class='ocr_par' dir='ltr' id='par_1_65' title="bbox 360 3368 1958 3439">
     <span class='ocr_line' id='line_1_65' title="bbox 360 3368 1958 3439; baseline 0.001 -13"><span class='ocrx_word' id='word_1_471' title='bbox 360 3371 655 3437; x_wconf 66' lang='lat' dir='ltr'><strong>reliqueris</strong></span> <span class='ocrx_word' id='word_1_472' title='bbox 678 3369 1063 3439; x_wconf 83' lang='lat' dir='ltr'><strong>disputandum</strong></span> <span class='ocrx_word' id='word_1_473' title='bbox 1090 3386 1104 3424; x_wconf 88' lang='lat'><strong>:</strong></span> <span class='ocrx_word' id='word_1_474' title='bbox 1135 3369 1209 3423; x_wconf 86' lang='lat' dir='ltr'><strong>ita</strong></span> <span class='ocrx_word' id='word_1_475' title='bbox 1259 3368 1499 3435; x_wconf 82' lang='lat' dir='ltr'><strong>breviter</strong></span> <span class='ocrx_word' id='word_1_476' title='bbox 1545 3369 1795 3429; x_wconf 85' lang='lat' dir='ltr'><strong>universa</strong></span> <span class='ocrx_word' id='word_1_477' title='bbox 1827 3384 1958 3427; x_wconf 80' lang='lat' dir='ltr'><strong>nos-</strong></span> 
     </span>
    </p>
   </div>
   <div class='ocr_carea' id='block_1_66' title="bbox 361 3462 1960 3532">
    <p class='ocr_par' dir='ltr' id='par_1_66' title="bbox 361 3462 1960 3532">
     <span class='ocr_line' id='line_1_66' title="bbox 361 3462 1960 3532; baseline -0.001 -13"><span class='ocrx_word' id='word_1_478' title='bbox 361 3471 577 3525; x_wconf 85' lang='lat' dir='ltr'><strong>trorum</strong></span> <span class='ocrx_word' id='word_1_479' title='bbox 628 3463 875 3525; x_wconf 80' lang='lat' dir='ltr'><strong>instituta</strong></span> <span class='ocrx_word' id='word_1_480' title='bbox 928 3462 1255 3532; x_wconf 75' lang='lat' dir='ltr'><strong>complexus</strong></span> <span class='ocrx_word' id='word_1_481' title='bbox 1294 3478 1379 3526; x_wconf 82' lang='lat' dir='ltr'><strong>es,</strong></span> <span class='ocrx_word' id='word_1_482' title='bbox 1433 3470 1490 3517; x_wconf 90' lang='lat' dir='ltr'><strong>ut</strong></span> <span class='ocrx_word' id='word_1_483' title='bbox 1518 3477 1686 3530; x_wconf 89' lang='lat' dir='ltr'><strong>pauca</strong></span> <span class='ocrx_word' id='word_1_484' title='bbox 1724 3464 1837 3521; x_wconf 58' lang='lat' dir='ltr'><strong>hanc</strong></span> <span class='ocrx_word' id='word_1_485' title='bbox 1868 3470 1960 3521; x_wconf 83' lang='lat' dir='ltr'><strong>tua</strong></span> 
     </span>
    </p>
   </div>
   <div class='ocr_carea' id='block_1_67' title="bbox 362 3553 1961 3623">
    <p class='ocr_par' dir='ltr' id='par_1_67' title="bbox 362 3553 1961 3623">
     <span class='ocr_line' id='line_1_67' title="bbox 362 3553 1961 3623; baseline 0.001 -16"><span class='ocrx_word' id='word_1_486' title='bbox 362 3553 562 3617; x_wconf 82' lang='lat' dir='ltr'><strong>verba,</strong></span> <span class='ocrx_word' id='word_1_487' title='bbox 597 3554 641 3606; x_wconf 87' lang='lat' dir='ltr'><strong>si</strong></span> <span class='ocrx_word' id='word_1_488' title='bbox 670 3553 1042 3623; x_wconf 66' lang='lat' dir='ltr'><strong>requauimiter</strong></span> <span class='ocrx_word' id='word_1_489' title='bbox 1058 3553 1442 3622; x_wconf 85' lang='lat' dir='ltr'><strong>acceperintet</strong></span> <span class='ocrx_word' id='word_1_490' title='bbox 1468 3555 1740 3621; x_wconf 79' lang='lat' dir='ltr'><strong>palloriter</strong></span> <span class='ocrx_word' id='word_1_491' title='bbox 1758 3568 1961 3622; x_wconf 79' lang='lat' dir='ltr'><strong>expen-</strong></span> 
     </span>
    </p>
   </div>
   <div class='ocr_carea' id='block_1_68' title="bbox 362 3645 1963 3714">
    <p class='ocr_par' dir='ltr' id='par_1_68' title="bbox 362 3645 1963 3714">
     <span class='ocr_line' id='line_1_68' title="bbox 362 3645 1963 3714; baseline -0.001 -12"><span class='ocrx_word' id='word_1_492' title='bbox 362 3647 568 3713; x_wconf 83' lang='lat' dir='ltr'><strong>derint,</strong></span> <span class='ocrx_word' id='word_1_493' title='bbox 604 3646 832 3711; x_wconf 83' lang='lat' dir='ltr'><strong>multum</strong></span> <span class='ocrx_word' id='word_1_494' title='bbox 864 3648 944 3702; x_wconf 88' lang='lat' dir='ltr'><strong>eis</strong></span> <span class='ocrx_word' id='word_1_495' title='bbox 990 3646 1226 3713; x_wconf 73' lang='lat' dir='ltr'><strong>arbitrer</strong></span> <span class='ocrx_word' id='word_1_496' title='bbox 1257 3645 1563 3714; x_wconf 74' lang='lat' dir='ltr'><strong>profutura,</strong></span> <span class='ocrx_word' id='word_1_497' title='bbox 1590 3652 1647 3701; x_wconf 87' lang='lat' dir='ltr'><strong>ut</strong></span> <span class='ocrx_word' id='word_1_498' title='bbox 1674 3660 1784 3707; x_wconf 70' lang='lat' dir='ltr'><strong>non</strong></span> <span class='ocrx_word' id='word_1_499' title='bbox 1819 3645 1963 3703; x_wconf 79' lang='lat' dir='ltr'><strong>iudi-</strong></span> 
     </span>
    </p>
   </div>
   <div class='ocr_carea' id='block_1_69' title="bbox 362 3737 1964 3813">
    <p class='ocr_par' dir='ltr' id='par_1_69' title="bbox 362 3737 1964 3813">
     <span class='ocr_line' id='line_1_69' title="bbox 362 3737 1964 3813; baseline 0.001 -19"><span class='ocrx_word' id='word_1_500' title='bbox 362 3750 524 3813; x_wconf 85' lang='lat' dir='ltr'><strong>geaut</strong></span> <span class='ocrx_word' id='word_1_501' title='bbox 556 3739 714 3795; x_wconf 88' lang='lat' dir='ltr'><strong>libris</strong></span> <span class='ocrx_word' id='word_1_502' title='bbox 743 3738 989 3811; x_wconf 62' lang='lat' dir='ltr'><strong>posthinc</strong></span> <span class='ocrx_word' id='word_1_503' title='bbox 1020 3738 1340 3808; x_wconf 86' lang='lat' dir='ltr'><strong>Hieronymi</strong></span> <span class='ocrx_word' id='word_1_504' title='bbox 1364 3738 1633 3795; x_wconf 79' lang='lat' dir='ltr'><strong>coerceri.</strong></span> <span class='ocrx_word' id='word_1_505' title='bbox 1667 3737 1773 3795; x_wconf 89' lang='lat' dir='ltr'><strong>Sed</strong></span> <span class='ocrx_word' id='word_1_506' title='bbox 1801 3749 1853 3793; x_wconf 91' lang='lat' dir='ltr'><strong>tu</strong></span> <span class='ocrx_word' id='word_1_507' title='bbox 1874 3737 1964 3796; x_wconf 81' lang='lat' dir='ltr'><strong>illa</strong></span> 
     </span>
    </p>
   </div>
   <div class='ocr_carea' id='block_1_70' title="bbox 362 3832 1966 3905">
    <p class='ocr_par' dir='ltr' id='par_1_70' title="bbox 362 3832 1966 3905">
     <span class='ocr_line' id='line_1_70' title="bbox 362 3832 1966 3905; baseline 0.002 -18"><span class='ocrx_word' id='word_1_508' title='bbox 362 3835 544 3903; x_wconf 85' lang='lat' dir='ltr'><strong>potius</strong></span> <span class='ocrx_word' id='word_1_509' title='bbox 573 3833 766 3889; x_wconf 86' lang='lat' dir='ltr'><strong>evolve</strong></span> <span class='ocrx_word' id='word_1_510' title='bbox 792 3848 914 3905; x_wconf 70' lang='lat' dir='ltr'><strong>quae</strong></span> <span class='ocrx_word' id='word_1_511' title='bbox 944 3848 1217 3903; x_wconf 67' lang='lat' dir='ltr'><strong>cmperas,</strong></span> <span class='ocrx_word' id='word_1_512' title='bbox 1264 3841 1320 3890; x_wconf 90' lang='lat' dir='ltr'><strong>et</strong></span> <span class='ocrx_word' id='word_1_513' title='bbox 1370 3832 1504 3889; x_wconf 87' lang='lat' dir='ltr'><strong>illud</strong></span> <span class='ocrx_word' id='word_1_514' title='bbox 1534 3833 1677 3902; x_wconf 87' lang='lat' dir='ltr'><strong>quod</strong></span> <span class='ocrx_word' id='word_1_515' title='bbox 1705 3832 1966 3893; x_wconf 77' lang='lat' dir='ltr'><strong>adversus</strong></span> 
     </span>
    </p>
   </div>
   <div class='ocr_carea' id='block_1_71' title="bbox 364 3925 1967 3996">
    <p class='ocr_par' dir='ltr' id='par_1_71' title="bbox 364 3925 1967 3996">
     <span class='ocr_line' id='line_1_71' title="bbox 364 3925 1967 3996; baseline -0.001 -14"><span class='ocrx_word' id='word_1_516' title='bbox 364 3925 556 3985; x_wconf 82' lang='lat' dir='ltr'><strong>falsam</strong></span> <span class='ocrx_word' id='word_1_517' title='bbox 582 3926 851 3996; x_wconf 79' lang='lat' dir='ltr'><strong>justitiam</strong></span> <span class='ocrx_word' id='word_1_518' title='bbox 881 3925 1154 3985; x_wconf 80' lang='lat' dir='ltr'><strong>dicturum</strong></span> <span class='ocrx_word' id='word_1_519' title='bbox 1181 3935 1233 3987; x_wconf 75' lang='lat' dir='ltr'><strong>tie</strong></span> <span class='ocrx_word' id='word_1_520' title='bbox 1270 3941 1394 3991; x_wconf 76' lang='lat' dir='ltr'><strong>esse</strong></span> <span class='ocrx_word' id='word_1_521' title='bbox 1422 3926 1771 3995; x_wconf 78' lang='lat' dir='ltr'><strong>promiseras,</strong></span> <span class='ocrx_word' id='word_1_522' title='bbox 1798 3926 1967 3994; x_wconf 79' lang='lat' dir='ltr'><strong>prode</strong></span> 
     </span>
    </p>
   </div>
   <div class='ocr_carea' id='block_1_72' title="bbox 366 4017 1969 4087">
    <p class='ocr_par' dir='ltr' id='par_1_72' title="bbox 366 4017 1969 4087">
     <span class='ocr_line' id='line_1_72' title="bbox 366 4017 1969 4087; baseline 0.001 -13"><span class='ocrx_word' id='word_1_523' title='bbox 366 4018 795 4083; x_wconf 82' lang='lat' dir='ltr'><strong>documentum:</strong></span> <span class='ocrx_word' id='word_1_524' title='bbox 833 4033 978 4085; x_wconf 85' lang='lat' dir='ltr'><strong>nam,</strong></span> <span class='ocrx_word' id='word_1_525' title='bbox 1013 4027 1073 4075; x_wconf 88' lang='lat' dir='ltr'><strong>ut</strong></span> <span class='ocrx_word' id='word_1_526' title='bbox 1126 4032 1255 4074; x_wconf 86' lang='lat' dir='ltr'><strong>vere</strong></span> <span class='ocrx_word' id='word_1_527' title='bbox 1295 4017 1393 4077; x_wconf 73' lang='lat' dir='ltr'><strong>tibi</strong></span> <span class='ocrx_word' id='word_1_528' title='bbox 1425 4018 1618 4084; x_wconf 79' lang='lat' dir='ltr'><strong>fatear,</strong></span> <span class='ocrx_word' id='word_1_529' title='bbox 1652 4018 1801 4081; x_wconf 56' lang='lat' dir='ltr'><strong>nullo</strong></span> <span class='ocrx_word' id='word_1_530' title='bbox 1848 4034 1969 4087; x_wconf 55' lang='lat' dir='ltr'><strong>pers-</strong></span> 
     </span>
    </p>
   </div>
   <div class='ocr_carea' id='block_1_73' title="bbox 366 4108 1971 4175">
    <p class='ocr_par' dir='ltr' id='par_1_73' title="bbox 366 4108 1971 4175">
     <span class='ocr_line' id='line_1_73' title="bbox 366 4108 1971 4175; baseline -0.002 -8"><span class='ocrx_word' id='word_1_531' title='bbox 366 4110 633 4173; x_wconf 77' lang='lat' dir='ltr'><strong>niciosius</strong></span> <span class='ocrx_word' id='word_1_532' title='bbox 681 4109 828 4175; x_wconf 75' lang='lat' dir='ltr'><strong>malo</strong></span> <span class='ocrx_word' id='word_1_533' title='bbox 894 4110 1033 4167; x_wconf 87' lang='lat' dir='ltr'><strong>intra</strong></span> <span class='ocrx_word' id='word_1_534' title='bbox 1093 4109 1296 4165; x_wconf 80' lang='lat' dir='ltr'><strong>Gallias</strong></span> <span class='ocrx_word' id='word_1_535' title='bbox 1354 4109 1689 4175; x_wconf 70' lang='lat' dir='ltr'><strong>laboramus.</strong></span> <span class='ocrx_word' id='word_1_536' title='bbox 1755 4109 1833 4173; x_wconf 71' lang='lat' dir='ltr'><strong>ita</strong></span> <span class='ocrx_word' id='word_1_537' title='bbox 1893 4108 1971 4164; x_wconf 84' lang='lat' dir='ltr'><strong>fa-</strong></span> 
     </span>
    </p>
   </div>
   <div class='ocr_carea' id='block_1_74' title="bbox 367 4202 1971 4273">
    <p class='ocr_par' dir='ltr' id='par_1_74' title="bbox 367 4202 1971 4273">
     <span class='ocr_line' id='line_1_74' title="bbox 367 4202 1971 4273; baseline 0.002 -13"><span class='ocrx_word' id='word_1_538' title='bbox 367 4203 530 4270; x_wconf 86' lang='lat' dir='ltr'><strong>ciam,</strong></span> <span class='ocrx_word' id='word_1_539' title='bbox 561 4202 946 4271; x_wconf 84' lang='lat' dir='ltr'><strong>qutumianus</strong></span> <span class='ocrx_word' id='word_1_540' title='bbox 973 4202 1171 4273; x_wconf 88' lang='lat' dir='ltr'><strong>inquit,</strong></span> <span class='ocrx_word' id='word_1_541' title='bbox 1198 4218 1298 4271; x_wconf 83' lang='lat' dir='ltr'><strong>nec</strong></span> <span class='ocrx_word' id='word_1_542' title='bbox 1318 4211 1368 4259; x_wconf 86' lang='lat' dir='ltr'><strong>te</strong></span> <span class='ocrx_word' id='word_1_543' title='bbox 1389 4202 1604 4269; x_wconf 82' lang='lat' dir='ltr'><strong>diutius</strong></span> <span class='ocrx_word' id='word_1_544' title='bbox 1634 4204 1833 4270; x_wconf 76' lang='lat' dir='ltr'><strong>tenebo</strong></span> <span class='ocrx_word' id='word_1_545' title='bbox 1851 4220 1971 4267; x_wconf 80' lang='lat' dir='ltr'><strong>sus—</strong></span> 
     </span>
    </p>
   </div>
   <div class='ocr_carea' id='block_1_75' title="bbox 368 4310 619 4368">
    <p class='ocr_par' dir='ltr' id='par_1_75' title="bbox 368 4310 619 4368">
     <span class='ocr_line' id='line_1_75' title="bbox 368 4310 619 4368; baseline -0.012 -16"><span class='ocrx_word' id='word_1_546' title='bbox 368 4310 619 4368; x_wconf 87' lang='lat' dir='ltr'><strong>pensum.</strong></span> 
     </span>
    </p>
   </div>
   <div class='ocr_carea' id='block_1_76' title="bbox 442 4386 1967 4465">
    <p class='ocr_par' dir='ltr' id='par_1_76' title="bbox 442 4386 1967 4465">
     <span class='ocr_line' id='line_1_76' title="bbox 442 4386 1967 4465; baseline 0.001 -23"><span class='ocrx_word' id='word_1_547' title='bbox 442 4388 613 4443; x_wconf 77' lang='lat' dir='ltr'><strong>XXll.</strong></span> <span class='ocrx_word' id='word_1_548' title='bbox 648 4387 988 4453; x_wconf 81' lang='lat' dir='ltr'><strong>Adolescens</strong></span> <span class='ocrx_word' id='word_1_549' title='bbox 1020 4386 1240 4457; x_wconf 84' lang='lat' dir='ltr'><strong>quidam</strong></span> <span class='ocrx_word' id='word_1_550' title='bbox 1284 4404 1351 4453; x_wconf 82' lang='lat' dir='ltr'><strong>ett</strong></span> <span class='ocrx_word' id='word_1_551' title='bbox 1384 4389 1515 4449; x_wconf 80' lang='lat' dir='ltr'><strong>Asia</strong></span> <span class='ocrx_word' id='word_1_552' title='bbox 1547 4386 1824 4465; x_wconf 72' lang='lat' dir='ltr'><strong>praedives</strong></span> <span class='ocrx_word' id='word_1_553' title='bbox 1844 4389 1967 4457; x_wconf 55' lang='lat' dir='ltr'><strong>cpi.</strong></span> 
     </span>
    </p>
   </div>
   <div class='ocr_carea' id='block_1_77' title="bbox 2135 3178 3664 3252">
    <p class='ocr_par' dir='ltr' id='par_1_77' title="bbox 2135 3178 3664 3252">
     <span class='ocr_line' id='line_1_77' title="bbox 2135 3178 3664 3252; baseline 0.001 -18"><span class='ocrx_word' id='word_1_554' title='bbox 2135 3178 2326 3236; x_wconf 66' lang='lat' dir='ltr'><strong>XXIII.</strong></span> <span class='ocrx_word' id='word_1_555' title='bbox 2358 3181 2540 3248; x_wconf 76' lang='lat' dir='ltr'><strong>Quid?</strong></span> <span class='ocrx_word' id='word_1_556' title='bbox 2572 3181 2825 3252; x_wconf 80' lang='lat' dir='ltr'><strong>inquam:</strong></span> <span class='ocrx_word' id='word_1_557' title='bbox 2864 3182 2959 3237; x_wconf 69' lang='lat' dir='ltr'><strong>tibi</strong></span> <span class='ocrx_word' id='word_1_558' title='bbox 2993 3182 3061 3236; x_wconf 89' lang='lat' dir='ltr'><strong>de</strong></span> <span class='ocrx_word' id='word_1_559' title='bbox 3096 3182 3333 3236; x_wconf 70' lang='lat' dir='ltr'><strong>Martino</strong></span> <span class='ocrx_word' id='word_1_560' title='bbox 3370 3196 3494 3236; x_wconf 79' lang='lat' dir='ltr'><strong>luco</strong></span> <span class='ocrx_word' id='word_1_561' title='bbox 3528 3181 3664 3236; x_wconf 80' lang='lat' dir='ltr'><strong>liber</strong></span> 
     </span>
    </p>
   </div>
   <div class='ocr_carea' id='block_1_78' title="bbox 2065 3270 3665 3342">
    <p class='ocr_par' dir='ltr' id='par_1_78' title="bbox 2065 3270 3665 3342">
     <span class='ocr_line' id='line_1_78' title="bbox 2065 3270 3665 3342; baseline 0.001 -14"><span class='ocrx_word' id='word_1_562' title='bbox 2065 3270 2162 3329; x_wconf 80' lang='lat' dir='ltr'><strong>ille</strong></span> <span class='ocrx_word' id='word_1_563' title='bbox 2186 3288 2291 3327; x_wconf 84' lang='lat' dir='ltr'><strong>non</strong></span> <span class='ocrx_word' id='word_1_564' title='bbox 2320 3271 2543 3335; x_wconf 77' lang='lat' dir='ltr'><strong>sufficit,</strong></span> <span class='ocrx_word' id='word_1_565' title='bbox 2574 3288 2737 3341; x_wconf 86' lang='lat' dir='ltr'><strong>quem</strong></span> <span class='ocrx_word' id='word_1_566' title='bbox 2773 3274 2888 3342; x_wconf 89' lang='lat' dir='ltr'><strong>ipse</strong></span> <span class='ocrx_word' id='word_1_567' title='bbox 2916 3283 2972 3328; x_wconf 88' lang='lat' dir='ltr'><strong>tu</strong></span> <span class='ocrx_word' id='word_1_568' title='bbox 3001 3273 3144 3329; x_wconf 84' lang='lat' dir='ltr'><strong>nosti</strong></span> <span class='ocrx_word' id='word_1_569' title='bbox 3170 3290 3255 3329; x_wconf 82' lang='lat' dir='ltr'><strong>me</strong></span> <span class='ocrx_word' id='word_1_570' title='bbox 3285 3274 3355 3329; x_wconf 88' lang='lat' dir='ltr'><strong>de</strong></span> <span class='ocrx_word' id='word_1_571' title='bbox 3384 3275 3531 3329; x_wconf 88' lang='lat' dir='ltr'><strong>illius</strong></span> <span class='ocrx_word' id='word_1_572' title='bbox 3558 3275 3665 3329; x_wconf 82' lang='lat' dir='ltr'><strong>vita</strong></span> 
     </span>
    </p>
   </div>
   <div class='ocr_carea' id='block_1_79' title="bbox 2064 3362 3665 3437">
    <p class='ocr_par' dir='ltr' id='par_1_79' title="bbox 2064 3362 3665 3437">
     <span class='ocr_line' id='line_1_79' title="bbox 2064 3362 3665 3437; baseline 0.004 -22"><span class='ocrx_word' id='word_1_573' title='bbox 2064 3374 2228 3433; x_wconf 88' lang='lat' dir='ltr'><strong>atque</strong></span> <span class='ocrx_word' id='word_1_574' title='bbox 2252 3362 2555 3422; x_wconf 74' lang='lat' dir='ltr'><strong>virtutibus</strong></span> <span class='ocrx_word' id='word_1_575' title='bbox 2581 3366 2821 3421; x_wconf 54' lang='lat' dir='ltr'><strong>edidisse</strong></span> <span class='ocrx_word' id='word_1_576' title='bbox 2849 3368 2873 3419; x_wconf 67' lang='grc'>2</span> <span class='ocrx_word' id='word_1_577' title='bbox 2904 3370 3161 3436; x_wconf 75' lang='lat' dir='ltr'><strong>Agnosco</strong></span> <span class='ocrx_word' id='word_1_578' title='bbox 3182 3367 3233 3421; x_wconf 89' lang='lat' dir='ltr'><strong>id</strong></span> <span class='ocrx_word' id='word_1_579' title='bbox 3260 3367 3503 3437; x_wconf 72' lang='lat' dir='ltr'><strong>quidem,</strong></span> <span class='ocrx_word' id='word_1_580' title='bbox 3541 3368 3665 3422; x_wconf 81' lang='lat' dir='ltr'><strong>l‘os-</strong></span> 
     </span>
    </p>
   </div>
   <div class='ocr_carea' id='block_1_80' title="bbox 2066 3456 3667 3529">
    <p class='ocr_par' dir='ltr' id='par_1_80' title="bbox 2066 3456 3667 3529">
     <span class='ocr_line' id='line_1_80' title="bbox 2066 3456 3667 3529; baseline 0.004 -19"><span class='ocrx_word' id='word_1_581' title='bbox 2066 3456 2347 3515; x_wconf 81' lang='lat' dir='ltr'><strong>tumiauus</strong></span> <span class='ocrx_word' id='word_1_582' title='bbox 2372 3458 2565 3525; x_wconf 83' lang='lat' dir='ltr'><strong>inquit,</strong></span> <span class='ocrx_word' id='word_1_583' title='bbox 2600 3474 2779 3528; x_wconf 86' lang='lat' dir='ltr'><strong>neque</strong></span> <span class='ocrx_word' id='word_1_584' title='bbox 2808 3475 3067 3529; x_wconf 78' lang='lat' dir='ltr'><strong>umquam</strong></span> <span class='ocrx_word' id='word_1_585' title='bbox 3099 3476 3129 3515; x_wconf 88' lang='lat' dir='ltr'><strong>a</strong></span> <span class='ocrx_word' id='word_1_586' title='bbox 3180 3462 3404 3517; x_wconf 82' lang='lat' dir='ltr'><strong>dextera</strong></span> <span class='ocrx_word' id='word_1_587' title='bbox 3449 3478 3567 3517; x_wconf 83' lang='lat' dir='ltr'><strong>mea</strong></span> <span class='ocrx_word' id='word_1_588' title='bbox 3604 3463 3667 3516; x_wconf 90' lang='lat' dir='ltr'><strong>li-</strong></span> 
     </span>
    </p>
   </div>
   <div class='ocr_carea' id='block_1_81' title="bbox 2066 3549 3669 3624">
    <p class='ocr_par' dir='ltr' id='par_1_81' title="bbox 2066 3549 3669 3624">
     <span class='ocr_line' id='line_1_81' title="bbox 2066 3549 3669 3624; baseline 0.004 -20"><span class='ocrx_word' id='word_1_589' title='bbox 2066 3549 2164 3605; x_wconf 90' lang='lat' dir='ltr'><strong>ber</strong></span> <span class='ocrx_word' id='word_1_590' title='bbox 2198 3551 2292 3605; x_wconf 83' lang='lat' dir='ltr'><strong>ille</strong></span> <span class='ocrx_word' id='word_1_591' title='bbox 2320 3551 2595 3617; x_wconf 75' lang='lat' dir='ltr'><strong>discedit:</strong></span> <span class='ocrx_word' id='word_1_592' title='bbox 2629 3568 2750 3607; x_wconf 79' lang='lat' dir='ltr'><strong>nam</strong></span> <span class='ocrx_word' id='word_1_593' title='bbox 2782 3554 2829 3608; x_wconf 89' lang='lat' dir='ltr'><strong>si</strong></span> <span class='ocrx_word' id='word_1_594' title='bbox 2851 3555 3105 3618; x_wconf 68' lang='lat' dir='ltr'><strong>agnoscis</strong></span> <span class='ocrx_word' id='word_1_595' title='bbox 3136 3556 3555 3623; x_wconf 79' lang='lat' dir='ltr'><strong>(aperitlibinm</strong></span> <span class='ocrx_word' id='word_1_596' title='bbox 3579 3556 3669 3624; x_wconf 84' lang='lat' dir='ltr'><strong>qui</strong></span> 
     </span>
    </p>
   </div>
   <div class='ocr_carea' id='block_1_82' title="bbox 2069 3643 3662 3715">
    <p class='ocr_par' dir='ltr' id='par_1_82' title="bbox 2069 3643 3662 3715">
     <span class='ocr_line' id='line_1_82' title="bbox 2069 3643 3662 3715; baseline 0.003 -19"><span class='ocrx_word' id='word_1_597' title='bbox 2069 3643 2479 3714; x_wconf 60' lang='lat' dir='ltr'><strong>vestelatebat).</strong></span> <span class='ocrx_word' id='word_1_598' title='bbox 2500 3685 2515 3709; x_wconf 93' lang='lat'><strong>,</strong></span> <span class='ocrx_word' id='word_1_599' title='bbox 2541 3660 2611 3699; x_wconf 88' lang='lat' dir='ltr'><strong>en</strong></span> <span class='ocrx_word' id='word_1_600' title='bbox 2636 3646 2839 3714; x_wconf 64' lang='lat' dir='ltr'><strong>ipsum.</strong></span> <span class='ocrx_word' id='word_1_601' title='bbox 2875 3645 2975 3699; x_wconf 80' lang='lat' dir='ltr'><strong>llic</strong></span> <span class='ocrx_word' id='word_1_602' title='bbox 2999 3646 3155 3708; x_wconf 84' lang='lat' dir='ltr'><strong>mihi,</strong></span> <span class='ocrx_word' id='word_1_603' title='bbox 3186 3646 3393 3715; x_wconf 87' lang='lat' dir='ltr'><strong>inquit,</strong></span> <span class='ocrx_word' id='word_1_604' title='bbox 3423 3657 3566 3699; x_wconf 88' lang='lat' dir='ltr'><strong>terra</strong></span> <span class='ocrx_word' id='word_1_605' title='bbox 3596 3662 3662 3701; x_wconf 84' lang='lat' dir='ltr'><strong>ac</strong></span> 
     </span>
    </p>
   </div>
   <div class='ocr_carea' id='block_1_83' title="bbox 2069 3738 3667 3807">
    <p class='ocr_par' dir='ltr' id='par_1_83' title="bbox 2069 3738 3667 3807">
     <span class='ocr_line' id='line_1_83' title="bbox 2069 3738 3667 3807; baseline 0.001 -15"><span class='ocrx_word' id='word_1_606' title='bbox 2069 3738 2211 3793; x_wconf 91' lang='lat' dir='ltr'><strong>mari</strong></span> <span class='ocrx_word' id='word_1_607' title='bbox 2240 3752 2431 3793; x_wconf 84' lang='lat' dir='ltr'><strong>comes</strong></span> <span class='ocrx_word' id='word_1_608' title='bbox 2456 3778 2471 3803; x_wconf 88' lang='lat'><strong>,</strong></span> <span class='ocrx_word' id='word_1_609' title='bbox 2522 3738 2614 3793; x_wconf 84' lang='lat' dir='ltr'><strong>hic</strong></span> <span class='ocrx_word' id='word_1_610' title='bbox 2645 3739 2698 3793; x_wconf 90' lang='lat' dir='ltr'><strong>in</strong></span> <span class='ocrx_word' id='word_1_611' title='bbox 2728 3739 3174 3807; x_wconf 80' lang='lat' dir='ltr'><strong>peregrinatione</strong></span> <span class='ocrx_word' id='word_1_612' title='bbox 3223 3747 3329 3792; x_wconf 85' lang='lat' dir='ltr'><strong>tota</strong></span> <span class='ocrx_word' id='word_1_613' title='bbox 3390 3738 3575 3793; x_wconf 80' lang='lat' dir='ltr'><strong>socius</strong></span> <span class='ocrx_word' id='word_1_614' title='bbox 3613 3748 3667 3793; x_wconf 84' lang='lat' dir='ltr'><strong>et</strong></span> 
     </span>
    </p>
   </div>
   <div class='ocr_carea' id='block_1_84' title="bbox 2074 3828 3667 3900">
    <p class='ocr_par' dir='ltr' id='par_1_84' title="bbox 2074 3828 3667 3900">
     <span class='ocr_line' id='line_1_84' title="bbox 2074 3828 3667 3900; baseline -0.003 -11"><span class='ocrx_word' id='word_1_615' title='bbox 2074 3829 2394 3889; x_wconf 77' lang='lat' dir='ltr'><strong>consolator</strong></span> <span class='ocrx_word' id='word_1_616' title='bbox 2434 3828 2555 3885; x_wconf 89' lang='lat' dir='ltr'><strong>fuit.</strong></span> <span class='ocrx_word' id='word_1_617' title='bbox 2588 3829 2693 3885; x_wconf 88' lang='lat' dir='ltr'><strong>Sed</strong></span> <span class='ocrx_word' id='word_1_618' title='bbox 2727 3829 2967 3893; x_wconf 74' lang='lat' dir='ltr'><strong>referam</strong></span> <span class='ocrx_word' id='word_1_619' title='bbox 3015 3830 3113 3886; x_wconf 87' lang='lat' dir='ltr'><strong>tibi</strong></span> <span class='ocrx_word' id='word_1_620' title='bbox 3139 3831 3301 3898; x_wconf 78' lang='lat' dir='ltr'><strong>plane</strong></span> <span class='ocrx_word' id='word_1_621' title='bbox 3328 3872 3340 3893; x_wconf 89' lang='lat'><strong>,</strong></span> <span class='ocrx_word' id='word_1_622' title='bbox 3373 3846 3481 3900; x_wconf 80' lang='lat' dir='ltr'><strong>quo</strong></span> <span class='ocrx_word' id='word_1_623' title='bbox 3527 3831 3667 3887; x_wconf 88' lang='lat' dir='ltr'><strong>liber</strong></span> 
     </span>
    </p>
   </div>
   <div class='ocr_carea' id='block_1_85' title="bbox 2072 3922 3663 3991">
    <p class='ocr_par' dir='ltr' id='par_1_85' title="bbox 2072 3922 3663 3991">
     <span class='ocr_line' id='line_1_85' title="bbox 2072 3922 3663 3991; baseline 0.002 -16"><span class='ocrx_word' id='word_1_624' title='bbox 2072 3923 2174 3976; x_wconf 89' lang='lat' dir='ltr'><strong>iste</strong></span> <span class='ocrx_word' id='word_1_625' title='bbox 2201 3923 2596 3991; x_wconf 83' lang='lat' dir='ltr'><strong>penetraverit.</strong></span> <span class='ocrx_word' id='word_1_626' title='bbox 2631 3934 2689 3979; x_wconf 84' lang='lat' dir='ltr'><strong>et</strong></span> <span class='ocrx_word' id='word_1_627' title='bbox 2709 3938 2871 3991; x_wconf 75' lang='lat' dir='ltr'><strong>quam</strong></span> <span class='ocrx_word' id='word_1_628' title='bbox 2898 3923 3081 3980; x_wconf 76' lang='lat' dir='ltr'><strong>nullus</strong></span> <span class='ocrx_word' id='word_1_629' title='bbox 3101 3922 3214 3979; x_wconf 77' lang='lat' dir='ltr'><strong>fere</strong></span> <span class='ocrx_word' id='word_1_630' title='bbox 3245 3924 3295 3977; x_wconf 91' lang='lat' dir='ltr'><strong>in</strong></span> <span class='ocrx_word' id='word_1_631' title='bbox 3326 3924 3459 3978; x_wconf 86' lang='lat' dir='ltr'><strong>orbe</strong></span> <span class='ocrx_word' id='word_1_632' title='bbox 3489 3933 3663 3987; x_wconf 79' lang='lat' dir='ltr'><strong>terra-</strong></span> 
     </span>
    </p>
   </div>
   <div class='ocr_carea' id='block_1_86' title="bbox 2073 4008 3667 4081">
    <p class='ocr_par' dir='ltr' id='par_1_86' title="bbox 2073 4008 3667 4081">
     <span class='ocr_line' id='line_1_86' title="bbox 2073 4008 3667 4081; baseline 0 -8"><span class='ocrx_word' id='word_1_633' title='bbox 2073 4031 2195 4073; x_wconf 76' lang='lat' dir='ltr'><strong>t‘um</strong></span> <span class='ocrx_word' id='word_1_634' title='bbox 2228 4017 2381 4073; x_wconf 74' lang='lat' dir='ltr'><strong>locus</strong></span> <span class='ocrx_word' id='word_1_635' title='bbox 2408 4017 2504 4081; x_wconf 86' lang='lat' dir='ltr'><strong>sit,</strong></span> <span class='ocrx_word' id='word_1_636' title='bbox 2534 4008 2627 4071; x_wconf 85' lang='lat' dir='ltr'><strong>ubi</strong></span> <span class='ocrx_word' id='word_1_637' title='bbox 2656 4031 2765 4072; x_wconf 90' lang='lat' dir='ltr'><strong>non</strong></span> <span class='ocrx_word' id='word_1_638' title='bbox 2791 4018 3017 4073; x_wconf 87' lang='lat' dir='ltr'><strong>materia</strong></span> <span class='ocrx_word' id='word_1_639' title='bbox 3054 4029 3160 4071; x_wconf 88' lang='lat' dir='ltr'><strong>tam</strong></span> <span class='ocrx_word' id='word_1_640' title='bbox 3207 4016 3383 4072; x_wconf 80' lang='lat' dir='ltr'><strong>felicis</strong></span> <span class='ocrx_word' id='word_1_641' title='bbox 3415 4016 3667 4073; x_wconf 69' lang='lat' dir='ltr'><strong>historiae</strong></span> 
     </span>
    </p>
   </div>
   <div class='ocr_carea' id='block_1_87' title="bbox 2076 4107 3670 4180">
    <p class='ocr_par' dir='ltr' id='par_1_87' title="bbox 2076 4107 3670 4180">
     <span class='ocr_line' id='line_1_87' title="bbox 2076 4107 3670 4180; baseline 0.001 -17"><span class='ocrx_word' id='word_1_642' title='bbox 2076 4107 2396 4178; x_wconf 73' lang='lat' dir='ltr'><strong>pervulgata</strong></span> <span class='ocrx_word' id='word_1_643' title='bbox 2426 4116 2698 4165; x_wconf 81' lang='lat' dir='ltr'><strong>teneatur.</strong></span> <span class='ocrx_word' id='word_1_644' title='bbox 2732 4110 2949 4173; x_wconf 77' lang='lat' dir='ltr'><strong>P-ritnus</strong></span> <span class='ocrx_word' id='word_1_645' title='bbox 2979 4125 3103 4165; x_wconf 83' lang='lat' dir='ltr'><strong>eum</strong></span> <span class='ocrx_word' id='word_1_646' title='bbox 3138 4109 3395 4180; x_wconf 68' lang='lat' dir='ltr'><strong>narrante</strong></span> <span class='ocrx_word' id='word_1_647' title='bbox 3432 4110 3555 4165; x_wconf 79' lang='lat' dir='ltr'><strong>urbi</strong></span> <span class='ocrx_word' id='word_1_648' title='bbox 3586 4112 3670 4165; x_wconf 79' lang='lat' dir='ltr'><strong>vir</strong></span> 
     </span>
    </p>
   </div>
   <div class='ocr_carea' id='block_1_88' title="bbox 2076 4202 3664 4261">
    <p class='ocr_par' dir='ltr' id='par_1_88' title="bbox 2076 4202 3664 4261">
     <span class='ocr_line' id='line_1_88' title="bbox 2076 4202 3664 4261; baseline 0.001 -5"><span class='ocrx_word' id='word_1_649' title='bbox 2076 4202 2513 4261; x_wconf 71' lang='lat' dir='ltr'><strong>studiOSissiuius</strong></span> <span class='ocrx_word' id='word_1_650' title='bbox 2564 4203 2637 4257; x_wconf 93' lang='lat' dir='ltr'><strong>tui</strong></span> <span class='ocrx_word' id='word_1_651' title='bbox 2694 4202 2957 4258; x_wconf 82' lang='lat' dir='ltr'><strong>Paulinus</strong></span> <span class='ocrx_word' id='word_1_652' title='bbox 3007 4204 3240 4258; x_wconf 71' lang='lat' dir='ltr'><strong>invexit:</strong></span> <span class='ocrx_word' id='word_1_653' title='bbox 3291 4204 3495 4259; x_wconf 78' lang='lat' dir='ltr'><strong>deinde</strong></span> <span class='ocrx_word' id='word_1_654' title='bbox 3541 4219 3664 4259; x_wconf 80' lang='lat' dir='ltr'><strong>cum</strong></span> 
     </span>
    </p>
   </div>
   <div class='ocr_carea' id='block_1_89' title="bbox 2078 4294 3668 4366">
    <p class='ocr_par' dir='ltr' id='par_1_89' title="bbox 2078 4294 3668 4366">
     <span class='ocr_line' id='line_1_89' title="bbox 2078 4294 3668 4366; baseline 0.004 -19"><span class='ocrx_word' id='word_1_655' title='bbox 2078 4304 2193 4353; x_wconf 85' lang='lat' dir='ltr'><strong>tota</strong></span> <span class='ocrx_word' id='word_1_656' title='bbox 2223 4295 2479 4351; x_wconf 79' lang='lat' dir='ltr'><strong>certatim</strong></span> <span class='ocrx_word' id='word_1_657' title='bbox 2516 4294 2663 4355; x_wconf 75' lang='lat' dir='ltr'><strong>Urbe</strong></span> <span class='ocrx_word' id='word_1_658' title='bbox 2693 4308 2977 4366; x_wconf 77' lang='lat' dir='ltr'><strong>raperetur</strong></span> <span class='ocrx_word' id='word_1_659' title='bbox 2996 4339 3011 4363; x_wconf 89' lang='lat'><strong>,</strong></span> <span class='ocrx_word' id='word_1_660' title='bbox 3038 4300 3377 4359; x_wconf 66' lang='lat' dir='ltr'><strong>exsultantes</strong></span> <span class='ocrx_word' id='word_1_661' title='bbox 3416 4299 3668 4353; x_wconf 82' lang='lat' dir='ltr'><strong>librarios</strong></span> 
     </span>
    </p>
   </div>
   <div class='ocr_carea' id='block_1_90' title="bbox 2078 4386 3665 4456">
    <p class='ocr_par' dir='ltr' id='par_1_90' title="bbox 2078 4386 3665 4456">
     <span class='ocr_line' id='line_1_90' title="bbox 2078 4386 3665 4456; baseline 0 -13"><span class='ocrx_word' id='word_1_662' title='bbox 2078 4386 2213 4449; x_wconf 87' lang='lat' dir='ltr'><strong>vidi,</strong></span> <span class='ocrx_word' id='word_1_663' title='bbox 2244 4386 2397 4455; x_wconf 62' lang='lat' dir='ltr'><strong>quod</strong></span> <span class='ocrx_word' id='word_1_664' title='bbox 2423 4388 2563 4447; x_wconf 86' lang='lat' dir='ltr'><strong>nihil</strong></span> <span class='ocrx_word' id='word_1_665' title='bbox 2588 4388 2655 4443; x_wconf 73' lang='lat' dir='ltr'><strong>ab</strong></span> <span class='ocrx_word' id='word_1_666' title='bbox 2685 4388 2771 4444; x_wconf 85' lang='lat' dir='ltr'><strong>bis</strong></span> <span class='ocrx_word' id='word_1_667' title='bbox 2825 4387 3185 4456; x_wconf 63' lang='lat' dir='ltr'><strong>quaestuosius</strong></span> <span class='ocrx_word' id='word_1_668' title='bbox 3227 4389 3556 4445; x_wconf 73' lang='lat' dir='ltr'><strong>haberetur:</strong></span> <span class='ocrx_word' id='word_1_669' title='bbox 3588 4389 3665 4443; x_wconf 81' lang='lat' dir='ltr'><strong>si-</strong></span> 
     </span>
    </p>
   </div>
   <div class='ocr_carea' id='block_1_91' title="bbox 370 4460 3674 4553">
    <p class='ocr_par' dir='ltr' id='par_1_91' title="bbox 370 4460 3674 4553">
     <span class='ocr_line' id='line_1_91' title="bbox 370 4460 3674 4553; baseline 0 -18"><span class='ocrx_word' id='word_1_670' title='bbox 370 4480 503 4543; x_wconf 90' lang='lat' dir='ltr'><strong>bus,</strong></span> <span class='ocrx_word' id='word_1_671' title='bbox 533 4496 737 4553; x_wconf 73' lang='lat' dir='ltr'><strong>gertere</strong></span> <span class='ocrx_word' id='word_1_672' title='bbox 764 4481 969 4546; x_wconf 78' lang='lat' dir='ltr'><strong>claruS,</strong></span> <span class='ocrx_word' id='word_1_673' title='bbox 1002 4479 1209 4541; x_wconf 75' lang='lat' dir='ltr'><strong>habetis</strong></span> <span class='ocrx_word' id='word_1_674' title='bbox 1238 4495 1467 4545; x_wconf 74' lang='lat' dir='ltr'><strong>uxorem</strong></span> <span class='ocrx_word' id='word_1_675' title='bbox 1491 4460 1741 4541; x_wconf 68' lang='lat' dir='ltr'><strong>altilium</strong></span> <span class='ocrx_word' id='word_1_676' title='bbox 1777 4495 1972 4549; x_wconf 79' lang='lat' dir='ltr'><strong>parvu-</strong></span> <span class='ocrx_word' id='word_1_677' title='bbox 2002 4460 2051 4527; x_wconf 63' lang='grc' dir='ltr'><strong>υ</strong></span> <span class='ocrx_word' id='word_1_678' title='bbox 2076 4478 2300 4549; x_wconf 80' lang='lat' dir='ltr'><strong>quidem</strong></span> <span class='ocrx_word' id='word_1_679' title='bbox 2334 4478 2471 4541; x_wconf 72' lang='lat' dir='ltr'><strong>nihil</strong></span> <span class='ocrx_word' id='word_1_680' title='bbox 2500 4479 2594 4539; x_wconf 86' lang='lat' dir='ltr'><strong>illo</strong></span> <span class='ocrx_word' id='word_1_681' title='bbox 2619 4482 2946 4550; x_wconf 72' lang='lat' dir='ltr'><strong>promptius,</strong></span> <span class='ocrx_word' id='word_1_682' title='bbox 2984 4481 3112 4536; x_wconf 90' lang='lat' dir='ltr'><strong>nihil</strong></span> <span class='ocrx_word' id='word_1_683' title='bbox 3152 4481 3377 4537; x_wconf 83' lang='lat' dir='ltr'><strong>cbarius</strong></span> <span class='ocrx_word' id='word_1_684' title='bbox 3405 4481 3674 4543; x_wconf 82' lang='lat' dir='ltr'><strong>vendere-</strong></span> 
     </span>
    </p>
   </div>
   <div class='ocr_carea' id='block_1_92' title="bbox 372 4574 1975 4648">
    <p class='ocr_par' dir='ltr' id='par_1_92' title="bbox 372 4574 1975 4648">
     <span class='ocr_line' id='line_1_92' title="bbox 372 4574 1975 4648; baseline -0.002 -15"><span class='ocrx_word' id='word_1_685' title='bbox 372 4578 512 4641; x_wconf 89' lang='lat' dir='ltr'><strong>lum,</strong></span> <span class='ocrx_word' id='word_1_686' title='bbox 537 4591 657 4633; x_wconf 90' lang='lat' dir='ltr'><strong>cum</strong></span> <span class='ocrx_word' id='word_1_687' title='bbox 674 4578 727 4633; x_wconf 91' lang='lat' dir='ltr'><strong>in</strong></span> <span class='ocrx_word' id='word_1_688' title='bbox 754 4576 994 4648; x_wconf 61' lang='lat' dir='ltr'><strong>Egypto</strong></span> <span class='ocrx_word' id='word_1_689' title='bbox 1022 4576 1271 4641; x_wconf 81' lang='lat' dir='ltr'><strong>tribunus</strong></span> <span class='ocrx_word' id='word_1_690' title='bbox 1300 4584 1475 4641; x_wconf 86' lang='lat' dir='ltr'><strong>esset,</strong></span> <span class='ocrx_word' id='word_1_691' title='bbox 1508 4586 1563 4631; x_wconf 86' lang='lat' dir='ltr'><strong>et</strong></span> <span class='ocrx_word' id='word_1_692' title='bbox 1592 4574 1975 4645; x_wconf 77' lang='lat' dir='ltr'><strong>frequentibus</strong></span> 
     </span>
    </p>
   </div>
   <div class='ocr_carea' id='block_1_93' title="bbox 375 4667 1973 4739">
    <p class='ocr_par' dir='ltr' id='par_1_93' title="bbox 375 4667 1973 4739">
     <span class='ocr_line' id='line_1_93' title="bbox 375 4667 1973 4739; baseline -0.002 -15"><span class='ocrx_word' id='word_1_693' title='bbox 375 4670 674 4739; x_wconf 65' lang='lat' dir='ltr'><strong>advorsum</strong></span> <span class='ocrx_word' id='word_1_694' title='bbox 721 4669 975 4735; x_wconf 80' lang='lat' dir='ltr'><strong>Bleinbos</strong></span> <span class='ocrx_word' id='word_1_695' title='bbox 1019 4668 1465 4739; x_wconf 80' lang='lat' dir='ltr'><strong>expeditionibus</strong></span> <span class='ocrx_word' id='word_1_696' title='bbox 1501 4667 1752 4737; x_wconf 56' lang='lat' dir='ltr'><strong>quedam</strong></span> <span class='ocrx_word' id='word_1_697' title='bbox 1802 4668 1973 4725; x_wconf 86' lang='lat' dir='ltr'><strong>eremi</strong></span> 
     </span>
    </p>
   </div>
   <div class='ocr_carea' id='block_1_94' title="bbox 375 4760 1979 4835">
    <p class='ocr_par' dir='ltr' id='par_1_94' title="bbox 375 4760 1979 4835">
     <span class='ocr_line' id='line_1_94' title="bbox 375 4760 1979 4835; baseline -0.004 -12"><span class='ocrx_word' id='word_1_698' title='bbox 375 4764 728 4835; x_wconf 74' lang='lat' dir='ltr'><strong>contigisset,</strong></span> <span class='ocrx_word' id='word_1_699' title='bbox 760 4763 1085 4827; x_wconf 78' lang='lat' dir='ltr'><strong>Sanctorum</strong></span> <span class='ocrx_word' id='word_1_700' title='bbox 1118 4762 1284 4825; x_wconf 86' lang='lat' dir='ltr'><strong>etiam</strong></span> <span class='ocrx_word' id='word_1_701' title='bbox 1317 4760 1663 4829; x_wconf 64' lang='lat' dir='ltr'><strong>tabernacula</strong></span> <span class='ocrx_word' id='word_1_702' title='bbox 1693 4761 1979 4831; x_wconf 79' lang='lat' dir='ltr'><strong>complura</strong></span> 
     </span>
    </p>
   </div>
   <div class='ocr_carea' id='block_1_95' title="bbox 373 4854 1977 4925">
    <p class='ocr_par' dir='ltr' id='par_1_95' title="bbox 373 4854 1977 4925">
     <span class='ocr_line' id='line_1_95' title="bbox 373 4854 1977 4925; baseline -0.003 -14"><span class='ocrx_word' id='word_1_703' title='bbox 373 4857 631 4925; x_wconf 86' lang='lat' dir='ltr'><strong>vidisset,</strong></span> <span class='ocrx_word' id='word_1_704' title='bbox 657 4872 686 4923; x_wconf 83' lang='lat' dir='ltr'><strong>a</strong></span> <span class='ocrx_word' id='word_1_705' title='bbox 710 4858 868 4917; x_wconf 78' lang='lat' dir='ltr'><strong>beato</strong></span> <span class='ocrx_word' id='word_1_706' title='bbox 891 4855 1006 4919; x_wconf 79' lang='lat' dir='ltr'><strong>viro</strong></span> <span class='ocrx_word' id='word_1_707' title='bbox 1034 4854 1249 4915; x_wconf 77' lang='lat' dir='ltr'><strong>Joanne</strong></span> <span class='ocrx_word' id='word_1_708' title='bbox 1273 4855 1495 4923; x_wconf 74' lang='lat' dir='ltr'><strong>verbum</strong></span> <span class='ocrx_word' id='word_1_709' title='bbox 1526 4855 1717 4917; x_wconf 83' lang='lat' dir='ltr'><strong>salutis</strong></span> <span class='ocrx_word' id='word_1_710' title='bbox 1744 4854 1977 4922; x_wconf 72' lang='lat' dir='ltr'><strong>accepit.</strong></span> 
     </span>
    </p>
   </div>
   <div class='ocr_carea' id='block_1_96' title="bbox 374 4947 1977 5017">
    <p class='ocr_par' dir='ltr' id='par_1_96' title="bbox 374 4947 1977 5017">
     <span class='ocr_line' id='line_1_96' title="bbox 374 4947 1977 5017; baseline 0.001 -12"><span class='ocrx_word' id='word_1_711' title='bbox 374 4950 488 5007; x_wconf 80' lang='lat' dir='ltr'><strong>Nec</strong></span> <span class='ocrx_word' id='word_1_712' title='bbox 521 4964 768 5017; x_wconf 76' lang='lat' dir='ltr'><strong>moratus</strong></span> <span class='ocrx_word' id='word_1_713' title='bbox 801 4951 1048 5005; x_wconf 86' lang='lat' dir='ltr'><strong>inutilem</strong></span> <span class='ocrx_word' id='word_1_714' title='bbox 1084 4947 1333 5011; x_wconf 84' lang='lat' dir='ltr'><strong>militiam</strong></span> <span class='ocrx_word' id='word_1_715' title='bbox 1362 4964 1485 5011; x_wconf 71' lang='lat' dir='ltr'><strong>cum</strong></span> <span class='ocrx_word' id='word_1_716' title='bbox 1515 4964 1655 5009; x_wconf 79' lang='lat' dir='ltr'><strong>vano</strong></span> <span class='ocrx_word' id='word_1_717' title='bbox 1683 4950 1775 5004; x_wconf 82' lang='lat' dir='ltr'><strong>illo</strong></span> <span class='ocrx_word' id='word_1_718' title='bbox 1806 4949 1977 5007; x_wconf 83' lang='lat' dir='ltr'><strong>hono-</strong></span> 
     </span>
    </p>
   </div>
   <div class='ocr_carea' id='block_1_97' title="bbox 379 5041 1978 5113">
    <p class='ocr_par' dir='ltr' id='par_1_97' title="bbox 379 5041 1978 5113">
     <span class='ocr_line' id='line_1_97' title="bbox 379 5041 1978 5113; baseline -0.003 -13"><span class='ocrx_word' id='word_1_719' title='bbox 379 5060 439 5100; x_wconf 91' lang='lat' dir='ltr'><strong>re</strong></span> <span class='ocrx_word' id='word_1_720' title='bbox 462 5052 838 5111; x_wconf 84' lang='lat' dir='ltr'><strong>contemnere,</strong></span> <span class='ocrx_word' id='word_1_721' title='bbox 870 5058 1115 5107; x_wconf 80' lang='lat' dir='ltr'><strong>erctnutu</strong></span> <span class='ocrx_word' id='word_1_722' title='bbox 1143 5052 1461 5107; x_wconf 80' lang='lat' dir='ltr'><strong>constanter</strong></span> <span class='ocrx_word' id='word_1_723' title='bbox 1490 5042 1795 5113; x_wconf 75' lang='lat' dir='ltr'><strong>ingressus,</strong></span> <span class='ocrx_word' id='word_1_724' title='bbox 1828 5041 1978 5097; x_wconf 85' lang='lat' dir='ltr'><strong>brevi</strong></span> 
     </span>
    </p>
   </div>
   <div class='ocr_carea' id='block_1_98' title="bbox 381 5131 1977 5207">
    <p class='ocr_par' dir='ltr' id='par_1_98' title="bbox 381 5131 1977 5207">
     <span class='ocr_line' id='line_1_98' title="bbox 381 5131 1977 5207; baseline -0.003 -18"><span class='ocrx_word' id='word_1_725' title='bbox 381 5145 631 5205; x_wconf 78' lang='lat' dir='ltr'><strong>tempore</strong></span> <span class='ocrx_word' id='word_1_726' title='bbox 656 5133 717 5201; x_wconf 69' lang='lat' dir='ltr'><strong>iii</strong></span> <span class='ocrx_word' id='word_1_727' title='bbox 742 5133 889 5189; x_wconf 87' lang='lat' dir='ltr'><strong>omni</strong></span> <span class='ocrx_word' id='word_1_728' title='bbox 913 5148 1114 5207; x_wconf 77' lang='lat' dir='ltr'><strong>genere</strong></span> <span class='ocrx_word' id='word_1_729' title='bbox 1138 5132 1398 5197; x_wconf 75' lang='lat' dir='ltr'><strong>virtutum</strong></span> <span class='ocrx_word' id='word_1_730' title='bbox 1424 5131 1702 5203; x_wconf 72' lang='lat' dir='ltr'><strong>perfecuts</strong></span> <span class='ocrx_word' id='word_1_731' title='bbox 1734 5131 1977 5189; x_wconf 84' lang='lat' dir='ltr'><strong>emicuit.</strong></span> 
     </span>
    </p>
   </div>
   <div class='ocr_carea' id='block_1_99' title="bbox 384 5225 1980 5305">
    <p class='ocr_par' dir='ltr' id='par_1_99' title="bbox 384 5225 1980 5305">
     <span class='ocr_line' id='line_1_99' title="bbox 384 5225 1980 5305; baseline -0.001 -22"><span class='ocrx_word' id='word_1_732' title='bbox 384 5226 586 5285; x_wconf 87' lang='lat' dir='ltr'><strong>Potens</strong></span> <span class='ocrx_word' id='word_1_733' title='bbox 601 5226 847 5305; x_wconf 58' lang='lat' dir='ltr'><strong>ieiuniis,</strong></span> <span class='ocrx_word' id='word_1_734' title='bbox 897 5225 1207 5283; x_wconf 87' lang='lat' dir='ltr'><strong>humilitate</strong></span> <span class='ocrx_word' id='word_1_735' title='bbox 1228 5226 1579 5293; x_wconf 76' lang='lat' dir='ltr'><strong>coiiSpicuus,</strong></span> <span class='ocrx_word' id='word_1_736' title='bbox 1622 5225 1729 5285; x_wconf 70' lang='lat' dir='ltr'><strong>(ille</strong></span> <span class='ocrx_word' id='word_1_737' title='bbox 1759 5226 1980 5295; x_wconf 84' lang='lat' dir='ltr'><strong>firmus,</strong></span> 
     </span>
    </p>
   </div>
   <div class='ocr_carea' id='block_1_100' title="bbox 384 5317 1991 5389">
    <p class='ocr_par' dir='ltr' id='par_1_100' title="bbox 384 5317 1991 5389">
     <span class='ocr_line' id='line_1_100' title="bbox 384 5317 1991 5389; baseline -0.002 -15"><span class='ocrx_word' id='word_1_738' title='bbox 384 5319 543 5379; x_wconf 83' lang='lat' dir='ltr'><strong>facile</strong></span> <span class='ocrx_word' id='word_1_739' title='bbox 572 5335 633 5387; x_wconf 80' lang='lat' dir='ltr'><strong>se</strong></span> <span class='ocrx_word' id='word_1_740' title='bbox 659 5318 892 5389; x_wconf 79' lang='lat' dir='ltr'><strong>antiquis</strong></span> <span class='ocrx_word' id='word_1_741' title='bbox 918 5317 1199 5387; x_wconf 76' lang='lat' dir='ltr'><strong>monachis</strong></span> <span class='ocrx_word' id='word_1_742' title='bbox 1229 5318 1638 5383; x_wconf 71' lang='lat' dir='ltr'><strong>studiovirtutis</strong></span> <span class='ocrx_word' id='word_1_743' title='bbox 1652 5326 1991 5388; x_wconf 78' lang='lat' dir='ltr'><strong>aequaverat;</strong></span> 
     </span>
    </p>
   </div>
   <div class='ocr_carea' id='block_1_101' title="bbox 386 5409 1987 5480">
    <p class='ocr_par' dir='ltr' id='par_1_101' title="bbox 386 5409 1987 5480">
     <span class='ocr_line' id='line_1_101' title="bbox 386 5409 1987 5480; baseline -0.003 -11"><span class='ocrx_word' id='word_1_744' title='bbox 386 5429 508 5477; x_wconf 90' lang='lat' dir='ltr'><strong>cum</strong></span> <span class='ocrx_word' id='word_1_745' title='bbox 540 5413 763 5480; x_wconf 68' lang='lat' dir='ltr'><strong>interim</strong></span> <span class='ocrx_word' id='word_1_746' title='bbox 815 5412 985 5477; x_wconf 77' lang='lat' dir='ltr'><strong>subiit</strong></span> <span class='ocrx_word' id='word_1_747' title='bbox 1019 5426 1139 5477; x_wconf 81' lang='lat' dir='ltr'><strong>eum</strong></span> <span class='ocrx_word' id='word_1_748' title='bbox 1171 5411 1432 5479; x_wconf 63' lang='lat' dir='ltr'><strong>cogitatio</strong></span> <span class='ocrx_word' id='word_1_749' title='bbox 1458 5451 1472 5476; x_wconf 91' lang='lat'><strong>,</strong></span> <span class='ocrx_word' id='word_1_750' title='bbox 1526 5409 1722 5480; x_wconf 78' lang='lat' dir='ltr'><strong>injeCta</strong></span> <span class='ocrx_word' id='word_1_751' title='bbox 1750 5426 1843 5478; x_wconf 76' lang='lat' dir='ltr'><strong>per</strong></span> <span class='ocrx_word' id='word_1_752' title='bbox 1872 5409 1987 5469; x_wconf 83' lang='lat' dir='ltr'><strong>dia—</strong></span> 
     </span>
    </p>
   </div>
   <div class='ocr_carea' id='block_1_102' title="bbox 388 5500 1982 5587">
    <p class='ocr_par' dir='ltr' id='par_1_102' title="bbox 388 5500 1982 5587">
     <span class='ocr_line' id='line_1_102' title="bbox 388 5500 1982 5587; baseline -0.003 -16"><span class='ocrx_word' id='word_1_753' title='bbox 388 5505 599 5575; x_wconf 58' lang='lat' dir='ltr'><strong>bolum.</strong></span> <span class='ocrx_word' id='word_1_754' title='bbox 650 5503 795 5587; x_wconf 66' lang='lat' dir='ltr'><strong>quod</strong></span> <span class='ocrx_word' id='word_1_755' title='bbox 832 5504 1031 5571; x_wconf 58' lang='lat' dir='ltr'><strong>melius</strong></span> <span class='ocrx_word' id='word_1_756' title='bbox 1080 5511 1226 5569; x_wconf 72' lang='lat' dir='ltr'><strong>esset</strong></span> <span class='ocrx_word' id='word_1_757' title='bbox 1260 5512 1317 5565; x_wconf 79' lang='lat' dir='ltr'><strong>ut</strong></span> <span class='ocrx_word' id='word_1_758' title='bbox 1359 5500 1573 5567; x_wconf 72' lang='lat' dir='ltr'><strong>rediret</strong></span> <span class='ocrx_word' id='word_1_759' title='bbox 1606 5500 1677 5567; x_wconf 74' lang='lat' dir='ltr'><strong>ad</strong></span> <span class='ocrx_word' id='word_1_760' title='bbox 1717 5501 1982 5573; x_wconf 76' lang='lat' dir='ltr'><strong>patriam.</strong></span> 
     </span>
    </p>
   </div>
   <div class='ocr_carea' id='block_1_103' title="bbox 394 5595 1987 5679">
    <p class='ocr_par' dir='ltr' id='par_1_103' title="bbox 394 5595 1987 5679">
     <span class='ocr_line' id='line_1_103' title="bbox 394 5595 1987 5679; baseline -0.004 -26"><span class='ocrx_word' id='word_1_761' title='bbox 394 5597 676 5679; x_wconf 63' lang='lat' dir='ltr'><strong>ﬁliumque</strong></span> <span class='ocrx_word' id='word_1_762' title='bbox 726 5598 941 5665; x_wconf 83' lang='lat' dir='ltr'><strong>unicum</strong></span> <span class='ocrx_word' id='word_1_763' title='bbox 979 5612 1039 5657; x_wconf 83' lang='lat' dir='ltr'><strong>ac</strong></span> <span class='ocrx_word' id='word_1_764' title='bbox 1079 5595 1299 5659; x_wconf 80' lang='lat' dir='ltr'><strong>domum</strong></span> <span class='ocrx_word' id='word_1_765' title='bbox 1330 5605 1505 5661; x_wconf 74' lang='lat' dir='ltr'><strong>totam</strong></span> <span class='ocrx_word' id='word_1_766' title='bbox 1530 5610 1653 5651; x_wconf 88' lang='lat' dir='ltr'><strong>cum</strong></span> <span class='ocrx_word' id='word_1_767' title='bbox 1685 5611 1851 5661; x_wconf 65' lang='lat' dir='ltr'><strong>uxore</strong></span> <span class='ocrx_word' id='word_1_768' title='bbox 1879 5596 1987 5665; x_wconf 50' lang='lat' dir='ltr'><strong>sals-</strong></span> 
     </span>
    </p>
   </div>
   <div class='ocr_carea' id='block_1_104' title="bbox 395 5687 1990 5767">
    <p class='ocr_par' dir='ltr' id='par_1_104' title="bbox 395 5687 1990 5767">
     <span class='ocr_line' id='line_1_104' title="bbox 395 5687 1990 5767; baseline -0.003 -8"><span class='ocrx_word' id='word_1_769' title='bbox 395 5689 754 5765; x_wconf 59' lang='lat' dir='ltr'><strong>vnrctzttttud</strong></span> <span class='ocrx_word' id='word_1_770' title='bbox 798 5692 981 5758; x_wconf 53' lang='lat' dir='ltr'><strong>ulirtuc</strong></span> <span class='ocrx_word' id='word_1_771' title='bbox 1033 5701 1184 5760; x_wconf 63' lang='lat' dir='ltr'><strong>esset</strong></span> <span class='ocrx_word' id='word_1_772' title='bbox 1230 5688 1509 5767; x_wconf 29' lang='lat' dir='ltr'><strong>acceptius.</strong></span> <span class='ocrx_word' id='word_1_773' title='bbox 1562 5687 1692 5756; x_wconf 67' lang='lat' dir='ltr'><strong>De&quot;.</strong></span> <span class='ocrx_word' id='word_1_774' title='bbox 1745 5703 1913 5763; x_wconf 63' lang='lat' dir='ltr'><strong>quam</strong></span> <span class='ocrx_word' id='word_1_775' title='bbox 1942 5690 1990 5755; x_wconf 72' lang='lat' dir='ltr'><strong>si</strong></span> 
     </span>
    </p>
   </div>
   <div class='ocr_carea' id='block_1_105' title="bbox 2076 4571 3673 4645">
    <p class='ocr_par' dir='ltr' id='par_1_105' title="bbox 2076 4571 3673 4645">
     <span class='ocr_line' id='line_1_105' title="bbox 2076 4571 3673 4645; baseline 0.003 -20"><span class='ocrx_word' id='word_1_776' title='bbox 2076 4580 2185 4635; x_wconf 83' lang='lat' dir='ltr'><strong>tur.</strong></span> <span class='ocrx_word' id='word_1_777' title='bbox 2218 4572 2315 4629; x_wconf 81' lang='lat' dir='ltr'><strong>Hic</strong></span> <span class='ocrx_word' id='word_1_778' title='bbox 2347 4571 2710 4641; x_wconf 82' lang='lat' dir='ltr'><strong>navigationis</strong></span> <span class='ocrx_word' id='word_1_779' title='bbox 2741 4588 2877 4630; x_wconf 70' lang='lat' dir='ltr'><strong>mea:</strong></span> <span class='ocrx_word' id='word_1_780' title='bbox 2912 4589 3134 4633; x_wconf 77' lang='lat' dir='ltr'><strong>cursum</strong></span> <span class='ocrx_word' id='word_1_781' title='bbox 3186 4576 3355 4645; x_wconf 82' lang='lat' dir='ltr'><strong>longe</strong></span> <span class='ocrx_word' id='word_1_782' title='bbox 3377 4584 3509 4630; x_wconf 70' lang='lat' dir='ltr'><strong>alite</strong></span> <span class='ocrx_word' id='word_1_783' title='bbox 3535 4590 3673 4642; x_wconf 71' lang='lat' dir='ltr'><strong>pros-</strong></span> 
     </span>
    </p>
   </div>
   <div class='ocr_carea' id='block_1_106' title="bbox 2076 4664 3670 4736">
    <p class='ocr_par' dir='ltr' id='par_1_106' title="bbox 2076 4664 3670 4736">
     <span class='ocr_line' id='line_1_106' title="bbox 2076 4664 3670 4736; baseline 0.003 -17"><span class='ocrx_word' id='word_1_784' title='bbox 2076 4680 2326 4736; x_wconf 79' lang='lat' dir='ltr'><strong>gressus,</strong></span> <span class='ocrx_word' id='word_1_785' title='bbox 2361 4680 2484 4719; x_wconf 88' lang='lat' dir='ltr'><strong>cum</strong></span> <span class='ocrx_word' id='word_1_786' title='bbox 2518 4664 2587 4721; x_wconf 91' lang='lat' dir='ltr'><strong>ad</strong></span> <span class='ocrx_word' id='word_1_787' title='bbox 2616 4664 2859 4723; x_wconf 77' lang='lat' dir='ltr'><strong>Africam</strong></span> <span class='ocrx_word' id='word_1_788' title='bbox 2890 4665 3162 4723; x_wconf 83' lang='lat' dir='ltr'><strong>venissem</strong></span> <span class='ocrx_word' id='word_1_789' title='bbox 3192 4708 3206 4731; x_wconf 88' lang='lat'><strong>,</strong></span> <span class='ocrx_word' id='word_1_790' title='bbox 3237 4671 3345 4733; x_wconf 71' lang='lat' dir='ltr'><strong>iam</strong></span> <span class='ocrx_word' id='word_1_791' title='bbox 3378 4682 3473 4736; x_wconf 89' lang='lat' dir='ltr'><strong>per</strong></span> <span class='ocrx_word' id='word_1_792' title='bbox 3503 4675 3670 4723; x_wconf 84' lang='lat' dir='ltr'><strong>totam</strong></span> 
     </span>
    </p>
   </div>
   <div class='ocr_carea' id='block_1_107' title="bbox 2077 4758 3675 4830">
    <p class='ocr_par' dir='ltr' id='par_1_107' title="bbox 2077 4758 3675 4830">
     <span class='ocr_line' id='line_1_107' title="bbox 2077 4758 3675 4830; baseline 0.002 -16"><span class='ocrx_word' id='word_1_793' title='bbox 2077 4759 2470 4829; x_wconf 78' lang='lat' dir='ltr'><strong>Carthaginem</strong></span> <span class='ocrx_word' id='word_1_794' title='bbox 2495 4758 2779 4830; x_wconf 83' lang='lat' dir='ltr'><strong>legebatur</strong></span> <span class='ocrx_word' id='word_1_795' title='bbox 2812 4760 3007 4830; x_wconf 81' lang='lat' dir='ltr'><strong>(solus</strong></span> <span class='ocrx_word' id='word_1_796' title='bbox 3058 4777 3185 4815; x_wconf 79' lang='lat' dir='ltr'><strong>eum</strong></span> <span class='ocrx_word' id='word_1_797' title='bbox 3218 4759 3550 4830; x_wconf 81' lang='lat' dir='ltr'><strong>Cyrenensis</strong></span> <span class='ocrx_word' id='word_1_798' title='bbox 3577 4760 3675 4817; x_wconf 83' lang='lat' dir='ltr'><strong>ille</strong></span> 
     </span>
    </p>
   </div>
   <div class='ocr_carea' id='block_1_108' title="bbox 2082 4853 3677 4926">
    <p class='ocr_par' dir='ltr' id='par_1_108' title="bbox 2082 4853 3677 4926">
     <span class='ocr_line' id='line_1_108' title="bbox 2082 4853 3677 4926; baseline 0.003 -19"><span class='ocrx_word' id='word_1_799' title='bbox 2082 4854 2373 4924; x_wconf 64' lang='lat' dir='ltr'><strong>presbyter</strong></span> <span class='ocrx_word' id='word_1_800' title='bbox 2402 4869 2509 4913; x_wconf 75' lang='lat' dir='ltr'><strong>non</strong></span> <span class='ocrx_word' id='word_1_801' title='bbox 2549 4853 2824 4921; x_wconf 83' lang='lat' dir='ltr'><strong>habebat,</strong></span> <span class='ocrx_word' id='word_1_802' title='bbox 2857 4855 2957 4909; x_wconf 84' lang='lat' dir='ltr'><strong>sed</strong></span> <span class='ocrx_word' id='word_1_803' title='bbox 2986 4870 3071 4910; x_wconf 89' lang='lat' dir='ltr'><strong>me</strong></span> <span class='ocrx_word' id='word_1_804' title='bbox 3124 4855 3391 4925; x_wconf 75' lang='lat' dir='ltr'><strong>largiente</strong></span> <span class='ocrx_word' id='word_1_805' title='bbox 3426 4854 3677 4926; x_wconf 78' lang='lat' dir='ltr'><strong>descrip-</strong></span> 
     </span>
    </p>
   </div>
   <div class='ocr_carea' id='block_1_109' title="bbox 2081 4944 3678 5019">
    <p class='ocr_par' dir='ltr' id='par_1_109' title="bbox 2081 4944 3678 5019">
     <span class='ocr_line' id='line_1_109' title="bbox 2081 4944 3678 5019; baseline 0.004 -18"><span class='ocrx_word' id='word_1_806' title='bbox 2081 4944 2213 5015; x_wconf 77' lang='lat' dir='ltr'><strong>sit):</strong></span> <span class='ocrx_word' id='word_1_807' title='bbox 2245 4960 2369 5005; x_wconf 78' lang='lat' dir='ltr'><strong>nam</strong></span> <span class='ocrx_word' id='word_1_808' title='bbox 2400 4946 2530 5015; x_wconf 87' lang='lat' dir='ltr'><strong>quid</strong></span> <span class='ocrx_word' id='word_1_809' title='bbox 2559 4960 2662 5017; x_wconf 80' lang='lat' dir='ltr'><strong>ego</strong></span> <span class='ocrx_word' id='word_1_810' title='bbox 2690 4946 2759 5002; x_wconf 89' lang='lat' dir='ltr'><strong>de</strong></span> <span class='ocrx_word' id='word_1_811' title='bbox 2788 4946 3119 5003; x_wconf 78' lang='lat' dir='ltr'><strong>Alexandria</strong></span> <span class='ocrx_word' id='word_1_812' title='bbox 3162 4949 3385 5018; x_wconf 74' lang='lat' dir='ltr'><strong>loquar?</strong></span> <span class='ocrx_word' id='word_1_813' title='bbox 3416 4948 3501 5005; x_wconf 86' lang='lat' dir='ltr'><strong>ubi</strong></span> <span class='ocrx_word' id='word_1_814' title='bbox 3539 4965 3678 5019; x_wconf 78' lang='lat' dir='ltr'><strong>pene</strong></span> 
     </span>
    </p>
   </div>
   <div class='ocr_carea' id='block_1_110' title="bbox 2082 5038 3675 5112">
    <p class='ocr_par' dir='ltr' id='par_1_110' title="bbox 2082 5038 3675 5112">
     <span class='ocr_line' id='line_1_110' title="bbox 2082 5038 3675 5112; baseline 0.003 -19"><span class='ocrx_word' id='word_1_815' title='bbox 2082 5038 2341 5099; x_wconf 80' lang='lat' dir='ltr'><strong>omnibus</strong></span> <span class='ocrx_word' id='word_1_816' title='bbox 2363 5039 2533 5109; x_wconf 70' lang='lat' dir='ltr'><strong>magis</strong></span> <span class='ocrx_word' id='word_1_817' title='bbox 2559 5055 2720 5109; x_wconf 87' lang='lat' dir='ltr'><strong>quam</strong></span> <span class='ocrx_word' id='word_1_818' title='bbox 2753 5039 2847 5096; x_wconf 91' lang='lat' dir='ltr'><strong>tibi</strong></span> <span class='ocrx_word' id='word_1_819' title='bbox 2884 5050 3047 5095; x_wconf 80' lang='lat' dir='ltr'><strong>notus</strong></span> <span class='ocrx_word' id='word_1_820' title='bbox 3070 5049 3174 5095; x_wconf 86' lang='lat' dir='ltr'><strong>est.</strong></span> <span class='ocrx_word' id='word_1_821' title='bbox 3206 5041 3307 5096; x_wconf 76' lang='lat' dir='ltr'><strong>ilic</strong></span> <span class='ocrx_word' id='word_1_822' title='bbox 3335 5040 3632 5112; x_wconf 53' lang='lat' dir='ltr'><strong>[Egyptian</strong></span> <span class='ocrx_word' id='word_1_823' title='bbox 3661 5082 3675 5103; x_wconf 87' lang='lat'><strong>.</strong></span> 
     </span>
    </p>
   </div>
   <div class='ocr_carea' id='block_1_111' title="bbox 2083 5130 3679 5204">
    <p class='ocr_par' dir='ltr' id='par_1_111' title="bbox 2083 5130 3679 5204">
     <span class='ocr_line' id='line_1_111' title="bbox 2083 5130 3679 5204; baseline 0.003 -18"><span class='ocrx_word' id='word_1_824' title='bbox 2083 5130 2338 5195; x_wconf 81' lang='lat' dir='ltr'><strong>Nitriam,</strong></span> <span class='ocrx_word' id='word_1_825' title='bbox 2364 5131 2701 5193; x_wconf 77' lang='lat' dir='ltr'><strong>Thebaidam</strong></span> <span class='ocrx_word' id='word_1_826' title='bbox 2718 5147 2782 5188; x_wconf 84' lang='lat' dir='ltr'><strong>ac</strong></span> <span class='ocrx_word' id='word_1_827' title='bbox 2806 5142 2916 5189; x_wconf 92' lang='lat' dir='ltr'><strong>tota</strong></span> <span class='ocrx_word' id='word_1_828' title='bbox 2938 5131 3287 5203; x_wconf 75' lang='lat' dir='ltr'><strong>Memphitica</strong></span> <span class='ocrx_word' id='word_1_829' title='bbox 3312 5150 3475 5204; x_wconf 70' lang='lat' dir='ltr'><strong>regna</strong></span> <span class='ocrx_word' id='word_1_830' title='bbox 3502 5146 3679 5195; x_wconf 72' lang='lat' dir='ltr'><strong>litans-</strong></span> 
     </span>
    </p>
   </div>
   <div class='ocr_carea' id='block_1_112' title="bbox 2086 5223 3676 5298">
    <p class='ocr_par' dir='ltr' id='par_1_112' title="bbox 2086 5223 3676 5298">
     <span class='ocr_line' id='line_1_112' title="bbox 2086 5223 3676 5298; baseline -0.001 -19"><span class='ocrx_word' id='word_1_831' title='bbox 2086 5223 2203 5285; x_wconf 85' lang='lat' dir='ltr'><strong>iv&#39;tt.</strong></span> <span class='ocrx_word' id='word_1_832' title='bbox 2264 5224 2421 5283; x_wconf 85' lang='lat' dir='ltr'><strong>llunc</strong></span> <span class='ocrx_word' id='word_1_833' title='bbox 2456 5240 2561 5296; x_wconf 84' lang='lat' dir='ltr'><strong>ego</strong></span> <span class='ocrx_word' id='word_1_834' title='bbox 2588 5226 2641 5283; x_wconf 91' lang='lat' dir='ltr'><strong>in</strong></span> <span class='ocrx_word' id='word_1_835' title='bbox 2670 5242 2857 5291; x_wconf 68' lang='lat' dir='ltr'><strong>ereum</strong></span> <span class='ocrx_word' id='word_1_836' title='bbox 2888 5242 2917 5280; x_wconf 87' lang='lat' dir='ltr'><strong>a</strong></span> <span class='ocrx_word' id='word_1_837' title='bbox 2965 5228 3201 5297; x_wconf 76' lang='lat' dir='ltr'><strong>quodam</strong></span> <span class='ocrx_word' id='word_1_838' title='bbox 3238 5244 3370 5287; x_wconf 83' lang='lat' dir='ltr'><strong>sene</strong></span> <span class='ocrx_word' id='word_1_839' title='bbox 3403 5230 3504 5298; x_wconf 76' lang='lat' dir='ltr'><strong>legi</strong></span> <span class='ocrx_word' id='word_1_840' title='bbox 3534 5227 3676 5281; x_wconf 82' lang='lat' dir='ltr'><strong>vidi:</strong></span> 
     </span>
    </p>
   </div>
   <div class='ocr_carea' id='block_1_113' title="bbox 2088 5317 3684 5385">
    <p class='ocr_par' dir='ltr' id='par_1_113' title="bbox 2088 5317 3684 5385">
     <span class='ocr_line' id='line_1_113' title="bbox 2088 5317 3684 5385; baseline 0.002 -12"><span class='ocrx_word' id='word_1_841' title='bbox 2088 5317 2179 5373; x_wconf 89' lang='lat' dir='ltr'><strong>cui</strong></span> <span class='ocrx_word' id='word_1_842' title='bbox 2207 5331 2335 5381; x_wconf 69' lang='lat' dir='ltr'><strong>cum</strong></span> <span class='ocrx_word' id='word_1_843' title='bbox 2356 5334 2446 5377; x_wconf 71' lang='lat' dir='ltr'><strong>ore</strong></span> <span class='ocrx_word' id='word_1_844' title='bbox 2473 5318 2801 5375; x_wconf 85' lang='lat' dir='ltr'><strong>familiarem</strong></span> <span class='ocrx_word' id='word_1_845' title='bbox 2837 5333 2984 5377; x_wconf 87' lang='lat' dir='ltr'><strong>tuum</strong></span> <span class='ocrx_word' id='word_1_846' title='bbox 3013 5338 3135 5379; x_wconf 85' lang='lat' dir='ltr'><strong>esse</strong></span> <span class='ocrx_word' id='word_1_847' title='bbox 3163 5324 3435 5379; x_wconf 72' lang='lat' dir='ltr'><strong>dixissent</strong></span> <span class='ocrx_word' id='word_1_848' title='bbox 3465 5362 3478 5385; x_wconf 90' lang='lat'><strong>,</strong></span> <span class='ocrx_word' id='word_1_849' title='bbox 3531 5330 3586 5376; x_wconf 72' lang='lat' dir='ltr'><strong>et</strong></span> <span class='ocrx_word' id='word_1_850' title='bbox 3612 5317 3684 5371; x_wconf 76' lang='lat' dir='ltr'><strong>ab</strong></span> 
     </span>
    </p>
   </div>
   <div class='ocr_carea' id='block_1_114' title="bbox 2095 5411 3693 5487">
    <p class='ocr_par' dir='ltr' id='par_1_114' title="bbox 2095 5411 3693 5487">
     <span class='ocr_line' id='line_1_114' title="bbox 2095 5411 3693 5487; baseline -0.006 -12"><span class='ocrx_word' id='word_1_851' title='bbox 2095 5412 2187 5475; x_wconf 83' lang='lat' dir='ltr'><strong>illo</strong></span> <span class='ocrx_word' id='word_1_852' title='bbox 2219 5425 2273 5471; x_wconf 87' lang='lat' dir='ltr'><strong>et</strong></span> <span class='ocrx_word' id='word_1_853' title='bbox 2298 5429 2328 5473; x_wconf 88' lang='lat' dir='ltr'><strong>a</strong></span> <span class='ocrx_word' id='word_1_854' title='bbox 2362 5413 2547 5472; x_wconf 74' lang='lat' dir='ltr'><strong>multis</strong></span> <span class='ocrx_word' id='word_1_855' title='bbox 2587 5414 2857 5472; x_wconf 68' lang='lat' dir='ltr'><strong>irtttnibus</strong></span> <span class='ocrx_word' id='word_1_856' title='bbox 2898 5416 3013 5471; x_wconf 66' lang='lat' dir='ltr'><strong>hinc</strong></span> <span class='ocrx_word' id='word_1_857' title='bbox 3046 5418 3181 5473; x_wconf 70' lang='lat' dir='ltr'><strong>Inibi</strong></span> <span class='ocrx_word' id='word_1_858' title='bbox 3212 5419 3453 5487; x_wconf 71' lang='lat' dir='ltr'><strong>injuncta</strong></span> <span class='ocrx_word' id='word_1_859' title='bbox 3488 5411 3693 5483; x_wconf 69' lang='lat' dir='ltr'><strong>iugatio</strong></span> 
     </span>
    </p>
   </div>
   <div class='ocr_carea' id='block_1_115' title="bbox 2093 5502 3698 5576">
    <p class='ocr_par' dir='ltr' id='par_1_115' title="bbox 2093 5502 3698 5576">
     <span class='ocr_line' id='line_1_115' title="bbox 2093 5502 3698 5576; baseline 0.006 -16"><span class='ocrx_word' id='word_1_860' title='bbox 2093 5515 2197 5569; x_wconf 88' lang='lat' dir='ltr'><strong>est,</strong></span> <span class='ocrx_word' id='word_1_861' title='bbox 2234 5515 2311 5571; x_wconf 62' lang='lat' dir='ltr'><strong>ut,</strong></span> <span class='ocrx_word' id='word_1_862' title='bbox 2337 5506 2385 5559; x_wconf 75' lang='lat' dir='ltr'><strong>si</strong></span> <span class='ocrx_word' id='word_1_863' title='bbox 2411 5522 2665 5576; x_wconf 72' lang='lat' dir='ltr'><strong>umquam</strong></span> <span class='ocrx_word' id='word_1_864' title='bbox 2688 5516 2863 5565; x_wconf 72' lang='lat' dir='ltr'><strong>terras</strong></span> <span class='ocrx_word' id='word_1_865' title='bbox 2892 5509 3023 5564; x_wconf 85' lang='lat' dir='ltr'><strong>istas</strong></span> <span class='ocrx_word' id='word_1_866' title='bbox 3054 5518 3105 5563; x_wconf 90' lang='lat' dir='ltr'><strong>te</strong></span> <span class='ocrx_word' id='word_1_867' title='bbox 3138 5509 3396 5567; x_wconf 75' lang='lat' dir='ltr'><strong>incolumi</strong></span> <span class='ocrx_word' id='word_1_868' title='bbox 3420 5502 3698 5569; x_wconf 43' lang='lat' dir='ltr'><strong>contitsk‘</strong></span> 
     </span>
    </p>
   </div>
   <div class='ocr_carea' id='block_1_116' title="bbox 2094 5598 3716 5668">
    <p class='ocr_par' dir='ltr' id='par_1_116' title="bbox 2094 5598 3716 5668">
     <span class='ocr_line' id='line_1_116' title="bbox 2094 5598 3716 5668; baseline -0.004 -15"><span class='ocrx_word' id='word_1_869' title='bbox 2094 5612 2319 5662; x_wconf 86' lang='lat' dir='ltr'><strong>sem,ea</strong></span> <span class='ocrx_word' id='word_1_870' title='bbox 2379 5604 2430 5652; x_wconf 87' lang='lat' dir='ltr'><strong>te</strong></span> <span class='ocrx_word' id='word_1_871' title='bbox 2458 5599 2711 5668; x_wconf 73' lang='lat' dir='ltr'><strong>supplere</strong></span> <span class='ocrx_word' id='word_1_872' title='bbox 2751 5598 3141 5667; x_wconf 77' lang='lat' dir='ltr'><strong>componerem</strong></span> <span class='ocrx_word' id='word_1_873' title='bbox 3180 5615 3309 5668; x_wconf 57' lang='lat' dir='ltr'><strong>qua</strong></span> <span class='ocrx_word' id='word_1_874' title='bbox 3360 5599 3419 5657; x_wconf 77' lang='lat' dir='ltr'><strong>in</strong></span> <span class='ocrx_word' id='word_1_875' title='bbox 3470 5600 3575 5659; x_wconf 62' lang='lat' dir='ltr'><strong>illo</strong></span> <span class='ocrx_word' id='word_1_876' title='bbox 3599 5602 3716 5651; x_wconf 71' lang='lat' dir='ltr'><strong>tuo</strong></span> 
     </span>
    </p>
   </div>
   <div class='ocr_carea' id='block_1_117' title="bbox 2096 5685 3731 5761">
    <p class='ocr_par' dir='ltr' id='par_1_117' title="bbox 2096 5685 3731 5761">
     <span class='ocr_line' id='line_1_117' title="bbox 2096 5685 3731 5761; baseline -0.013 -5"><span class='ocrx_word' id='word_1_877' title='bbox 2096 5688 2235 5755; x_wconf 72' lang='lat' dir='ltr'><strong>libro</strong></span> <span class='ocrx_word' id='word_1_878' title='bbox 2255 5686 2322 5753; x_wconf 73' lang='lat' dir='ltr'><strong>de</strong></span> <span class='ocrx_word' id='word_1_879' title='bbox 2345 5687 2637 5753; x_wconf 65' lang='lat' dir='ltr'><strong>virtutibus</strong></span> <span class='ocrx_word' id='word_1_880' title='bbox 2666 5688 2810 5749; x_wconf 77' lang='lat' dir='ltr'><strong>beati</strong></span> <span class='ocrx_word' id='word_1_881' title='bbox 2839 5689 2941 5747; x_wconf 82' lang='lat' dir='ltr'><strong>viri</strong></span> <span class='ocrx_word' id='word_1_882' title='bbox 2966 5688 3251 5755; x_wconf 77' lang='lat' dir='ltr'><strong>professus</strong></span> <span class='ocrx_word' id='word_1_883' title='bbox 3269 5705 3328 5752; x_wconf 86' lang='lat' dir='ltr'><strong>es</strong></span> <span class='ocrx_word' id='word_1_884' title='bbox 3350 5685 3731 5761; x_wconf 61' lang='lat' dir='ltr'><strong>praeterisse.</strong></span> 
     </span>
    </p>
   </div>
   <div class='ocr_carea' id='block_1_118' title="bbox 4147 60 4222 3789">
    <p class='ocr_par' dir='ltr' id='par_1_118' title="bbox 4167 519 4184 1674">
     <span class='ocr_line' id='line_1_118' title="bbox 4169 519 4184 666; baseline -0.667 1"><span class='ocrx_word' id='word_1_885' title='bbox 4169 519 4184 666; x_wconf 63' lang='grc' dir='ltr'><strong>ἐξ</strong></span> 
     </span>
     <span class='ocr_line' id='line_1_119' title="bbox 4171 715 4176 782; baseline 0 0"><span class='ocrx_word' id='word_1_886' title='bbox 4171 715 4176 782; x_wconf 89' lang='lat' dir='ltr'><strong>l</strong></span> 
     </span>
     <span class='ocr_line' id='line_1_120' title="bbox 4169 1375 4174 1430; baseline 0 0"><span class='ocrx_word' id='word_1_887' title='bbox 4169 1375 4174 1430; x_wconf 82' lang='grc' dir='ltr'><strong>Ι</strong></span> 
     </span>
     <span class='ocr_line' id='line_1_121' title="bbox 4167 1637 4170 1674; baseline 0 0"><span class='ocrx_word' id='word_1_888' title='bbox 4167 1637 4170 1674; x_wconf 89' lang='grc'>.</span> 
     </span>
    </p>
   </div>
  </div>
