4172 6182
528 278 629 334 199

1894 268 2186 328 SULPICII
2222 268 2472 328 SEVERI

3719 273 3827 331 200

532 397 647 467 Age
696 410 848 466 ergo.
881 394 1007 466 quia
1037 407 1147 449 non
1178 392 1271 448 illa
1318 401 1438 447 arte
1484 390 1677 445 attdire
1708 389 1963 445 desidero
2011 406 2131 460 qua:
2160 394 2213 453 Α
2239 391 2366 457 tior,
2398 391 2525 445 dum
2560 389 2807 444 'l‘uronos
2834 388 3165 460 praeteriret,
3199 404 3227 443 a
3255 388 3488 445 Martino
3508 389 3705 458 saepius
3729 404 3828 459 po—

532 490 736 558 scripta
768 487 1067 553 sufficiunt,
1101 486 1189 540 illa
1253 501 1376 556 quae
1416 493 1529 538 tum
1563 484 1651 539 vel
1699 491 1924 553 propter
1956 484 2134 555 legen-

526 582 683 647 tium,
719 590 777 634 ut
802 579 969 635 credo
992 621 1006 645 ,
1048 577 1327 633 fastidium
1360 577 1677 647 prmtcristi,
1705 576 1893 631 multis
1933 576 1985 631 id
2025 591 2132 631 una

531 688 745 728 mecum
778 688 809 726 a
844 682 894 727 te
918 672 1273 739 poscentibus
1305 671 1673 739 explicentur.

602 765 799 821 XXIV.
845 765 1143 833 Equidem,
1176 764 1529 819 Postumiane
1561 806 1575 829 ,
1605 766 1825 833 inquam
1856 805 1872 831 ,
1903 778 2028 819 cum
2080 773 2135 818 te

523 859 850 931 jamdudum
896 860 964 914 de
994 860 1320 914 Salutorum
1349 858 1643 913 virtutibus
1692 857 1935 913 intentus
1975 856 2132 911 audi-

530 972 669 1024 rem,
708 954 888 1009 tacitis
919 954 987 1008 ad
1022 954 1310 1007 Martinum
1346 969 1524 1008 memn
1574 951 2005 1023 cogitationibus
2047 964 2135 1005 re-

527 1047 813 1103 curtebam
838 1088 852 1109 ,
882 1046 1079 1100 merito
1122 1047 1469 1115 perSpiciens
1499 1046 1679 1099 omnia
1735 1045 1822 1099 illa
1854 1060 1975 1111 qua:
2022 1044 2136 1097 sin-

525 1145 636 1216 guli
671 1144 887 1197 diversa
924 1141 1216 1207 fecissent,
1246 1156 1344 1209 per
1376 1156 1540 1194 unum
1576 1139 1745 1194 istum
1792 1138 1947 1193 facile
1978 1152 2133 1192 com-

527 1237 700 1306 pleta.
733 1234 868 1288 Nam
902 1249 1025 1287 cum
1058 1234 1272 1288 excelsa
1300 1231 1556 1286 retuleris
1580 1230 1746 1300 (quod
1776 1230 1905 1283 tnihi
1930 1230 2135 1284 dixisse

526 1329 684 1385 liceat
710 1343 845 1399 pace
890 1325 1246 1396 Sanctorum)
1284 1367 1299 1392 ,
1344 1325 1478 1379 nihil
1504 1339 1533 1377 a
1560 1332 1613 1378 te
1662 1322 1876 1392 penitus
1906 1323 2131 1386 audivi,

532 1424 586 1479 in
614 1438 721 1494 quo
745 1423 1007 1476 Martinus
1038 1431 1185 1476 esset
1218 1418 1465 1473 inferior.
1490 1417 1597 1471 Sed
1625 1418 1767 1470 sicut
1793 1416 1991 1469 nullius
2016 1430 2135 1467 um-

528 1531 694 1587 quam
726 1530 847 1569 cum
879 1514 1027 1568 illius
1058 1512 1161 1565 viri
1189 1510 1399 1565 meritis
1439 1510 1709 1577 profiteor
1738 1507 2132 1561 conferendam

530 1622 657 1661 esse
691 1607 972 1670 virtutem,
1006 1605 1076 1659 ita
1111 1611 1167 1658 et
1208 1602 1336 1656 illud
1370 1600 1739 1655 animadverti
1772 1599 1971 1664 decet,
2026 1599 2130 1652 itii-

534 1714 641 1769 qua
673 1698 826 1752 illum
860 1713 982 1750 eum
1011 1695 1258 1751 eremitis
1304 1694 1392 1749 vel
1422 1694 1584 1747 etiam
1618 1692 1964 1746 anachoretis
2002 1706 2131 1745 con-

2235 489 2499 557 poseisse,
2532 498 2587 542 ut
2616 488 2663 542 ei
2699 484 3015 541 convivium
3063 485 3116 539 in
3150 500 3249 539 suo
3294 485 3628 539 monasterio
3671 484 3829 540 daret

2233 584 2310 654 (in
2341 600 2449 653 quo
2477 583 2695 653 quidem
2730 581 3040 651 exemplum
3083 580 3228 635 beati
3257 578 3527 636 Ambrosii
3580 579 3824 649 episcopi

2235 675 2582 745 prmferebat,
2616 675 2705 745 qui
2740 690 2806 729 eo
2846 686 3095 742 tempore
3144 676 3399 727 consules
3426 682 3482 727 et
3537 674 3827 742 prazfectos

2232 766 2465 822 subinde
2504 780 2732 835 pascere
2764 764 3063 836 ferebatur)
3095 782 3109 831 ;
3148 765 3242 820 sed
3285 766 3458 820 virum
3501 765 3708 821 altioris
3749 766 3832 820 in-

2234 860 2403 929 genii,
2435 874 2503 913 ne
2525 874 2627 930 qua
2654 875 2721 913 ex
2755 859 2856 913 hoc
2884 859 3096 913 vanitas
3140 869 3301 929 atque
3353 859 3559 914 inflatio
3591 860 3827 929 obrepe-

2235 963 2341 1015 ret,
2366 952 2626 1006 uoluisse.
2660 952 2801 1022 Ergo
2831 950 3054 1006 fatearis
3088 966 3314 1006 necesse
3343 961 3459 1016 est,
3512 952 3564 1005 iu
3597 952 3830 1007 Martino

2234 1047 2476 1099 omnium
2510 1046 2726 1100 illorum
2776 1060 2915 1114 quos
2945 1045 3278 1100 enumerasti
3307 1086 3321 1108 ,
3370 1044 3533 1100 fuisse
3566 1045 3827 1111 virtutes;

2234 1140 2449 1193 Martini
2484 1148 2665 1194 autem
2696 1141 2749 1195 in
2777 1140 2888 1193 illis
2917 1139 3173 1194 omnibus
3201 1153 3308 1193 non
3338 1138 3523 1194 fuisse.

2307 1230 2500 1287 XXVI.
2534 1232 2672 1298 Quid
2709 1242 2780 1297 ιιι,
2810 1232 2982 1297 inquit
3008 1230 3425 1293 Postumianus,
3456 1232 3526 1285 ita
3576 1232 3827 1287 mecum?

2232 1326 2385 1396 quasi
2420 1340 2525 1379 non
2549 1324 2739 1379 eadem
2773 1335 2953 1379 tecum
2997 1324 3228 1379 sentiam
3276 1339 3601 1394 semperque
3636 1339 3828 1380 sense-

2236 1419 2359 1471 rim.
2396 1417 2508 1485 ligo
2539 1432 2670 1470 vero
2695 1417 2873 1486 quoad
2917 1418 3099 1469 vivam
3134 1432 3351 1486 semper
3370 1427 3425 1470 et
3452 1417 3658 1483 sapiam
3687 1457 3701 1479 ,
3732 1416 3829 1471 [Ε-

2234 1510 2385 1579 gypti
2412 1509 2714 1563 monachos
2754 1509 3065 1579 praedicabo
3092 1551 3107 1576 ,
3156 1510 3389 1563 laudabo
3418 1508 3779 1563 auachoretas
3811 1552 3825 1577 ,

2236 1601 2476 1656 mirabor
2502 1604 2792 1667 eremitas;
2824 1602 3109 1656 Martinum
3142 1616 3360 1669 semper
3381 1602 3646 1671 excipiam
3672 1620 3684 1655 :
3718 1617 3823 1656 non

2239 1692 2315 1746 illi
2344 1707 2447 1762 ego
2467 1708 2794 1762 quemquam
2826 1692 3039 1748 audebo
3068 1693 3459 1747 monachorum
3481 1733 3495 1756 ,
3527 1702 3675 1747 certe
3720 1709 3825 1748 non

534 1792 743 1846 ditione
760 1789 1022 1846 conferri.
1053 1788 1134 1843 llli
1185 1787 1328 1841 enim
1361 1786 1429 1839 ab
1460 1784 1611 1838 omni
1642 1784 2034 1853 impedimento
2065 1782 2130 1838 li-
2159 1778 2205 1837 B
2232 1784 2611 1854 episcoporum
2637 1786 2948 1854 quempiam
3002 1799 3343 1855 comparare.
3398 1784 3511 1838 Hoc
3558 1782 3827 1854 Egyptus

530 1885 670 1949 beri,
704 1884 849 1940 etelo
883 1892 1092 1937 tantum
1126 1892 1291 1951 atque
1319 1879 1532 1950 angelis
1563 1879 1816 1945 testibus,
1847 1879 2006 1948 plane
2035 1877 2132 1932 ad-

531 1977 804 2032 mirabilia
836 1978 1109 2030 docentur
1137 1973 1393 2043 Operari:
1429 1973 1531 2027 iste
1560 1972 1611 2026 in
1645 1972 1827 2026 medio
1878 1981 2023 2025 emtu
2076 1980 2133 2025 et

528 2072 953 2127 conversatione
983 2067 1303 2138 p0pulorum
1331 2107 1347 2131 ,
1402 2066 1546 2119 inter
1575 2064 1810 2118 clericos
1861 2062 2131 2118 dissiden-

529 2180 635 2234 tes,
671 2170 815 2223 inter
833 2168 1125 2236 episcOpos
1146 2164 1463 2226 saevientes,
1494 2177 1618 2217 cum
1644 2160 1765 2216 fere
1792 2159 2129 2231 quotidianis

526 2263 799 2319 scandalis
826 2263 951 2316 hinc
977 2272 1141 2331 atque
1171 2257 1298 2313 inde
1350 2266 1696 2327 premeretur
1725 2296 1740 2321 ,
1793 2254 2130 2323 inexpugna-

527 2355 625 2410 bili
656 2364 835 2409 tamen
890 2352 1154 2406 adversus
1182 2346 1366 2405 omnia
1397 2349 1602 2401 virtute
1641 2343 1901 2399 fundatus
1933 2345 2085 2398 stetit
2111 2385 2126 2410 ,

529 2459 584 2505 et
617 2458 765 2503 tanta
796 2457 1054 2517 operatus
1085 2454 1191 2509 est,
1215 2451 1413 2513 quanta
1444 2458 1513 2496 ne
1563 2438 1645 2494 illi
1673 2439 1893 2509 quidem
1928 2452 2063 2506 quos
2100 2453 2129 2492 a

530 2548 582 2596 te
612 2539 920 2595 audivimus
948 2552 1071 2593 esse
1100 2535 1155 2589 in
1188 2549 1377 2591 eremo
1404 2532 1488 2587 vel
1520 2530 1719 2597 fuisse,
1754 2531 2024 2585 fecerunt.
2054 2530 2131 2583 Ac

529 2632 573 2688 si
610 2632 684 2686 illi
719 2630 869 2701 paria
901 2627 1185 2693 fecissent,
1215 2627 1339 2696 quis
1357 2623 1521 2693 iudex
1555 2632 1663 2676 tant
1693 2633 1839 2677 esset
1867 2621 2127 2690 injustus,

533 2734 591 2779 ut
621 2738 731 2778 non
758 2723 922 2777 istum
948 2735 1072 2776 esse
1115 2719 1382 2788 potiorem
1411 2715 1612 2771 merito
1635 2714 1941 2784 iudicaret?
1997 2716 2131 2767 Puta

528 2817 673 2872 enim
699 2816 866 2871 istum
922 2812 1092 2868 fuisse
1124 2810 1355 2865 militem
1384 2810 1475 2878 qui
1508 2808 1829 2878 pugnaverit
1859 2807 1911 2860 in
1944 2805 2131 2874 iniquo

528 2907 650 2962 loco
685 2947 701 2971 ,
726 2915 782 2960 et
837 2917 1019 2960 tamen
1066 2903 1242 2958 victor
1268 2901 1534 2964 evaserit;
1589 2899 1716 2954 illos
1761 2907 1943 2953 autem
1976 2910 2131 2966 aeque

526 3013 799 3067 compone
821 2998 1113 3062 militibus,
1147 2993 1243 3049 sed
1275 2994 1366 3063 qui
1388 3008 1457 3048 ex
1480 3006 1638 3061 aequo
1676 2991 1795 3044 loco
1824 3000 1916 3044 aut
1964 2989 2129 3042 etiam

525 3093 595 3150 de
622 3092 911 3162 superiore
937 3089 1302 3145 certaverint:
1358 3085 1490 3156 quid
1528 3084 1701 3155 ergo?
1732 3084 1837 3138 etsi
1885 3083 2127 3135 omnium

2235 1876 2459 1945 fatetur,
2497 1882 2599 1934 hoc
2628 1879 2810 1950 Syria,
2843 1880 2946 1933 hoc
2974 1879 3233 1948 Ethiops
3266 1880 3533 1950 comperit
3560 1921 3576 1945 ,
3611 1879 3714 1934 hoc
3742 1879 3830 1934 ln-

2233 1973 2331 2028 dus
2379 1974 2614 2039 audivit,
2655 1973 2758 2029 hoc
2788 1974 3021 2029 Parthus
3060 1986 3113 2029 et
3151 1974 3319 2029 Persa
3370 1983 3679 2039 noverunt,
3724 1989 3826 2030 nec

2234 2067 2446 2135 ignorat
2481 2064 2767 2131 Armenia;
2801 2067 3116 2137 Bosphorus
3167 2068 3393 2122 exclusa
3433 2068 3687 2138 cognovit
3719 2110 3734 2134 ,
3772 2077 3829 2123 et

2233 2170 2511 2229 postremo
2542 2160 2586 2213 si
2618 2161 2739 2229 quis
2770 2170 2865 2215 aut
2890 2160 3195 2216 fortunatas
3224 2162 3429 2217 insulas
3465 2203 3478 2227 ,
3511 2172 3602 2217 aut
3626 2161 3828 2232 glacia-

2231 2254 2337 2309 lem
2389 2254 2701 2324 frequentat
2740 2270 3040 2309 oceanum:
3081 2272 3192 2327 quo
3235 2257 3491 2312 miserior
3536 2266 3623 2312 est
3672 2258 3824 2328 regio

2232 2349 2334 2403 ista
2364 2359 2569 2412 nostra,
2598 2365 2718 2419 quae
2744 2357 2952 2404 tantum
2988 2350 3182 2417 virum,
3210 2365 3331 2404 cum
3366 2350 3417 2404 in
3448 2350 3695 2419 proximo
3724 2349 3825 2405 ha-

2233 2439 2435 2505 buerit,
2466 2456 2625 2495 nosse
2661 2456 2766 2495 nou
2802 2443 3023 2497 meruit.
3056 2440 3166 2496 Nec
3208 2450 3390 2497 tamen
3439 2442 3565 2498 huic
3612 2441 3827 2498 crimini

2232 2532 2474 2587 miscebo
2504 2533 2838 2602 populares:
2866 2533 2967 2588 soli
3000 2532 3156 2587 illum
3198 2534 3408 2601 clerici,
3444 2534 3544 2589 soli
3580 2538 3829 2590 nesciunt

2232 2626 2566 2681 sacerdotes.
2598 2625 2711 2681 Nec
2738 2626 3016 2682 immerito
3048 2643 3212 2682 nosse
3244 2628 3398 2682 illum
3435 2628 3603 2683 invidi
3641 2628 3831 2684 nolue-

2232 2728 2395 2773 runt:
2422 2719 2545 2788 quia
2576 2719 2620 2771 si
2648 2719 2880 2773 virtutes
2933 2719 3078 2773 illius
3110 2732 3338 2775 nossent
3368 2762 3384 2788 ,
3438 2735 3533 2775 sua
3562 2720 3689 2775 vitia
3737 2736 3830 2777 co-

2232 2812 2574 2881 gnovissent.
2612 2810 2824 2866 Hui-reo
2853 2811 3037 2866 dicere
3072 2812 3216 2881 quod
3247 2827 3421 2878 nuper
3450 2813 3662 2878 audivi,
3692 2813 3829 2869 infe-

2234 2904 2391 2959 licem
2416 2903 2621 2958 dixisse
2648 2905 2836 2957 nescio
2863 2919 3047 2973 quem,
3080 2914 3130 2958 te
3161 2905 3212 2958 in
3241 2905 3335 2959 illo
3380 2905 3519 2959 libro
3552 2917 3643 2959 tuo
3672 2906 3825 2976 plura

2235 2997 2544 3050 mentitum.
2573 2994 2691 3049 Non
2722 3003 2807 3050 est
2858 2995 3094 3050 hominis
3123 3013 3224 3050 vox
3259 2999 3357 3051 ista
3388 3040 3403 3064 ,
3455 2998 3550 3052 sed
3584 3000 3825 3067 diaboli;

2236 3105 2339 3144 nec
2367 3090 2597 3145 Martino
2630 3092 2681 3145 in
2711 3093 2810 3146 hac
2841 3106 2993 3161 parte
3023 3092 3347 3160 detrahitur,
3372 3094 3466 3150 sed
3492 3094 3625 3150 fides
3651 3095 3828 3151 Evan-

527 3200 631 3239 una
658 3183 885 3239 victoria
914 3193 1036 3247 est,
1071 3196 1177 3235 non
1214 3188 1398 3249 potest
1416 3178 1663 3233 omnium
1706 3190 1830 3231 esse
1873 3191 1974 3245 par
2012 3176 2126 3245 glo-
2157 3169 2202 3231 C
2232 3184 2389 3253 geliis
2418 3184 2744 3253 derogatur:
2798 3202 2921 3239 natu
2954 3201 3077 3240 cum
3114 3187 3377 3243 Dominus
3428 3191 3544 3259 ipse
3590 3199 3826 3247 testatus

525 3277 626 3333 ria.
658 3278 721 3331 Et
752 3286 933 3330 tamen
963 3290 1089 3328 cum
1123 3271 1386 3342 prmclara
1416 3270 1674 3325 retuleris
1694 3310 1710 3333 ,
1735 3283 1766 3322 a
1796 3270 2015 3325 nemine
2046 3284 2131 3323 re-

530 3373 705 3430 tulisti
734 3381 1013 3426 mortuum
1060 3374 1414 3423 suscitatum:
1447 3380 1555 3435 quo
1584 3378 1694 3419 uno
1725 3365 1911 3433 utique
1962 3373 2013 3417 te
2036 3378 2128 3418 ne-

526 3482 684 3523 cessa
705 3477 792 3521 est
815 3463 1066 3519 confiteri
1108 3460 1344 3515 Martino
1368 3459 1646 3513 neminem
1669 3456 2094 3512 conferendum.

602 3558 769 3615 XXV.
796 3556 927 3611 Nam
956 3556 1003 3611 si
1027 3552 1408 3609 admirandum
1433 3560 1541 3618 est,
1572 3550 1720 3621 quod
1751 3550 1905 3603 illum
1929 3547 2129 3619 Egyp-

528 3655 662 3709 tium
694 3651 915 3706 flainma
950 3665 1056 3703 non
1090 3647 1308 3717 attigit;
1344 3646 1434 3702 hic
1460 3660 1678 3715 quoque
1726 3643 1925 3713 sapius
1954 3643 2128 3713 impe-

526 3746 666 3802 ravit
693 3743 983 3801 incendiis.
1013 3742 1072 3797 Si
1104 3740 1355 3795 revolvas
1383 3737 1530 3809 quod
1561 3735 1911 3791 anachoretis
1940 3735 2128 3790 feritas

529 3840 828 3896 bestiarum
877 3837 1017 3892 victa
1071 3834 1392 3899 succubuit;
1439 3832 1525 3887 hic
1575 3830 1916 3885 familiariter
1945 3840 1998 3884 et
2044 3844 2130 3883 ra-

532 3934 673 3989 biem
703 3933 999 3988 bestiarum
1040 3938 1093 3982 et
1122 3929 1458 3996 serpentium
1511 3939 1721 3978 venena
1772 3924 2125 3992 compescuit.

531 4026 685 4093 Quod
718 4025 763 4078 si
794 4024 947 4077 illum
977 4019 1232 4075 conferas
1260 4019 1354 4088 qui
1383 4016 1681 4072 immundis
1709 4015 1989 4085 spiritibus
2033 4014 2131 4069 ob-

530 4131 713 4174 sessos
738 4115 889 4171 verbi
934 4113 1168 4183 imperio
1225 4126 1290 4165 ac
1335 4110 1501 4165 etiam
1549 4108 1885 4163 fimbriarum
1928 4108 2128 4163 virtute

530 4208 789 4273 curabat;
828 4221 896 4262 ne
930 4205 983 4259 in
1015 4206 1116 4259 hac
1142 4202 1361 4273 quidem
1396 4210 1549 4271 parte
1602 4199 1914 4254 inferiorem
1964 4198 2129 4255 fuisse

530 4304 818 4359 llartinum
848 4302 1018 4355 multa
1051 4299 1378 4353 documenta
1410 4305 1557 4351 sunt.
1588 4296 1645 4349 Si
1692 4295 1855 4351 etiam
1880 4295 1949 4350 ad
1972 4295 2125 4350 illum

528 4411 787 4454 recurras
816 4396 907 4465 qui
936 4395 1071 4450 setis
1118 4392 1232 4447 suis
1264 4406 1364 4461 pro
1394 4398 1544 4445 veste
1574 4399 1860 4445 contectus
1906 4389 2131 4461 putaba-

534 4502 620 4547 tur
641 4492 710 4547 ab
736 4489 941 4560 angelis
971 4486 1219 4550 visitari;
1267 4499 1391 4539 cum
1424 4484 1527 4538 isto
1556 4483 1729 4554 angeli
1776 4484 2017 4554 quotidie
2050 4484 2129 4538 lo-

2230 3278 2322 3343 sit,
2359 3278 2663 3332 istiusmodi
2690 3293 2855 3348 opera
2878 3295 2999 3349 qua:
3031 3279 3293 3335 Martinus
3319 3284 3582 3353 implevit,
3615 3285 3683 3339 ab
3708 3300 3826 3340 om-

2232 3369 2388 3423 nibus
2440 3368 2696 3424 fidelibus
2748 3385 2873 3426 esse
2903 3370 3185 3437 facienda;
3235 3374 3327 3443 qui
3377 3376 3664 3430 Martinum
3714 3393 3825 3433 non

2228 3460 2409 3515 credit
2434 3461 2533 3514 ista
2567 3461 2789 3530 fecisse,
2824 3479 2931 3517 non
2963 3465 3435 3520 crcdithristum
3470 3469 3572 3522 iSIa
3599 3468 3823 3526 dixisse.

2229 3550 2334 3607 Sed
2368 3552 2612 3608 infelices
2637 3596 2649 3617 ,
2695 3554 3021 3624 degeneres,
3054 3558 3385 3612 somnolenti
3416 3599 3430 3623 ,
3469 3575 3589 3628 qua:
3620 3560 3725 3631 ipsi
3747 3561 3823 3616 fa-

2230 3658 2356 3699 cere
2382 3660 2486 3699 non
2519 3655 2768 3714 possunt,
2800 3644 2943 3701 facta
2970 3646 3040 3701 ab
3078 3647 3170 3701 illo
3210 3650 3576 3705 erubescunt:
3617 3660 3671 3707 et
3707 3669 3825 3707 ma-

2232 3736 2515 3793 luntillius
2571 3754 2773 3809 negare
2812 3740 3045 3794 virtutes
3075 3781 3089 3803 ,
3134 3756 3293 3809 quam
3351 3755 3503 3795 suam
3568 3742 3823 3799 inertiam

2230 3830 2501 3884 confiteri.
2537 3830 2737 3885 Verum
2767 3831 2925 3885 nobis
2956 3830 3023 3884 ad
3050 3830 3153 3885 alia
3197 3833 3614 3902 properantibus
3640 3836 3824 3891 omnis

2232 3924 2461 3978 iStorum
2490 3925 2749 3979 memoria
2778 3925 3148 3991 relinquatur:
3178 3935 3234 3980 ιιι
3284 3927 3482 3997 potius,
3519 3938 3577 3981 ut
3600 3928 3821 3999 jamdu-

2230 4017 2356 4071 dum
2384 4016 2914 4084 desidero,residua
2953 4018 3165 4073 Martini
3218 4035 3389 4091 opera
3444 4033 3696 4077 coutexe.
3753 4026 3824 4081 At

2230 4122 2354 4177 ego,
2384 4108 2625 4177 inquam,
2650 4108 2888 4163 arbitror
2911 4112 3115 4165 rectius
3141 4112 3282 4166 istud
3314 4130 3343 4166 a
3368 4113 3531 4170 Gallo
3550 4131 3674 4171 esse
3696 4132 3822 4184 pus-

2232 4202 2467 4256 cendum
2500 4242 2515 4267 ,
2565 4205 2766 4273 quippe
2805 4203 2895 4273 qui
2953 4206 3101 4275 plura
3145 4207 3359 4262 noverit
3420 4210 3622 4278 (neque
3672 4212 3819 4265 enim

2230 4297 2485 4368 ignorare
2517 4300 2689 4369 potuit
2720 4301 2967 4371 magistri
2989 4302 3123 4356 facta
3148 4301 3493 4373 discipulus),
3519 4303 3679 4373 etqui
3709 4319 3814 4359 non

2231 4391 2506 4447 immerito
2533 4393 2691 4447 istam
2717 4395 2887 4449 vicem
2919 4410 3025 4449 non
3055 4394 3228 4449 solum
3255 4397 3505 4457 Martino.
3531 4396 3625 4451 sed
3655 4399 3817 4451 etiam

2230 4484 2392 4536 nobis
2415 4482 2640 4548 debeat;
2677 4495 2755 4549 ut,
2786 4486 2914 4554 quia
2954 4499 3056 4555 ego
3092 4486 3200 4555 jam
3242 4486 3437 4540 librum
3466 4486 3643 4551 edidi,
3676 4503 3737 4541 ac
3767 4498 3820 4542 tu

528 4584 857 4655 quebautur.
884 4580 1003 4636 Jam
1038 4594 1170 4633 vero
1206 4577 1472 4632 adversus
1499 4576 1793 4631 vanitatem
1823 4585 1985 4647 atque
2008 4576 2127 4647 jac-
2154 4551 2207 4612 Ῑ)
2233 4575 2501 4630 hactenus
2531 4578 2891 4632 Orientalium
2942 4589 3094 4649 gesta
3130 4582 3446 4634 memorasti
3480 4621 3495 4644 ,
3531 4581 3691 4634 istam
3728 4582 3823 4636 de-

528 4677 754 4733 tantiam
810 4675 883 4730 ita
919 4673 1179 4729 invictum
1228 4672 1480 4740 spiritum
1530 4671 1700 4741 gessit
1733 4712 1747 4737 ,
1778 4680 1835 4725 ut
1868 4670 1954 4725 illa
1998 4670 2126 4724 vitia

526 4770 724 4825 fortius
752 4783 914 4824 nemo
943 4762 1367 4834 contempserit;
1401 4778 1524 4817 cum
1565 4763 1784 4833 quidem
1833 4764 2127 4818 immundis

528 4862 810 4933 spiritibus
837 4860 1054 4915 afflatos
1083 4856 1284 4912 absens
1316 4854 1638 4925 plerumque
1674 4857 1948 4911 curaverit
1974 4897 1989 4921 ,
2026 4872 2127 4912 nec

529 4956 708 5011 solum
734 4954 1028 5011 comitibus
1061 4961 1156 5005 aut
1186 4948 1466 5020 praefectis
1497 4990 1511 5014 ,
1563 4947 1657 5003 sed
1699 4948 1831 5018 ipsis
1858 4949 2017 5004 etiam
2051 4965 2128 5004 re-

527 5049 685 5120 gibus
717 5049 1036 5116 imperaret.
1070 5044 1356 5100 Minimum
1388 5043 1441 5099 id
1480 5043 1701 5113 quidem
1753 5046 1806 5097 in
1839 5044 1986 5099 illius
2016 5046 2128 5099 vir-

526 5141 769 5206 tutibus;
801 5138 895 5194 scd
925 5138 1121 5193 credas
1149 5138 1336 5202 velim,
1372 5151 1480 5191 non
1518 5136 1697 5190 solum
1748 5138 1993 5202 vanitati,
2028 5137 2122 5192 sed

527 5238 709 5295 causis
734 5238 897 5292 etiam
927 5244 1090 5305 atque
1123 5233 1508 5289 occasionibus
1548 5230 1807 5286 vanitatis
1848 5233 2120 5286 nemiuem

526 5330 727 5385 fortius
758 5341 1117 5398 repugnasse.
1152 5325 1328 5380 Parva
1358 5323 1599 5393 quidem,
1631 5325 1725 5376 sed
1759 5339 1864 5376 non
1901 5337 2123 5393 pramer-

523 5423 704 5480 eunda
748 5422 993 5476 dicturus
1036 5434 1189 5473 sum:
1238 5416 1365 5486 quia
1396 5423 1453 5469 et
1494 5416 1590 5469 ille
1646 5415 1946 5469 laudandus
1984 5424 2070 5469 est
2102 5454 2119 5480 ,

521 5520 613 5590 qui
644 5533 854 5573 summa
886 5514 1151 5585 praeditus
1187 5519 1456 5579 potestate
1482 5517 1586 5562 tam
1606 5509 1909 5578 religiosam
1934 5508 1998 5562 ad
2032 5524 2121 5563 re-

522 5613 823 5668 verentiam
859 5610 1001 5664 beati
1032 5609 1132 5661 viri
1163 5602 1472 5661 ostenderit
1505 5603 1866 5656 voluntatem.
1901 5602 2118 5658 Memini

528 5704 871 5762 Vincentium
899 5701 1235 5774 pra'feclttm,
1270 5696 1445 5750 virum
1471 5697 1749 5765 egregiuut
1780 5708 1829 5750 et
1864 5710 1971 5765 quo
1996 5696 2115 5751 uul-

522 5793 605 5851 lus
632 5796 706 5850 sit
731 5797 872 5852 intra
904 5794 1109 5851 Gallias
1131 5788 1282 5847 omni
1309 5788 1570 5844 virtutum
1613 5803 1817 5859 genere
1846 5798 2114 5859 praestan-

2240 4684 2387 4722 mum
2421 4671 2716 4724 necessarii
2746 4673 3018 4726 sermonis
3046 4671 3325 4725 historiam
3367 4671 3555 4726 Gallus
3576 4675 3824 4729 evolvat:

2230 4762 2379 4831 quia,
2412 4773 2467 4816 ut
2488 4763 2623 4827 dixi,
2650 4773 2705 4818 et
2730 4764 2886 4818 nobis
2914 4764 3073 4820 debet
3095 4765 3348 4832 loquendi
3380 4765 3573 4831 vicem,
3600 4774 3656 4819 et
3681 4766 3825 4822 Mar-

2231 4856 2346 4910 tiuo
2375 4870 2477 4909 suo
2506 4898 2520 4921 ,
2562 4856 2768 4921 credo,
2824 4856 3105 4927 praestabit
3160 4866 3218 4910 ut
3256 4873 3364 4912 non
3404 4872 3629 4928 gravate
3678 4860 3824 4916 illius

2231 4950 2369 5004 facta
2398 4960 2811 5006 commemoret.
2842 4951 2958 5021 Ego
2998 4953 3153 5022 plane
3178 4994 3190 5013 ,
3227 4952 3406 5021 inquit
3434 4955 3626 5009 Gallus
3649 4996 3664 5020 ,
3700 4956 3825 5011 licet

2231 5042 2407 5111 impar
2452 5042 2551 5096 sim
2603 5052 2754 5097 tanto
2808 5045 2959 5097 oneri
2998 5085 3011 5109 ,
3057 5054 3235 5099 tamen
3268 5046 3457 5100 relatis
3488 5046 3739 5117 superius
3790 5064 3818 5102 a

2231 5136 2926 5193 Postmnianoobedientia:
2974 5152 3140 5207 cogor
3178 5141 3443 5209 exemplis
3478 5183 3490 5204 ,
3523 5150 3580 5195 tit
3627 5155 3821 5197 inimus

2232 5230 2373 5283 istud
2412 5230 2554 5300 quod
2594 5230 2875 5299 imponitis
2902 5272 2917 5296 ,
2960 5247 3066 5285 non
3115 5248 3393 5287 rthllSt‘llI:
3432 5234 3523 5287 sed
3567 5234 3692 5288 dum
3729 5250 3823 5289 co-

2227 5324 2377 5393 gito,
2424 5340 2508 5379 me
2542 5326 2815 5378 hominem
2862 5324 3071 5381 Gallum
3118 5324 3263 5381 inter
3312 5326 3615 5397 Aquitanos
3657 5328 3821 5383 verba

2228 5416 2520 5483 facturum,
2550 5434 2743 5473 vereor
2782 5434 2852 5474 ne
2880 5419 3124 5475 offendat
3155 5430 3362 5476 vestras
3401 5421 3623 5475 nimium
3665 5423 3823 5474 urba-

2227 5526 2323 5564 nas
2354 5527 2512 5565 aures
2562 5526 2746 5565 sermo
2789 5516 3067 5569 rusuicior.
3111 5514 3359 5569 Audietis
3410 5531 3495 5569 me
3538 5525 3717 5569 tamen
3764 5522 3825 5570 ut

2225 5606 2595 5663 Gurdouiemn
2629 5609 2926 5674 hominem,
2961 5608 3091 5662 nihil
3126 5625 3247 5662 eum
3281 5611 3401 5665 foco
3433 5624 3524 5664 aut
3548 5611 3820 5666 cothurno

2225 5700 2572 5770 loquentem:
2608 5717 2731 5754 nam
2778 5703 2822 5754 si
2857 5700 2987 5753 mihi
3020 5700 3261 5754 tribuitis
3312 5704 3525 5756 Martini
3577 5719 3662 5757 me
3693 5715 3819 5757 esse

2221 5792 2546 5864 discipulum
2577 5834 2592 5859 ,
2629 5793 2761 5849 illud
2809 5793 2975 5849 etiam
3005 5793 3295 5850 concedite
3324 5837 3338 5863 ,
3383 5809 3464 5867 ut,
3487 5797 3621 5851 tuibi
3654 5798 3817 5855 liceat
