4270 6176
307 203 409 260 2M
1730 201 2073 260 DIALOGUS
2110 201 2176 257 11.
3504 203 3612 258 202

309 316 566 389 exemplo
596 316 743 373 illius
763 316 953 373 inanes
982 327 1299 371 sermonum
1331 315 1583 386 phaleras
1609 328 1665 373 et
1717 320 1986 379 verbo-th
2014 326 2069 372 et
2108 315 2253 386 quod
2302 323 2356 369 te
2402 324 2586 370 manet
2639 314 2881 383 explica:
2940 314 3170 370 nimium
3211 316 3356 373 enim
3409 316 3613 374 dudum

311 424 437 464 rum
471 416 793 463 ornamenta
814 418 1191 463 contemnere.
1224 406 1305 462 Tu
1338 422 1491 470 vero,
1524 407 1698 478 inquit
1727 409 1918 464 Postu-

313 502 555 567 mianus,
585 502 670 557 vel
698 500 939 565 Celtice;
971 508 1086 566 aut,
1117 501 1162 554 si
1192 501 1364 554 mavis
1388 544 1402 566 ,
1434 501 1638 557 Gallice
1668 502 1912 573 loquere,

317 595 619 651 dummodo
640 595 749 665 jam
778 594 1074 649 Martinum
1105 593 1369 662 loquaris.
1396 594 1509 664 Ego
1536 603 1717 649 autem
1753 595 1920 664 proﬁ-

320 699 461 757 teor,
495 689 645 761 quia,
669 689 883 744 etiamsi
930 698 1110 743 mutus
1152 703 1304 743 esses
1329 729 1344 751 ,
1373 704 1479 742 non
1530 688 1780 743 defutura
1822 688 1920 743 tibi

320 783 509 848 verba,
535 782 734 852 quibus
760 780 1054 835 Martinum
1082 780 1331 848 quamvis
1355 780 1588 838 facundo
1610 796 1705 835 ore
1728 781 1918 851 loqua-

324 877 438 941 ris;
471 876 614 929 sicut
642 873 929 929 Zachariae
955 874 1008 928 in
1034 873 1263 928 Joannis
1298 875 1522 929 nomine
1561 874 1740 943 lingua
1772 888 1927 929 reso-

320 970 426 1025 luta
444 976 547 1023 est.
574 968 850 1023 Caeterum
882 982 1003 1022 cum
1029 967 1104 1021 sis
1125 966 1510 1032 scholaSticus,
1532 968 1828 1024 artificiose
1847 967 1923 1021 la-

321 1062 418 1127 cis,
443 1072 749 1117 utexcuses
771 1061 1125 1130 imperitiam,
1146 1060 1271 1131 quia
1294 1061 1561 1116 exuberas
1577 1061 1919 1131 eloquentia;

320 1156 418 1212 sed
444 1170 620 1225 neque
652 1153 985 1208 monachum
1034 1163 1140 1208 tam
1174 1164 1414 1209 astutum
1444 1194 1458 1220 ,
1500 1169 1677 1223 neque
1708 1153 1918 1209 Gallum

325 1248 484 1304 decet
511 1261 634 1302 esse
666 1256 773 1301 tam
800 1245 1077 1301 callidum.
1107 1243 1310 1301 Verum
1356 1245 1659 1316 aggredere
1690 1247 1870 1315 potius
1904 1287 1919 1311 ,

2014 410 2148 464 alias
2178 422 2266 464 res
2294 418 2519 479 agentes
2549 408 2925 463 consumimus
2960 416 3213 477 tempus;
3253 418 3306 463 et
3339 408 3451 479 jam
3482 410 3616 465 solis

2018 501 2235 556 occidui
2265 501 2455 555 umbra
2502 500 2765 571 prolixior
2814 510 3032 565 monet,
3068 517 3175 555 non
3225 501 3458 557 multum
3509 502 3618 558 diei

2016 596 2192 649 vicina
2226 604 2387 649 nocte
2433 608 2744 659 superesse.
2788 593 2995 648 Deinde
3021 608 3145 649 cum
3192 596 3470 664 paululum
3499 610 3619 650 om—

2018 703 2116 743 nes
2159 687 2655 751 cunticuissemus,
2705 686 2893 741 Gallus
2939 687 3013 740 ita
3059 688 3254 757 coepit:
3300 688 3614 745 Cavendum

2019 780 2153 834 mihi
2187 779 2458 850 imprimis
2485 793 2610 833 esse
2637 779 2877 834 arbitror
2899 821 2913 846 ,
2945 794 3013 834 ne
3043 794 3110 835 ea
3137 780 3205 837 de
3256 782 3478 836 Martini
3509 783 3617 837 vir-

2026 873 2229 928 tutibus
2254 883 2520 942 repetam,
2545 887 2667 942 quae
2692 873 2743 925 in
2776 872 2921 927 libro
2947 888 3047 928 suo
3072 874 3347 945 Sulpicius
3373 875 3476 930 iste
3496 891 3619 932 me-

2026 966 2279 1021 moravit.
2314 965 2466 1021 Unde
2491 966 2665 1035 prima
2702 966 2852 1021 illius
2891 967 3036 1021 inter
3082 967 3427 1023 militandum
3466 979 3621 1038 gesta

2020 1069 2312 1131 praetereo,
2347 1073 2526 1128 neque
2550 1074 2613 1114 ea
2647 1061 2908 1128 attingam
2933 1075 3055 1127 quat
3086 1060 3255 1115 laicus
3282 1062 3391 1131 egit
3417 1076 3478 1115 ac
3500 1077 3621 1117 mo-

2025 1155 2265 1209 nachus:
2299 1168 2397 1209 nec
2437 1168 2572 1208 vero
2602 1152 2793 1207 audita
2824 1154 2893 1208 ab
2922 1154 3045 1209 aliis
3079 1153 3263 1223 potius
3314 1169 3473 1223 quam
3503 1170 3624 1225 quae

2023 1247 2131 1301 vidi
2166 1248 2305 1317 ipse,
2329 1246 2580 1302 dicturus
2610 1262 2751 1302 sum.

1583 1534 2192 1623 DIALOGUS
2269 1536 2390 1619 II.

1407 1694 1528 1757 Sed
1558 1696 1772 1773 potius
1807 1694 2070 1776 Dialogt’
2104 1696 2130 1757 Ι
2159 1712 2311 1776 pars
2332 1694 2558 1759 altera.

407 2004 445 2061 Ι.
482 2004 600 2073 Quo
629 2003 809 2074 primo
840 2001 1006 2072 igitur
1027 2009 1280 2071 tempore
1310 1996 1522 2054 relictis
1544 1994 1747 2051 scholis
1770 1996 1931 2051 beato
1960 1997 2011 2058 B
2038 1993 2278 2064 quinque
2315 2004 2684 2065 comparatam
2727 1997 3001 2067 argenteis
3051 2001 3236 2071 rapit,
3292 2010 3458 2074 atque
3508 2013 3636 2063 ante

334 2115 425 2155 me
454 2099 571 2152 viro
596 2097 772 2167 juuxi,
807 2109 1011 2166 paucos
1039 2103 1165 2165 post
1208 2092 1328 2149 dies
1373 2100 1593 2146 euntem
1642 2089 1711 2145 ad
1749 2089 1929 2145 eccle-

336 2192 477 2246 siam
523 2190 902 2260 sequebamur.
960 2186 1179 2242 Interim
1213 2187 1261 2242 ei
1310 2184 1631 2240 seminudus
1686 2181 1934 2238 hibernis

336 2285 625 2341 mensibus
654 2299 861 2355 pauper
886 2286 1127 2339 occurrit
1154 2322 1171 2349 ,
1202 2295 1367 2336 orans
1412 2280 1513 2335 sibi
1545 2279 1931 2334 vestimentum

338 2377 475 2431 dari.
510 2376 666 2431 Tunc
697 2376 811 2440 ille,
835 2378 1104 2431 arcessito
1130 2373 1542 2438 archidiacono,
1568 2372 1937 2441 jussitalgen-

340 2477 448 2524 tem
477 2470 597 2524 sine
619 2467 890 2523 dilatione
930 2467 1123 2523 vestiri
1146 2508 1160 2528 ,
1192 2465 1394 2522 deinde
1444 2463 1803 2520 secretarium
1856 2464 1939 2517 in-

340 2577 586 2633 gressus,
628 2576 751 2616 cum
782 2561 957 2626 solus,
983 2570 1042 2614 ut
1069 2568 1189 2614 erat
1217 2557 1294 2613 illi
1324 2556 1666 2613 consuetudo
1692 2597 1707 2622 ,
1733 2554 1939 2610 reside-

341 2664 426 2709 ret
463 2654 625 2725 (hanc
665 2652 810 2708 enim
862 2651 966 2707 sibi
997 2650 1163 2706 etiam
1217 2652 1268 2704 in
1309 2649 1545 2705 ecclesia
1588 2646 1937 2702 solitudinem

344 2746 608 2817 permissa
638 2744 859 2799 clericis
891 2742 1145 2797 libertate
1171 2741 1502 2813 praestabat;
1544 2754 1666 2794 cum
1717 2737 1938 2808 quidem

346 2841 398 2894 in
430 2840 538 2893 alio
561 2837 859 2893 secretario
890 2835 1191 2907 presbyteri
1234 2836 1495 2890 sederent
1519 2832 1609 2887 vel
1658 2832 1943 2886 salutatio-

348 2930 511 2986 nibus
551 2938 844 2996 vacantes,
895 2928 983 2983 vel
1027 2927 1315 2983 audiendis
1364 2926 1601 2997 negotiis
1653 2924 1939 2995 occupati:

346 3024 641 3079 Martinum
672 3039 804 3079 vero
832 3037 1005 3092 usque
1046 3023 1098 3076 in
1128 3037 1249 3079 eam
1290 3022 1478 3076 horam
1524 3035 1628 3091 qua
1676 3018 1941 3076 solemnia

348 3116 553 3187 populo
600 3115 683 3185 agi
728 3113 1077 3169 consuetudo
1129 3113 1496 3183 deposceret,
1560 3128 1656 3167 sua
1683 3110 1944 3168 -solitudo

350 3210 663 3265 cohibebat.
696 3208 833 3263 Illud
864 3222 971 3263 non
1015 3207 1336 3277 prazteribo,
1367 3206 1513 3277 quod
1545 3207 1597 3261 in
1646 3206 1945 3261 secretario

351 3303 551 3358 sedens
594 3316 886 3372 numquam
920 3299 1179 3357 cathedra
1214 3315 1343 3355 usus
1371 3311 1456 3357 est
1487 3317 1501 3353 :
1535 3316 1658 3355 nam
1686 3299 1740 3354 in
1770 3298 1948 3355 eccle-

2035 2086 2249 2141 Martini
2280 2088 2448 2157 pedes
2476 2091 2647 2145 iratus
2677 2093 2928 2161 exponit.
2985 2093 3088 2159 En,
3151 2096 3349 2165 inquit,
3378 2106 3587 2154 vestem
3620 2114 3634 2150 :

2033 2182 2129 2236 sed
2161 2198 2367 2252 pauper
2398 2183 2488 2239 hic
2513 2199 2620 2239 non
2652 2193 2756 2240 est.
2790 2185 2889 2242 Ille
2919 2187 3051 2241 nihil
3082 2199 3263 2243 motus
3284 2232 3298 2255 ,
3327 2191 3482 2259 jubet
3512 2208 3636 2247 eum

2034 2277 2305 2345 paululum
2331 2285 2479 2333 stare
2512 2295 2610 2347 pro
2639 2280 2847 2335 foribus
2877 2320 2889 2343 ,
2920 2292 3196 2337 secretum
3228 2285 3418 2352 utique
3442 2301 3639 2354 procu-

2034 2385 2163 2424 rans
2190 2370 2317 2425 dum
2340 2372 2439 2425 sibi
2465 2384 2670 2428 veSIem
2703 2374 2879 2429 nudus
2905 2376 3245 2446 imponeret;
3279 2380 3405 2432 totis
3433 2379 3640 2433 viribus

2036 2460 2351 2526 elaborans,
2382 2470 2443 2517 ut
2484 2474 2673 2532 posset
2720 2467 2995 2521 occultum
3045 2482 3171 2523 esse
3216 2468 3360 2537 quod
3414 2469 3639 2525 fecerat.

2040 2553 2147 2609 Sed
2180 2556 2399 2625 quando
2430 2555 2485 2610 in
2511 2557 2714 2612 sanctis
2746 2558 2880 2612 viris
2910 2559 3077 2614 latent
3106 2560 3248 2614 ista?
3273 2564 3647 2631 quierentibus

2037 2647 2205 2701 velint
2236 2648 2407 2700 nolint
2436 2656 2629 2704 cuncta
2661 2650 2989 2718 produntur.

2112 2736 2179 2791 Il.
2210 2738 2345 2793 Cum
2374 2738 2476 2794 hac
2508 2740 2674 2810 igitur
2695 2741 2976 2797 oblaturus
3014 2744 3339 2799 sacriﬁcium
3364 2748 3478 2802 Deo
3495 2760 3648 2805 veste

2042 2830 2308 2901 procedit.
2344 2833 2461 2900 Quo
2492 2832 2710 2901 quidem
2744 2833 2833 2888 die
2858 2834 3017 2901 (mira
3055 2835 3304 2892 dicturus
3334 2842 3478 2910 sum)
3520 2856 3645 2896 cum

2039 2925 2151 2995 jam
2182 2926 2454 2990 altarium,
2481 2926 2623 2981 sicut
2652 2937 2736 2983 est
2762 2928 3036 2995 solemne,
3080 2931 3433 2988 benediceret
3464 2951 3478 2999 ;
3531 2936 3648 3005 glo-

2044 3017 2172 3071 bum
2203 3018 2344 3088 ignis
2365 3019 2430 3073 de
2456 3020 2633 3089 capite
2668 3021 2813 3075 illius
2842 3021 3080 3077 vidimus
3112 3026 3377 3092 emicare,
3414 3029 3486 3081 ita
3512 3038 3573 3082 ut
3598 3028 3652 3083 in

2046 3111 2281 3167 sublime
2329 3113 2755 3179 conscendens,
2817 3114 3037 3185 longum
3092 3117 3387 3173 admodum
3442 3120 3651 3175 crinem

2048 3202 2265 3259 ﬂamma
2313 3204 2657 3274 produceret.
2704 3205 2820 3262 Hoc
2871 3207 2999 3262 licet
3037 3209 3405 3264 celeberrimo
3452 3211 3654 3266 fat-tum

2049 3296 2137 3351 die
2159 3298 2215 3352 in
2247 3314 2438 3370 magna
2472 3300 2658 3369 populi
2688 3300 3039 3356 multitudine
3067 3302 3394 3369 viderimus,
3418 3320 3520 3357 una
3542 3315 3657 3359 tan-

352 3395 431 3451 sia
470 3410 633 3452 nemo
662 3409 916 3465 umquam
966 3394 1117 3448 illum
1175 3393 1370 3449 sedere
1410 3393 1737 3462 conspexit;
1804 3392 1946 3446 sicut
1974 3390 2018 3452 C
2052 3399 2164 3444 tum
2191 3390 2261 3446 de
2288 3391 2613 3461 virginibus,
2638 3402 2693 3448 et
2720 3408 2863 3449 unus
2888 3394 2957 3449 de
2998 3396 3359 3467 presbyteris,
3388 3407 3497 3452 tres
3539 3408 3658 3453 tan-

354 3487 649 3559 qnemdam
687 3500 855 3556 nuper
878 3524 895 3551 ,
942 3495 1117 3541 testor
1158 3485 1436 3540 dominum
1462 3527 1475 3548 ,
1507 3501 1615 3539 non
1664 3483 1784 3539 sine
1821 3498 1947 3539 meo

355 3575 568 3648 pudore
592 3576 699 3630 vidi
755 3576 977 3631 sublimi
1020 3575 1161 3632 solio
1188 3586 1243 3631 et
1296 3576 1448 3645 quasi
1495 3576 1643 3645 regio
1692 3573 1949 3629 tribunali

354 3671 499 3725 celsa
524 3668 656 3723 sede
693 3669 1050 3724 residentem.
1094 3667 1332 3723 Sedebat
1369 3677 1549 3722 autem
1580 3666 1846 3721 Martinus
1896 3666 1949 3720 in

356 3761 550 3816 cellula
582 3762 855 3815 rusticana
887 3801 901 3825 ,
935 3770 994 3814 ut
1024 3768 1155 3815 sunt
1203 3761 1322 3814 istae
1372 3760 1427 3814 in
1485 3758 1670 3814 usibus
1703 3760 1951 3814 servulo-

361 3868 517 3920 rum,
550 3867 687 3923 quas
718 3866 818 3906 nos
854 3852 1045 3906 rustici
1082 3850 1222 3906 Galli
1256 3852 1505 3921 tripelias
1534 3892 1549 3917 ,
1582 3867 1677 3906 vos
1708 3851 1953 3908 scholas-

361 3945 475 4011 tici,
500 3954 592 3998 aut
616 3954 767 3999 certe
790 3954 845 3999 tu
874 3943 964 4014 qui
991 3944 1061 3998 de
1084 3943 1293 3999 Cra-cia
1325 3945 1505 4009 venis,
1539 3946 1783 4015 tripodas
1812 3962 1956 4000 nun-

360 4035 632 4108 cupatis);
665 4037 768 4091 huc
812 4052 945 4107 ergo
977 4047 1255 4091 secretum
1289 4037 1430 4091 beati
1479 4038 1592 4092 viri"
1627 4055 1837 4110 pauper
1863 4040 1955 4095 ille

358 4141 658 4202 captatum,
692 4145 815 4186 cum
849 4130 900 4187 ei
933 4130 1363 4186 archidiaconus
1398 4131 1531 4187 dare
1572 4132 1804 4186 tunicam
1847 4131 1958 4187 dis—

362 4225 601 4289 tulisset,
636 4226 855 4293 irrupit,
885 4224 1282 4278 dissimulatum
1314 4238 1376 4279 se
1400 4238 1429 4277 a
1456 4224 1659 4279 clerico
1691 4238 1954 4293 querens,

361 4333 423 4372 ac
452 4320 641 4388 algere
685 4317 1002 4386 deplorans.
1057 4317 1171 4375 Nec
1220 4334 1407 4373 mora:
1453 4318 1685 4372 Sanctus
1718 4333 1959 4389 paupere

364 4428 469 4466 non
499 4411 740 4478 vidente,
768 4411 912 4466 intra
942 4411 1315 4482 amphibalum
1356 4412 1463 4468 sibi
1520 4412 1756 4468 tunicam
1788 4414 1960 4467 laten-

367 4516 447 4559 ter
474 4504 681 4569 educit,
717 4520 1117 4575 pauperemque
1138 4516 1450 4559 conlectum
1478 4505 1759 4561 discedere
1783 4506 1957 4575 jubet.

368 4597 501 4653 Dein
530 4601 686 4665 puth
728 4608 848 4667 post
888 4597 1307 4653 archidiaconus
1350 4598 1627 4669 ingressus
1658 4599 1914 4654 admonet
1944 4640 1960 4666 ,

369 4708 468 4762 pro
496 4692 894 4748 consuetudine
926 4702 1246 4761 exspectare
1300 4694 1349 4747 in
1395 4694 1627 4765 ecclesia
1671 4696 1959 4764 pupulum:

2050 3490 2165 3537 tum
2194 3483 2381 3538 videre
2417 3484 2484 3538 de
2514 3485 2797 3540 monachis
2833 3504 2847 3542 :
2885 3489 3071 3541 caeteri
3103 3503 3200 3542 cur
3237 3505 3342 3543 non
3392 3490 3654 3559 viderint,

2055 3594 2159 3633 non
2193 3588 2373 3647 potest
2394 3580 2565 3633 nostri
2596 3595 2721 3634 esse
2744 3580 2959 3648 judicii.
2987 3581 3091 3636 Per
3113 3582 3255 3636 idem
3281 3583 3393 3638 fere
3418 3594 3655 3653 tempus,

2052 3686 2173 3726 cum
2208 3671 2508 3725 Evanthius
2536 3673 2843 3727 avunculus
2870 3688 3047 3742 meus,
3084 3675 3165 3728 vir
3192 3676 3321 3729 licet
3348 3677 3530 3729 sa'Culi
3564 3692 3660 3732 ne-

2053 3762 2219 3834 getiis
2242 3773 2561 3834 occupatus,
2596 3773 2777 3819 tamen
2808 3764 3101 3819 admodum
3138 3765 3505 3836 Christianus,
3532 3784 3662 3837 gra-

2056 3858 2277 3913 vissima
2309 3857 2636 3925 (egritudine
2658 3867 2903 3913 extremo
2930 3859 3122 3913 mortis
3143 3860 3384 3929 periculo
3405 3864 3667 3931 cmpisset

2057 3951 2260 4021 urgeri,
2288 3951 2575 4005 Martinum
2607 3949 2875 4005 evocavit.
2902 3950 3012 4005 Nec
3038 3963 3326 4007 cunctatus
3356 3952 3446 4007 ille
3471 3969 3665 4022 prope-

2057 4045 2199 4099 ravit
2231 4061 2243 4096 :
2278 4045 2427 4113 prius
2459 4052 2638 4097 tamen
2671 4058 2831 4111 quam
2876 4044 3113 4098 medium
3156 4047 3255 4098 via:
3305 4046 3540 4114 spatium
3583 4048 3667 4102 vir

2061 4137 2255 4192 beatus
2277 4138 2583 4201 evolveret,
2614 4138 2870 4191 virtutem
2900 4137 3248 4193 advenientis
3277 4142 3450 4194 sensit
3492 4156 3670 4210 {egro-

2062 4239 2149 4282 tus
2175 4238 2553 4297 :‘receptaque
2570 4231 2832 4283 continuo
2859 4231 3115 4292 sanitate,
3140 4230 3491 4307 venientibus
3508 4234 3668 4287 nobis

2061 4321 2273 4376 obviam
2306 4322 2423 4388 ipse
2456 4320 2744 4389 processit.
2784 4322 2971 4377 Altera
3004 4321 3091 4376 die
3122 4321 3304 4377 redire
3350 4326 3666 4393 cupientem

2064 4428 2256 4484 magna
2285 4428 2446 4481 prece
2470 4413 2704 4467 detinuit
2734 4430 2748 4479 ;
2774 4428 2896 4468 cum
2922 4414 3141 4468 interim
3176 4431 3342 4469 unum
3375 4430 3407 4470 e
3460 4415 3669 4471 familia

2062 4521 2294 4577 puerum
2339 4506 2531 4561 lethali
2572 4506 2683 4561 ictu
2731 4522 2960 4574 serpens
3019 4509 3247 4575 perculit
3283 4525 3296 4561 :
3340 4525 3501 4575 quem
3552 4509 3665 4579 jam

2065 4601 2372 4656 exanimem
2400 4600 2449 4653 vi
2479 4599 2675 4655 veneni
2710 4601 2824 4668 ipse
2852 4599 3157 4655 Evanthius
3187 4602 3300 4657 suis
3332 4604 3572 4655 humeris
3608 4604 3672 4656 il—

2066 4691 2233 4746 latum
2268 4702 2394 4753 ante
2429 4693 2595 4760 pedes
2626 4692 2801 4746 saneti
2852 4693 2975 4757 viri,
3024 4695 3151 4747 nihil
3205 4695 3281 4749 illi
3334 4695 3675 4763 impossibile

369 4787 521 4841 illum
565 4787 633 4841 ad
666 4790 873 4856 agenda
915 4789 1183 4843 solemnia
1237 4788 1439 4844 debere
1496 4790 1817 4857 procedere.
1864 4790 1960 4845 Cui
1990 4784 2041 4844 D
2068 4786 2327 4843 conlisus.
2358 4788 2633 4852 exposuit.
2684 4785 2913 4854 Jamque
2955 4802 3013 4842 se
3064 4789 3264 4842 malum
3302 4805 3527 4857 serpens
3578 4808 3675 4861 per

370 4881 459 4935 ille
489 4881 827 4950 rcSpOndens
851 4880 950 4946 ait,
982 4896 1277 4951 pauperem
1330 4882 1477 4951 prius
1526 4882 1621 4949 (de
1675 4898 1735 4938 se
1786 4890 1964 4937 autem

372 4972 614 5045 dierbat)
642 4986 899 5044 oportere
923 4977 1110 5032 vestiri
1134 4996 1146 5029 :
1168 4992 1228 5031 se
1259 4978 1324 5029 ad
1357 4977 1643 5032 ecclesiam
1679 4993 1784 5030 mm
1813 4992 1971 5045 posse

374 5069 700 5137 procedere.
734 5070 835 5123 nisi
873 5080 1078 5125 vestem
1114 5084 1320 5139 pauper
1356 5070 1650 5139 acciperet.
1701 5067 1971 5122 Diacoiius

371 5174 499 5215 vero
534 5161 664 5215 nihil
690 5161 1028 5231 intelligens,
1061 5162 1183 5231 quia
1209 5162 1550 5217 extrinsecus
1578 5158 1823 5214 iudutmn
1858 5174 1971 5213 atu-

372 5254 620 5324 phibalo,
655 5263 810 5310 veste
837 5254 1044 5309 nudum
1065 5254 1420 5308 interiusnon
1437 5253 1677 5310 videbat.
1697 5260 1976 5319 posnemo

2069 4881 2251 4935 omnia
2294 4881 2534 4933 membra
2586 4878 2897 4933 dilluderat.
2938 4882 3182 4938 Cernere
3226 4884 3482 4939 omntbus
3521 4885 3677 4940 venis

2065 4973 2307 5027 inﬂatam
2332 4985 2536 5035 cutem,
2562 4980 2617 5025 et
2638 4972 2703 5024 ad
2740 4974 2875 5025 utris
2902 4972 3073 5026 inStar
3098 4982 3257 5027 tensa
3289 4977 3497 5030 vitalia.
3537 4979 3675 5032 Mar-

2073 5068 2221 5121 tinus
2250 5076 2499 5134 porrecta
2542 5081 2725 5129 manu,
2784 5067 3034 5120 universa
3075 5069 3226 5133 pueri
3268 5073 3507 5125 membra
3556 5088 3681 5141 per-

2077 5167 2356 5220 tractans,
2406 5156 2634 5226 digitum
2687 5171 2857 5225 prope
2905 5160 3079 5226 ipsum
3131 5162 3511 5217 vnlnuscnlum
3573 5177 3681 5232 quo

2079 5251 2250 5305 bestia
2278 5249 2425 5303 virus
2454 5248 2748 5315 infuderat,
2778 5244 3081 5305 ﬁxitCTutn
3103 5268 3237 5308 Vero
3261 5257 3690 5323 (miraoietmus

374 5362 675 5419 pauperem
714 5363 820 5402 non
866 5361 1191 5417 comparere
1247 5358 1525 5400 eausatur.
1561 5332 1719 5408 Mihi,
1753 5345 1929 5413 inquit
1961 5384 1977 5411 ,
2082 5341 2227 5414 sum)
2256 5341 2493 5396 vidnnus
2518 5358 2788 5397 venenum
2814 5360 2880 5397 ex
2909 5346 3055 5398 otnni
3086 5356 3234 5415 parte
3268 5360 3577 5403 revocatum
3615 5340 3697 5396 ad

374 5447 543 5497 vestis
593 5460 717 5513 qua:
763 5454 1070 5513 praeparata
1115 5449 1231 5507 est,
1271 5440 1580 5495 deferatur:
1624 5453 1831 5508 pauper
1872 5452 1978 5491 non
2083 5436 2297 5490 Martini
2330 5437 2557 5506 digitum
2586 5452 2773 5491 cucurr
2793 5438 2900 5492 isse
2928 5455 2940 5493 :
2973 5436 3173 5493 deinde
3206 5457 3301 5507 per
3333 5441 3465 5497 illud
3492 5433 3713 5492 ulceris

377 5534 557 5591 deerit
586 5537 925 5591 vestiendus.
958 5534 1121 5592 Arcta
1144 5544 1254 5589 tum
1281 5533 1499 5588 demum
1536 5532 1770 5585 clericus
1792 5545 1980 5585 neces-
2091 5527 2338 5583 foramen
2374 5530 2627 5597 exiguum
2661 5530 2731 5582 ita
2767 5530 2913 5583 virus
2955 5530 3187 5598 stipasse
3231 5548 3351 5583 eum
3402 5529 3730 5599 sanguine.

373 5626 544 5682 sitate
567 5627 902 5697 compulsus,
928 5628 1150 5697 jamque
1181 5626 1306 5680 lelle
1335 5630 1635 5685 commoto,
1664 5637 1693 5675 a
1723 5622 1983 5691 proximis
2092 5632 2151 5677 ut
2178 5622 2316 5677 solet
2344 5638 2409 5675 ex
2442 5622 2705 5675 uberibus
2737 5636 3024 5691 Caprarnm
3066 5633 3157 5674 aut
3186 5625 3371 5676 ovium
3416 5624 3753 5695 pastorum

380 5716 631 5775 tabernis
653 5718 977 5788 bigerricam
1004 5730 1231 5781 vestem,
1267 5717 1485 5771 brevem
1515 5722 1678 5785 atque
1709 5712 1983 5785 hiSpidam
2093 5730 2255 5770 manu
2287 5716 2492 5782 pressis
2520 5713 2677 5781 longa
2702 5710 2843 5766 linea
2866 5710 3072 5777 cepiosi
3102 5710 3535 5777 laeuumque,
3567 5712 3770 5767 Puer

864 5812 1139 5875 ΡΑτιιοι.
1188 5812 1337 5873 ΧΧ.
3132 5802 3171 5861 7

4168 3530 4185 3781 1,

4174 4672 4189 4759 ἢ
