4172 6182
537 280 648 345 ξοδ

1900 259 2190 327 ευινιαιι
2223 260 2476 321 SEVERI

3733 245 3843 303 204

535 397 774 456 surrexit
827 393 1142 452 incolumis.
1214 390 1322 445 Nos
1391 382 1763 454 obstupefacti
1819 388 1988 436 tantae
2054 379 2132 433 rei
2159 377 2211 439 Α
2308 373 2399 429 IV.
2430 370 2566 428 Illud
2598 379 2780 426 autem
2811 366 3171 422 animadverti
3209 359 3847 435 smpe,Sulpici,Marti-

542 491 829 555 miraculo,
853 489 908 544 id
939 485 1080 557 quod
1113 486 1230 554 ipsa
1260 481 1490 552 cogebat
1515 478 1746 540 veritas,
1789 475 2093 530 [utebamur
2115 511 2132 536 ,

543 595 650 640 neu
667 595 789 637 esse
815 580 914 636 sub
936 579 1075 634 celo
1101 577 1193 646 qui
1215 574 1504 628 Martinum
1531 570 1707 639 possit
1729 566 1960 621 imitari.

613 673 703 729 ill.
735 669 1103 742 Gonseqrrenti
1135 667 1321 723 itidem
1351 676 1595 734 tempore
1623 663 1732 717 iter
1765 674 1888 714 cum
1920 656 2138 722 eodem,

539 767 672 823 duln
709 767 978 820 diaereses
1005 762 1210 825 visitat,
1249 759 1567 828 agebamus:
1609 754 1775 810 Nobis
1820 751 2007 806 nescio
2036 763 2140 819 qua

541 859 870 915 necessitate
901 853 1326 916 remot-antibus,
1355 848 1748 919 aliquantulum
1795 845 1888 899 ille
1919 856 2144 914 proces-

545 961 709 1008 serat.
739 948 964 1007 interim
986 951 1087 1018 per
1115 951 1368 1016 aggerem
1411 943 1685 1013 publicum
1713 940 1873 1010 plena
1903 938 2141 991 militan-

543 1044 692 1100 tibus
733 1044 867 1098 viris
908 1038 1111 1095 iiscalis
1137 1038 1308 1094 rbeda
1348 1034 1644 1091 veniebat:
1675 1032 1772 1088 sed
1817 1030 1908 1085 ubi
1957 1028 2144 1082 Marti-

551 1152 675 1192 num
707 1137 763 1191 in
789 1147 940 1212 veste
963 1131 1196 1202 biSpida,
1223 1131 1377 1200 nigro
1401 1137 1455 1183 et
1478 1125 1713 1197 pendulo
1729 1123 1893 1193 pallio
1916 1121 2146 1176 circum-

547 1243 774 1300 tectum,
807 1232 1060 1301 contigua
1090 1228 1158 1282 de
1193 1228 1367 1282 latere
1391 1224 1634 1295 jumenta
1657 1221 1933 1282 viderunt,
1959 1215 2149 1286 paulu-

551 1329 662 1382 lum
697 1327 749 1381 in
784 1335 992 1395 partem
1033 1324 1257 1378 alteram
1287 1318 1568 1390 pavefacta
1592 1321 1918 1372 cesserunt:
1945 1309 2149 1365 deinde

553 1420 774 1478 funibus
802 1417 1117 1493 implicatis,
1153 1422 1436 1484 protentos
1477 1410 1602 1465 illos
1647 1407 1873 1478 quibus,
1903 1413 1963 1457 ut
2002 1415 2150 1470 saepe

557 1515 788 1578 vidistis,
819 1512 1012 1567 misera
1060 1510 1151 1564 illa
1192 1508 1444 1562 animalia
1479 1502 1896 1572 conglobantur,
1929 1496 2151 1552 ordines

557 1608 922 1669 miscuerunt;
957 1603 1193 1669 dumque
1224 1614 1370 1668 :egrc
1419 1594 1799 1660 expediuntur,
1831 1601 2037 1644 moram
2067 1585 2148 1641 le-

556 1714 681 1755 cere
712 1695 1152 1768 properantibus.
1177 1693 1291 1760 Qua
1324 1688 1554 1759 permoti
1585 1686 1779 1756 injuria
1831 1683 2149 1743 militantes,

2246 482 2373 522 num
2397 466 2494 520 tibi
2522 465 2709 519 dicere
2735 463 2975 528 solitum,
3021 471 3359 531 nequaquam
3402 457 3507 512 sibi
3547 456 3599 510 in
3631 454 3847 524 episco-

2244 569 2371 632 patu
2417 573 2537 615 eam
2581 561 2843 613 virtutum
2873 557 3104 627 gratiam
3134 553 3463 625 suppetisse,
3498 565 3662 621 quam
3694 549 3847 617 prius

2243 669 2306 712 se
2337 654 2588 710 habuisse
2633 652 3024 707 meminisset:
3057 649 3202 720 quod
3240 650 3286 702 si
3319 659 3508 702 verum
3537 653 3641 710 est,
3677 644 3847 698 immo

2243 748 2372 818 quia
2399 761 2588 801 verum
2630 753 2748 811 est,
2780 745 3057 813 conjicere
3082 753 3377 812 possumus
3409 745 3611 809 quanta
3641 736 3850 792 fuerint

2247 839 2340 894 illa
2383 851 2506 909 qute
2547 837 2849 892 monachus
2872 847 3132 906 operatus
3163 839 3268 896 est,
3302 835 3357 887 et
3385 841 3506 901 quae
3531 841 3670 886 teste
3696 829 3848 884 nullo

2241 932 2396 986 solus
2424 933 2694 996 exercuit,
2720 945 2846 986 cum
2888 939 3037 984 tanta
3069 928 3222 983 illum
3251 926 3308 980 in
3334 927 3652 996 episcopatu
3695 923 3849 992 signa

2247 1024 2444 1080 fecisse
2471 1025 2573 1079 sub
2599 1024 2772 1078 oculis
2797 1026 3040 1078 omnium
3075 1021 3396 1075 viderimus.
3425 1017 3592 1072 Multa
3626 1015 3847 1086 quidem

2247 1117 2399 1171 illius
2427 1118 2579 1184 prius
2615 1127 2769 1188 gesta
2799 1118 3090 1170 innotuere
3139 1112 3347 1167 mundo
3367 1153 3381 1176 ,
3411 1123 3587 1180 neque
3616 1117 3851 1179 potuere

2245 1208 2416 1264 celari
2448 1227 2461 1262 :
2491 1210 2588 1264 sed
2623 1209 3043 1263 innumerabilia
3075 1220 3199 1261 esse
3251 1204 3505 1260 dicuntur
3547 1213 3690 1272 quae,
3719 1200 3846 1254 dum

2247 1303 2568 1373 jactantiam
2597 1304 2746 1367 vitat,
2777 1303 3092 1366 occultavit,
3123 1315 3299 1369 neque
3328 1299 3380 1352 in
3406 1297 3686 1350 hominum
3713 1295 3852 1347 nnti—

2254 1397 2384 1450 tiam
2427 1412 2620 1465 passus
2671 1404 2756 1451 est
2803 1395 3131 1464 pervenire;
3171 1394 3371 1461 quippe
3415 1391 3506 1460 qui
3555 1389 3846 1442 humanam

2254 1489 2613 1542 substantiam
2655 1502 3065 1558 supergressus,
3098 1486 3318 1540 virtutis
3366 1499 3479 1537 sua:
3519 1482 3850 1537 coascicntia

2253 1579 2443 1634 mundi
2483 1579 2716 1648 gloriam
2744 1580 2986 1644 calcans,
3013 1577 3152 1633 coelo
3199 1585 3336 1632 teste
3367 1575 3661 1630 frueretur.
3695 1571 3850 1641 Quod

2255 1690 2443 1729 verum
2467 1690 2589 1729 esse
2614 1674 2702 1729 vel
2734 1689 2804 1730 ex
2839 1673 2926 1728 his
2951 1687 3072 1743 quae
3099 1680 3378 1741 corrrperta
3412 1670 3569 1724 nobis
3596 1677 3725 1723 sunt
3751 1682 3852 1723 nec

557 1762 977 1862 praeci-pitatisin
1004 1796 1203 1841 terram
1218 1783 1465 1846 saltibus,
1486 1795 1544 1834 se
1562 1773 2001 1834 dedertnitid‘cirr
2022 1765 2153 1826 Mar-
2180 1769 2230 1834 Β
2257 1767 2429 1822 latere
2481 1772 2810 1838 potuerunt,
2873 1782 3162 1837 possumus
3213 1765 3522 1830 aestimare;
3583 1762 3850 1834 siquidem

559 1887 730 1941 tinum
756 1882 940 1954 ﬂagris
979 1895 1042 1934 ac
1081 1878 1315 1933 fustibus
1344 1890 1537 1944 urgere
1564 1865 2156 1941 cmperunt;cumqui-

557 1981 681 2037 dem
711 1979 807 2032 ille
827 1984 1006 2030 mutus
1033 1983 1088 2028 et
1118 1969 1422 2027 incredibili
1449 1965 1699 2035 patientia
1726 1961 1973 2032 praebens
2006 1968 2156 2027 terga

557 2071 918 2134 caedentibus,
949 2066 1214 2134 majorem
1257 2061 1522 2116 insaniam
1571 2055 1880 2110 infelicibus
1907 2064 2155 2106 commo-

559 2174 732 2233 veret,
769 2162 948 2234 magis
988 2176 1054 2215 ex
1099 2158 1205 2212 hoc
1249 2154 1519 2218 furentes,
1553 2149 1698 2220 quod
1739 2147 1835 2202 ille
1861 2143 2017 2216 quasi
2044 2155 2155 2197 non

553 2261 802 2318 sentiens
829 2254 1057 2310 verbera
1090 2251 1238 2306 illata
1270 2252 1675 2302 contemneret.
1707 2239 1812 2294 Nos
1853 2238 1998 2292 illico
2031 2250 2157 2291 con-

555 2353 755 2417 secuti,
785 2349 928 2406 foede
957 2355 1241 2403 cruentum
1271 2352 1432 2410 atque
1457 2339 1709 2392 universa
1737 2332 1984 2401 corporis
2007 2336 2157 2398 parte

561 2447 844 2511 laniatum,
890 2457 1016 2499 cum
1071 2436 1339 2494 exanimis
1393 2434 1446 2488 in
1497 2439 1706 2486 terram
1753 2425 2155 2497 procubuisset,

559 2538 872 2594 invenimus
904 2554 916 2588 :
945 2533 1240 2598 statimque
1266 2541 1389 2583 eum
1435 2523 1612 2578 asello
1641 2534 1743 2575 suo
1779 2516 2154 2588 imposuimus,

561 2643 627 2689 ae
649 2633 834 2686 locum
861 2627 1026 2685 casdis
1056 2624 1205 2680 illius
1229 2627 1580 2678 exsecrantes
1615 2615 1816 2682 raptim
1848 2611 1998 2667 abire
2027 2619 2158 2678 pro-

562 2726 894 2798 peravimus.
951 2720 1162 2774 Interea
1217 2714 1297 2770 illi
1337 2711 1571 2783 regressi
1621 2709 1689 2763 ad
1734 2707 1957 2762 rhedam
2001 2715 2159 2757 suam

559 2795 746 2874 lurore
773 2815 993 2881 satiato,
1029 2811 1112 2882 agi
1141 2823 1247 2879 quo
1271 2808 1355 2862 ire
1377 2811 1681 2874 eruperant,
1701 2800 1944 2869 jumenta
1977 2795 2161 2864 praeci-

559 2914 738 2985 piunt.
768 2911 903 2976 Quae
929 2919 1054 2962 cum
1098 2903 1280 2959 omnia
1327 2901 1447 2954 solo
1476 2896 1604 2962 ﬁxa,
1637 2909 1701 2948 ac
1729 2892 1773 2947 si
1803 2905 1954 2947 aenea
1979 2890 2161 2959 signa,

553 2980 892 3077 riguissent;
913 2996 1236 3055 tollentibus
1255 2994 1417 3048 altius
1440 3003 1630 3046 vocem
1655 2984 1955 3056 magistris,
1976 2980 2164 3052 ﬂagris

557 3073 691 3154 hinc
711 3105 876 3166 atque
897 3092 1023 3149 inde
1048 3085 1440 3145 resonantibus
1467 3081 1600 3135 nihil
1627 3077 1845 3149 penitus
1865 3073 2165 3130 moveban-

2257 1871 2384 1917 ante
2442 1864 2814 1932 episcopatum
2859 1861 2997 1916 duos
3047 1870 3296 1914 mortuos
3348 1858 3475 1912 vita:
3530 1856 3851 1922 restituerit,

2249 1955 2401 2024 quod
2440 1956 2580 2010 liber
2621 1965 2745 2009 tuus
2774 1955 2992 2024 plenius
3041 1963 3125 2009 est
3177 1954 3423 2017 locutus;
3453 1952 3502 2004 in
3535 1949 3853 2020 episcopatu

2255 2061 2416 2114 vero,
2438 2048 2582 2119 quod
2623 2048 3043 2117 praetermisisse
3091 2059 3143 2102 te
3175 2047 3367 2110 miror,
3399 2060 3566 2098 unum
3620 2053 3859 2096 tantum-

2255 2142 2421 2195 modo
2453 2142 2828 2196 suscit-averit.
2867 2140 3035 2210 Cujus
3064 2140 3142 2194 rei
3190 2153 3294 2209 ego
3323 2139 3483 2193 testis
3523 2151 3664 2196 sum.
3697 2137 3744 2190 si
3777 2145 3856 2190 ta-

2257 2251 2384 2290 men
2413 2235 2544 2289 nihil
2577 2235 2646 2290 de
2679 2236 2860 2290 minus
2895 2235 3095 2290 idonee
3121 2243 3262 2289 teste
3303 2233 3586 2287 dubitatis.
3615 2230 3860 2298 idipsnm

2257 2335 2439 2381 autem
2471 2327 2629 2383 vobis
2671 2328 2908 2398 qualiter
2943 2335 3161 2396 gestum
3195 2325 3288 2389 sit,
3318 2323 3626 2393 explicabo.
3658 2322 3864 2377 Fuerat

2258 2433 2422 2475 causa
2453 2420 2640 2476 nescio
2667 2436 2788 2491 quze
2807 2460 2822 2485 ,
2847 2434 2956 2490 qua
2981 2420 3282 2474 Car-natum
3329 2416 3588 2486 oppidum
3636 2414 3864 2484 peteba-

2259 2531 2404 2570 mus.
2467 2515 2703 2581 Interea,
2761 2515 2889 2570 dum
2943 2517 3123 2570 vicum
3167 2515 3464 2584 quemdam
3501 2512 3865 2567 habitantium

2256 2609 2615 2664 multitudine
2671 2608 3180 2680 frequentissimum
3230 2607 3616 2678 praeteritum,
3645 2605 3864 2659 obviam

2261 2703 2425 2758 nobis
2453 2702 2709 2757 immanis
2733 2702 2894 2757 turba
2935 2701 3225 2769 processit,
3259 2715 3381 2770 qua:
3409 2709 3527 2754 erat
3553 2706 3662 2752 tota
3688 2697 3866 2767 genti-

2257 2796 2394 2849 lium
2429 2813 2442 2848 :
2474 2810 2594 2848 nam
2629 2805 2788 2850 nemo
2818 2795 2871 2849 in
2913 2794 3008 2849 illo
3036 2796 3160 2848 vico
3193 2803 3423 2848 noverat
3461 2790 3861 2855 Christianum,

2265 2902 2458 2947 verum
2483 2891 2550 2946 ad
2581 2889 2783 2944 famam
2822 2889 2958 2944 tanti
2999 2888 3102 2942 viri
3147 2899 3374 2956 campos
3398 2898 3595 2940 omnes
3630 2885 3743 2939 late
3769 2897 3869 2952 pa-

2266 2993 2445 3039 tentes
2463 2983 2856 3038 eonlluentium
2883 2981 3173 3036 multitudo
3193 2986 3536 3035 eontexerat.
3557 2977 3750 3033 Sensit
3781 2977 3867 3031 hic

2264 3074 2530 3131 Martinus
2559 3075 2896 3146 operaner
2918 3117 2931 3140 ,
2957 3084 3016 3128 et
3050 3073 3408 3127 annuntiaute
3435 3070 3537 3126 si'bi
3563 3069 3760 3140 spiritu
3789 3077 3869 3122 to-

559 3201 667 3248 tur.
697 3153 1045 3256 Consurgunt
1077 3179 1277 3237 deinde
1315 3190 1507 3231 ourncs
1547 3170 1758 3241 pariter
1799 3169 1851 3222 in
1908 3165 2156 3221 verbera.

2267 3180 2357 3224 tus
2382 3169 2688 3236 infremuit;
2719 3183 2820 3224 nec
2841 3167 3078 3224 mortale
3111 3177 3338 3230 sonans,
3353 3165 3581 3219 verbum
3612 3163 3706 3216 Dei
3729 3177 3871 3232 gen-

561 3281 847 3339 Consumit
873 3276 1114 3332 Gallicas
1162 3270 1428 3325 mularum
1480 3278 1640 3335 ptena
1687 3259 1983 3330 mastigias.
2027 3256 2160 3311 Tota

559 3375 772 3446 rapitur
796 3373 932 3428 silva
959 3368 1028 3424 de
1071 3366 1358 3438 proximo:
1389 3357 1900 3426 tra-bibusjumenta
1931 3350 2164 3406 tundun-

564 3445 684 3531 tur;
711 3464 811 3522 sed
851 3461 989 3518 nihil
1013 3457 1236 3531 penitus
1273 3467 1471 3508 scaeva:
1519 3463 1714 3505 manus
1751 3445 2162 3515 agebautzuno

562 3569 727 3634 atque
760 3559 954 3615 eodem
986 3558 1038 3611 in
1089 3554 1213 3608 loco
1257 3549 1472 3605 stabant
1521 3545 1623 3599 lixa
1677 3541 1990 3597 simulacra.
2022 3535 2161 3603 Quid

561 3630 787 3728 agerem
809 3650 1057 3706 infelices
1087 3645 1356 3708 homines,
1385 3637 1737 3700 nesciebant;
1767 3633 1998 3702 nec-jam
2023 3630 2162 3684 ultra

561 3722 910 3802 dissimulare
933 3747 1210 3811 poterant,
1240 3735 1368 3805 quin
1393 3729 1695 3802 quamlibet
1719 3727 1896 3782 brutis
1922 3722 2164 3795 pectori-

559 3840 664 3896 bus
691 3841 1083 3911 agnotcerent,
1109 3831 1298 3886 divino
1329 3824 1550 3880 numine
1581 3836 1640 3876 se
1691 3818 1887 3875 teneri.
1919 3815 2161 3871 Tandem

562 3948 694 4004 ergo
713 3910 768 3987 in
796 3943 857 3986 se
885 3925 1140 3997 regressi,
1167 3926 1450 3990 coeperunt
1469 3923 1716 3986 quaerere
1741 3911 1863 3982 quis
1894 3910 1988 3964 ille
2017 3916 2165 3964 esset

561 4001 725 4097 quem
767 4023 824 4077 in
872 4019 1064 4076 eodem
1108 4015 1230 4069 loco
1284 4020 1411 4065 ante
1453 4005 1736 4078 paululum
1785 4001 2158 4064 cecidissent;

563 4091 687 4174 cum
732 4118 1155 4186 percunctantes
1195 4109 1534 4173 cognoscunt
1563 4112 1633 4152 ex
1665 4093 1937 4150 viantibus
1981 4091 2164 4146 Marti-

565 4227 696 4269 nnm
735 4223 767 4264 a
801 4222 863 4263 se
883 4216 993 4261 tam
1014 4199 1312 4258 crudeliter
1337 4194 1708 4250 verberatum.
1737 4186 1890 4243 Tunc
1918 4199 2048 4240 vero
2067 4198 2164 4252 ap-

566 4319 764 4377 parere
787 4299 1045 4358 omnibus
1082 4307 1247 4349 causa
1280 4288 1594 4348 manifesta;
1637 4298 1738 4338 nec
1770 4282 2019 4352 ignorare
2047 4278 2160 4348 jam

477 4445 494 4454 κ
561 4376 853 4469 poterunt,
881 4391 1012 4462 quin
1059 4389 1131 4444 ob
1176 4384 1322 4440 illius
1371 4379 1474 4433 viri
1515 4376 1768 4446 injuriam
1813 4379 2159 4427 tenerentur.

559 4491 735 4562 Igitur
773 4500 964 4544 omnes
1000 4480 1212 4553 rapidis
1265 4489 1364 4531 nos
1415 4471 1664 4543 passibus
1704 4473 2116 4534 consequuntur
2147 4481 2159 4516 :

2265 3264 2456 3318 tilihus
2503 3263 2861 3334 praedicabat,
2890 3263 3098 3332 sapius
3145 3260 3519 3330 ingemiscens
3561 3271 3667 3312 cur
3713 3267 3868 3310 tanta

2265 3355 2556 3409 Dominum
2587 3355 2929 3419 salvatorem
2965 3352 3123 3408 tur-ba
3159 3353 3430 3408 nesciret.
3457 3351 3670 3405 interea
3703 3350 3870 3418 (sicut

2259 3463 2367 3503 nos
2422 3447 2760 3503 incredibilis
2805 3447 3249 3503 circumdederat
3295 3441 3615 3515 mtrltitudo)
3667 3443 3870 3497 mulier

2263 3541 2536 3611 qua-dam,
2569 3541 2723 3611 cujus
2771 3541 2914 3595 filius
2951 3541 3117 3610 paulo
3160 3549 3289 3595 ante
3324 3539 3626 3604 defecerat,
3661 3549 3868 3607 eotrpus

2265 3633 2517 3688 exanime
2539 3632 2702 3688 beato
2729 3633 2849 3687 viro
2867 3633 3149 3702 protensis
3177 3631 3426 3686 manibus
3455 3629 3864 3700 coepit'ofle'rre,

2264 3725 2454 3782 dicens
2483 3743 2495 3778 :
2524 3725 2741 3780 Scimus
2781 3726 2909 3795 quia
2957 3723 3166 3779 amicus
3189 3725 3289 3778 Dei
3315 3734 3382 3777 es
3409 3740 3421 3776 :
3447 3723 3680 3776 resrituc
3731 3723 3863 3776 mihi

2262 3816 2434 3872 ﬁlium
2461 3833 2672 3885 meum,
2695 3819 2822 3887 quia
2850 3818 3044 3873 unicus
3069 3827 3151 3871 est
3182 3815 3332 3871 mihi.
3355 3815 3542 3870 ilunxit
3569 3829 3630 3870 se
3655 3825 3866 3868 canem

2263 3911 2580 3977 multitudo,
2627 3918 2684 3966 et
2739 3911 2931 3965 matris
2985 3911 3248 3980 precibus
3305 3908 3660 3964 acclamaba't.
3723 3906 3862 3962 Tum

2266 4005 2527 4059 Martinus
2554 4004 2746 4060 videns
2771 4017 2868 4075 pro
2897 4006 3332 4073 exspectantium
3354 4004 3562 4070 animo,
3587 4011 3648 4056 ut
3669 4012 3862 4071 postea

2261 4096 2426 4152 nobis
2450 4099 2570 4168 ipse
2593 4098 2810 4154 dicebat
2830 4140 2845 4166 ,
2879 4099 3146 4167 consequi
3175 4112 3232 4152 se
3271 4105 3438 4167 pesse
3462 4096 3740 4161 virtut-cm,
3771 4093 3864 4149 de-

2257 4188 2438 4246 functi
2469 4201 2669 4261 corpus
2716 4190 2951 4262 propriis
2987 4187 3245 4245 manibus
3275 4189 3516 4260 accepit;
3551 4199 3602 4243 et
3631 4201 3750 4241 cum
3785 4188 3866 4241 in-

2259 4284 2640 4354 spectantibus
2683 4285 2896 4340 cutiet-is
2927 4295 3108 4354 genua
3149 4283 3424 4348 ﬂexisset,
3476 4281 3564 4337 ubi
3595 4287 3862 4337 consum-

2263 4385 2412 4432 mata
2432 4378 2689 4434 oratione
2718 4379 2977 4445 surrexit,
3015 4377 3346 4432 viviﬁcatum
3391 4377 3671 4445 parvulum
3703 4376 3866 4430 matri

2262 4471 2528 4525 restituit.
2571 4472 2704 4525 Tum
2737 4483 2872 4526 vero
2908 4470 3206 4525 multitudo
3235 4471 3415 4525 omnis
3441 4471 3491 4524 in
3527 4470 3724 4524 cadum
3755 4470 3867 4523 cla-

559 4581 771 4642 cOnscii
795 4578 1016 4636 audacis
1039 4573 1166 4630 facti
1189 4586 1250 4626 ac
1275 4568 1470 4624 merito
1495 4563 1698 4636 pudore
1715 4559 1948 4620 confusi,
1969 4557 2164 4613 ﬂentes
2189 4546 2244 4606 Ῑ)
2271 4578 2424 4620 more
2477 4564 2694 4620 Sublato
2743 4564 3022 4620 Christum
3071 4563 3244 4619 Deum
3302 4562 3464 4617 fateri
3513 4579 3534 4613 -:
3585 4571 3865 4630 postremo

565 4689 622 4736 et
650 4677 880 4749 pulvere
911 4686 1018 4742 quo
1061 4682 1122 4722 se
1147 4666 1250 4735 ipsi
1280 4662 1637 4725 ftedaverant,
1669 4663 1833 4724 caput
1861 4661 2024 4721 atque
2067 4665 2163 4704 ora

556 4745 873 4840 conspersi,
904 4771 1027 4818 ante
1053 4759 1265 4814 Martini
1290 4771 1351 4810 se
1374 4767 1548 4825 genua
1577 4748 1926 4820 provolvunt,
1950 4745 2163 4801 veniam

557 4872 876 4937 precantes,
910 4869 982 4922 et,
1009 4865 1074 4910 ut
1103 4869 1199 4908 eos
1235 4850 1386 4906 abire
1407 4850 1640 4908 sineret,
1662 4842 2044 4913 postulantes:
2071 4855 2162 4894 sa-

561 4933 637 5011 tis
655 4971 719 5010 se
747 4957 831 5008 vel
849 4953 968 5006 sola
999 4944 1332 5002 conscientia
1353 4941 1574 4996 dedisse
1593 4950 1901 5007 poenarum,
1925 4933 2167 5002 satisque

565 5045 900 5105 imelle'xisse
952 5054 1116 5112 quam
1175 5035 1394 5092 eosdem
1445 5033 1595 5102 ipsos
1658 5027 1810 5084 vivos
1866 5026 2163 5082 absorbere

560 5149 715 5198 terra
749 5136 1040 5208 potuisset,
1072 5132 1157 5186 vel
1191 5130 1292 5199 ipsi
1343 5126 1524 5196 potius
1569 5123 1786 5179 arnissis
1825 5120 2076 5175 sensibus
2108 5119 2161 5173 in

568 5229 902 5288 immobilem
931 5239 1186 5281 saxorum
1229 5230 1475 5276 naturam
1520 5218 1792 5287 rigescere
1821 5213 2160 5278 debuissent,

565 5326 712 5384 sicut
730 5323 888 5378 afﬁxa
905 5322 1045 5376 locis
1065 5319 1266 5388 quibus
1289 5321 1575 5377 steterant,
1595 5311 1842 5380 jumenta
1865 5309 2125 5363 vidissem
2148 5325 2160 5362 :

561 5437 726 5478 orare
743 5433 812 5474 se
837 5427 1002 5487 atque
1029 5413 1324 5468 obsecrare
1347 5450 1360 5473 ,
1391 5419 1448 5461 ιιι
1469 5405 1789 5474 indulgeret
1813 5403 2042 5458 sceleris
2064 5417 2160 5457 ve.

565 5515 738 5580 niam,
763 5509 1059 5580 et'copiam
1075 5511 1368 5575 prastat-et
1396 5498 1655 5553 abeundi.
1683 5497 1943 5551 Senserat
1963 5496 2157 5561 etiam,

555 5605 1261 5680 priusqnanraccurrmeut,
1282 5594 1364 5650 vir
1387 5594 1575 5648 beatus
1608 5589 1730 5644 illos
1747 5586 1952 5652 teneri,
1977 5587 2162 5642 nobis-

552 5678 1457 5769 ~queritlunttsgjarnrdiaerat:veniam
1479 5697 1656 5740 tamen
1671 5678 2162 5737 clementerindul-

563 5794 672 5861 sit,
699 5789 1035 5862 eosdemque
1047 5786 1205 5844 abire
1219 5775 1821 5855 pennisitunimalibus
1831 5773 2132 5829 restitutis.

2267 4656 2802 4712 cuncticatervatim’
2825 4658 2892 4711 ad
2929 4670 3104 4727 genua
3134 4655 3281 4710 beati
3332 4652 3434 4706 viri
3477 4663 3638 4706 ruere
3684 4661 3868 4722 cmpe-

2265 4751 3036 4819 runt;ﬁdelitcrtpostu‘lantes
3067 4760 3124 4803 ut
3147 4759 3243 4804 eo’s
3269 4747 3472 4802 faceret
3497 4746 3864 4813 Christianos;

2266 4859 2370 4898 nec
2413 4854 2736 4912 cunctatus,
2769 4847 2820 4898 in
2847 4845 3033 4899 medio
3083 4855 3136 4897 ut
3177 4852 3334 4897 erant
3383 4855 3606 4911 campo,
3641 4851 3866 4898 cunctos

2265 4937 2520 5005 imposita
2570 4935 2841 4992 universis
2871 4949 3031 4991 manu
3069 4934 3500 4990 catechumenos
3543 4933 3699 5000 fecit,
3738 4948 3863 4988 cum

2265 5029 2486 5099 quidem
2517 5030 2585 5085 ad
2621 5046 2729 5086 nos
2772 5042 3069 5086 conversus
3111 5026 3338 5094 diceret,
3368 5040 3475 5083 non
3523 5025 3868 5081 irrationabi-

2268 5123 2392 5179 liter
2415 5125 2469 5179 in
2498 5126 3133 5194 catnpo'cateclrumenos
3164 5123 3303 5191 ﬁeri,
3337 5123 3429 5178 ubi
3453 5122 3693 5177 solerent
3711 5120 3867 5176 mar-

2269 5228 2422 5291 tyres
2448 5220 2779 5275 consecrari.

2341 5312 2406 5369 V.
2437 5312 2647 5379 Vicisti,
2674 5312 2856 5383 inquit
2875 5313 3286 5377 Pn‘sttrnlianus,
3305 5310 3483 5378 Galle,
3511 5309 3685 5364 vicisti
3709 5325 3722 5373 ;
3752 5324 3863 5363 non

2267 5407 2454 5476 utique
2481 5415 2591 5472 me,
2611 5408 2709 5477 'qui
2737 5406 2947 5462 Martini
2975 5417 3094 5462 sum
3137 5407 3314 5477 poti-us
3335 5414 3596 5465 assertor,
3625 5401 3711 5471 qui
3747 5402 3864 5456 haec

2257 5502 2446 5554 omnia
2475 5500 2555 5556 “de
2605 5501 2697 5554 illo
2737 5501 2856 5554 viro
2897 5508 2956 5555 et
2982 5499 3118 5554 scivi
3167 5512 3381 5568 semper
3411 5506 3465 5551 et
3499 5495 3737 5559 credidi;
3764 5492 3860 5548 sed

2264 5595 2517 5650 cremitas
2549 5607 2744 5650 omnes
2765 5594 3238 5661 'anachoretasque
3282 5591 3460 5646 vicisti
3486 5609 3500 5645 :
3525 5602 3692 5645 nemo
3715 5589 3860 5643 enim

2257 5685 2505 5751 illorum,
2554 5690 2698 5742 sicut
2743 5686 3002 5740 Martinus
3049 5683 3135 5737 hic
3181 5695 3391 5744 vester,
3431 5683 3608 5736 MO
3649 5689 3860 5744 noster,

2255 5775 2532 5832 manus
2547 5777 2846 5848 imperavit
2879 5773 3232 5844 :-‘meritoque
3248 5772 3408 5832 tntae
3445 5775 3551 5831 iste
3575 5771 3864 5843 ‘Boiplcius
