4270 6176
278 216 387 271 ΞΜ
1722 211 2065 270 θιΑιοουδ
2094 214 2160 270 ιι.
3488 220 3596 277 εοο

284 332 549 405 apostolis
580 338 863 400 comparat
882 338 939 385 et
971 329 1271 400 prophetis,
1302 344 1463 400 quem
1496 343 1592 398 per
1620 330 1800 383 omnia
1827 330 1889 385 il-
1918 336 1965 393 Α
1995 345 2249 398 tmiquam
2267 332 2467 385 femina
2480 331 2987 402 contigisset,istius
3009 332 3597 401 assiduitatem,immo

281 428 352 483 lis
382 442 507 484 esse
546 426 913 493 consimilem,
943 425 1067 481 ﬁdei
1102 426 1273 480 virtus
1322 440 1384 481 ac
1414 425 1674 478 virtutum
1724 439 1891 495 opera
1995 424 2171 493 potius
2190 424 2509 480 servitutem
2535 440 2639 479 non
2670 435 2883 495 poterat
2907 428 3163 483 evadere.
3192 428 3311 484 Non
3341 429 3431 484 illa
3459 445 3595 500 opes

282 530 580 577 testantur.
616 520 721 577 Sed
755 535 943 590 perge,
970 533 1181 590 quaeso,
1214 533 1547 590 quamquam
1595 518 1729 573 nihil
1772 533 1889 572 ma-

279 611 636 685 gniﬁcentius
678 610 868 667 audire
913 612 1218 681 possimus,
1254 626 1415 681 perge
1462 620 1677 677 tamen,
1711 609 1888 677 Galle,

278 706 432 777 quod
482 705 649 762 etiam
710 720 855 760 nunc
907 704 979 760 de
1027 705 1263 765 Martino
1318 713 1567 776 superest
1620 705 1892 760 sermonis

279 799 583 855 evolvere:
622 814 746 853 nam
793 798 962 852 etiam
1015 796 1241 852 minima
1287 798 1434 853 illius
1473 807 1528 853 et
1573 797 1889 868 quotidiana

277 892 494 947 mutnus
521 890 748 945 festinat
776 903 1107 961 agnoscere;
1137 890 1265 961 quia
1300 890 1521 944 minima
1565 890 1712 944 illius
1755 890 1891 944 alio-

276 1003 399 1043 rum
426 986 684 1041 maximis
718 988 930 1053 majora
959 1000 1082 1040 esse
1112 984 1249 1040 nulli
1290 984 1521 1039 dubium
1554 992 1659 1039 cst.
1705 984 1781 1039 Ita
1807 984 1886 1038 fa-

276 1085 441 1150 ciam,
470 1082 665 1139 Gallus
692 1080 892 1151 inquit.
929 1080 1128 1135 Verum
1170 1080 1223 1135 id
1266 1079 1411 1151 quod
1451 1080 1700 1135 dicturus
1742 1095 1886 1146 sum,

275 1179 399 1249 ipse
426 1192 537 1233 non
575 1175 687 1230 vidi
722 1193 733 1227 :
768 1175 923 1244 prius
954 1174 1101 1229 enim
1142 1182 1292 1244 gesta
1343 1187 1433 1228 res
1478 1184 1559 1228 est
1611 1190 1771 1243 quam
1798 1189 1890 1229 me

273 1271 359 1327 illi
390 1271 504 1325 viro
538 1269 826 1338 iungerem
864 1285 877 1323 :
911 1267 1006 1321 sed
1034 1264 1237 1321 factum
1268 1266 1487 1321 celebre
1515 1275 1618 1331 est,
1646 1265 1885 1321 ﬁdelium

274 1362 511 1419 fratrum
534 1361 626 1431 qui
660 1360 1025 1415 interfuerant
1049 1373 1307 1415 sermone
1336 1359 1632 1428 volgatum.
1668 1358 1747 1412 Eo
1775 1359 1887 1414 fere

274 1464 527 1526 tempore
544 1467 659 1524 quo
684 1454 923 1524 primum
954 1454 1251 1523 cpiscopus
1283 1451 1444 1505 datus
1467 1460 1573 1518 est,
1600 1451 1700 1506 fuit
1720 1452 1767 1507 ei
1794 1466 1887 1506 ne-

276 1550 509 1606 ceesitas
536 1547 692 1603 adire
724 1546 1087 1603 Comitaturn.
1122 1546 1543 1600 Valentinianus
1572 1553 1683 1598 tum
1712 1543 1885 1613 major

1994 518 2171 588 regni,
2211 532 2317 572 non
2373 517 2584 587 imperii
2622 518 2966 589 dignitatem,
3007 535 3113 575 non
3166 519 3439 585 diadema,
3487 536 3594 576 non

1992 625 2287 681 purpuram
2319 611 2636 681 cogitabat:
2667 611 2855 666 divelli
2898 627 2929 665 a
2960 612 3178 671 Martini
3206 611 3437 683 pedibus
3477 615 3598 669 solo

1990 713 2161 759 strata
2207 719 2316 758 non
2364 713 2595 773 poterat.
2629 705 2916 761 Postremo
2943 721 2973 760 a
3002 708 3121 761 viro
3164 720 3268 762 suo
3320 707 3596 777 poposcit,

1991 798 2187 854 deinde
2234 798 2522 853 Martinum
2552 806 2782 869 uterque
2810 800 3177 869 compellunt,
3208 809 3268 855 ut
3292 799 3342 855 ei
3371 802 3595 857 remotis

1992 894 2245 949 omnibus
2277 894 2543 949 ministris
2566 896 2837 965 praeberet
2866 896 2978 951 sola
3002 896 3308 952 convivium
3336 916 3349 951 :
3376 912 3477 953 nec
3500 912 3595 967 po-

1990 986 2098 1040 tuit
2148 986 2232 1041 vir
2279 986 2474 1041 beatus
2516 986 2846 1042 obstinatius
2900 987 3181 1042 reluctari.
3238 988 3600 1058 Compenitur

1990 1089 2176 1131 eaStus
2226 1079 2430 1148 reginae
2478 1079 2729 1134 manibus
2784 1088 3125 1149 apparatus:
3170 1078 3421 1134 scitulam
3478 1082 3594 1151 ipsa

1990 1174 2313 1237 consternit,
2344 1188 2585 1227 mensam
2636 1173 2913 1240 admovet,
2943 1189 3136 1245 aquam
3176 1175 3428 1231 manibus
3463 1176 3597 1231 sub-

1993 1266 2270 1319 ministrat
2294 1283 2306 1317 :
2332 1266 2509 1321 cibum
2540 1281 2703 1337 quem
2733 1267 2847 1337 ipsa
2889 1272 3133 1333 coxerat,
3162 1268 3421 1336 apponit;
3455 1268 3595 1335 ipsa,

1988 1356 2084 1411 illo
2111 1358 2357 1426 sedente,
2393 1359 2606 1413 eminus
2654 1360 2954 1415 secundum
3006 1360 3383 1416 famulandum
3429 1364 3599 1420 disci-

1991 1449 2197 1518 plinam
2240 1451 2361 1505 solo
2386 1452 2493 1505 ﬁxa
2526 1452 2778 1507 consistit
2802 1452 3119 1518 immobilis,
3148 1468 3251 1523 per
3277 1455 3461 1509 omnia
3491 1455 3596 1509 mi-

1989 1540 2275 1597 nistrantis
2301 1542 2625 1598 modestiam
2654 1554 2711 1599 et
2758 1544 3123 1601 humilitatem
3168 1545 3440 1602 exhibens
3480 1560 3598 1602 ser-

2298 1635 2521 1689 miscuit
2571 1635 2688 1705 ipsa
2733 1635 2995 1704 bibituro,
3044 1646 3099 1692 et
3148 1636 3269 1707 ipsa
3328 1639 3592 1707 porrexit.

277 1657 462 1699 rerum
486 1642 821 1711 ponebatur.
838 1638 898 1711 pls
922 1653 1049 1692 eum
1074 1637 1363 1691 Martinam
1389 1652 1451 1690 ea
1479 1646 1663 1705 petere
1682 1650 1886 1706 cogno-
1989 1633 2189 1688 vientis
2232 1651 2245 1687 :

276 1738 451 1793 vissct
476 1707 597 1806 qua
626 1707 895 1805 priestai-c
924 1732 1168 1797 nolebat,
1195 1732 1358 1800 jussit
1387 1746 1510 1786 eum
1534 1730 1723 1802 palatii
1754 1729 1885 1784 lori-
1911 1720 1960 1780 Β
1991 1724 2168 1779 Finita
2196 1727 2411 1782 cmnula
2447 1726 2748 1797 fragtrienta
2804 1730 2963 1798 penis
3000 1728 3275 1800 absumpti
3313 1729 3596 1802 micaeque

278 1829 383 1884 bus
420 1828 639 1883 arceri:
671 1826 873 1881 ctenim
920 1825 989 1880 ad
1044 1827 1285 1881 animum
1336 1824 1485 1878 illius
1520 1824 1790 1879 immitem
1822 1836 1886 1878 ae
1986 1820 2225 1891 collegit,
2260 1822 2394 1875 satis
2438 1822 2677 1877 ﬁdeliter
2730 1823 2854 1877 illas
2904 1823 3170 1895 reliquias
3217 1824 3596 1894 imperialibus

275 1921 574 1989 superbum
607 1934 745 1973 ultor
773 1926 1090 1972 accesserat
1117 1917 1341 1983 Ariana,
1368 1930 1491 1986 quae
1531 1924 1704 1971 totum
1730 1914 1880 1969 illum
1986 1912 2163 1982 epulis
2191 1922 2553 1981 anteponens.
2580 1913 2748 1968 {Beata
2795 1913 3025 1968 mulieri
3051 1922 3219 1969 tantze
3263 1914 3486 1985 pietatis
3518 1914 3599 1969 al-

278 2031 307 2068 a
338 2024 532 2069 sancto
562 2012 700 2073 viro.
734 2026 802 2065 nc
826 2011 878 2065 ei
906 2009 1148 2065 debitam
1181 2009 1546 2064 reverentiam
1574 2015 1880 2077 praestaret,

276 2113 578 2161 averterat.
620 2103 810 2173 Itaque
840 2102 1123 2171 Martinus,
1156 2102 1251 2156 ubi
1282 2101 1453 2156 seruel
1495 2113 1657 2170 atque
1679 2098 1881 2154 iterum

272 2198 575 2268 superbum
602 2196 902 2266 principem
936 2194 1142 2250 frustm
1170 2192 1324 2249 adire
1348 2193 1576 2249 tentavit
1601 2234 1614 2259 ,
1650 2192 1884 2246 recurrit

273 2292 340 2346 ad
366 2300 493 2346 nota
531 2289 782 2361 praesidia
807 2289 1023 2344 :cilicio
1052 2288 1383 2352 obvolvitur,
1414 2286 1602 2342 cinere
1620 2300 1885 2356 consper—

273 2384 438 2454 gitur,
460 2384 587 2439 cibo
626 2392 875 2452 petoque
900 2381 1163 2445 abstinet,
1198 2380 1504 2433 orationem
1524 2377 1724 2433 diebus
1748 2392 1883 2432 noe-

272 2477 523 2547 tibusqnc
545 2482 863 2546 perpetuat.
896 2474 1149 2542 Septimo
1173 2487 1302 2526 vero
1328 2472 1418 2525 die
1445 2474 1617 2524 astitit
1644 2472 1691 2525 ei
1716 2485 1883 2539 ange-

271 2569 359 2626 lus
380 2589 396 2624 :
421 2571 574 2640 jubet
594 2585 728 2625 eum
759 2568 827 2622 ad
856 2566 1118 2637 palatium
1148 2565 1230 2620 ire
1261 2579 1515 2619 securum
1552 2580 1564 2616 :
1595 2564 1772 2633 regias
1803 2562 1883 2617 fo-

272 2678 365 2719 re:
387 2662 691 2733 quamlibet
712 2660 936 2715 clausas
965 2667 1164 2729 sponte
1193 2656 1553 2712 rescrandas:
1582 2655 1882 2723 immate-

271 2756 348 2811 ris
366 2755 619 2825 spiritum
645 2753 943 2823 superbum
969 2750 1345 2807 molliendum.
1376 2748 1549 2821 Igitur
1572 2748 1881 2803 istiusmodi

270 2847 563 2919 praemis
587 2847 768 2919 angeli
796 2844 1159 2901 conﬁrmatus
1180 2842 1422 2914 alloquio
1444 2852 1499 2897 et
1530 2841 1704 2898 fretus
1725 2842 1883 2896 auxi-

272 2941 370 3007 lio,
403 2940 663 3011 palatium
712 2939 871 3009 petit.
914 2938 1112 2993 Patent
1161 2935 1372 3001 limina,
1404 2934 1590 2989 militis
1640 2934 1877 2999 obsistit,

270 3043 553 3104 postremo
585 3047 755 3103 usque
774 3030 849 3086 ad
877 3046 1061 3101 regem
1088 3030 1310 3086 nemine
1334 3028 1661 3098 prohibente
1689 3041 1884 3098 perve-

1986 2004 2133 2059 l‘ectu
2186 2004 2260 2058 illi
2304 2005 2501 2060 merito
2538 2005 2947 2074 comparanda,
2976 2021 3099 2074 qua;
3133 2007 3286 2061 venit
3324 2021 3356 2059 o
3400 2006 3598 2062 ﬁnibus

1982 2103 2151 2151 terrae
2181 2097 2371 2152 audire
2423 2097 2815 2163 Salomonem;
2848 2098 3121 2168 siquidem
3166 2099 3478 2168 simplicem
3508 2113 3598 2155 se-

1986 2204 2216 2259 qnamur
2234 2189 2522 2244 historiam
2551 2207 2563 2244 :
2598 2190 2692 2245 sed
2715 2192 2759 2243 si
2786 2190 2923 2247 ﬁdes
2950 2192 3263 2261 reginarum
3291 2201 3381 2247 est
3401 2193 3594 2249 confe-

1986 2284 2156 2338 renda
2186 2283 2359 2353 (quod
2390 2284 2520 2337 mibi
2550 2285 2713 2339 liceat
2738 2293 2991 2354 separata
3028 2287 3273 2356 mysterii
3302 2289 3595 2356 majestate

1981 2375 2333 2447 dixisse),ilia
2352 2378 2585 2447 expetiit
2605 2377 2794 2432 audire
2816 2378 3124 2446 sapientem
3152 2396 3165 2445 ;
3193 2379 3294 2434 ista
3326 2395 3433 2436 non
3460 2393 3552 2436 tan
3566 2413 3587 2429 .-

1985 2479 2098 2525 tum
2118 2472 2336 2526 audisse
2363 2481 2641 2538 contenta,
2663 2472 2835 2528 sedet
2866 2474 3062 2527 meruit
3094 2476 3305 2529 servire
3332 2478 3589 2546 sapienti.

2058 2561 2173 2617 Vll.
2208 2563 2619 2631 Pustumianus,
2646 2564 2995 2634 jamdudum,
3036 2566 3238 2636 inquit,
3286 2568 3467 2633 Galle,
3496 2584 3592 2624 au-

1984 2656 2144 2711 diens
2189 2664 2242 2711 te
2275 2656 2592 2727 loquentem
2626 2659 2980 2712 vehementer
3024 2659 3273 2714 admiror
3303 2663 3506 2731 reginae
3535 2663 3598 2716 ii-

1982 2750 2109 2805 dem
2144 2767 2159 2803 :
2188 2750 2283 2805 sed
2314 2750 2447 2805 illud
2482 2750 2571 2805 ubi
2603 2760 2717 2815 est,
2751 2752 2893 2822 quod
2934 2752 3084 2805 nulla
3117 2768 3370 2823 umquam
3391 2754 3589 2809 femina

1981 2842 2263 2898 ferebatur
2295 2844 2521 2915 propius
2552 2843 2792 2899 astitisse
2840 2844 3253 2900 Martinoleece
3274 2847 3379 2900 ista
3404 2849 3592 2919 regina

1982 2949 2094 2990 non
2124 2936 2300 2990 solum
2328 2937 2527 3001 astitit,
2550 2935 2648 2992 sed
2681 2937 2843 2992 etiam
2878 2936 3210 2991 ministravit
3244 2957 3255 2991 :
3287 2948 3344 2993 et
3371 2954 3589 3004 vereor,

1984 3042 2053 3082 ne
2082 3024 2191 3082 iste
2214 3029 2617 3099 aliquantulum
2643 3045 2703 3085 se
2733 3036 2991 3084 tueantur
3020 3031 3270 3100 exemrilo
3295 3030 3389 3102 qui
3418 3032 3592 3088 liben-

270 3102 372 3180 nit.
400 3125 505 3194 Qui
528 3102 1004 3180 convenientem
1053 3123 1269 3178 eminus
1301 3121 1533 3187 videret,
1558 3120 1879 3176 infrendens
1904 3102 1953 3168 (ἶ
1984 3128 2071 3176 ter
2084 3122 2307 3176 feminis
2338 3121 2673 3176 inseruntur.
2703 3121 2839 3176 Tum
2869 3121 3078 3186 Gallus,
3104 3122 3242 3189 Quid
3274 3132 3331 3177 tu
3353 3166 3366 3188 ,
3394 3125 3591 3195 inquit,

269 3231 372 3273 cur
397 3218 586 3273 fuisset
608 3216 915 3282 admissus,
954 3228 1301 3284 nequaquam
1338 3226 1635 3280 assurgere
1684 3221 1768 3264 est
1798 3209 1882 3264 di-

269 3321 463 3381 gnatus
494 3309 723 3371 natanti,
750 3308 930 3363 donec
961 3309 1163 3377 regiam
1198 3306 1389 3360 sellam
1434 3305 1574 3374 ignis
1613 3304 1876 3374 operiret,

268 3401 567 3471 ipsumque
606 3415 790 3471 regem
823 3415 889 3455 ea
922 3411 1076 3470 parte
1101 3398 1356 3468 corporis
1383 3412 1489 3468 qua
1518 3397 1772 3462 sedebat,
1803 3396 1882 3463 alg-

266 3492 437 3550 ilaret
480 3493 812 3547 incendium.
834 3492 913 3547 ita
964 3492 1108 3548 solio
1134 3506 1240 3546 suo
1270 3490 1541 3560 superbus
1574 3489 1877 3554 excutitur;

265 3596 325 3644 et
359 3586 596 3643 Martiae
625 3586 830 3642 invitus
862 3587 1141 3657 ηιδδιιι-ςὶιε
1170 3585 1519 3654 multumque
1561 3583 1880 3651 complexus

266 3694 432 3749 quem
485 3693 753 3749 spernere
792 3686 928 3733 ante
967 3677 1308 3740 decreverat,
1335 3676 1591 3728 virtutem
1641 3674 1880 3727 sensisse

266 3773 511 3829 divinam
566 3771 922 3829 emendatior
994 3770 1270 3825 fatebatur
1325 3788 1340 3824 :
1400 3782 1499 3823 nec
1540 3766 1881 3837 exspectatis

267 3862 493 3919 κει-ιω
520 3862 802 3935 precibus,
826 3862 984 3933 prius
1004 3860 1195 3917 milia
1240 3860 1496 3931 prrstitit
1530 3875 1692 3930 quam
1718 3873 1881 3929 roga-

266 3965 447 4012 retur.
492 3954 783 4025 Colloquie
834 3954 987 4009 illum
1034 3962 1198 4023 atque
1255 3950 1511 4007 convivio
1554 3950 1881 4022 frequenter

269 4048 540 4104 adscivit:
566 4059 850 4119 postremo
892 4048 1115 4103 abeunti
1148 4046 1315 4102 multa
1356 4061 1589 4101 munera
1641 4046 1877 4113 obtulit,

270 4157 395 4213 qu:
430 4144 526 4197 vir
552 4142 770 4209 beatas,
803 4150 861 4197 ut
890 4157 1132 4212 semper,
1163 4141 1506 4211 paupertatis
1530 4154 1645 4194 suae
1691 4149 1879 4194 custos

272 4246 467 4291 cuncta
496 4236 721 4305 ,rejec'tt.

347 4326 435 4383 νι.
460 4328 687 4398 .thnia
732 4325 994 4397 palatium
1028 4326 1199 4382 semel
1228 4325 1472 4395 ingressi
1504 4339 1721 4389 sumus,
1752 4324 1880 4381 licet

269 4420 505 4477 diva-sis
524 4422 582 4477 in
602 4421 811 4491 palatio
830 4420 1181 4490 temporibus
1196 4431 1357 4491 gesta
1382 4432 1712 4475 contrectata
1738 4434 1753 4472 :
1778 4432 1875 4473 ne-

1986 3228 2092 3267 non
2142 3213 2293 3269 vides
2336 3213 2483 3284 quod
2513 3214 2697 3270 solent
2740 3215 2939 3271 docere
2978 3217 3354 3287 grammatici,
3382 3218 3591 3283 locum,

1982 3315 2223 3377 tempus,
2256 3323 2546 3377 personam
2570 3308 2594 3362 Υ
2616 3309 2868 3376 Propone
2914 3312 3061 3366 enim
3096 3311 3195 3365 tibi
3226 3322 3354 3367 ante
3403 3314 3593 3368 oculos

1984 3410 2200 3469 Captum
2248 3400 2303 3454 in
2350 3401 2549 3469 palatio
2582 3402 2927 3471 imperatoris
2960 3404 3217 3472 precibus
3247 3405 3465 3472 ambiri,
3507 3422 3593 3462 re-

1982 3491 2123 3560 gime
2151 3491 2259 3543 fide
2304 3492 2447 3562 cogi,
2480 3494 2747 3562 temporis
2797 3496 3125 3550 necessitate
3172 3499 3499 3569 constringi,
3536 3509 3596 3553 ut

1983 3580 2201 3636 clauses
2228 3596 2453 3637 carcere
2498 3582 2784 3648 liberaret,
2810 3586 3022 3639 exsiliis
3054 3587 3213 3642 datos
3252 3592 3590 3653 restitueret.

1982 3671 2126 3727 bona
2174 3673 2426 3743 adempta
2474 3674 2829 3729 redlriberet:
2866 3676 2981 3731 haec
3034 3679 3221 3745 quanti
3269 3688 3428 3749 putas
3456 3697 3593 3735 con-

1982 3772 2132 3819 sisne
2172 3763 2441 3835 episcopo
2490 3764 2770 3831 debuisse,
2796 3777 2856 3821 ut
2905 3784 3004 3837 pro
3048 3768 3136 3823 bis
3178 3772 3435 3827 omnibus
3482 3790 3590 3829 non

1980 3857 2377 3928 aliquantulum
2411 3857 2481 3913 de
2518 3858 2703 3929 rigore
2730 3862 3004 3930 propositi
3020 3862 3335 3919 relaxaret?
3366 3865 3595 3921 Verum-

1984 3951 2328 4021 tamenquia
2377 3950 2673 4006 occasione
2720 3950 2889 4022 hujus
2930 3956 3170 4024 exempli
3210 3956 3357 4011 male
3398 3973 3594 4013 usuros

1954 4058 2109 4109 resse
2142 4043 2367 4123 aliquos
2397 4045 2706 4111 arbitraris,
2732 4046 2813 4099 ilii
2858 4060 2991 4100 vero
3034 4046 3231 4103 felices
3261 4058 3447 4117 erunt,
3476 4051 3523 4105 si
3564 4068 3591 4104 a

1983 4136 2269 4205 disciplina
2300 4137 2536 4209 exempli
2557 4139 2712 4193 istius
2732 4154 2843 4194 non
2875 4141 3156 4195 recedant.
3176 4142 3406 4198 Videant
3419 4146 3588 4211 enim,

1981 4232 2108 4300 quia
2134 4231 2371 4286 Martino
2398 4233 2568 4288 semel
2598 4241 2805 4288 tantum
2834 4235 2885 4288 in
2918 4236 3029 4289 vita
3052 4276 3064 4299 ,
3092 4236 3203 4303 iam
3231 4244 3594 4310 septuagena-

1983 4324 2086 4388 rio,
2120 4338 2229 4379 non
2262 4324 2421 4380 vidua
2450 4326 2661 4393 libera,
2688 4342 2798 4380 non
2833 4328 2984 4399 virgo
3016 4328 3328 4398 lasciviens,
3358 4333 3454 4387 sed
3490 4334 3592 4389 sub

1982 4421 2099 4473 viro
2150 4419 2365 4487 vivens,
2398 4421 2516 4491 ipso
2561 4422 2680 4477 viro
2730 4423 2936 4491 pariter
2990 4424 3359 4494 supplicante,
3404 4428 3587 4498 regina

270 4530 546 4586 quaquam
562 4515 720 4571 enim
744 4514 1276 4585 pretcrnrittendum
1314 4514 1548 4580 videtur,
1571 4514 1713 4568 circa
1730 4513 1878 4568 »Μαι-
1901 4493 1957 4558 Β
1982 4514 2211 4569 servivit
2248 4523 2311 4570 et
2342 4516 2693 4569 ministravit.
2730 4515 2857 4570 Haec
2884 4493 3072 4572 edenti
3094 4493 3288 4586 astitit,
3323 4535 3429 4575 non
3463 4493 3587 4576 cum

272 4608 378 4663 tisi
400 4608 850 4668 “minutionem.
892 4607 1094 4677 regintc
1128 4606 1313 4662 ﬁdelis
1343 4609 1673 4679 exemplum.
1704 4607 1875 4663 Maxi-

272 4702 726 4771 musimperator
762 4700 1163 4772 rempublicam
1209 4701 1572 4772 gubernabat,
1599 4702 1679 4755 vir
1726 4702 1876 4755 omni

268 4794 382 4849 vita
414 4796 612 4851 tacito
657 4794 1059 4865 pradicandus,
1090 4796 1216 4849 sici
1252 4795 1337 4850 vel
1372 4794 1628 4851 diadema
1660 4810 1767 4849 non
1796 4795 1875 4849 lc.

265 4888 462 4957 gitime
501 4890 866 4944 tumultuante
908 4887 1080 4943 milite
1114 4888 1424 4956 impositum
1459 4885 1876 4955 repudiorc,vel

264 4981 439 5035 armis
456 4980 1034 5036 .civilibusabstinere
1056 4978 1304 5033 licuisset
1328 4996 1340 5031 :
1375 4978 1469 5034 sed
1494 4993 1745 5048 maguum
1768 4978 1876 5031 im-

262 5072 481 5142 peritus
510 5072 1221 5142 necsiuepericulo-renui,
1246 5086 1349 5125 nec
1369 5073 1487 5126 sine
1506 5072 1678 5126 armis
1702 5072 1881 5140 potuit

264 5166 467 5221 teneri.
500 5165 600 5221 llic
618 5165 915 5221 diutinum
939 5168 1147 5235 sopitis
1176 5177 1460 5222 evocatum
1492 5174 1879 5235 receptumque

260 5257 411 5314 intra
448 5259 719 5329 palatium
772 5260 1171 5316 venerabiliter
1224 5260 1570 5316 honorabat:
1607 5269 1753 5314 totus
1802 5258 1878 5313 illi

257 5365 391 5405 cum
426 5366 505 5405 eo
532 5366 716 5406 muro
745 5352 815 5407 de
862 5353 1226 5422 praesentibus
1245 5394 1258 5418 ,
1289 5352 1359 5407 de
1388 5352 1581 5407 futuris
1603 5394 1615 5416 ,
1643 5352 1712 5405 de
1744 5350 1876 5406 lide-

257 5443 404 5499 ιᾶιιιι
440 5445 646 5514 gloria,
672 5444 745 5501 de
774 5446 1086 5501 tuternitate
1128 5456 1472 5512 sanctorum;
1499 5461 1622 5503 cum
1656 5446 1873 5501 interim

252 5538 466 5595 diebus
498 5553 575 5595 ac
592 5540 857 5596 noctibus
895 5541 1087 5597 delere
1114 5540 1339 5597 Martini
1368 5543 1555 5609 regina
1585 5540 1874 5609 pendebat,

252 5629 609 5702 Euangelioo
638 5632 886 5687 daemon
936 5632 1445 5701 interioremmplo
1466 5632 1643 5703 pedes
1686 5632 1880 5689 Sancti

248 5720 403 5780 Ictu
442 5723 683 5796 rigabat,
702 5724 871 5781 .crine
888 5726 1165 5796 tergebat.
1193 5724 1484 5792 Martinus,
1512 5740 1686 5797 quem
1733 5726 1879 5781 nulla

1980 4607 2238 4676 epulante
2262 4606 2544 4663 discubuit
2570 4624 2590 4659 :
2622 4622 2724 4663 nec
2765 4622 2901 4663 ausa
2925 4617 3010 4664 est
3047 4611 3375 4680 participare
3404 4616 3590 4667 convi-

1979 4699 2150 4763 vium,
2176 4696 2278 4753 sed
2321 4697 2600 4753 deferebat
2648 4694 2993 4769 obsequium.
3042 4700 3203 4757 Disce
3232 4703 3397 4773 igitur
3424 4704 3589 4760 disci-

1981 4790 2184 4860 plinam
2212 4809 2224 4843 :
2256 4792 2463 4846 serviat
2492 4791 2587 4846 tibi
2616 4802 2883 4854 matrona.
2932 4808 3040 4848 non
3089 4795 3353 4863 imperet;
3386 4807 3439 4852 et
3472 4813 3589 4855 scr-

1976 4885 2109 4951 viat,
2146 4899 2258 4938 non
2298 4885 2585 4939 recumbat
2617 4906 2629 4941 :
2660 4884 2805 4940 sicut
2850 4885 3059 4941 Martha
3106 4887 3205 4943 illa
3244 4888 3590 4947 ministravit

1979 4975 2234 5042 Domine,
2266 4991 2365 5031 nec
2388 4985 2576 5032 ‘lﬂﬂlell
2606 4987 2688 5033 est
2710 4977 2913 5032 adscita
2942 4980 3227 5046 convivio;
3255 4984 3420 5039 immo
3447 4999 3590 5055 pra:-

1981 5076 2085 5130 lata
2116 5087 2199 5131 est
2222 5076 2555 5131 ministranti
2579 5091 2699 5147 qua:
2722 5076 2946 5133 verbum
2972 5080 3153 5149 potius
3176 5081 3452 5138 audiebat.
3479 5083 3588 5139 Sed

1979 5170 2032 5224 in
2060 5168 2293 5223 Mar-tino
2322 5170 2420 5223 ista
2453 5170 2641 5239 regina
2672 5180 2966 5241 utrumque
3006 5173 3301 5243 complevit
3336 5192 3349 5229 :
3378 5184 3432 5230 et
3480 5178 3590 5230 mi-

1982 5263 2238 5317 nistravit
2260 5272 2315 5316 ut
2340 5263 2573 5331 Martha,
2598 5272 2651 5319 et
2678 5265 2883 5320 audivit
2912 5276 2968 5320 ut
2994 5266 3182 5322 Maria.
3217 5268 3372 5337 Quod
3399 5271 3441 5324 si
3466 5269 3600 5338 quis

1982 5356 2085 5413 hoc
2116 5358 2191 5412 uti
2242 5357 2475 5415 voluerit
2503 5361 2787 5430 exemplo,
2822 5375 2922 5430 per
2962 5362 3143 5416 omnia
3180 5370 3363 5418 teneat
3406 5374 3613 5418 extem-

1985 5451 2130 5523 plum
2165 5449 2329 5505 :talis
2373 5467 2532 5507 causa
2587 5451 2659 5506 sit
2717 5453 2947 5523 talisque
2989 5469 3245 5523 ['ichtina,
3283 5456 3388 5508 tale
3428 5455 3631 5507 obse—

1984 5545 2308 5615 quium,tale
2339 5546 2746 5612 convivium,ct
2781 5546 2832 5600 in
2858 5546 3004 5598 omni
3037 5547 3141 5600 vita
3169 5549 3337 5605 semel
3355 5555 3600 5601 tantum
3622 5573 3645 5586 -

2060 5636 2196 5693 Vill.
2237 5638 2523 5705 Praeclare,
2554 5640 2728 5708 inquit
2756 5637 3162 5704 Postumiauus,
3193 5652 3413 5697 nostros
3436 5642 3679 5697 ἱειοενν

1990 5737 2047 5782 ut
2066 5728 2285 5782 Mar-ﬁni
2313 5744 2422 5784 non
2450 5728 2802 5799 egrediantur
2829 5726 3168 5798 exemplum,
3200 5742 3296 5792 tua
3326 5723 3721 5792 constrin‘
