4270 6176
586 301 691 358 207

1942 276 2236 345 SULPICIi
2274 278 2527 341 SEVERI

3787 286 3895 345 208

584 418 663 488 git
686 414 864 472 oratio
894 430 907 467 :
944 411 1039 469 sed
1069 410 1332 482 profiteor
1363 406 1481 469 tibi,
1510 404 1635 475 quia
1678 403 1795 457 hmo
1827 401 2010 457 surdis
2046 403 2193 456 auri—
2219 403 2273 462 Α
2301 400 2564 470 placidior
2592 399 2908 455 immiscuit.
2936 390 3049 455 Hoc
3075 396 3209 455 illud
3237 400 3339 456 fuit
3373 406 3586 470 tempus
3615 415 3725 471 quo
3753 403 3898 459 inter

584 510 690 565 bus
745 507 1033 562 andientur
1073 522 1085 555 :
1135 516 1259 556 nam
1289 501 1330 553 si
1382 498 1596 552 Martini
1639 511 2000 565 sequeremur
2049 494 2186 561 vias,

588 604 908 668 (numquam
938 610 1129 650 causas
1156 594 1223 647 de
1252 591 1442 646 osculo
1468 590 1798 655 diceremus,
1818 586 1895 658 et)
1922 587 2192 641 universis

587 668 784 751 scaeva:
811 690 1081 760 Opinionis
1110 686 1420 758 opprobriis
1446 698 1780 740 careremus.
1819 683 2020 737 Verum
2050 683 2195 736 sicut

589 798 648 841 tu
677 786 823 841 soles
848 786 1053 844 dicere,
1074 796 1195 835 cuni
1221 778 1507 834 edacitatis
1530 776 1797 847 argueris,
1815 776 1956 831 Galli
1984 789 2190 839 sumus;

590 879 665 933 ita
698 892 798 931 nos
831 877 881 930 in
930 873 1032 927 hac
1062 884 1214 942 parte
1245 886 1538 938 numquam
1571 871 1651 924 vel
1684 867 1898 923 Martini
1941 866 2195 934 exemplo

591 970 678 1025 vel
711 970 820 1023 tuis
849 964 1311 1036 disputationibus
1340 962 1653 1029 corrigendi
1688 960 1936 1014 fatemur.
1969 959 2197 1013 Verum-

594 1074 773 1118 tamen
811 1062 927 1114 Ita‘c
958 1059 1118 1112 nobis
1142 1056 1463 1127 jamdudum
1489 1055 1797 1125 agentibus,
1826 1052 1951 1122 quid
1980 1062 2033 1105 tu
2064 1062 2192 1117 tam,

596 1155 872 1210 obstinate
911 1150 1138 1219 Sulpici,
1188 1148 1378 1203 taces?
1413 1147 1550 1217 Ego,
1584 1146 1828 1215 inquam,
1859 1161 1967 1199 non
2019 1144 2195 1197 solum

590 1248 755 1305 modo
782 1258 958 1311 taceo,
989 1245 1083 1300 sed
1118 1244 1249 1297 olim
1280 1243 1347 1297 de
1388 1241 1506 1295 istis
1536 1251 1716 1295 tacere
1747 1238 1997 1306 disposui
2028 1256 2040 1291 :
2074 1251 2198 1291 nam

594 1342 720 1413 quia
752 1338 1042 1411 quamdam
1071 1337 1285 1390 viduam
1318 1348 1529 1403 vagam,
1565 1332 1875 1395 nitidulam,
1919 1338 2200 1396 sumptuo-

594 1450 708 1491 sam
741 1430 1172 1503 objurgaverim,
1206 1427 1460 1482 lascivius
1504 1427 1873 1489 victitantem;
1905 1422 2200 1491 itidemque

594 1529 864 1599 virginem
893 1522 1230 1579 adolescenti
1260 1521 1474 1576 cuidam
1510 1519 1641 1573 mihi
1674 1520 1842 1573 cbaro
1865 1517 2201 1572 indecentius

595 1624 994 1687 adhaerentem,
1029 1634 1152 1675 cum
1182 1618 1402 1687 quidem
1434 1615 1605 1683 ipsam
1659 1614 1977 1681 frequenter
2020 1608 2202 1663 audis—

594 1729 735 1778 sem,
767 1716 902 1768 alios
945 1714 1108 1767 etiam
1156 1710 1245 1780 qui
1301 1708 1424 1762 talia
1482 1718 1730 1777 agerent,
1779 1707 2199 1773 increpantem;

2295 494 2501 549 medias
2528 492 2774 547 flatumas
2802 494 3011 564 positus
3044 509 3150 546 non
3182 495 3350 548 sensit
3380 496 3687 550 incendium
3712 512 3725 549 :
3752 496 3895 564 quod

2294 588 2423 643 mibi
2472 602 2581 642 non
2624 587 2863 641 arbitror
2903 602 3028 642 esse
3057 587 3408 643 referendum
3437 606 3451 653 ;
3486 589 3611 660 quia
3647 589 3752 645 hoc
3784 592 3897 659 ple-

2296 682 2420 737 nius
2459 683 2561 735 iste
2604 681 2875 750 Sulpicius
2898 723 2913 747 ,
2956 682 3081 736 licet
3125 683 3178 736 in
3211 683 3352 738 libro
3383 699 3481 739 suo
3516 687 3853 753 praeteritum
3879 727 3895 754 ,

2299 777 2350 830 in
2384 776 2611 843 epistola
2638 784 2819 831 tamen
2870 784 3079 845 postea,
3112 793 3272 848 quam
3320 778 3386 832 ad
3424 779 3717 834 Eusebium
3769 789 3899 837 tunc

2299 868 2699 938 presbyterum,
2719 867 2881 921 modo
2896 869 3240 936 episcoa-um,
3262 868 3410 936 fecit,
3427 872 3706 941 exposuit:
3733 888 3896 943 quam

2298 969 2376 1023 tu,
2406 959 2783 1024 Pestumiane,
2817 970 2932 1023 aut,
2961 960 3150 1024 credo,
3182 961 3387 1030 legisti,
3416 973 3507 1015 aut
3538 965 3583 1016 si
3620 964 3899 1034 ineoguita

2300 1052 2400 1106 tibi
2446 1063 2562 1116 est,
2612 1068 2732 1107 cum
2774 1053 3025 1120 libuerit,
3062 1057 3112 1107 in
3158 1064 3410 1123 promptu
3440 1070 3504 1110 ex
3538 1056 3630 1110 illo
3660 1058 3901 1113 armario

2302 1144 2505 1199 babes:
2541 1160 2639 1199 nos
2669 1145 2737 1201 ab
2763 1146 2854 1199 illo
2878 1146 3077 1200 omissa
3106 1146 3415 1201 referimus.
3442 1147 3690 1214 Quodam
3715 1160 3900 1205 autem

2302 1248 2566 1305 tempore,
2591 1238 2717 1292 dum
2748 1238 3016 1294 dimceses
3042 1241 3302 1295 circuiret
3323 1281 3337 1304 ,
3364 1242 3677 1295 venantium
3704 1256 3897 1312 agmen

2302 1332 2649 1386 incurrimus.
2700 1329 2874 1387 Canes
2921 1332 3161 1401 leporem
3218 1334 3633 1403 sequebantur:
3676 1335 3901 1404 jamque

2302 1427 2472 1479 multo
2513 1426 2690 1493 spatio
2730 1426 2872 1479 victa
2916 1425 3185 1491 bestiola,
3232 1442 3353 1480 cum
3402 1429 3647 1498 undique
3694 1430 3901 1497 campis

2300 1516 2409 1571 late
2443 1517 2753 1585 patentibus
2782 1517 2987 1571 nullout
3028 1532 3174 1573 esset
3204 1519 3498 1588 effugium,
3532 1531 3765 1577 mortem
3805 1524 3904 1577 im-

2304 1609 2599 1665 minentem
2626 1610 2740 1679 jam
2765 1610 2986 1679 jamque
3016 1612 3277 1681 capienda
3310 1613 3517 1669 crebris
3545 1614 3774 1669 flexibus
3801 1616 3905 1671 dif-

2306 1702 2537 1757 ferebat.
2568 1702 2729 1772 Cujus
2763 1704 3060 1772 periculum
3091 1704 3172 1757 vir
3199 1706 3389 1759 beatus
3418 1708 3503 1773 pia
3527 1716 3714 1762 mente
3742 1707 3906 1763 mise-

597 1816 745 1862 tanta
778 1805 908 1860 mihi
938 1805 1184 1858 omnium
1235 1800 1559 1856 feminarum
1606 1807 2040 1866 cuuctorumque
2080 1809 2196 1849 mo-
2229 1784 2280 1847 Β
2308 1804 2461 1851 ratus
2495 1797 2721 1864 imperat
2747 1795 2974 1849 canibus
2995 1837 3008 1858 ,
3035 1805 3093 1849 ut
3117 1782 3446 1851 desisterent
3473 1798 3648 1867 sequi,
3678 1809 3730 1853 et
3752 1799 3904 1854 sine-

596 1901 896 1956 nacborum
939 1897 1061 1951 odia
1101 1895 1396 1958 concitavi,
1424 1902 1481 1946 ut
1518 1892 1804 1946 adversum
1837 1906 1923 1945 me
1959 1901 2202 1959 utrmque

593 1994 841 2062 legiones
867 1990 1049 2058 jurata
1073 1987 1217 2043 bella
1243 1986 1610 2055 sosceperint.
1638 1984 1790 2039 Unde
1817 1998 2001 2053 qumso
2026 1992 2203 2037 tacea-

596 2085 687 2149 tis,
716 2099 784 2138 ne
810 2084 971 2136 etiam
1007 2082 1110 2134 hoc
1132 2078 1275 2149 quod
1306 2094 1400 2131 vos
1433 2077 1738 2144 loquimini,
1768 2076 1834 2129 ad
1857 2092 2033 2130 meam
2063 2074 2204 2130 refe-

596 2186 747 2232 ratur
779 2173 1058 2228 invidiam.
1089 2172 1225 2227 Tota
1254 2171 1407 2225 vobis
1438 2170 1671 2224 istorum
1701 2170 1903 2223 mentio
1930 2169 2204 2238 relinqua-

593 2279 683 2323 tur
715 2285 727 2321 :
754 2267 820 2321 ad
849 2266 1139 2321 Martinum
1192 2265 1757 2333 potius'revertamur.
1801 2262 1904 2326 Tu,
1938 2261 2112 2322 Galle.
2145 2268 2204 2316 ut

597 2374 887 2431 aggressus
918 2373 998 2423 es,
1041 2367 1280 2426 emptum
1315 2371 1450 2425 opus
1487 2354 1722 2424 explica.
1760 2351 1897 2406 Tum
1929 2354 2054 2406 ille:
2082 2351 2201 2406 Jam

592 2451 818 2523 quidem
871 2450 1052 2516 vobis,
1088 2450 1285 2517 inquit,
1322 2456 1473 2502 tanta
1506 2446 1743 2511 narravi,
1778 2454 1836 2499 ut
1887 2445 2204 2499 satisfacere

590 2547 792 2601 studiis
821 2546 1023 2600 vestris
1055 2558 1210 2599 meus
1242 2556 1425 2598 sermo
1463 2541 1715 2595 debuerit
1744 2557 1757 2591 :
1790 2538 1884 2593 sed
1937 2538 2058 2607 quia
2110 2552 2205 2593 vo-

595 2638 795 2695 luntati
841 2645 1041 2691 vestra:
1090 2650 1196 2689 non
1253 2632 1631 2687 obsecundare
1705 2629 1836 2684 mihi
1890 2645 1995 2683 non
2054 2629 2203 2693 licet,

595 2741 862 2803 quantum
911 2729 1090 2783 adhuc
1137 2728 1244 2782 diei
1293 2738 1573 2797 superest,
1603 2726 1795 2795 loquar
1831 2742 1842 2776 :
1876 2740 1998 2779 nam
2056 2733 2205 2778 certe

598 2825 725 2879 dum
758 2833 999 2878 stramen
1054 2820 1182 2875 illttd
1224 2820 1367 2890 quod
1414 2820 1464 2872 iu
1498 2818 1671 2872 lectos
1703 2828 1920 2871 nostros
1959 2826 2202 2886 paratur,

596 2919 827 2988 aspicio,
862 2915 1117 2969 subvenit
1162 2915 1215 2967 in
1258 2912 1579 2967 memoriam
1613 2910 1776 2965 etiam
1825 2910 1893 2964 de
1944 2909 2205 2963 stramine

599 3013 658 3068 in
684 3026 791 3082 quo
822 3007 1085 3063 Martinus
1119 3006 1389 3075 jacuerat,
1420 3003 1613 3058 factam
1637 3018 1759 3057 esse
1792 3002 2069 3055 virtutem.
2100 3001 2206 3054 lies

597 3105 674 3161 ita
703 3112 856 3175 gesta
880 3112 996 3156 est:
1021 3099 1447 3165 Claudiomagus
1474 3098 1627 3149 vicus
1657 3104 1738 3149 est
1772 3093 2081 3165 in_c0nfinio
2113 3091 2205 3145 Bi-

2306 1898 2429 1944 rent
2467 1890 2618 1943 abire
2649 1888 2943 1957 fugientem
2979 1906 2991 1942 :
3021 1889 3112 1959 qui
3141 1891 3402 1945 continuo
3431 1893 3497 1945 ad
3529 1878 3760 1960 primum
3788 1909 3907 1949 ser-

2306 1984 2481 2040 monis
2509 1984 2627 2054 ejus
2656 1984 2944 2052 imperium
2968 1985 3353 2041 Constiterunt.
3380 1983 3643 2041 Crederes
3665 1988 3903 2056 vinctos,

2305 2079 2472 2133 immo
2505 2077 2682 2146 potius
2720 2078 2912 2131 aftixos
2938 2119 2952 2143 ,
2986 2078 3039 2131 in
3070 2077 3184 2131 suis
3218 2078 3428 2133 harrere
3460 2079 3723 2149 vestigiis.

2376 2170 2445 2225 X.
2488 2170 2565 2224 Ita
2598 2170 2945 2237 lepusculus,
2979 2172 3424 2240 persecutoribus
3451 2172 3714 2242 alligatis,
3758 2172 3908 2229 inco-

2305 2262 2466 2317 lumis
2494 2262 2688 2315 evasit.
2718 2260 2912 2332 Operm
2941 2265 3173 2331 pretium
3200 2274 3381 2317 autem
3411 2272 3528 2327 est,
3561 2264 3724 2318 etiam
3754 2266 3909 2320 fami-

2308 2356 2464 2410 liaria
2510 2355 2656 2410 illius
2685 2357 2852 2409 verba
2888 2354 3120 2423 spiritali
3164 2356 3279 2411 sale
3317 2356 3533 2411 condita
3580 2373 3907 2417 memorare.

2306 2448 2474 2504 Ovem
2495 2463 2685 2503 recens
2704 2458 2910 2501 tonsatn
2933 2448 3071 2502 forte
3092 2457 3475 2514 conSpexerat.
3495 2449 3905 2519 Evangelicum,

2308 2542 2514 2611 inquit,
2549 2540 2862 2595 mandatum
2903 2540 3002 2595 ista
3052 2542 3386 2610 complevit:
3428 2542 3565 2597 duas
3608 2542 3793 2598 habuit
3825 2554 3913 2598 tu-

2308 2639 2497 2699 nicas;
2528 2652 2689 2690 unant
2715 2652 2902 2690 earum
2928 2636 3121 2706 largita
3147 2645 3230 2689 est
3257 2651 3363 2690 non
3394 2637 3613 2692 babenti
3642 2639 3747 2692 :ita
3776 2652 3910 2707 ergo

2308 2738 2364 2785 et
2395 2746 2490 2783 vos
2521 2729 2696 2783 facere
2737 2728 2972 2783 debetis.
3003 2728 3137 2783 Item
3166 2744 3286 2783 cum
3317 2730 3600 2784 subulcum
3632 2730 3909 2795 algentem

2309 2838 2371 2877 ac
2398 2839 2534 2890 pene
2558 2822 2761 2877 nudum
2795 2823 2845 2874 in
2875 2821 3101 2891 pellicea
3130 2831 3282 2876 veste
3310 2822 3554 2884 vidisset,
3581 2822 3681 2885 En,
3712 2822 3906 2893 inquit,

2309 2913 2478 2967 Adam
2506 2913 2714 2982 ejectus
2743 2913 2810 2989 de
2836 2912 3091 2983 paradiso
3108 2913 3176 2966 .in
3205 2921 3355 2967 veste
3381 2914 3613 2984 pellicea
3639 2929 3765 2970 sues
3786 2929 3911 2985 pas-

2310 3008 2419 3063 cit:
2457 3006 2553 3061 sed
2588 3022 2686 3060 nos
2717 3008 2809 3061 illo
2836 3016 3019 3061 vetere
3056 3007 3310 3076 deposito
3331 3050 3346 3073 ,
3376 3009 3467 3077 qui
3500 3008 3678 3063 adhuc
3708 3010 3758 3063 in
3806 3010 3909 3063 isto

2310 3110 2537 3165 manet,
2572 3115 2770 3153 novum
2817 3100 2989 3154 Adam
3037 3100 3217 3170 potius
3265 3101 3573 3156 iuduamus.
3621 3102 3798 3157 Boves
3840 3118 3911 3157 ex

572 3200 838 3265 ‘turignm
885 3203 1045 3262 atque
1074 3191 1439 3245 Turouorum.
1470 3188 1711 3241 Ecclesia
1746 3186 1816 3240 ibi
1858 3195 1942 3240 est
1971 3176 2278 3240 celebrisC
2314 3202 2464 3262 parte
2492 3203 2643 3261 prata
2673 3193 3005 3262 depaverant
3034 3235 3049 3259 ,
3081 3196 3229 3263 porci
3259 3194 3423 3249 etiam
3456 3196 3712 3250 nonnulla
3740 3194 3911 3253 suffo-

600 3288 864 3358 religione
904 3291 1239 3347 sauctornm,
1285 3296 1386 3336 uec
1433 3280 1609 3334 minus
1651 3280 1885 3349 gloriosa
1930 3293 2206 3333 sacrarum

602 3380 874 3450 virginum
914 3374 1288 3430 multitudine.
1318 3371 1647 3427 Prtrteriens
1677 3385 1806 3440 ergo
1837 3371 2122 3436 Martinus,
2154 3372 2207 3424 in

601 3474 906 3531 secretario
943 3470 1190 3525 ecclesia:
1235 3466 1421 3520 habuit
1453 3465 1814 3519 mansionem.
1849 3462 1979 3517 Post
2006 3462 2211 3518 disces-

603 3583 725 3623 sum
761 3566 906 3619 illius
949 3572 1160 3617 cuncta:
1210 3561 1263 3614 in
1314 3558 1670 3613 secretarium
1706 3557 1839 3611 illud
1867 3557 2101 3628 virgines
2132 3556 2208 3611 ir-

604 3664 843 3715 ruerunt
864 3674 883 3727 7:
910 3655 1213 3709 allambunt
1242 3652 1451 3720 singula
1480 3650 1618 3717 loca,
1645 3649 1735 3704 ubi
1761 3661 1852 3704 aut
1882 3651 2103 3705 sederat
2128 3652 2212 3706 vir

603 3754 799 3809 beatus
824 3758 915 3805 aut
943 3756 1167 3803 steterat
1193 3763 1205 3800 :
1230 3753 1587 3800 stramentum
1616 3747 1785 3798 etiam
1825 3743 1877 3797 in
1910 3761 2017 3815 quo
2054 3745 2208 3813 quie-

604 3856 781 3914 verat,
811 3844 1139 3915 partiuntur.
1171 3840 1288 3896 Una
1318 3854 1505 3895 earum
1551 3848 1673 3908 post
1702 3839 1819 3893 dies
1850 3854 2052 3908 paucos
2083 3856 2209 3910 par-

608 3952 719 3997 tem
750 3937 1050 3998 Straminis,
1083 3950 1246 4006 quam
1277 3934 1380 3988 sibi
1414 3950 1510 4003 pro
1555 3932 1934 3988 benedictione
1978 3935 2212 4005 college-

605 4042 714 4096 rat,
760 4042 1168 4098 energumcno,
1200 4041 1359 4095 quem
1427 4024 1654 4093 spiritus
1692 4026 1897 4079 erroris
1949 4027 2207 4095 agitabat,

612 4127 681 4181 de
706 4125 922 4179 cervice
962 4119 1279 4189 suspendit;
1322 4134 1420 4174 nec
1450 4134 1625 4184 mora,
1659 4119 1805 4174 dicto
1826 4120 2006 4189 citius,
2036 4122 2211 4193 ejecto

616 4219 887 4277 drcmone,
920 4225 1155 4284 persona
1184 4219 1407 4279 purgata
1441 4217 1545 4263 est.

691 4309 781 4364 1X.
826 4308 932 4362 Per
981 4304 1122 4360 idem
1173 4304 1285 4358 fere
1337 4311 1551 4372 tempus
1601 4300 1833 4356 Martino
1880 4319 1908 4357 a
1955 4303 2213 4361 Treveris

617 4399 916 4459 revertenti
948 4398 1006 4451 fit
1032 4396 1245 4450 obviam
1276 4409 1434 4449 vacca
1462 4436 1476 4459 ,
1507 4409 1669 4463 quam
1698 4394 1910 4449 daemon
1942 4397 2209 4463 agitabat:

618 4509 739 4566 quae
789 4492 984 4547 relicto
1030 4502 1194 4559 grege
1234 4502 1370 4549 suo,
1420 4488 1473 4540 in
1521 4486 1769 4541 homines
1816 4487 2123 4554 ferebatur;
2156 4498 2211 4544 et

616 4559 727 4658 jam
778 4583 977 4639 multos
1030 4582 1191 4637 uoxie
1234 4579 1452 4649 petulca
1498 4579 1839 4635 confuderat.
1884 4582 2079 4636 Verum
2122 4559 2289 4639 ubiD

614 4679 776 4736 nobis
811 4675 977 4744 coepit
1006 4688 1129 4729 esse
1168 4672 1454 4740 contigua,
1498 4671 1552 4725 hi
1595 4673 1686 4741 qui
1720 4688 1837 4726 eam
1870 4674 2084 4729 eminus
2123 4690 2213 4731 se-

616 4772 965 4844 quebantur,
1017 4764 1316 4836 praedicere
1362 4778 1553 4834 magna
1603 4779 1741 4819 voce
1786 4776 2106 4833 cteperunt,
2155 4776 2212 4822 ut

618 4875 966 4919 caveremus.
1010 4858 1115 4914 Sed
1165 4867 1445 4926 postquam
1490 4856 1557 4911 ad
1602 4872 1699 4912 nos
1731 4858 1899 4913 torvis
1925 4858 2208 4915 furibunda

613 4953 912 5011 luminibus
941 4949 1161 5022 propius
1182 4951 1439 5014 accessit,
1474 4950 1740 5005 Martinus
1764 4952 1976 5007 elevata
1998 4953 2209 5008 obviam

619 5064 784 5104 manu
814 5045 1075 5116 pecudem
1109 5044 1418 5099 consistere
1457 5044 1611 5112 jubet
1639 5063 1652 5098 :
1686 5061 1808 5114 qua:
1840 5061 1961 5101 mox
1993 5048 2059 5101 ad
2093 5063 2212 5103 ver-

615 5142 746 5197 bttitt
777 5139 924 5193 illius
952 5147 1097 5191 stare
1122 5136 1289 5206 coepit
1316 5137 1631 5191 immobilis.
1661 5136 1797 5191 Cum
1834 5140 2037 5194 interea
2065 5141 2211 5195 videt

614 5234 875 5290 Martinus
934 5230 1097 5285 dorso
1160 5229 1305 5283 illius
1357 5228 1659 5283 dmntonem
1716 5231 2204 5299 supersedeutem,

613 5342 773 5396 quem
792 5325 1102 5391 increpans,
1120 5320 1375 5384 Discede,
1407 5320 1597 5389 inquit,
1626 5320 1859 5387 funeste,
1885 5321 1953 5377 de
1978 5324 2205 5392 pecude,

613 5430 670 5475 et
710 5417 991 5474 innoxium
1021 5414 1218 5468 animal
1253 5412 1464 5481 agitare
1496 5413 1721 5467 desiste.
1755 5414 1942 5468 Paruit
1974 5431 2203 5483 nequam

608 5512 840 5585 spiritus
866 5551 881 5575 ,
924 5517 978 5563 et
1026 5504 1275 5561 recessit.
1310 5503 1418 5557 Nec
1447 5504 1618 5557 defuit
1653 5517 1845 5558 sensus
1884 5506 1935 5558 in
1976 5508 2200 5572 bucula,

605 5607 735 5676 quin
783 5618 844 5658 se
898 5599 1226 5666 intelligeret
1277 5595 1608 5648 liberatam:
1652 5605 1777 5648 ante
1827 5597 1990 5663 pedes
2033 5600 2207 5655 ερηριί

607 5706 828 5763 recepta
857 5694 1039 5761 quiete
1071 5689 1465 5760 prosternitur,
1498 5686 1695 5741 deinde
1718 5688 1946 5754 jubeute
1976 5692 2205 5747 Martino

603 5805 821 5864 gregem
869 5804 1026 5847 suum
1074 5784 1262 5859 petiit,
1296 5799 1465 5856 seque
1494 5784 1694 5856 agmini
1730 5795 2055 5844 catterarum
2102 5805 2205 5847 ove

2311 3285 2536 3349 derant;
2574 3302 2702 3353 pars
2731 3295 2927 3341 caetera
2966 3303 3085 3357 qua:
3131 3289 3385 3343 manebat
3425 3290 3626 3355 illtesa,
3674 3290 3913 3346 diversis

2312 3379 2538 3435 floribus
2562 3381 2717 3448 quasi
2750 3380 2891 3450 picta
2917 3382 3204 3436 vernabat.
3229 3383 3479 3453 Speciem
3500 3426 3514 3449 ,
3539 3384 3743 3455 inquit,
3772 3385 3915 3455 gerit

2312 3488 2437 3544 pars
2464 3474 2553 3527 illa
2587 3474 2821 3543 conjugii
2846 3516 2861 3542 ,
2892 3492 3011 3546 qua:
3053 3491 3251 3546 prcore
3281 3478 3504 3547 depasta
3535 3479 3635 3532 etsi
3668 3494 3773 3533 non
3816 3494 3914 3549 pe-

2314 3565 2458 3621 nitus
2482 3568 2711 3635 gratiam
2736 3566 2918 3620 amisit
2944 3569 3257 3633 herbarum,
3287 3570 3490 3624 nullam
3517 3582 3693 3626 tamen
3718 3570 3911 3627 florum

2313 3659 2516 3714 retinet
2542 3659 2856 3728 dignitatem
2889 3678 2901 3713 :
2931 3661 3021 3715 illa
3050 3676 3182 3716 vero
3205 3678 3365 3732 quam
3396 3663 3547 3733 porci
3583 3680 3781 3734 pecora
3814 3666 3914 3719 im-

2312 3751 2512 3804 munda
2573 3752 2864 3817 foderunt,
2923 3754 3304 3809 fornicationis
3364 3757 3651 3824 imaginem
3706 3756 3910 3812 fcedam

2315 3842 2604 3909 praetendit
2640 3862 2653 3899 :
2684 3856 2944 3899 carterum
2994 3845 3081 3899 illa
3130 3848 3309 3913 portio
3339 3862 3459 3916 quae
3506 3848 3708 3902 nullam
3742 3849 3916 3905 sensit

2314 3934 2601 4003 injuriam,
2642 3936 2870 4002 gloriatn
2918 3938 3245 4006 virginitatis
3284 3939 3559 4003 ostendit,
3602 3940 3789 3996 herbis
3838 3941 3916 3996 fe-

2314 4027 2488 4080 cunda
2520 4028 2789 4093 luxuriat,
2820 4028 2926 4083 feni
2962 4029 3014 4084 in
3045 4046 3105 4085 ea
3139 4030 3344 4085 fructus
3372 4032 3657 4097 exuberat,
3692 4044 3743 4088 et
3772 4035 3914 4089 ultra

2315 4134 2532 4175 omnem
2561 4124 2797 4191 speciem
2827 4123 3082 4178 distincta
3113 4124 3335 4179 floribus
3362 4129 3512 4195 quasi
3554 4128 3787 4195 gemmis
3812 4127 3918 4181 mi-

2314 4214 2562 4269 cantibus
2587 4227 2777 4269 oruata
2808 4214 3002 4270 radiat.
3032 4216 3195 4270 Beata
3235 4218 3455 4286 species
3484 4227 3540 4272 et
3569 4217 3683 4273 Deo
3708 4218 3867 4288 digna
3894 4219 3911 4273 ι

2315 4306 2449 4360 nihil
2495 4308 2639 4361 enim
2679 4306 2970 4378 virginitati
3004 4318 3088 4364 est
3117 4309 3544 4380 comparandum
3592 4327 3605 4363 :
3642 4312 3711 4363 ita
3742 4320 3795 4363 et
3830 4310 3916 4366 illi

2316 4400 2405 4469 qui
2456 4400 2708 4470 conjugia
2755 4400 3102 4455 fornicationi
3145 4413 3502 4471 comparant,
3556 4401 3918 4457 vehementer

2317 4500 2529 4557 errant;
2564 4503 2616 4546 et
2652 4492 2729 4546 illi
2763 4493 2853 4560 qui
2880 4493 3127 4563 conjugia
3153 4493 3447 4562 virginitati
3478 4492 3737 4557 aequanda
3767 4494 3921 4547 :esti-

2318 4592 2497 4648 mant,
2547 4585 2732 4638 miseri
2778 4585 2994 4653 penitus
3033 4598 3089 4639 et
3133 4586 3286 4639 stulti
3324 4596 3470 4639 sunt.
3504 4585 3702 4640 Verum
3738 4586 3853 4639 lucc
3881 4600 3915 4639 ο

2316 4678 2656 4747 sapientibus
2706 4679 2939 4734 tenenda
2992 4679 3272 4735 distinctio
3319 4689 3437 4747 est,
3491 4690 3549 4735 ut
3596 4684 3915 4751 conjugium

2317 4774 2579 4840 pertineat
2610 4772 2675 4826 ad
2709 4775 2918 4827 veniam
2942 4815 2957 4839 ,
2989 4774 3268 4843 virginitas
3296 4782 3509 4843 spectet
3536 4773 3603 4827 ad
3643 4774 3871 4844 gloriam
3896 4814 3915 4840 ,

2315 4863 2602 4920 fornictitio
2644 4864 2936 4936 deputetur
2973 4867 3041 4921 ad
3092 4882 3306 4937 pinnam
3333 4909 3347 4933 ,
3394 4866 3500 4921 nisi
3539 4867 3921 4924 satisfactione

2316 4970 2594 5030 pttrgetttr.

2387 5054 2477 5108 XI.
2524 5054 2678 5109 Miles
2724 5055 2945 5125 quidam
2991 5055 3269 5127 cingulum
3318 5056 3372 5109 in
3407 5054 3674 5121 ecclesia,
3723 5069 3926 5110 mona-

2313 5146 2477 5202 chum
2525 5148 2841 5215 professus,
2893 5148 3204 5217 abjecerat:
3253 5147 3507 5202 cellulam
3552 5148 3656 5201 sibi
3700 5148 3923 5203 eminus

2320 5239 2371 5293 in
2402 5250 2616 5294 remoto
2646 5240 2802 5310 quasi
2844 5241 3075 5295 eremita
3108 5241 3351 5295 victurus
3393 5251 3666 5296 erexerat.
3706 5240 3925 5297 Interea

2317 5344 2532 5387 astutus
2561 5334 2812 5387 inimicus
2835 5334 2999 5387 variis
3027 5333 3452 5405 cogitationibus
3478 5335 3701 5388 brutum
3726 5342 3924 5402 pectus

2316 5425 2580 5490 agitabat,
2613 5434 2670 5478 ttt
2693 5426 2981 5494 cotijugem
3012 5442 3199 5489 suam,
3231 5441 3390 5495 quam
3426 5425 3688 5480 Martinus
3720 5428 3770 5479 iti
3801 5440 3926 5479 ιιιο-

2316 5515 2557 5570 nasterio
2591 5517 2885 5585 puellarum
2926 5534 3049 5572 esse
3081 5526 3446 5587 prreciaperat,
3478 5519 3763 5573 voluntate
3795 5532 3924 5571 mu-

2319 5615 2425 5661 tata
2445 5624 2625 5662 secum
2646 5611 2825 5677 potius
2844 5610 3283 5664 velletbabitare.
3306 5611 3452 5665 Adiit
3472 5628 3603 5682 ergo
3625 5612 3923 5667 Martinum

2315 5700 2474 5757 fortis
2501 5705 2728 5757 eremita
2758 5721 2770 5756 :
2815 5702 2957 5772 quod
3003 5702 3232 5759 haberet
3269 5706 3438 5759 animi
3471 5706 3784 5761 confitetur.
3815 5705 3922 5762 Ille

2313 5809 2446 5850 vero
2471 5796 2825 5851 vehementer
2842 5795 3084 5852 abnuere
3108 5814 3121 5852 :
3151 5796 3403 5853 feminam
3429 5801 3546 5855 viro
3567 5814 3777 5864 rursus,
3797 5798 3919 5869 jam
