4270 6176
269 243 381 301 209
1678 244 2020 302 DIALOGUS
2056 244 2121 300 ll.
3464 235 3572 296 210

269 358 545 414 monacho
590 373 697 413 non
745 360 975 425 marito,
1018 358 1320 431 incongrua
1364 361 1581 415 ratione
1626 361 1866 416 misceri.
1901 361 2169 428 Adicens
2210 360 2649 417 benedictionem
2684 360 2830 415 illius
2857 375 2886 414 a
2917 359 3203 416 sacerdote
3232 356 3456 413 minime
3484 373 3576 412 re-

268 452 568 507 POstremo
595 467 719 507 cum
762 452 919 507 miles
951 454 1217 521 instaret,
1265 452 1545 508 afﬁrmans
1592 454 1723 507 nihil
1772 457 1876 509 hoc

269 544 557 615 pI'OpOsilO
587 560 710 599 esse
741 548 1050 599 nociturum
1079 563 1092 598 :
1122 560 1182 599 se
1212 545 1331 600 sulo
1355 547 1607 616 conjugis
1636 546 1710 599 uti
1736 547 1875 601 velle

269 638 475 693 solatio
502 657 515 692 :
544 652 712 708 porro
739 653 806 693 ne
838 654 1025 693 rursus
1056 653 1117 694 se
1148 640 1200 693 in
1231 655 1325 693 sua
1356 641 1481 694 vitia
1510 639 1874 705 revolvercnt,

267 747 381 785 nou
411 745 535 785 esse
563 730 914 785 metuendum
942 748 954 783 :
986 746 1048 785 se
1068 744 1190 786 esse
1214 732 1442 787 militem
1465 729 1700 799 Christi,
1727 731 1875 785 illam

270 838 491 894 quoque
530 823 586 877 in
617 824 808 878 eadem
855 824 1099 893 ejusdem
1148 826 1358 879 militia:
1398 836 1741 881 sacramenta
1775 825 1878 895 ju-

265 926 429 967 rasse
456 931 471 965 :
504 925 790 983 pateretur
815 915 1136 986 episcopus,
1165 925 1387 971 sanctos
1417 927 1470 971 et
1502 933 1696 971 sexum
1723 933 1876 971 suum

265 1001 394 1057 ﬁdei
427 1006 632 1060 merito
664 1009 974 1063 nescientes
1003 1010 1208 1078 pariter
1235 1009 1490 1065 militare.
1520 1010 1657 1064 Tum
1691 1011 1877 1065 Marti-

264 1110 369 1149 tius
417 1097 624 1164 (verba
672 1100 830 1153 vobis
866 1101 978 1169 ipsa
1024 1100 1268 1155 dicturus
1317 1105 1520 1171 sum):
1570 1103 1664 1156 Dic
1714 1103 1879 1167 mihi,

266 1184 468 1256 inquit,
513 1186 564 1241 si
594 1205 850 1259 nmquatn
890 1190 942 1243 in
975 1191 1123 1245 bello
1154 1191 1337 1255 fuisti,
1365 1193 1409 1247 si
1441 1194 1492 1247 in
1528 1194 1645 1247 acie
1677 1195 1883 1248 consti-

268 1280 424 1333 tisti?
447 1281 521 1336 At
550 1281 647 1336 ille
673 1283 1040 1352 respondens,
1076 1283 1654 1356 Frequenter,iuquit,
1689 1286 1742 1340 in
1766 1286 1883 1342 acie

268 1371 430 1438 steti,
455 1384 513 1428 et
542 1375 687 1430 bello
714 1375 1032 1446 frequenter
1064 1379 1308 1433 interfui.
1337 1383 1418 1436 Ad
1450 1380 1564 1435 ha-c
1588 1380 1879 1435 Martinus:

268 1464 369 1520 Dic
396 1464 535 1520 mihi
560 1482 725 1538 ergo,
766 1472 1034 1541 numquid
1065 1472 1117 1525 iu
1151 1472 1244 1526 illa
1287 1474 1403 1527 acie
1432 1489 1556 1543 quae
1589 1483 1795 1528 armata
1828 1473 1881 1528 in

272 1559 465 1631 praclio
502 1562 830 1630 parabatur,
866 1575 958 1618 aut
984 1565 1095 1635 jam
1127 1565 1388 1620 adversus
1429 1567 1679 1621 hostilem
1720 1583 1882 1622 exer-

274 1654 441 1707 citum
471 1654 678 1709 collato
706 1658 958 1712 cominus
982 1658 1141 1728 pede,
1167 1659 1417 1714 districto
1438 1675 1568 1715 ense
1584 1661 1882 1730 pugnabat,

1976 454 2273 523 spuendam
2302 494 2316 517 ,
2369 469 2493 523 quae
2539 463 2686 509 esset
2736 454 2919 507 multis
2964 452 3339 507 sacerdotibus
3383 448 3577 521 prtefe-

1978 548 2165 602 renda.
2202 545 2470 611 Audiaut,
2521 561 2708 616 qu:eso
2729 588 2744 611 ,
2779 544 3017 616 virgines
3049 544 3191 599 istud
3224 543 3533 613 exemplum
3558 584 3573 607 ,

1979 648 2037 695 ut
2079 639 2226 694 fores
2254 653 2411 703 suas,
2442 640 2486 693 si
2520 655 2613 693 eas
2660 638 2818 693 malis
2849 638 3117 693 obsistere
3147 638 3379 701 volunt,
3410 636 3577 690 etiam

1982 731 2142 785 bonis
2171 731 2460 795 claudant;
2493 740 2578 794 et,
2609 745 2679 783 ne
2708 729 2774 784 ad
2806 745 2864 783 se
2907 729 3171 800 improbis
3205 729 3276 783 sit
3303 727 3445 782 liber
3487 741 3584 781 ac-

1981 840 2169 879 cessus
2193 867 2207 891 ,
2251 838 2356 877 non
2389 832 2678 877 vereantur
2707 821 3002 877 excludere
3039 822 3200 875 etiam
3243 820 3578 875 s-icerdutes.

1982 918 2150 973 Totus
2178 919 2279 974 hoc
2303 918 2536 972 mundus
2566 916 2747 972 audiat
2777 935 2789 970 :
2824 916 2996 972 videri
3023 931 3082 971 se
3110 931 3139 970 a
3169 916 3400 970 Martino
3426 915 3582 984 virgo

1984 1027 2091 1066 non
2141 1027 2297 1079 passa
2346 1021 2451 1066 est.
2506 1010 2621 1065 Non
2666 1010 2849 1080 utique
2897 1010 2988 1063 illa
3036 1022 3433 1079 quemcumque
3463 1021 3491 1059 a
3522 1020 3585 1061 se

1983 1104 2186 1173 repulit
2233 1103 2614 1168 sacerdotem;
2662 1102 2759 1157 sed
2811 1102 2861 1156 in
2913 1102 3031 1171 ejus
3079 1101 3178 1154 viri
3230 1111 3581 1169 conspectum

1986 1196 2166 1265 puella
2197 1211 2303 1250 non
2331 1196 2478 1250 venit
2503 1237 2517 1261 ,
2550 1211 2714 1265 quem
2743 1195 2929 1249 videre
2958 1195 3107 1248 salus
3137 1193 3432 1250 videntium
3462 1190 3583 1246 fuit.

1986 1290 2120 1357 Quis
2168 1298 2347 1344 autem
2400 1290 2503 1344 hoc
2552 1290 2689 1343 alius
2732 1300 2931 1359 praeter
2990 1288 3281 1342 Martinum
3334 1286 3589 1341 sacerdos

1988 1400 2094 1439 non
2142 1384 2207 1438 ad
2255 1399 2407 1438 suam
2457 1384 2712 1453 injuriam
2757 1382 3076 1438 retulisset?
3118 1394 3255 1451 quos
3298 1379 3584 1435 adversum

1987 1490 2231 1532 sanctam
2256 1478 2521 1546 virginem
2550 1486 2729 1532 motus
2757 1486 3098 1547 quantasque
3126 1477 3229 1529 iras
3260 1483 3442 1528 mente
3464 1488 3590 1528 con-

1989 1574 2260 1642 cepisset!
2312 1572 2625 1626 hiereticam
2665 1572 3003 1641 judicasset,
3045 1581 3099 1625 et
3128 1568 3588 1623 anathematizan-

1990 1666 2112 1719 dam
2143 1679 2265 1719 esse
2304 1664 2662 1719 decrevisset.
2695 1664 2867 1730 Quam
2903 1678 3034 1716 vero
3076 1662 3155 1716 illi
3189 1661 3363 1715 beata:
3394 1660 3592 1715 animae

277 1743 442 1799 ullam
474 1744 735 1802 feminam
766 1760 913 1802 stare
944 1757 1037 1803 aut
1077 1766 1317 1820 pugnare
1347 1752 1574 1805 vidisﬁ?
1605 1752 1760 1807 Tunc
1785 1753 1882 1808 de-
1910 1762 1958 1821 Β
1988 1759 2106 1813 illas
2151 1760 2393 1828 virgines
2440 1757 2811 1827 praetulisset,
2837 1771 2958 1825 quae
3015 1754 3223 1810 crebris
3267 1754 3591 1808 occursibus

278 1852 423 1892 mum
455 1838 619 1894 miles
658 1840 917 1895 confusus
946 1842 1168 1897 erubuit
1195 1884 1209 1909 ,
1236 1844 1437 1913 gratias
1472 1859 1674 1914 agens,
1708 1846 1879 1899 errori

278 1944 375 1985 suo
400 1945 461 1987 se
489 1946 598 1986 non
630 1932 798 1989 fuisse
838 1935 1203 2003 permissum,
1247 1951 1349 1991 nec
1390 1951 1582 2006 aspera
1627 1937 1880 2006 increpa-

280 2024 428 2080 tione
465 2026 791 2092 verborum,
840 2028 936 2082 sed
976 2044 1106 2083 vera
1142 2038 1195 2083 et
1222 2031 1540 2085 rationabili
1580 2032 1881 2085 secundum

279 2133 573 2189 personam
605 2120 798 2176 militis
826 2122 1236 2191 comparatione
1262 2134 1590 2178 correctum.
1618 2124 1882 2179 Martinus

277 2219 464 2265 autem
490 2226 788 2267 conversus
815 2213 880 2266 ad
906 2229 1004 2267 nos
1028 2211 1201 2284 (sicut
1223 2229 1346 2268 eum
1374 2213 1630 2285 frequens
1654 2216 1881 2270 fratrum

280 2304 437 2359 turba
476 2304 854 2375 vallaverat):
896 2306 1109 2373 Mulier,
1158 2307 1366 2377 inquit,
1417 2309 1657 2362 virorum
1701 2319 1882 2363 castra

281 2413 389 2452 non
414 2398 613 2464 adeat;
643 2400 793 2453 acies
821 2400 1057 2453 militum
1082 2410 1333 2468 separata
1362 2405 1658 2466 consistat;
1695 2402 1881 2469 procul

279 2490 479 2545 femina
516 2492 567 2545 in
606 2508 709 2546 suo
740 2491 943 2561 degens
969 2494 1322 2548 tabernaculo
1357 2495 1429 2548 sit
1462 2504 1707 2550 remota:
1751 2511 1883 2550 con-

282 2584 641 2654 temptibilem
690 2586 835 2640 enim
874 2586 1054 2640 reddit
1084 2587 1382 2641 exercitum
1406 2630 1421 2654 ,
1447 2588 1492 2641 si
1518 2589 1759 2642 virorum
1785 2603 1881 2642 co-

284 2678 537 2734 hortibus
587 2679 743 2733 tnrba
787 2678 1021 2735 feminea
1066 2683 1380 2736 misceatur.
1422 2680 1574 2736 Miles
1621 2681 1676 2735 in
1721 2683 1881 2749 acie,

284 2775 443 2829 miles
478 2784 679 2843 pugnet
716 2774 768 2828 in
811 2790 1006 2844 campo
1037 2792 1049 2826 :
1095 2776 1293 2829 mulier
1328 2790 1389 2831 se
1434 2776 1574 2829 intra
1603 2791 1881 2829 murorum

282 2872 618 2924 munimenta
661 2868 960 2923 contineat.
994 2867 1167 2923 liabet
1197 2879 1251 2922 et
1290 2868 1380 2921 illa
1421 2868 1649 2938 gloriam
1693 2883 1881 2935 suam,

282 2964 328 3018 si
378 2963 691 3033 pudicitiam
742 2962 862 3017 viro
902 2963 1128 3017 absente
1171 2963 1471 3017 servaverit
1514 2962 1715 3030 :cnjus
1767 2961 1885 3016 haec

282 3058 460 3126 prima
499 3056 668 3111 virtus
699 3066 756 3111 et
799 3064 1175 3111 consummata
1216 3054 1445 3110 victoria
1488 3063 1612 3122 est,
1654 3071 1762 3110 non
1804 3057 1885 3111 vi-

284 3150 424 3206 deri.

357 3242 468 3299 Xll.
514 3242 648 3298 Illud
678 3258 830 3306 vero,
870 3243 1110 3313 Sulpici,
1141 3242 1457 3299 meminisse
1483 3251 1536 3297 te
1561 3242 1749 3307 credo,
1774 3259 1884 3313 quo

284 3335 480 3391 affectu
507 3337 705 3400 nobis,
741 3350 863 3390 cum
895 3344 952 3391 et
982 3346 1036 3389 tu
1066 3350 1251 3390 coram
1289 3336 1508 3389 adesses
1534 3376 1549 3400 ,
1595 3335 1742 3389 illam
1776 3335 1886 3389 vir-

280 3427 466 3496 ginem
509 3426 869 3495 praedicaret,
914 3441 1036 3495 qua:
1081 3426 1149 3480 ita
1192 3440 1251 3479 se
1291 3426 1506 3494 penitus
1537 3425 1607 3478 ab
1637 3427 1881 3479 onmium

280 3519 531 3572 virorum
570 3516 741 3571 oculis
768 3519 1118 3582 removisset,
1153 3526 1209 3571 ut
1252 3532 1318 3572 ne
1348 3519 1522 3583 ipsum
1564 3517 1784 3587 quidem
1816 3517 1883 3570 ad

280 3623 343 3663 se
392 3606 719 3674 Martiuum,
768 3622 888 3662 cum
942 3623 1059 3662 eam
1120 3607 1210 3663 ille
1250 3608 1417 3661 ofﬁcii
1456 3623 1619 3661 cuUsa
1662 3608 1885 3662 visitare

282 3699 481 3762 vellet,
514 3698 841 3754 admiserit:
890 3714 1013 3753 nam
1058 3713 1178 3753 cum
1228 3712 1428 3770 praeter
1467 3700 1701 3769 agellum
1740 3699 1886 3753 illius

284 3792 634 3862 praeteriret,
681 3792 732 3844 in
773 3806 881 3860 quo
926 3806 987 3844 se
1026 3790 1139 3859 jam
1190 3800 1317 3845 ante
1358 3792 1669 3859 complures
1714 3805 1887 3843 annos

285 3887 483 3956 pudica
528 3885 859 3951 cohibebat;
905 3884 1087 3938 audita
1138 3883 1241 3938 ﬁde
1289 3885 1433 3938 illius
1478 3892 1639 3953 atque
1690 3883 1888 3936 virtute

286 3978 547 4044 divertit,
595 3989 653 4032 ut
700 3988 807 4032 tam
846 3977 1071 4031 illustris
1116 3978 1295 4031 meriti
1349 3978 1580 4047 puellam
1629 3977 1887 4047 religioso

288 4072 473 4127 ofﬁcio
501 4072 786 4141 episcopus
820 4070 1134 4124 honoraret.
1177 4068 1290 4125 Nos
1319 4078 1719 4138 consequentes
1740 4068 1890 4137 gavi-

289 4180 472 4219 suram
504 4165 653 4219 illam
686 4164 951 4233 virginem
996 4162 1354 4233 putabamus;
1396 4162 1669 4232 siquidem
1700 4162 1806 4215 hoc
1835 4161 1888 4215 in

292 4256 665 4311 testimonium
706 4255 925 4309 virtutis
970 4270 1082 4309 sua:
1126 4263 1270 4309 esset
1310 4253 1594 4319 habitura,
1620 4253 1685 4306 ad
1727 4267 1887 4321 quam

293 4351 427 4404 tanti
458 4350 693 4403 nominis
723 4348 980 4403 sacerdos
1011 4349 1259 4415 deposito
1288 4349 1550 4417 propositi
1581 4346 1761 4416 rigore
1791 4362 1888 4402 ve-

286 4443 497 4506 nisset;
547 4458 735 4498 verum
785 4442 875 4497 illa
931 4442 1208 4496 fortissimi
1260 4441 1471 4495 vincula
1521 4441 1787 4511 prapositi
1822 4457 1891 4496 ne

1988 1851 2188 1921 ubique
2212 1866 2274 1906 se
2308 1852 2551 1921 prmbent
2595 1850 2782 1906 obvias
2812 1847 3114 1913 sacerdmi,
3175 1863 3298 1917 quae
3341 1846 3592 1902 convivia

1987 1954 2304 2011 sumptuosa
2338 1943 2669 2011 disponunt,
2702 1958 2823 2012 qua:
2857 1956 2960 1996 una
2997 1940 3203 2010 pariter
3224 1939 3588 1995 accumbunt!

1988 2035 2094 2091 Sed
2112 2051 2218 2104 quo
2238 2050 2323 2089 me
2344 2034 2491 2089 ducit
2510 2034 2710 2089 oratio?
2734 2033 3008 2103 paululum
3034 2033 3133 2087 iste
3158 2031 3382 2085 liberior
3404 2042 3589 2084 sermo

1986 2126 2367 2195 reprimendus
2395 2138 2509 2191 est,
2540 2141 2609 2181 ne
2636 2126 2689 2180 in
2734 2126 3041 2196 aliquorum
3077 2124 3301 2179 forsitan
3351 2122 3600 2177 incurrat

1988 2218 2250 2273 offensam
2297 2237 2310 2272 :
2358 2221 2561 2275 etenim
2614 2218 2923 2273 inﬁdelibus
2977 2217 3378 2288 objurgationis
3428 2215 3592 2271 verba

1989 2326 2098 2365 non
2149 2312 2482 2381 proderunt,
2534 2312 2784 2367 fidelibus
2832 2324 3012 2365 autem
3063 2309 3365 2364 satisfaciet
3409 2322 3593 2362 exem-

1989 2404 2167 2472 plum.
2200 2402 2399 2458 Verum
2428 2419 2532 2473 ego
2558 2403 2630 2458 ita
2662 2405 2922 2458 virtutem
2952 2402 3113 2473 hujus
3143 2401 3366 2471 virginis
3396 2398 3599 2470 praedio

1990 2496 2154 2561 cabo,
2194 2505 2253 2550 ut
2298 2507 2475 2550 tamen
2510 2497 2641 2550 nihil
2689 2498 2796 2551 illis
2827 2512 2948 2566 qua:
2979 2496 3043 2549 ad
3077 2494 3369 2549 Martinum
3399 2493 3595 2547 viden-

1991 2587 2121 2641 dum
2151 2602 2218 2641 ex
2252 2588 2559 2655 longinquis
2605 2588 2913 2657 regionibus
2951 2601 3098 2655 smpe
3128 2595 3422 2651 venerunt,
3451 2585 3598 2639 arbi-

1995 2691 2107 2735 trer
2152 2681 2562 2749 derogandum;
2592 2681 2855 2752 siquidem
2890 2682 2993 2735 hoc
3024 2680 3237 2735 beatum
3269 2682 3447 2735 virum
3486 2678 3595 2733 fre-

1991 2784 2225 2845 quenter
2258 2775 2452 2829 affectu
2484 2778 2647 2829 etiam
2680 2775 2857 2845 angeli
2890 2774 3302 2843 frequentariut.

2066 2869 2202 2923 Xlll.
2235 2871 2501 2924 Creterttm
2532 2870 2582 2923 id
2607 2869 2747 2939 quod
2779 2868 3021 2923 dicturus
3043 2883 3158 2921 sum
3178 2909 3193 2933 ,
3220 2865 3593 2932 Postumiane,

1995 2962 2097 3016 hoc
2124 2961 2215 3016 tibi
2240 2957 2571 3033 (me'autem
2605 2963 2935 3030 intuebatur)
2967 2969 3102 3014 teste
3133 2968 3282 3015 recte
3309 2956 3592 3029 perhibeo.

1994 3057 2239 3120 Quodam
2270 3056 2361 3110 die
2390 3071 2491 3125 ego
2535 3067 2590 3110 et
2619 3056 2719 3109 iste
2761 3055 3033 3123 Sulpicius
3065 3067 3163 3123 pro
3206 3052 3411 3106 foribus
3452 3050 3597 3105 illius

1912 3152 1959 3214 C
1992 3150 2357 3213 excubantes,
2378 3150 2487 3218 jam
2515 3164 2609 3217 per
2634 3148 2836 3219 aliquot
2860 3148 3022 3202 horas
3049 3162 3171 3201 cum
3199 3145 3418 3201 silentio
3440 3142 3599 3199 sede-

1992 3242 2216 3304 batnus,
2248 3241 2455 3311 ingenti
2485 3240 2715 3295 horrore
2741 3250 2795 3294 et
2822 3249 3060 3294 tremore
3088 3253 3151 3292 ac
3179 3238 3223 3290 si
3254 3246 3378 3291 ante
3421 3234 3599 3305 angeli

1994 3333 2399 3388 tabernaculum
2446 3331 2730 3385 ntandatas
2776 3331 3035 3385 excubias
3067 3330 3390 3384 duceremus
3416 3370 3431 3395 ,
3472 3342 3598 3382 cum

1991 3426 2209 3496 quidem
2233 3427 2420 3480 clauso
2446 3425 2655 3480 cellulae
2678 3440 2791 3479 suae
2810 3429 2950 3480 ostio
2974 3425 3166 3480 nosibi
3194 3439 3317 3480 esse
3341 3423 3595 3479 nesciret.

1991 3518 2212 3572 Interim
2262 3519 2685 3586 eolloqnentinm
2734 3534 2979 3572 murmur
3029 3518 3310 3585 audimus,
3360 3527 3415 3573 et
3464 3532 3595 3570 mox

1992 3610 2220 3664 ltorrore
2268 3610 2501 3678 quodam
2545 3610 3031 3663 circumfundimur
3082 3624 3145 3663 ac
3195 3620 3447 3677 stupore;
3496 3621 3601 3663 nec

1989 3701 2242 3771 ignorare
2275 3701 2551 3770 potuimus
2583 3703 2769 3756 nescio
2797 3701 2923 3772 quid
2966 3701 3132 3756 fuisse
3171 3701 3436 3755 divinum.
3468 3700 3600 3756 Post

1990 3794 2127 3848 duas
2160 3796 2271 3848 fere
2312 3793 2473 3847 horas
2502 3794 2569 3847 ad
2602 3809 2700 3847 nos
2743 3794 3008 3849 Martinus
3034 3793 3311 3864 egreditur
3342 3810 3355 3845 :
3389 3807 3452 3846 ac
3482 3801 3596 3845 tum

1993 3902 2117 3941 eum
2150 3887 2252 3941 iste
2278 3884 2552 3954 Sulpicius
2579 3887 2754 3955 (sicut
2776 3886 2919 3956 apud
2943 3902 3066 3941 eum
3091 3900 3249 3939 nemo
3278 3884 3597 3939 familiarius

1993 3977 2349 4047 loquebatur)
2380 3982 2549 4047 ctepit
2587 3994 2783 4044 orare,
2833 3990 2889 4033 ut
2931 3981 3020 4049 pie
3049 3978 3417 4049 quaerentibus
3460 3977 3599 4032 indi-

1993 4080 2178 4135 caret,
2210 4071 2337 4141 quid
2370 4071 2498 4125 illud
2526 4071 2693 4125 divini
2728 4072 2918 4127 fuisset
2948 4072 3195 4127 horroris
3221 4071 3363 4138 quod
3397 4071 3598 4126 fateba-

1994 4179 2117 4218 mur
2165 4178 2264 4218 nos
2306 4164 2467 4218 ambo
2497 4166 2740 4218 sensisse
2762 4205 2777 4230 ,
2827 4164 2915 4218 vel
2944 4179 3066 4218 cum
3096 4163 3292 4233 quibus
3316 4162 3511 4218 fuisset
3540 4163 3596 4218 in

1992 4256 2187 4309 cellula
2219 4255 2523 4309 collocutus
2554 4274 2565 4308 :
2600 4265 2817 4310 tenuem
2846 4258 2993 4310 enim
3026 4271 3126 4310 nos
3157 4256 3283 4311 licet
3314 4268 3367 4311 et
3394 4257 3483 4311 vix
3510 4257 3595 4311 in-

1994 4348 2302 4414 tellecmm,
2352 4349 2834 4403 sermocinantium
2887 4362 3081 4401 sonum
3126 4363 3221 4416 pro
3260 4347 3467 4403 foribus
3501 4363 3597 4403 au-

1993 4439 2158 4494 disse.
2194 4439 2330 4493 Tum
2362 4440 2455 4493 ille
2484 4440 2573 4493 diu
2605 4440 2943 4509 multumque
2981 4449 3264 4495 cunctatus
3291 4440 3422 4510 (sed
3464 4440 3599 4496 nihil

286 4536 509 4591 Martini
533 4535 749 4605 quidem
776 4534 1481 4603 contemplationelaxavit:
1503 4535 1571 4588 ita
1597 4533 1677 4587 vir
1699 4534 1888 4588 beatus
1916 4536 1971 4596 D
1996 4543 2115 4588 erat
2143 4533 2287 4603 quod
2315 4532 2366 4587 ci
2397 4531 2670 4602 Sulpicius
2720 4548 2825 4585 non
2876 4543 3227 4601 extorqueret
3272 4533 3465 4586 invito.
3507 4532 3599 4587 ln-

278 4638 517 4699 accepta
566 4645 663 4699 per
702 4630 861 4683 aliam
897 4627 1156 4682 feminam
1190 4628 1543 4682 excusatione
1588 4626 1889 4693 laudabili,

278 4722 362 4783 ab
403 4722 551 4777 illius
592 4722 800 4777 foribus
828 4737 950 4791 quae
994 4718 1286 4774 videndam
1333 4736 1394 4774 se
1435 4720 1892 4791 salutauilamque

276 4830 403 4870 non
434 4814 691 4876 dederat,
722 4812 880 4866 laetus
903 4810 1189 4865 abscessit.
1215 4808 1260 4864 0
1282 4810 1541 4880 virginem
1573 4810 1888 4878 gloriosam,

272 4923 415 4978 quas
461 4922 530 4962 ne
560 4922 587 4958 a
620 4905 851 4961 Martino
891 4903 1110 4975 quidem
1166 4918 1319 4972 passa
1371 4914 1448 4957 est
1497 4918 1556 4959 se
1603 4902 1810 4957 videri!
1860 4918 1893 4957 ο

269 5000 586 5057 llartinum
620 4998 866 5063 beatum,
909 4998 998 5067 qui
1046 4996 1192 5049 illam
1224 4995 1496 5066 repulsam
1530 5011 1638 5050 nun
1670 4995 1736 5050 ad
1766 5010 1896 5050 con—

270 5093 579 5151 tumeliam
625 5107 777 5147 suam
828 5092 1019 5157 duxit;
1066 5091 1160 5146 sed
1196 5092 1551 5161 magnificans
1581 5088 1725 5144 illius
1768 5104 1893 5143 cum

266 5188 665 5247 exsultatione
694 5186 983 5250 virtutem,
1017 5184 1276 5238 inusitato
1305 5186 1355 5236 in
1386 5182 1470 5236 his
1496 5182 1777 5237 dumtaxat
1810 5196 1897 5235 re-

263 5281 551 5356 gionibus
581 5279 844 5350 gaudebat
893 5277 1182 5347 exemplo!
1230 5276 1375 5345 Ergo
1406 5293 1526 5329 cum
1562 5274 1701 5329 baud
1734 5275 1897 5343 longe

262 5377 367 5434 ain
408 5374 497 5428 illa
540 5372 724 5426 villula
761 5388 861 5425 nos
890 5384 1108 5423 manere
1138 5384 1241 5423 nox
1274 5369 1560 5423 imminens
1589 5369 1891 5436 coegisset,

260 5472 520 5532 genium
556 5470 717 5523 beato
748 5466 869 5520 viro
897 5462 1086 5518 eadem
1122 5462 1212 5517 illa
1248 5463 1398 5532 virgo
1439 5461 1739 5515 transmisit
1770 5479 1782 5514 :
1820 5461 1895 5515 fe-

256 5568 486 5633 citque
512 5560 769 5615 Martinus
797 5557 940 5627 quod
966 5565 1121 5609 antea
1149 5569 1254 5609 non
1286 5555 1485 5608 iecerat
1506 5552 1727 5623 (nullius
1750 5552 1894 5607 enim

258 5661 405 5719 ille
435 5668 687 5722 umquam
728 5650 968 5712 xenium.
1003 5650 1201 5704 nullius
1232 5662 1428 5703 munus
1459 5645 1732 5717 accepit);
1766 5645 1900 5701 nihil

268 5766 367 5812 ex
421 5745 504 5800 his
546 5759 663 5814 quae
713 5744 870 5812 virgo
916 5741 1246 5800 venerabilis
1290 5739 1555 5809 miserat,
1604 5738 1899 5805 refutavit,

1994 4628 2343 4682 cretlibiliora
2389 4626 2530 4681 forte
2573 4628 2816 4681 dicturus
2860 4643 3015 4689 sum,
3063 4628 3159 4683 sed
3200 4626 3415 4683 Christo
3462 4635 3599 4685 teste

1998 4736 2104 4775 non
2150 4720 2422 4774 mentior:
2456 4719 2558 4772 nisi
2594 4719 2878 4787 quisquam
2920 4732 2998 4773 est
3040 4728 3147 4774 tam
3181 4720 3477 4790 sacrilegus
3499 4760 3513 4781 .
3542 4730 3605 4775 ut

1996 4812 2283 4866 Martinum
2313 4812 2544 4865 :estimet
2596 4810 2763 4866 fuisse
2792 4810 3140 4882 mentitum):
3169 4810 3375 4876 Dicam,
3406 4813 3601 4882 inquit,

1996 4905 2190 4969 vobis;
2235 4904 2328 4958 sed
2360 4918 2457 4958 vos
2487 4919 2672 4973 qureso
2722 4905 2852 4958 nulli
2898 4904 3112 4959 dicatis.
3148 4906 3359 4971 Agnes,
3400 4904 3603 4963 Thecla

2003 5010 2059 5056 et
2086 4999 2251 5054 Maria
2280 5013 2490 5053 mecum
2518 5000 2750 5054 fuerunt.
2780 4998 3066 5055 Referebat
3093 5011 3272 5054 autem
3300 5001 3458 5055 nobis
3484 5000 3606 5057 vul-

2005 5103 2117 5148 tum
2143 5105 2304 5161 atque
2327 5091 2568 5145 habitum
2598 5092 2955 5161 singularum.
2982 5092 3092 5147 Nec
3117 5108 3246 5147 vero
3268 5093 3361 5147 illo
3394 5103 3604 5149 tantum

2004 5186 2097 5242 die
2119 5228 2134 5252 ,
2166 5186 2260 5239 sed
2293 5188 2607 5254 frequenter
2635 5200 2695 5239 se
2721 5186 2790 5239 ab
2817 5189 2897 5241 eis
2923 5188 3202 5241 confessus
3239 5200 3321 5242 eSt
3352 5187 3559 5242 visitari
3587 5204 3604 5241 :

2005 5279 2223 5333 Petrum
2245 5281 2407 5331 etiam
2436 5287 2486 5331 et
2514 5277 2738 5332 Paulum
2762 5280 3037 5348 apostolos
3060 5279 3232 5334 videri
3259 5296 3287 5333 a
3316 5295 3376 5335 se
3401 5281 3603 5348 saepius

2005 5388 2114 5427 non
2164 5372 2397 5442 negavit.
2449 5371 2566 5426 Jam
2615 5387 2747 5427 vero
2795 5373 3105 5436 drcmones,
3158 5382 3322 5443 prout
3363 5374 3431 5429 ad
3478 5384 3608 5427 eum

2003 5464 2229 5535 quisque
2276 5465 2549 5530 venisset,
2594 5466 2705 5518 suis
2740 5466 3050 5520 nominibus
3098 5466 3433 5535 increpabat.
3465 5465 3612 5518 Mer—

2003 5557 2211 5611 curium
2246 5557 2480 5610 maxime
2513 5558 2817 5626 patiebatur
2840 5558 3090 5612 infestum
3119 5573 3132 5609 :
3163 5556 3358 5611 Jovem
3390 5555 3625 5610 brutum

2004 5656 2165 5715 atque
2191 5648 2441 5702 hebetem
2464 5663 2584 5703 esse
2611 5649 2843 5702 dicebat.
2876 5650 2999 5703 litec
3032 5647 3314 5717 plerisque
3336 5650 3387 5701 in
3416 5647 3645 5705 eodem

2011 5740 2175 5797 etiam
2197 5742 2533 5798 monasterio
2554 5741 2868 5797 constitutis
2894 5736 3243 5797 incredibilia
3268 5726 3670 5801 videbamur:
