4270 6176
596 267 698 323 Iit
1950 254 2246 315 Sillile
2282 253 2537 312 BEVE’RI
2815 278 2821 287 ι
3793 247 3904 304 2η

599 379 801 436 nedum
847 392 950 449 ego
989 376 1258 433 conﬁdam
1302 387 1494 430 omnes
1523 373 1614 444 qui
1644 372 1760 427 hac
1793 369 2048 432 audient,
2074 381 2194 423 818-
2223 371 2276 427 Α
2301 377 2424 418 esse
2449 362 2810 432 reparandum
2842 381 2854 416 :
2881 362 3029 415 illius
3049 365 3166 414 eam
3201 360 3639 427 persecutionem
3663 357 3900 415 futuram

602 473 853 528 dituros:
887 487 1010 526 nam
1039 470 1140 523 nisi
1173 467 1602 522 inatstimabilem
1638 467 1804 520 vitam
1835 474 1997 532 atque
2022 462 2198 515 virtu-
2300 470 2460 522 esse,
2509 465 2568 509 ut
2605 453 2882 509 Christum
2924 453 3094 506 Deum
3143 458 3306 522 cogat
3351 451 3571 522 negari,
3621 463 3684 506 se
3721 452 3906 520 potius

579 550 719 622 ’18111
765 564 1022 619 Martinus
1062 562 1299 632 egisset,
1345 574 1686 631 nequaquam
1736 558 1878 628 apud
1922 571 2019 612 nos
2053 564 2200 610 tanta
2301 547 2580 606 Christum
2619 561 2743 604 esse
2770 549 3099 603 conﬁrmans
3125 564 3138 600 :
3169 559 3469 616 clunesque
3492 541 3792 602 secundum
3823 546 3905 600 le-

601 657 771 728 gloria
811 655 1070 725 praeditus
1110 653 1404 708 haberetur
1431 671 1443 705 τ
1474 666 1802 723 quamquam
1849 649 2068 704 minimc
2103 649 2203 701 tui-

602 767 724 806 rum
747 785 762 816 ,
790 752 834 803 si
863 751 915 803 in
947 749 1202 820 operibus
1225 746 1444 803 Martini
1472 745 1756 801 inﬁrmitas
1786 745 2016 798 hmnanu
2047 741 2202 797 dubi-

607 844 838 906 taverit,
867 857 992 896 cum
1033 841 1234 895 multos
1264 840 1535 910 hodieque
1565 838 1842 893 videamus
1885 853 1985 892 nec
2027 836 2203 890 Evan-

603 937 765 1006 geliis
793 934 1014 1006 quidem
1044 934 1366 991 credidisse.
1399 936 1443 988 Α
1473 932 1702 989 Martino
1728 940 1908 986 autem
1936 942 2081 998 saepe
2111 938 2204 982 an-

601 1027 758 1097 gelos
779 1027 924 1081 visos
951 1025 1154 1081 familia
1165 1026 1297 1080 riter
1316 1036 1372 1080 et
1392 1025 1660 1079 sensimus
1687 1033 1741 1076 ct
1763 1023 1968 1091 experti
1991 1035 2199 1074 sumus.

606 1118 741 1172 Rem
766 1117 1045 1170 minimam
1066 1116 1314 1171 dicturus
1334 1130 1451 1170 sum
1469 1151 1482 1176 ,
1505 1117 1598 1169 sed
1624 1124 1802 1168 tamen
1828 1113 2024 1167 dicam.
2048 1110 2204 1180 Apud

606 1212 934 1267 Nemausum
959 1210 1339 1279 episcoporum
1362 1207 1602 1278 synodus
1624 1206 1944 1269 habebatur,
1964 1203 2030 1258 ad
2046 1217 2205 1274 quam

609 1305 830 1375 quidem
882 1304 962 1359 ire
1008 1304 1288 1364 noluerat,
1332 1301 1428 1356 sed
1459 1300 1588 1371 quid
1627 1311 1839 1370 gestum
1879 1308 2024 1353 esset
2066 1297 2207 1351 scire

609 1395 884 1465 cupiebat.
916 1394 1057 1448 Casu
1090 1409 1213 1446 cum
1241 1408 1308 1446 eo
1339 1392 1440 1446 iste
1467 1391 1742 1460 Sulpicius
1773 1388 2086 1459 navigabat;
2110 1387 2207 1443 sed

613 1486 835 1556 procul,
870 1494 930 1539 ut
963 1499 1198 1554 semper,
1229 1501 1260 1538 a
1289 1484 1505 1540 caeteris
1549 1483 1604 1537 in
1635 1489 1842 1536 remota
1871 1479 2021 1534 naris
2053 1490 2207 1549 parte

612 1581 764 1634 solus
793 1577 1089 1633 residebat.
1117 1576 1194 1631 Ibi
1223 1577 1271 1631 ei
1300 1575 1557 1646 angelus,
1585 1573 1713 1644 quid
1742 1582 1952 1642 gestum
1976 1579 2121 1627 esset
2154 1571 2205 1625 in

611 1670 860 1741 synodo,
896 1669 1180 1723 nuntiavit.
1204 1666 1312 1722 Nos
1341 1675 1528 1737 postea
1559 1676 1772 1736 tempus
1802 1664 1971 1718 habiti
1998 1663 2208 1718 concilii

2303 661 2424 716 gem
2450 642 2764 699 circumcidi
2802 641 2990 712 jubeat
3016 658 3028 695 :
3071 640 3245 710 ipsum
3273 637 3513 708 denique
3540 636 3808 692 Neronem
3838 637 3908 692 ab

2303 735 2640 792 Anticliristo
2687 745 2810 789 esse
2850 731 3260 803 perimendum,
3303 739 3466 799 atque
3505 730 3575 783 ita
3622 728 3723 782 sub
3763 726 3906 784 illius

2305 838 2579 898 potestate
2610 826 2922 882 universum
2968 824 3156 879 orbem
3197 827 3530 893 cunctasque
3566 830 3760 892 gentes
3783 833 3910 878 esse

2305 922 2626 994 redigendas
2648 961 2662 985 ,
2693 921 2869 976 donec
2897 918 3130 974 adventu
3157 915 3360 972 Christi
3387 915 3588 987 impius
3625 917 3908 984 opprima-

2307 1027 2435 1072 tur:
2489 1031 2594 1070 non
2644 1025 2766 1070 esse
2811 1022 2996 1066 autem
3043 1010 3304 1075 dubium,
3352 1009 3482 1078 quin
3533 1005 3909 1062 antichristus

2309 1113 2455 1166 malo
2485 1110 2674 1176 spiritu
2702 1115 2998 1176 conceptus
3023 1104 3133 1173 jam
3170 1113 3328 1157 natus
3355 1109 3537 1166 esset,
3566 1099 3623 1155 et
3661 1101 3715 1153 in
3746 1097 3910 1153 annis

2309 1202 2604 1274 puerilibus
2657 1201 3023 1264 constitutus,
3074 1203 3232 1251 tetatc
3283 1193 3526 1264 legitimi
3583 1197 3905 1261 sumpturus

2309 1296 2616 1367 imperium.
2641 1293 2794 1363 Quod
2819 1303 3002 1348 autem
3029 1291 3146 1357 iure
3165 1289 3350 1344 abillo
3376 1287 3707 1350 audivimus,
3737 1286 3913 1340 annus

2309 1397 2535 1444 oetaius
2576 1395 2680 1442 est.
2726 1385 2836 1441 Vos
2868 1384 3137 1439 aestimate
3177 1391 3340 1452 quam
3382 1381 3495 1450 iam
3541 1381 3593 1434 in
3643 1379 3908 1449 principi“

2310 1481 2610 1536 consistant
2636 1494 2756 1549 qua:
2786 1478 3336 1532 futuratnetu‘untur,
3371 1472 3499 1527 Haec
3524 1478 3647 1526 eum
3677 1472 3912 1527 Maxime

2313 1573 2532 1638 Gallus,
2578 1572 2809 1628 necdum
2857 1569 3145 1640 explicatis
3187 1581 3310 1638 qua
3358 1573 3625 1622 statuerat
3665 1563 3868 1620 refcrre
3894 1605 3910 1632 ,

2313 1669 2664 1737 loqueretur;
2697 1677 2832 1736 puer
2860 1663 3142 1718 familiaris
3187 1663 3463 1732 ingresstts
3492 1665 3573 1715 est
3601 1691 3616 1726 ,
3648 1657 3913 1714 nuntians

613 1765 848 1820 sollicite
876 1762 1257 1833 requirentes,
1310 1761 1444 1816 satis
1493 1774 1833 1830 compertum
1887 1757 2204 1824 habuimus,
2237 1758 2284 1818 B
2315 1761 2680 1831 Refrigeriuut
2711 1759 3089 1830 presbyterum
3113 1763 3260 1810 stare
3283 1767 3379 1823 pro
3403 1752 3632 1807 foribus.
3661 1753 3916 1808 Dubitare

615 1859 792 1928 ipsum
823 1855 968 1911 diem
999 1856 1168 1908 luisse
1206 1862 1542 1918 conventus,
1569 1863 1623 1906 et
1653 1866 1714 1906 ea
1747 1849 1819 1905 ibi
1848 1850 1915 1905 ab
1941 1850 2211 1921 episcopis

611 1951 782 2005 fuisse
809 1948 1026 2003 decreta
1060 1963 1180 2017 qua:
1212 1945 1445 2000 Martino
1476 1945 1702 2015 angelus
1733 1929 2026 1998 nuntiarat.

688 2039 826 2095 XIV.
868 2039 1138 2094 Caeterum
1177 2053 1299 2093 cum
1325 2037 1395 2092 ab
1426 2052 1491 2092 eo
1530 2037 1600 2092 de
1639 2037 1747 2090 line
1777 2036 1964 2090 szeculi
1995 2050 2211 2105 quaere-

619 2147 835 2196 remus,
867 2133 943 2184 ait
971 2131 1165 2196 nobis,
1210 2129 1478 2184 Neronem
1523 2137 1578 2183 et
1620 2126 2019 2182 Antichristum
2062 2127 2214 2195 prius

620 2242 743 2282 esse
766 2234 1025 2281 venturos
1051 2243 1063 2279 :
1090 2224 1359 2280 Neronem
1385 2224 1437 2278 in
1458 2221 1793 2278 Occidentali
1822 2222 1975 2292 plaga
2000 2219 2217 2290 regibus

622 2323 862 2376 subactis
891 2320 1080 2375 decem
1123 2319 1547 2388 imperaturum,
1578 2317 2122 2386 persecutionemque
2150 2314 2220 2370 ab

622 2431 690 2471 co
715 2426 944 2471 eatenus
963 2413 1359 2478 exercendam,
1386 2422 1445 2467 ut
1465 2411 1609 2465 idola
1631 2411 1872 2482 gentium
1897 2411 2004 2469 coli
2028 2418 2217 2480 cogat:

624 2511 693 2564 ab
718 2508 1059 2564 Anticltristo
1087 2522 1219 2562 vero
1248 2507 1477 2576 primum
1499 2505 1736 2561 Orientis
1759 2521 1878 2560 esse
1899 2504 2220 2574 capiendum

627 2601 913 2670 itnpcrium
933 2641 948 2664 ,
982 2601 1073 2670 qui
1105 2598 1326 2668 quidem
1360 2598 1545 2652 sedem
1576 2606 1631 2652 et
1661 2606 1821 2666 caput
1851 2595 2000 2666 regni
2037 2595 2220 2650 111810-

625 2695 890 2765 solyntam
919 2703 1066 2748 esset
1088 2691 1376 2748 habiturus
1401 2708 1414 2745 :
1443 2691 1512 2748 ab
1542 2690 1644 2768 illo.
1667 2691 1855 2746 urbem
1882 2699 1936 2745 et
1963 2688 2225 2759 templum

2314 1855 2614 1924 capimus,
2649 1861 2830 1907 utrum
2855 1851 3068 1906 Gallum
3099 1848 3276 1902 adhuc
3301 1855 3445 1900 esset
3476 1844 3670 1899 melius
3695 1844 3914 1911 audire,

2313 1963 2382 2001 an
2408 1945 2819 2013 exoptatissitno
2844 1942 3005 1998 nobis
3033 1941 3175 2002 viro,
3209 1940 3302 2008 qui
3331 1933 3498 1992 officii
3528 1941 3689 1990 causa
3713 1935 3780 1989 ad
3812 1943 3918 1989 nus

2317 2041 2605 2106 veniebat,
2645 2044 2954 2093 occurrere.
2995 2035 3129 2090 Tum
3168 2032 3392 2089 Gallus:
3436 2029 3658 2086 Etiamsi
3703 2033 3812 2084 non
3846 2027 3919 2082 ob

2316 2133 2608 2188 adventum
2654 2129 2986 2185 sanctissimi
3037 2125 3339 2181 sacerdotis
3380 2121 3730 2193 relinquenda
3762 2120 3921 2176 nobis

2323 2227 2442 2283 haec
2473 2235 2621 2282 esset
2649 2224 2824 2280 oratio
2845 2261 2860 2290 ,
2892 2238 2996 2278 nox
3045 2221 3159 2290 ipsa
3211 2218 3442 2288 cogebat
3485 2216 3765 2286 hucusque
3797 2225 3922 2283 pro-

2325 2331 2559 2377 tractum
2605 2319 2763 2374 ﬁnire
2813 2328 3145 2373 sermonem.
3190 2313 3390 2367 Verum
3421 2312 3546 2382 quia
3596 2307 3664 2365 de
3707 2308 3924 2364 Martini

2328 2414 2618 2468 virtutibus
2648 2423 2987 2481 nequaquam
3019 2406 3286 2478 explicari
3319 2404 3572 2459 universa
3603 2407 3922 2472 potuerunt,

2330 2507 2447 2562 haec
2476 2521 2572 2560 vos
2602 2505 2760 2560 hodie
2786 2504 3003 2558 audisse
3033 2499 3263 2556 sufﬁciat
3309 2515 3321 2551 :
3365 2507 3490 2552 crus
3532 2495 3734 2565 reliqua
3778 2493 3929 2548 dice-

2331 2614 2471 2654 mus.
2499 2598 2573 2652 lta
2615 2598 2820 2668 pariter
2862 2604 3083 2666 accepta
3131 2593 3230 2648 ltac
3282 2589 3424 2646 Galli
3466 2590 3758 2660 sponsione
3799 2599 3921 2642 sur-

2336 2704 2600 2747 1811111118.

928 2824 1197 2855 II,:=i.l“ﬂ
1239 2826 1274 2851 ’.ι
1305 2825 1312 2828 -
1349 2824 1474 2852 Ιιι.·
1795 2821 1907 2850 ,ἰαπσ
1995 2821 2018 2830 .-
2051 2823 2058 2830 ο
2165 2823 2211 2832 ...ς
2555 2823 2558 2826 .
2633 2820 2638 2824 ι
2757 2823 2764 2830 Α
2925 2819 2930 2824 .
3078 2817 3080 2820 ν
3315 2817 3318 2820 .
3363 2809 3388 2826 κε
3439 2810 3482 2818 ~-
3525 2814 3536 2818 _
3589 2809 3720 2836 u:--i-
3779 2809 3782 2811 λ

1862 2973 2306 3058 DIALOG
2321 2974 2462 3057 US
2539 2975 2703 3058 III.

1663 3137 1788 3214 Qui
1818 3143 2019 3198 tamen
2050 3133 2351 3197 dicendus
2385 3141 2538 3195 esset
2567 3131 2922 3196 Secundus.

2129 3287 2210 3315 ..a,
2333 3283 2431 3310 ~*o“.~v

708 3461 746 3515 l.
789 3455 1044 3512 bucescit
1101 3452 1226 3514 hoc,
1260 3447 1458 3505 Galle:
1492 3441 1822 3514 surgendum
1852 3447 1969 3493 est:
1996 3446 2145 3502 nam,
2177 3443 2236 3489 ut
2263 3434 2309 3496 C
2341 3434 2426 3488 via
2475 3435 2718 3502 veniens,
2773 3435 3003 3492 anhelus
3039 3436 3300 3490 cucurrit.
3345 3433 3486 3502 Quid
3529 3439 3647 3498 vos,
3690 3432 3934 3501 Inquam,

635 3555 812 3616 vides,
846 3559 902 3605 ct
940 3545 1322 3604 Postumianae
1363 3541 1557 3601 instat;
1601 3545 1655 3590 et
1687 3534 1775 3589 hic
1811 3531 2112 3602 presbyter,
2143 3527 2234 3597 qni

640 3650 900 3702 hesterno
939 3638 1274 3697 auditorium
1319 3633 1520 3694 amisit,
1564 3634 1867 3699 exspectat,
1910 3635 1968 3679 ut
2007 3638 2128 3692 qua:
2169 3621 2239 3676 de

641 3739 875 3793 Matitino
902 3740 1092 3789 nostro
1116 3733 1168 3785 in
1193 3728 1516 3784 hodiernum
1546 3724 1688 3779 diem
1719 3717 2039 3790 explicanda
2069 3716 2238 3771 distu-

639 3834 805 3891 leras.
839 3827 1055 3883 debitor
1082 3820 1395 3893 sponsionis
1423 3817 1664 3873 evolvas.
1702 3812 1818 3868 Non
1863 3812 2082 3881 ignarus
2122 3807 2241 3877 qui-

639 3924 767 3977 dem
807 3921 911 3974 iste
947 3916 1222 3979 omnium,
1265 3923 1633 3982 quaecumque
1675 3902 2026 3960 memoranda
2065 3907 2193 3953 sunt
2225 3916 2238 3952 :

641 4012 738 4066 sed
771 4009 944 4063 dulcis
971 4017 1026 4062 et
1052 4012 1204 4076 grata
1231 4001 1470 4071 cognitio
1492 4007 1574 4053 est
1602 3999 1767 4053 etiam
1789 4005 1917 4050 nota
1943 3991 2239 4061 relegenti;

642 4103 913 4175 siquidem
939 4109 1129 4155 natura
1161 4097 1236 4152 ita
1267 4098 1638 4164 comparatum
1669 4089 1761 4155 sit,
1791 4093 1849 4141 ut
1871 4085 2097 4141 meliore
2123 4085 2244 4154 quis

645 4193 981 4253 conscientia
1004 4199 1066 4246 se
1086 4204 1250 4246 nosse
1272 4184 1612 4256 congaudeat
1633 4197 1752 4252 quae
1771 4179 2068 4235 multorum
2095 4178 2239 4231 testi-

648 4289 846 4344 moniis
893 4301 1001 4340 non
1043 4293 1167 4338 esse
1217 4281 1425 4336 incerta
1471 4283 1781 4347 cognoscat.
1832 4272 1964 4327 Nam
2005 4279 2061 4326 et
2097 4269 2184 4324 hic
2213 4285 2244 4324 a

651 4383 824 4452 prima
852 4374 1226 4435 adolescentia
1255 4371 1542 4428 Martinum
1579 4376 1802 4424 secutus
1840 4366 1989 4420 novit
2023 4363 2243 4433 quidem

649 4473 866 4536 omnia,
915 4471 1012 4526 aed
1055 4469 1288 4522 libenter
1333 4463 1550 4535 cognita
1597 4459 1963 4530 recognoscit;
2012 4455 2247 4511 Fatebor

649 4566 795 4621 edim
841 4562 962 4627 tibi,
993 4559 1166 4621 Galle,
1197 4557 1410 4612 Martini
1460 4553 1591 4610 mihi
1633 4553 1833 4621 smpius
1870 4549 2083 4604 'autlitas
2126 4561 2247 4602 esse

650 4659 916 4721 virtutes;
939 4654 1139 4724 quippe
1166 4650 1257 4722 qui
1286 4649 1354 4704 de
1385 4662 1451 4702 eo
1480 4646 1643 4702 etiam
1673 4642 1872 4699 litteris
1896 4641 2064 4696 multa
2093 4653 2248 4694 man-

649 4749 893 4806 daverint
926 4765 940 4801 ε
970 4745 1064 4801 sed
1115 4758 1211 4811 per
1251 4750 1530 4812 gestorum
1577 4737 1992 4793 admirationem
2031 4747 2248 4802 semper

2338 3531 2448 3579 tam
2479 3524 2659 3581 subito
2695 3534 2750 3580 et
2788 3529 2895 3580 tam
2929 3527 3220 3595 insperati,
3254 3533 3360 3580 tam
3387 3532 3454 3579 ex
3482 3523 3716 3579 diversis
3743 3523 3941 3588 regio-

2338 3619 2518 3684 nibus,
2537 3629 2643 3674 tam
2666 3632 2824 3675 mane
2846 3619 3211 3675 cucurristis?
3236 3620 3367 3684 Nos,
3387 3619 3656 3684 inquiunt,
3679 3613 3941 3670 liestemo

2339 3715 2717 3785 cognorimus,
2749 3714 2963 3771 Gallum
2997 3715 3157 3770 istum
3199 3715 3298 3785 per
3328 3717 3498 3767 totum
3543 3710 3689 3766 diem
3722 3707 3944 3764 Martini

2344 3823 2601 3864 narrasse
2630 3809 2882 3877 virtutes,
2936 3816 2993 3863 et
3036 3808 3243 3877 reliqua
3291 3807 3344 3861 in
3396 3803 3722 3860 hodiernum
3769 3801 3940 3869 diem,

2341 3901 2465 3970 quia
2496 3913 2602 3955 nox
2629 3909 3001 3971 oppresserat,
3033 3901 3314 3956 distulisse
3341 3917 3353 3953 :
3383 3901 3673 3969 propterea
3706 3899 3947 3951 matura-

2344 3993 2518 4047 rimus
2547 3992 2803 4063 irequeus
2835 3985 3164 4048 auditorium
3209 3993 3386 4048 facere
3419 3997 3624 4046 tantant
3659 3991 3944 4046 materiam

2346 4087 2615 4142 locuturo.
2642 4087 2851 4143 interea
2876 4085 3182 4151 nuntiatur,
3208 4087 3408 4141 multos
3431 4084 3774 4140 smculari’ttm
3799 4091 3947 4138 stare

2346 4192 2444 4250 pro
2484 4180 2712 4243 ibribus.
2742 4189 2843 4237 uec
2891 4181 3095 4252 ingredi
3137 4181 3423 4243 audentes,
3461 4179 3557 4234 sed
3598 4187 3656 4233 ut
3693 4177 3950 4231 admitte-

2345 4280 2536 4327 rentur
2557 4277 2800 4328 orantes.
2827 4271 2964 4328 Tum
2988 4275 3153 4344 Aper,
3184 4286 3527 4342 nequaquam
3564 4271 3717 4331 istos,
3745 4267 3948 4337 inquit,

2347 4365 2506 4420 nobis
2533 4367 2820 4421 admisceri
2843 4366 3132 4421 convenit:
3157 4366 3283 4435 quia
3312 4364 3377 4419 ad
3407 4362 3736 4418 audiendum
3763 4362 3951 4417 curio-

2345 4457 2505 4514 sitate
2537 4459 2905 4529 putius'qua‘m
2933 4459 3198 4529 religione
3224 4465 3516 4512 venerunt.
3547 4454 3816 4510 Confusus
3845 4456 3952 4522 ego

2347 4551 2565 4606 illorum
2612 4552 2727 4608 vice
2765 4555 2903 4624 quos
2945 4558 3052 4607 'non
3100 4549 3469 4606 admittendos
3508 4555 3632 4604 esse
3663 4547 3948 4604 censebat.

2349 4641 2517 4715 ,ἆξαι-8
2556 4647 2775 4699 tandem
2817 4644 3050 4710 obtinui,
3087 4653 3144 4698 ut
3170 4643 3499 4699 Eucherium
3529 4643 3599 4696 e'x
3636 4641 3854 4696 vicarii!
3891 4649 3954 4695 et

2348 4738 2568 4792 Celsum
2593 4738 2945 4793 admitterent
2966 4736 3344 4792 consularem:
3368 4734 3548 4789 exteri
3569 4743 3695 4787 sunt
3719 4732 3952 4798 repulsi.

652 4843 785 4898 mibi
829 4856 964 4896 nova
1004 4844 1135 4892 811111
1171 4849 1294 4906 quae
1335 4834 1404 4889 de
1449 4833 1569 4900 illo,
1622 4832 1748 4886 licet
1793 4829 1974 4884 audita
2022 4828 2243 4896 sapius,
2269 4817 2324 4877 Ῑ)
2349 4829 2484 4885 Tum
2529 4823 2742 4885 Gallum
2775 4830 2952 4884 media
2990 4830 3043 4884 in
3089 4828 3218 4884 sede
3261 4813 3676 4898 componimus:
3705 4825 3796 4894 qui
3825 4833 3954 4879 cum

650 4933 1032 4989 revoltmntur.
1095 4927 1328 4983 Proinde
1376 4925 1614 4980 additum
1672 4921 1828 4978 nobis
1883 4919 2242 4991 Refrigerium

649 5023 957 5080 auditorem
979 5037 1046 5078 eo
1077 5021 1376 5088 impensius
1409 5018 1766 5088 gratulamur,
1795 5031 1902 5087 quo
1939 5013 2243 5086 promptius

652 5117 1041 5173 Postumianus
1084 5115 1210 5180 ista,
1251 5112 1341 5183 qui
1378 5111 1494 5166 haec
1527 5108 1734 5166 Orienti
1768 5107 1970 5164 inferre
2001 5107 2240 5171 festinat,

566 5236 569 5237 ν
649 5208 805 5280 quasi
849 5207 956 5263 sub
994 5205 1223 5262 testibus
1260 5204 1640 5274 consignatam
1685 5199 1783 5256 abs
1827 5211 1879 5254 te
1921 5204 2244 5268 accepturus

647 5314 733 5360 est
757 5303 1065 5359 veritatem.
1096 5299 1234 5356 Hree
1264 5313 1352 5354 me
1391 5297 1670 5364 loquente,
1698 5294 1857 5352 Gallo
1883 5293 1996 5364 jam
2021 5291 2089 5347 ad
2117 5299 2244 5346 nan-

651 5395 881 5452 randum
917 5402 1129 5463 parato,
1156 5390 1317 5446 irruit
1345 5389 1503 5444 turba
1524 5385 1916 5442 monachOrum
1945 5401 1958 5438 t
1982 5382 2246 5452 Evagrius

650 5486 961 5558 presbyter,
987 5487 1154 5554 Aper,
1187 5481 1542 5538 Sebastianus
1566 5478 1816 5550 Agricola
1843 5485 1856 5530 ε
1884 5485 1938 5531 81
1966 5484 2088 5545 post
2115 5479 2248 5545 pitu-

647 5577 820 5633 lulum
879 5573 1181 5643 ingreditur
1233 5571 1520 5643 presbyter
1571 5577 1755 5625 noster
1799 5567 2079 5625 Etherius
2117 5581 2244 5622 cum

651 5665 950 5734 Calupione
979 5666 1235 5731 diacono,
1259 5670 1317 5720 et
1336 5663 1597 5720 Amatore
1618 5660 1964 5718 subdiacono
1990 5679 2002 5714 :
2037 5669 2248 5731 postre-

624 5767 778 5813 --u1us
804 5754 1064 5821 Aurelius
1108 5755 1390 5833 presbyter
1416 5757 1767 5822 dulcissimus
1796 5771 1970 5826 meus,
2003 5756 2248 5831 longiore

2347 4921 2442 4975 diu
2473 4920 2640 4976 nobili
2675 4930 2770 4976 sua
2811 4920 3138 4977 verecundia
3182 4907 3461 4976 silentium
3505 4917 3793 4982 lettttiSset,
3829 4919 3954 4972 tati-

2349 5013 2472 5069 dem
2499 5013 2570 5068 ita
2597 5025 2826 5069 exorsus
2858 5015 2976 5069 csli

2423 5106 2487 5162 11.
2509 5104 2876 5173 Gonvenlstis,
2902 5106 3104 5174 inquit,
3127 5105 3196 5160 ad
3214 5108 3301 5160 ine
3323 5103 3680 5169 audieiidtIm,
3701 5105 3756 5158 et
3777 5102 3961 5157 sancti

2349 5211 2406 5256 et
2434 5198 2662 5263 diserti;
2696 5198 2791 5253 sed
2822 5199 3108 5269 i‘eligitiSas
3135 5197 3320 5268 petitis
3347 5207 3512 5267 quam
3546 5196 3737 5253 doeta‘s
3766 5203 3958 5260 aures,

2350 5291 2430 5346 uti
2462 5291 2727 5358 arbitror,
2757 5289 3048 5358 attulistis,
3078 5289 3313 5345 audituri
3350 5303 3438 5344 me
3469 5286 3576 5342 itde
3607 5287 3796 5350 testia,
3841 5289 3957 5341 nou

2353 5386 2588 5439 oratoris
2609 5383 2764 5453 copia
2788 5383 3121 5440 locuturum.
3149 5382 3285 5450 Quae
3309 5392 3492 5437 autem
3521 5373 3785 5435 hesterno
3809 5376 3960 5432 dicta

2351 5487 2498 5544 sunt,
2547 5487 2654 5531 non
2706 5477 2980 5532 reVolvam
3020 5494 3033 5529 :
3079 5475 3169 5531 illa
3216 5474 3307 5545 qui
3365 5481 3472 5529 non
3523 5472 3837 5537 audierunt,
3887 5477 3960 5526 ex

2350 5569 2575 5637 scriptis
2602 5569 3018 5638 recognoscent.
3052 5565 3206 5621 Nova
3231 5564 3624 5620 Postumianus
3643 5557 3954 5631 etSpeetat,

2349 5661 2702 5717 nuntiaturus
2742 5660 2972 5727 Orienti,
3000 5671 3071 5714 118
3098 5667 3162 5714 se
3198 5657 3253 5712 in
3295 5655 3713 5730 comparatione
3739 5651 3960 5710 Martini

2354 5753 2612 5828 praeferat
2633 5752 2939 5815 Occidenti.
2968 5752 3047 5811 Ac
3088 5750 3323 5827 primum
3351 5751 3515 5830 gestit
3545 5750 3783 5824 auitam,
3812 5747 3964 5825 ιιαθά
