4270 6176
320 177 427 238 215
1733 175 2084 246 ῡιΑιοσιυδ
2123 176 2214 239 lli.
3512 180 3621 248 3H

323 295 660 370 Refrigerius
707 295 764 354 in
813 310 1005 354 aurem
1042 296 1303 366 suggerit,
1349 295 1658 366 explicare.
1709 296 1816 352 Res
1865 297 1919 356 in
1949 298 2003 358 Δ
2027 297 2272 366 nomine,
2307 297 2502 370 inquit,
2527 296 2743 358 Martini
2768 297 2936 370 jubeo
2964 307 3019 354 te
3051 298 3449 360 obuium
3485 297 3626 370 Cotti

320 389 632 448 Carnotena
667 399 823 460 gesta
864 398 948 444 est
991 387 1238 446 civitate.
1282 387 1679 446 Paterfamilias
1714 387 1924 444 duode-

322 497 556 538 cennem
583 481 652 538 ab
687 489 847 536 utero
878 488 1085 536 mutam
1120 479 1358 552 puellam
1389 480 1620 536 Martino
1649 479 1813 549 erepit
1842 477 1923 534 of-

322 573 489 640 ferre,
533 587 768 644 poscens
793 580 854 626 ut
885 571 1125 642 linguam
1166 571 1385 642 ligatam
1412 570 1628 628 meritis
1656 571 1769 626 suis
1796 585 1924 626 san-

323 676 447 722 ctus
472 667 802 722 absolveret.
831 664 926 721 llle
954 665 1154 719 cedens
1190 663 1487 736 episcopis,
1517 665 1607 731 qui
1642 673 1753 718 tum
1786 660 1924 718 forte

323 761 467 818 latus
495 759 638 815 illius
663 759 995 824 ambiebant,
1026 757 1318 817 Valentino
1336 768 1503 828 atque
1525 755 1796 821 Victricio,
1823 755 1924 811 im-

325 867 508 923 parem
540 866 602 906 se
639 866 765 908 esse
800 861 962 911 tantae
997 849 1160 915 moli;
1211 849 1306 905 sed
1348 849 1456 904 illis
1492 849 1648 919 quasi
1687 845 1923 903 sanctio-

235 1013 240 1016 _
324 944 472 1000 ribus
505 942 636 997 nihil
681 941 1019 1012 impossibile
1057 940 1346 996 fatebatur.
1377 936 1445 996 At
1476 940 1552 994 illi
1583 940 1696 1009 pias
1729 953 1924 1012 preces

327 1052 429 1093 una
451 1052 572 1094 cum
605 1044 762 1107 patre
785 1035 1015 1106 supplici
1043 1049 1179 1089 voce
1201 1034 1514 1106 jungentes,
1547 1048 1708 1088 orare
1737 1031 1924 1088 Marti-

325 1145 494 1195 num,
542 1137 602 1183 ut
651 1135 866 1196 Sperata
922 1134 1228 1196 prmstaret.
1279 1125 1391 1180 Nec
1444 1133 1730 1182 cunctatus
1780 1122 1922 1179 ultra

327 1221 637 1294 (utrmnquc
677 1219 1025 1290 praeclarum,
1064 1227 1120 1273 et
1157 1217 1495 1274 ostendendo
1536 1215 1921 1285 humilitatem,

327 1329 426 1368 nec
457 1311 757 1367 differendo
789 1310 1096 1383 pietatem),
1119 1303 1277 1383 jubet
1303 1311 1709 1368 circumstantis
1740 1310 1924 1381 populi

329 1406 731 1460 multitudinem
756 1403 1066 1459 submoveri
1091 1422 1103 1458 :
1131 1403 1403 1474 episcopis
1425 1411 1632 1460 tantum
1656 1414 1707 1459 et
1728 1403 1924 1474 puellae

329 1509 482 1568 patre
509 1499 892 1554 assistentibus
932 1499 983 1552 in
1029 1498 1332 1553 orationem
1359 1511 1461 1551 suo
1493 1496 1588 1552 illo
1618 1511 1774 1552 more
1804 1510 1927 1568 pro-

326 1592 590 1648 sternitur
616 1610 631 1648 :
655 1590 781 1646 dein
816 1591 1066 1662 pusillum
1098 1590 1206 1646 olei
1237 1607 1358 1646 cum
1397 1588 1686 1646 exorcismi
1733 1589 1927 1662 praefa-

2028 388 2185 445 hcesit
2214 391 2442 447 latratus
2470 392 2524 449 in
2548 399 2766 462 gutture
2793 407 2808 445 :
2835 391 3017 461 lingua
3053 389 3348 463 (abscisam
3379 390 3622 466 putares)

2027 481 2313 538 obmutuit.
2345 483 2420 538 tta
2447 497 2640 554 parum
2658 490 2741 540 est
2766 483 2946 554 ipsum
2971 483 3266 544 Martinum
3295 482 3492 544 fecisse
3517 484 3627 544 viro

2027 581 2170 628 tutes
2197 591 2210 630 :
2238 573 2447 631 credite
2477 553 2641 640 mibi;
2665 553 2799 646 quia,
2825 575 2988 634 etiam
3019 575 3108 632 alii
3139 574 3196 636 iu
3241 577 3464 640 nomine
3505 575 3625 651 ejus

2026 664 2193 722 multa
2219 664 2484 722 fecerunt.

2097 753 2188 809 IV.
2230 755 2468 812 Avitiani
2489 755 2759 827 quondam
2790 757 3004 818 comitis
3029 759 3308 820 noveratis
3331 759 3624 824 barbaram

1966 925 1968 927 j
2027 847 2212 916 nimis,
2243 858 2298 906 et
2326 851 2463 906 ultra
2500 851 2684 906 omnia
2725 862 3011 910 cruentam
3055 851 3354 914 feritatem.
3403 853 3504 918 Βία
3541 870 3628 916 ra-

2027 942 2153 998 bido
2181 943 2377 1016 Spiritu
2404 944 2682 1015 ingressus
2708 946 2985 1003 Turonum
3017 946 3318 1016 civitatem,
3343 949 3625 1020 sequenti-

2025 1035 2124 1092 bus
2147 1052 2269 1094 eum
2295 1039 2593 1094 miserabili
2618 1038 2758 1096 facie
2783 1040 3071 1099 ordinibus
3096 1043 3384 1113 catenatis,
3411 1043 3626 1102 diversa

2026 1128 2319 1198 pcrdendis
2347 1130 2526 1197 parari
2569 1131 2717 1200 jubet
2754 1147 2952 1202 genera
2990 1147 3298 1202 pinnarum,
3326 1133 3629 1204 disponens

2030 1231 2249 1292 postera
2276 1221 2365 1278 die
2393 1222 2626 1278 attonita
2650 1223 2876 1280 civitate
2917 1223 2984 1282 ad
3011 1239 3149 1295 Opus
3176 1235 3285 1284 tam
3318 1227 3473 1286 triste
3501 1241 3627 1299 pro-

2027 1316 2248 1372 cedere.
2301 1315 2458 1382 Quod
2509 1316 2599 1371 ubi
2647 1315 2880 1377 Martinu
2927 1323 3265 1390 compertum
3315 1328 3435 1388 est,
3480 1320 3631 1382 solus

2029 1407 2189 1477 paulo
2236 1419 2364 1464 ante
2406 1407 2639 1463 mediam
2691 1417 2906 1468 noctem
2954 1409 3021 1466 ad
3073 1411 3387 1482 praetorium
3439 1409 3632 1470 bestia:

2031 1498 2178 1554 illius
2237 1499 2408 1554 tendit
2453 1516 2466 1554 :
2513 1498 2610 1556 sed
2661 1514 2810 1567 cum,
2839 1501 3125 1574 profunda:
3153 1503 3334 1560 noctis
3379 1502 3626 1574 silentio,

2031 1590 2436 1662 quiescentibus
2458 1593 2694 1656 cunctis,
2729 1593 2915 1650 nullus
2943 1593 3154 1652 foribus
3180 1594 3455 1654 obseratis
3480 1603 3634 1665 pate-

330 1688 479 1740 tione
507 1683 805 1746 benedicit,
838 1695 1001 1754 atque
1027 1684 1096 1738 ita
1126 1682 1182 1737 in
1207 1697 1268 1737 os
1295 1682 1493 1753 puellae
1522 1681 1920 1738 sanctificatum
1955 1686 2002 1749 B
2029 1694 2110 1740 ret
2142 1685 2440 1754 ingressus,
2474 1695 2604 1740 ante
2641 1683 2829 1742 limina
2866 1696 3095 1747 cruenta
3124 1687 3512 1762 prosternitur.
3541 1686 3629 1750 ln—

329 1777 755 1848 liquorem,cum
782 1787 835 1831 et
862 1777 1099 1846 linguam
1123 1776 1266 1832 illius
1295 1775 1480 1845 digitis
1514 1784 1745 1843 teneret,
1780 1773 1924 1830 infu-

329 1872 429 1928 dit.
460 1871 570 1927 Nec
596 1869 1064 1926 fefellitSanctum
1091 1870 1311 1926 virtutis
1339 1877 1591 1926 eventus.
1622 1869 1797 1924 Patris
1825 1883 1923 1922 no-

329 1979 452 2018 men
485 1962 830 2033 interrogat:
861 1978 982 2016 mox
1016 1961 1105 2017 illa
1139 1961 1440 2032 reSpondit.
1483 1959 1791 2016 Proclamat
1826 1975 1923 2030 pa-

329 2065 435 2116 ter,
464 2070 587 2108 cum
622 2053 819 2124 gaudio
866 2054 1070 2124 pariter
1099 2062 1152 2106 et
1199 2051 1454 2124 lacrymis
1501 2050 1713 2106 Martini
1745 2064 1924 2120 genua

327 2146 668 2218 complexus,
698 2155 752 2201 et
795 2144 932 2201 hanc
967 2144 1194 2216 primam
1231 2159 1290 2200 se
1322 2144 1446 2198 ﬁlia:
1481 2143 1699 2198 audisse
1731 2157 1922 2198 vocem

326 2242 538 2296 cunctis
566 2239 905 2312 stupentibus
937 2238 1225 2294 fatebatur.
1253 2236 1330 2293 Ac
1375 2253 1444 2293 ne
1472 2238 1726 2308 cuiquam
1754 2235 1807 2290 id
1839 2235 1923 2290 in-

325 2333 591 2392 credibile
637 2335 778 2388 forte
820 2334 1104 2400 videatur,
1154 2331 1438 2404 perbibeat
1484 2330 1639 2386 vobis
1683 2343 1926 2400 praesens

326 2427 589 2500 Evagrius
638 2426 1007 2483 testimonium
1038 2425 1308 2494 veritatis,
1351 2439 1472 2478 nam
1507 2439 1595 2479 res
1636 2424 1755 2496 ipso
1787 2439 1924 2494 pra:-

325 2533 480 2580 sente
513 2531 626 2578 tum
656 2531 809 2593 gesta
839 2529 942 2577 est.

397 2617 486 2674 ΙΙΙ.
526 2616 758 2673 Parvum
786 2615 917 2671 illud
941 2624 1024 2670 est
1044 2613 1187 2686 quod
1213 2626 1384 2682 nuper
1405 2609 1676 2682 Harpagio
1703 2607 1926 2682 presby-

325 2721 444 2767 tero
493 2710 764 2766 referente
808 2707 1075 2779 CUguovi:
1108 2705 1203 2761 sed
1238 2721 1346 2762 non
1397 2692 1924 2776 printer-mittendum

325 2802 585 2858 videtur:
620 2799 854 2856 Avitiani
911 2798 1130 2854 comitis
1175 2812 1395 2853 uxorem
1441 2796 1657 2851 misisse
1697 2792 1926 2848 Martino

324 2900 530 2966 oleum,
559 2896 699 2970 quod
727 2898 795 2953 ad
824 2897 1070 2952 diversas
1099 2893 1416 2949 morborum
1449 2907 1644 2947 causas
1673 2903 1925 2946 necessa-

327 2995 468 3048 rium
492 2991 652 3064 (sicut
672 2999 757 3046 est
777 2988 1138 3056 coitsuetudo)
1163 2985 1509 3042 benediceret
1533 3002 1545 3035 :
1573 2980 1921 3055 ampullulam

2030 1787 2178 1831 terea
2234 1776 2517 1834 Avitianus
2561 1779 2713 1848 gravi
2769 1793 2965 1838 somno
3012 1780 3261 1853 sepultus
3309 1782 3509 1852 angelo
3547 1783 3632 1844 iit-

2027 1878 2255 1940 gruente
2300 1871 2663 1942 percellitur:
2705 1871 2945 1940 Servus,
3000 1874 3210 1946 inquit,
3265 1875 3362 1936 Dei
3413 1876 3484 1930 ad
3537 1886 3632 1932 tua

2027 1961 2218 2018 limina
2239 1960 2408 2033 jacet,
2443 1971 2497 2036 et
2529 1971 2584 2020 tu
2615 1963 2890 2035 quiescis?
2919 1979 3024 2038 qua
3056 1963 3150 2022 ille
3175 1979 3306 2022 voce
3345 1979 3628 2042 percepta,

2029 2055 2170 2113 lecto
2206 2071 2306 2112 suo
2343 2057 2593 2118 turbatus
2635 2059 2946 2125 excutitur;
2981 2061 3404 2132 convocatisque
3448 2063 3632 2130 servis

2029 2148 2275 2220 trepidus
2328 2148 2627 2222 exclamat,
2687 2151 2981 2211 Martinum
3029 2166 3152 2214 esse
3205 2167 3304 2224 pro
3358 2151 3571 2212 foribus
3613 2173 3628 2210 :

2026 2242 2166 2300 irent
2213 2242 2492 2313 protinus,
2540 2242 2774 2300 claustra
2807 2253 3144 2312 reserarent,
3188 2259 3260 2306 ne
3295 2245 3392 2308 Dei
3439 2261 3633 2319 servus

2029 2345 2305 2406 pateretur
2336 2335 2742 2406 injuriam;sed
2782 2338 2882 2402 illi,
2927 2347 2986 2396 ut
3019 2347 3106 2400 est
3150 2340 3394 2402 omnium
3435 2349 3632 2412 natura

2027 2441 2331 2496 servorum,
2373 2430 2462 2487 vix
2500 2432 2673 2501 prima
2712 2429 2899 2490 limina
2941 2431 3172 2506 egressi,
3206 2432 3499 2494 irridentes
3526 2433 3631 2496 do-

2030 2523 2235 2578 minum
2278 2537 2463 2588 suum,
2513 2522 2659 2594 quod
2701 2537 2896 2582 somno
2933 2522 3129 2584 fuisset
3171 2524 3386 2595 illusus,
3430 2536 3633 2598 negant

2028 2628 2356 2686 quemquam
2381 2628 2505 2670 esse
2533 2629 2634 2685 pro
2663 2613 2894 2686 foribus,
2923 2631 2992 2674 ex
3015 2627 3232 2676 suomet
3257 2618 3481 2690 irruente
3501 2635 3634 2682 conv

2023 2705 2297 2775 jcctantes
2327 2707 2598 2766 neminem
2631 2717 2790 2768 nocte
2823 2723 2984 2778 posse
3029 2710 3272 2781 vigilare,
3318 2711 3518 2774 nedum
3550 2712 3633 2776 illi

2029 2797 2339 2866 crederent,
2375 2800 2428 2855 in
2461 2799 2551 2856 illo
2581 2799 2756 2858 noctis
2802 2801 3032 2860 horrore
3067 2801 3251 2872 jacere
3287 2814 3419 2862 ante
3450 2806 3631 2868 alieno

2030 2893 2213 2950 limina
2238 2893 2580 2954 sacerdotem
2606 2912 2619 2950 :
2646 2893 2807 2965 idque
2826 2894 3081 2954 Avitiano
3103 2894 3264 2956 facile
3285 2911 3630 2968 persuasum.

2031 2988 2266 3048 Rursum
2312 2989 2546 3048 solvitur
2585 2989 2640 3044 in
2687 3004 2972 3059 soporem;
3015 2989 3111 3050 sed
3155 3004 3283 3048 mox
3328 2990 3380 3054 vi
3419 2989 3633 3062 majore

329 3088 555 3140 vitream
605 3082 910 3140 istiusmodi
963 3080 1152 3146 fuisse,
1195 3087 1253 3133 ut
1298 3076 1528 3133 rotunda
1578 3077 1630 3129 itt
1678 3082 1922 3129 ventrem
1950 3069 1996 3134 C
2029 3097 2329 3140 concussus
2379 3082 2671 3152 exclamat,
2700 3082 2988 3140 Mal-unum
3032 3092 3180 3142 stare
3219 3097 3320 3153 υτο
3368 3082 3628 3146 [or-ibus;

327 3188 623 3246 cresceret,
653 3193 748 3232 ore
793 3175 1091 3247 producto;
1131 3173 1224 3232 sed
1266 3173 1378 3227 oris
1425 3168 1697 3232 exstantis
1729 3180 1925 3222 conca-

327 3290 451 3330 vum
484 3285 593 3328 non
625 3269 930 3341 repletum;
973 3266 1098 3337 quia
1136 3265 1206 3320 ita
1251 3263 1422 3318 moris
1459 3263 1532 3315 sit
1576 3257 1790 3314 vascula
1829 3256 1924 3311 illa

327 3364 641 3436 complere,
683 3371 739 3418 ut
779 3377 903 3432 pars
945 3373 1156 3414 summa
1203 3354 1528 3411 umbonibus
1575 3348 1927 3408 obstruendis

327 3459 504 3518 libera
544 3455 902 3524 relinquatur.
937 3449 1259 3506 Testabatur
1299 3446 1604 3518 presbyter,
1636 3443 1839 3497 vidisse
1867 3455 1927 3496 se

325 3553 517 3606 oleum
570 3548 670 3603 sub
721 3547 928 3601 Martini
986 3543 1369 3598 benedictione
1418 3538 1690 3603 crevisse,
1747 3535 1926 3608 quoad

327 3643 641 3700 exundante
673 3639 824 3710 c0pia
848 3652 1083 3709 superne
1110 3632 1386 3690 dtlﬂueret
1411 3649 1423 3684 :
1449 3631 1766 3702 eademque,
1796 3629 1926 3682 dum

326 3738 396 3792 ad
456 3731 923 3791 matremfamilias
975 3729 1249 3784 vasculum
1309 3726 1642 3790 referretur,
1699 3721 1926 3776 fervisse

329 3833 535 3885 virtute
565 3848 578 3884 :
609 3843 733 3882 nam
771 3827 915 3880 inter
947 3839 1135 3879 manus
1179 3822 1327 3892 pueri
1367 3821 1636 3891 pOrtantis
1669 3819 1740 3873 ita
1787 3831 1930 3872 sem-

330 3940 432 3995 per
466 3924 775 3978 exundasse
817 3921 1034 3984 oleum,
1081 3928 1137 3972 ut
1168 3931 1329 3972 omne
1372 3915 1514 3968 illius
1546 3913 1927 3968 vestimentum

329 4018 485 4087 c0pia
536 4014 805 4086 superfusi
860 4013 1088 4088 liquoris
1137 4009 1380 4082 operiret
1427 4026 1440 4066 :
1497 4017 1798 4066 matronam
1855 4007 1928 4060 ita

331 4128 501 4181 usque
527 4110 594 4164 ad
637 4125 907 4164 summum
955 4105 1164 4162 labrum
1199 4105 1414 4173 plenum
1459 4101 1737 4162 vasculum
1780 4112 1932 4154 rece-

330 4207 502 4275 pisse,
539 4213 596 4260 ut
624 4201 910 4274 presbyter
951 4199 1220 4270 hodieque
1258 4198 1512 4264 fateatur,
1543 4191 1781 4249 obdendi
1811 4205 1932 4266 pes-

328 4298 462 4364 suli,
490 4313 598 4368 quo
638 4295 816 4350 claudi
862 4293 1174 4365 diligentius
1207 4289 1474 4348 servanda
1503 4291 1931 4350 consueverunt,

329 4396 390 4447 in
419 4391 558 4450 vitro
586 4389 679 4444 illo
704 4388 936 4458 spatium
965 4403 1072 4442 non
1097 4384 1286 4440 fuisse.
1311 4383 1500 4438 Mirum
1530 4391 1585 4436 et
1608 4378 1763 4447 illud,
1786 4376 1930 4448 quod

2028 3175 2129 3232 sibi
2157 3175 2280 3233 ideo
2303 3175 2506 3234 nullam
2527 3168 2769 3245 quietem
2793 3176 2960 3232 animi
2987 3175 3344 3247 corporisque
3363 3176 3629 3246 permitti.

2029 3267 2397 3328 Tardantibus
2421 3269 2618 3337 servis,
2650 3269 2768 3338 ipse
2797 3283 2969 3340 usque
3011 3268 3080 3326 ad
3125 3267 3311 3328 limina
3355 3269 3634 3336 exer

2028 3360 2421 3432 progreditur:
2451 3361 2524 3422 ibi
2563 3361 2872 3429 Martinam,
2914 3371 2973 3422 ut
3011 3370 3288 3428 senserat.
3321 3359 3635 3432 depulmo-

2031 3451 2130 3510 dit.
2165 3453 2453 3514 Perculsus
2500 3454 2667 3512 miser
2695 3462 2863 3514 tantre
2908 3453 3352 3518 manifestationc
3390 3453 3629 3522 virtutis,

2032 3542 2184 3611 quid,
2209 3544 2400 3614 inquit,
2423 3543 2553 3602 mihi
2581 3543 2706 3610 hoc,
2729 3544 2973 3612 domine,
2999 3542 3216 3604 fecisti?
3235 3544 3374 3604 nihil
3403 3545 3550 3618 loqui
3577 3554 3636 3612 te

2033 3651 2258 3692 necesse
2287 3645 2371 3692 est
2396 3655 2410 3694 :
2443 3638 2558 3693 scio
2582 3637 2710 3707 quid
2741 3637 3049 3705 desideres,
3078 3637 3239 3696 video
3279 3637 3407 3709 quid
3441 3637 3631 3708 requir-

2035 3743 2160 3786 ras:
2194 3727 2420 3784 discede
2468 3729 2820 3798 quantocius,
2851 3744 2920 3788 ne
2961 3744 3052 3790 me
3087 3728 3161 3785 ob
3191 3728 3449 3798 injuriam
3480 3739 3636 3796 tuam

2032 3821 2274 3878 caelestis
2301 3823 2383 3879 ira
2407 3831 2694 3880 consumat
2721 3841 2735 3878 :
2764 3822 2899 3880 satis
2921 3822 3179 3881 solverint
3206 3822 3492 3892 nouisque
3517 3835 3638 3893 ΡΦ-

2035 3928 2247 3972 narum.
2276 3913 2470 3981 Crede,
2505 3915 2628 3982 quia
2658 3930 2766 3972 non
2792 3914 2988 3974 leviter
3014 3914 3160 3985 apud
3193 3930 3280 3974 me
3311 3924 3495 3976 actum
3523 3924 3631 3986 οδε.

2036 4015 2092 4061 ut
2125 4008 2238 4079 ipse
2270 4007 2652 4078 praeederem.
2686 4007 2819 4068 Post
2861 4007 3173 4068 discessum
3219 4015 3402 4066 autem
3451 4007 3639 4068 Sancti

2035 4106 2268 4161 advocat
2297 4100 2562 4159 ofﬁciales
2601 4115 2730 4158 suos
2757 4117 2771 4157 :
2801 4099 2960 4170 jubet
3005 4114 3199 4159 omnes
3225 4099 3510 4160 custodias
3552 4114 3640 4172 γρ-

2035 4195 2242 4261 laxari;
2291 4205 2348 4266 _et
2390 4210 2518 4252 mox
2566 4194 2683 4265 ipse
2733 4193 3118 4264 proficiscitur.
3152 4191 3229 4252 Ita
3276 4191 3464 4263 fugato
3511 4191 3639 4261 Αρβ-

2038 4290 2206 4353 tiano.
2241 4287 2421 4349 lat-tata
2452 4293 2539 4344 est
2566 4299 2629 4343 se
2659 4284 2848 4345 civitas
2876 4282 3186 4346 liberatam.

2110 4379 2175 4437 ν.
2218 4378 2345 4434 Hinc
2372 4393 2494 4434 cum
2527 4377 2719 4434 multis
2754 4375 3013 4436 Avitiano
3047 4376 3332 4436 referente
3357 4382 3649 4446 comperta

331 4485 462 4539 huic
494 4483 606 4556 (me
632 4491 812 4537 autem
843 4478 1179 4548 intuebatur)
1209 4473 1434 4532 tltetttitti
1471 4471 1784 4542 contigisse.
1829 4467 1935 4524 Vas
1962 4458 2016 4519 D
2041 4482 2189 4538 sunt,
2219 4480 2333 4528 tum
2361 4485 2535 4544 nuper
2561 4467 2896 4540 Refrigerius
2922 4467 3236 4540 presbyter.
3261 4483 3428 4540 quem
3451 4485 3646 4537 comm

327 4582 571 4633 vitreum
616 4590 738 4629 cum
781 4573 908 4627 oleo
953 4570 1098 4642 quod
1147 4569 1406 4624 Martinus
1453 4563 1835 4628 benedixerat,
1884 4560 1939 4615 in

323 4671 575 4724 fenestra
603 4666 884 4738 paululum
917 4663 1148 4719 editiore
1175 4659 1467 4734 deposuit:
1498 4673 1630 4732 puer
1654 4655 1942 4712 familiaris

323 4763 609 4821 incautior
649 4765 877 4820 linteum
918 4757 1349 4832 superpositum,
1382 4753 1679 4824 ampullam
1711 4751 1786 4806 ibi
1818 4765 1943 4806 esse

324 4860 592 4928 ignarus,
642 4855 884 4910 attraxit.
932 4854 1037 4907 Vas
1083 4867 1248 4920 super
1287 4856 1623 4906 ennstt'atum
1673 4857 1944 4899 marmore

319 4949 710 5020 pavimentum
740 4945 948 5002 decidit
972 4963 986 5000 :
1011 4941 1224 4999 cunctis
1255 4951 1402 4996 metu
1431 4937 1733 5002 exterritis,
1761 4952 1828 4992 ne
1850 4937 1944 4989 be-

320 5039 579 5096 nedictio
611 5037 940 5109 deperisset,
971 5035 1207 5105 ampulla
1253 5033 1479 5100 perinde
1523 5027 1818 5085 incolumis
1858 5034 1943 5082 est

320 5144 554 5204 reperta
594 5145 658 5185 ac
688 5134 733 5185 si
764 5144 926 5198 super
963 5129 1177 5198 plumas
1219 5122 1568 5179 mollissimas
1607 5119 1938 5183 decidisset;

317 5240 464 5298 qum
504 5239 592 5279 res
631 5240 738 5278 non
769 5223 948 5294 potius
980 5221 1044 5274 ad
1084 5233 1268 5273 casum
1300 5231 1460 5288 quam
1490 5215 1554 5270 ad
1599 5212 1813 5270 Martini
1857 5221 1943 5268 est

320 5317 629 5379 referenda
662 5318 941 5380 virtutem,
976 5314 1132 5385 cujus
1154 5313 1462 5369 benedictio
1489 5312 1670 5382 perire
1701 5324 1808 5366 non
1839 5323 1940 5380 po—
2045 5307 2308 5364 besterno
2336 5313 2634 5360 memorata
2663 5311 2813 5367 sunt,
2838 5311 3031 5360 nutare
3052 5301 3330 5362 dicuntur.
3364 5301 3660 5372 Accipiunt

2042 4564 2266 4630 videtis,
2301 4564 2369 4617 ab
2402 4562 2634 4631 Evagrio
2672 4561 2815 4615 ﬁdeli
2849 4560 2992 4630 viro,
3025 4575 3094 4620 ex
3134 4560 3392 4630 tribunis,
3420 4560 3528 4634 sub
3554 4563 3642 4624 irt-

2042 4656 2328 4712 vocatione
2358 4654 2556 4710 divinae
2591 4651 2895 4722 maiestatis
2920 4651 3153 4722 audivit,
3185 4651 3279 4722 qui
3307 4650 3408 4710 sibi
3443 4651 3546 4714 hoc
3573 4649 3643 4706 ab

2042 4752 2160 4821 ipso
2206 4749 2463 4806 Avitiano
2507 4747 2744 4807 relatum
2774 4760 2898 4802 esse
2923 4745 3167 4816 iurabat.
3200 4743 3471 4804 Caeterum
3511 4743 3645 4816 nolo

2043 4841 2320 4902 miremini
2361 4857 2448 4898 me
2485 4839 2648 4898 hodie
2695 4837 2879 4895 facere
2918 4837 3064 4908 quod
3097 4839 3358 4898 beaterno
3387 4853 3492 4896 non
3519 4837 3651 4908 feci,

2048 4948 2107 4998 ut
2133 4937 2199 4993 ad
2227 4936 2468 5007 singulas
2495 4947 2737 5004 quasque
2762 4931 2995 4992 virtutes
3023 4932 3244 4992 nomina
3273 4932 3498 4996 testium
3523 4947 3654 5004 per-

2048 5043 2318 5098 sonasque
2362 5025 2705 5094 subnectam,
2737 5023 2803 5082 ad
2833 5037 2989 5094 quas,
3023 5022 3070 5082 si
3111 5024 3236 5098 quis
3261 5022 3437 5097 [nam
3462 5025 3651 5088 tum-

2049 5119 2231 5188 dnlus,
2261 5118 2388 5189 quia
2416 5115 2594 5174 adhuc
2622 5114 2677 5176 in
2714 5130 2950 5185 corpore
2981 5124 3133 5189 sunt,
3165 5127 3433 5180 recurrat.
3473 5116 3655 5193 Eaigit

2047 5213 2099 5268 id
2153 5210 2445 5270 inﬁdelitas
2493 5207 2893 5279 plurimorum,
2945 5207 3044 5282 qui
3092 5210 3146 5267 in
3195 5210 3472 5281 aliquibus
3518 5224 3647 5280 qua:

321 5416 470 5470 luit.
509 5412 647 5480 Quid
701 5411 866 5466 illud?
907 5408 1051 5480 quod
1097 5408 1298 5464 factum
1327 5417 1408 5461 est
1437 5422 1466 5460 a
1495 5403 1753 5475 quodam,
1783 5403 1940 5471 cujus
2049 5415 2179 5473 ergo
2215 5407 2380 5457 testes
2412 5397 2590 5456 adhuc
2617 5397 2925 5456 incolumes
2949 5405 3116 5468 atque
3137 5396 3409 5460 viventes,
3429 5393 3653 5464 quibus,

323 5520 575 5570 litamen,
606 5503 732 5574 quia
760 5517 1002 5573 pra'sens
1031 5509 1116 5554 est
1145 5509 1200 5555 et
1237 5496 1391 5569 prodi
1424 5512 1484 5551 se
1515 5495 1703 5555 vetuit,
1737 5491 1954 5563 suppri-

323 5607 573 5657 metur:
607 5597 690 5651 cui
732 5596 954 5667 quidem
1005 5597 1236 5664 tempori
1285 5590 1372 5646 hic
1413 5591 1576 5644 etiam
1625 5587 1956 5644 Saturninus
2051 5586 2466 5644 adeoiclideles
2491 5593 2637 5648 sunt,
2662 5582 2947 5658 proﬁtear,
2968 5581 3098 5652 quia
3122 5593 3227 5635 nec
3249 5579 3360 5638 illis
3383 5588 3514 5646 sunt
3534 5590 3668 5638 crc—

324 5691 624 5766 interfuit.
677 5693 840 5752 Canis
885 5691 1042 5754 nobis
1087 5685 1453 5768 importunior
1501 5683 1807 5742 oblatrabat
1843 5699 1856 5736 :
1897 5679 1956 5738 In
2056 5681 2245 5739 dituri.
2284 5679 2453 5737 Miror
2485 5683 2667 5736 autem
2694 5685 3021 5748 quemquam
3048 5669 3150 5743 qui
3174 5671 3268 5734 vet
3286 5680 3514 5738 tenam
3541 5681 3678 5732 sera-

2051 5495 2174 5565 q.uia
2215 5491 2284 5548 de
2313 5491 2420 5550 ﬁde
2447 5500 2636 5550 nostra
2669 5491 2943 5556 dubitant,
2971 5489 3148 5561 magis
3185 5487 3436 5548 credant.
3468 5486 3574 5546 Sest
3606 5483 3659 5547 si
