4270 6176
548 265 654 323 215

1908 265 2200 324 SULPICII
2239 266 2495 325 SEVERI

3741 271 3848 329 216

544 398 667 441 sum
692 385 973 459 religionis
1004 387 1221 451 habeat,
1246 393 1456 439 tantum
1493 384 1691 454 piaculi
1722 384 1865 440 velle
1899 386 2150 440 commit-
2175 387 2227 447 A
2253 386 2353 441 viri
2400 385 2572 441 ﬁdelis
2618 398 2925 449 excessum,
2974 391 3032 439 ut
3070 382 3222 453 cujus
3267 382 3373 437 vita
3402 383 3525 467 jure
3555 385 3846 454 gaudebat,

548 485 688 543 tere,
717 489 777 533 ut
808 487 960 549 putet
981 491 1311 549 quemquam
1339 475 1407 529 de
1442 475 1673 530 Martino
1708 490 1869 543 posse
1904 476 2145 531 mentiri.

548 570 808 627 Facessat
830 587 859 625 a
885 586 1154 642 quoquam
1183 568 1273 639 qui
1302 568 1403 623 sub
1430 567 1543 622 Deo
1564 568 1717 634 vivit,
1745 568 1846 624 ista
1875 569 2147 639 suspicio:

548 680 727 735 neque
750 666 894 720 enim
922 662 1186 717 Martinus
1210 662 1311 716 hoc
1343 659 1571 729 indiget,
1597 671 1655 715 ut
1678 659 1979 716 mendaciis
1999 675 2151 716 asse-

546 766 721 812 ratur.
776 755 885 813 Sed
936 764 1115 810 tamen
1158 754 1324 809 totius
1368 752 1637 809 sermonis
1683 752 1841 808 fidem
1886 752 2028 822 apud
2074 762 2146 818 te,

548 849 789 913 Christe,
822 846 1218 917 depromimus,
1251 861 1349 901 nos
1378 860 1479 901 nec
1522 845 1624 899 alia
1656 845 1863 899 dixisse
1903 860 2003 899 nec
2046 844 2149 898 alia

548 942 817 1007 dicturos,
850 957 1011 1011 quam
1050 957 1173 1011 qua:
1204 952 1296 995 aut
1328 941 1430 1011 ipsi
1460 939 1715 1002 vidimus,
1754 949 1848 993 aut
1884 954 2007 1010 quae
2038 953 2153 993 ma—

550 1036 765 1093 nifestis
791 1037 1116 1092 auctoribus
1147 1036 1232 1091 vel
1265 1036 1587 1105 plerumque
1615 1035 1733 1105 ipso
1763 1035 2037 1089 referente
2060 1048 2155 1089 co-

547 1131 859 1201 gnovimus.
915 1127 1186 1183 Cmterum
1245 1128 1347 1183 etsi
1390 1127 1590 1198 dialogi
1624 1128 1893 1196 speciem,
1937 1141 2045 1197 quo
2086 1126 2153 1181 ad

548 1221 903 1277 relevandum
952 1220 1229 1275 fastidium
1278 1220 1440 1275 lectio
1480 1220 1805 1286 variaretur,
1850 1219 2152 1287 assumpsi-

549 1332 693 1384 mus,
727 1330 829 1371 nos
876 1317 963 1385 pie
1006 1324 1269 1385 praestare
1316 1314 1632 1384 profitemur
1662 1312 1906 1368 historiae
1949 1313 2153 1369 verita-

546 1422 682 1465 tem.
709 1409 834 1465 Haac
859 1425 947 1465 me
973 1410 1319 1464 extrinsecus
1351 1409 1597 1464 inserere
1638 1407 2023 1463 nonnullorum
2066 1408 2147 1461 in-

550 1501 870 1565 credulitas,
906 1515 1013 1555 non
1064 1501 1185 1557 sine
1229 1516 1350 1555 meo
1396 1500 1608 1565 dolore,
1652 1499 2000 1569 compulerit.
2049 1499 2153 1554 Sed

552 1593 739 1648 redeat
780 1593 846 1647 ad
888 1602 1136 1648 nostrum
1185 1608 1371 1648 sermo
1419 1607 1773 1649 consessum:
1811 1594 1866 1647 in
1895 1608 2002 1662 quo
2032 1607 2155 1647 cum

548 1700 640 1740 me
674 1697 779 1741 tam
812 1687 1056 1742 studiose
1087 1686 1262 1742 audiri
1295 1686 1535 1751 videam,
1562 1685 1737 1741 fatear
1776 1700 2003 1741 necesse
2048 1694 2154 1751 est,

2252 477 2415 531 etiam
2448 475 2689 546 ejusdem
2725 482 2955 529 mortem
2986 473 3217 543 lugeret.
3260 471 3531 530 Caeterum
3562 478 3607 530 si
3638 476 3706 531 ad
3735 476 3851 533 hac

2228 569 2530 639 probanda
2553 585 2675 639 qua:
2704 568 2940 622 diximus
2963 576 3129 622 testes
3157 567 3317 622 etiam
3344 566 3612 623 infirmior
3635 568 3850 625 auditor
3940 614 3947 617 .

2253 664 2511 733 exegerit,
2547 676 2653 717 non
2697 677 2863 716 unum
2893 675 2994 731 ego
3028 660 3327 727 hominem,
3358 661 3454 715 sed
3483 662 3651 717 multa
3684 663 3849 717 millia

2256 753 2576 824 producam,
2609 764 2664 808 et
2687 762 2853 807 totam
2878 751 2932 807 in
2968 750 3335 807 testimonium
3368 753 3587 808 virtutis
3614 764 3851 825 experta:

2254 848 2533 904 Senonum
2560 847 2838 902 advocabo
2861 847 3161 917 regionem.
3191 846 3258 900 Et
3280 855 3461 901 tamen
3482 855 3563 915 tu,
3581 848 3850 919 Refrigeri

2254 943 2560 1012 presbyter,
2592 941 2780 1007 credo,
2811 942 3131 1008 meministi,
3165 957 3339 1009 nuper
3365 943 3520 997 nobis
3550 958 3717 1013 super
3748 944 3852 1000 hoc

2255 1050 2376 1089 cum
2425 1034 2657 1090 Romulo
2700 1033 2943 1104 Auspicii
2984 1034 3130 1089 illius
3177 1033 3311 1099 filio,
3342 1033 3609 1090 honorato
3639 1044 3697 1091 et
3725 1037 3857 1091 reli-

2253 1126 2408 1197 gioso
2424 1127 2561 1193 viro,
2589 1127 2755 1183 fuisse
2771 1142 3112 1193 sermonem;
3139 1128 3228 1197 qui
3258 1127 3373 1183 haec
3397 1129 3555 1183 nobis
3578 1139 3851 1198 tamquam

2258 1220 2599 1292 incomperta
2649 1220 2943 1287 referebat,
2977 1229 3033 1275 et
3073 1235 3197 1275 cum
3246 1219 3445 1275 futuris
3494 1222 3847 1291 proventibus

2260 1330 2357 1385 per
2384 1314 2597 1370 assidua
2628 1315 2822 1369 damna
2850 1313 3167 1385 trepidaret,
3194 1322 3247 1369 ut
3278 1314 3394 1385 ipse
3420 1314 3627 1382 vidisti,
3657 1332 3853 1385 magno

2259 1421 2442 1461 secum
2473 1421 2707 1463 maerore
2737 1405 2977 1475 lugebat,
3010 1405 3297 1461 Martinum
3336 1421 3442 1461 non
3481 1408 3533 1462 in
3570 1408 3685 1463 haec
3713 1417 3853 1464 tem-

2260 1515 2390 1570 pora
2422 1510 2784 1556 reservatum.

2332 1592 2468 1649 Vill.
2508 1593 2615 1649 Sed
2666 1603 2725 1648 ut
2770 1594 2838 1649 ad
2885 1595 3197 1649 Avitianum
3241 1609 3519 1651 recurram
3565 1596 3679 1667 (qui
3730 1611 3851 1652 cum

2262 1687 2315 1740 in
2366 1684 2622 1739 omnibus
2668 1685 2803 1740 locis
2856 1686 3173 1756 cunctisque
3221 1686 3446 1743 urbibus
3496 1686 3685 1743 ederet
3731 1702 3853 1743 cru-

551 1780 759 1847 Aprum
794 1778 991 1834 fecisse
1022 1790 1355 1845 constanter,
1387 1779 1479 1849 qui
1524 1779 1724 1850 repulit
1755 1778 2028 1847 infideles,
2059 1794 2155 1835 eos
2184 1776 2232 1836 B
2258 1777 2494 1834 delitatis
2532 1791 2649 1832 suae
2689 1776 2905 1832 infanda
2953 1786 3326 1845 monumenta,
3365 1779 3597 1834 Turonis
3645 1790 3851 1836 tantum

550 1877 760 1924 tantum
786 1869 1037 1937 judicans
1068 1870 1256 1925 audire
1286 1870 1512 1935 debere,
1541 1872 1630 1941 qui
1664 1870 1976 1926 crederent.

634 1962 717 2016 Vl.
764 1962 974 2018 Efi‘eror
1005 1962 1271 2031 siquidem
1300 1961 1557 2033 (credite)
1586 1963 1801 2030 spiritu,
1833 1971 1887 2018 et
1916 1977 2027 2031 prae
2053 1961 2153 2017 do-

553 2061 673 2114 lore
710 2066 853 2112 totus
886 2056 1099 2110 insanio
1129 2073 1142 2109 :
1171 2070 1280 2111 non
1326 2055 1561 2110 credunt
1604 2056 1824 2111 Martini
1865 2055 2153 2111 virtutibus

554 2149 874 2213 Christiani,
901 2162 1037 2217 quas
1061 2148 1340 2201 daemones
1371 2145 1713 2202 fatebantur!
1761 2146 2150 2202 Monasterium

553 2242 699 2298 beati
725 2242 823 2295 viri
848 2241 1060 2296 duobus
1080 2255 1109 2294 a
1133 2240 1355 2295 civitate
1382 2249 1505 2295 erat
1530 2239 1767 2295 millibus
1786 2239 2151 2309 disparatum:

554 2335 653 2392 sed
695 2335 738 2389 si
777 2334 991 2405 quoties
1033 2343 1296 2388 venturus
1331 2334 1398 2387 ad
1435 2332 1723 2388 ecclesiam
1765 2333 1957 2404 pedem
1998 2342 2155 2389 extra

555 2429 768 2484 cellulae
793 2442 903 2482 suae
929 2427 1092 2482 limen
1119 2428 1411 2491 extulerat,
1434 2427 1652 2483 videres
1674 2443 1769 2498 per
1793 2436 1958 2483 totam
1981 2427 2158 2483 eccle-

555 2526 692 2577 siam
731 2535 1130 2591 energumeuos
1168 2520 1473 2591 rugientes,
1525 2530 1578 2574 et
1627 2521 1782 2591 quasi
1831 2520 2158 2576 adveniente

552 2615 737 2685 judice
786 2615 1001 2683 agmina
1043 2613 1348 2668 damnanda
1399 2612 1703 2683 trepidare,
1757 2622 1816 2667 ut
1862 2613 2155 2669 adventum

558 2704 798 2773 episcopi
839 2703 1079 2771 clericis,
1111 2703 1202 2773 qui
1234 2712 1524 2758 venturum
1562 2718 1684 2759 esse
1722 2704 2015 2768 nescirent,
2048 2704 2157 2759 daa-

554 2796 863 2850 moniornm
894 2795 1126 2865 gemitus
1154 2796 1437 2850 indicaret.
1475 2794 1594 2850 Vidi
1615 2797 1927 2866 quemdam,
1954 2812 2157 2866 appro-

554 2889 743 2959 piante
768 2888 1021 2953 Martino,
1052 2888 1104 2942 in
1138 2903 1264 2943 aera
1297 2897 1513 2957 raptum
1554 2889 1805 2943 manibus
1830 2890 2073 2945 extensis
2104 2889 2159 2944 in

557 2982 795 3037 sublime
827 2979 1110 3048 suspendi,
1143 2988 1203 3034 ut
1232 2995 1574 3051 nequaquam
1607 2981 1785 3036 solum
1818 2982 2053 3051 pedibus
2078 2992 2159 3036 at-

552 3075 813 3146 tingeret.
847 3073 904 3127 Si
936 3073 1153 3142 quando
1194 3081 1372 3127 autem
1417 3073 1909 3128 exorcizandorum
1958 3074 2159 3128 daemo-

2256 1877 2518 1928 innocens
2546 1880 2707 1928 erat:
2742 1882 2796 1927 et
2825 1873 2915 1927 illa
2944 1874 3115 1930 bestia
3154 1890 3274 1943 quae
3318 1874 3552 1930 humano
3591 1878 3854 1947 sanguine

2256 1973 2307 2020 et
2360 1964 2655 2020 infelicium
2704 1965 2971 2021 mortibus
3020 1966 3299 2033 alebatur,
3349 1967 3531 2023 mitem
3580 1983 3640 2023 se
3690 1978 3855 2039 atque

2256 2058 2610 2127 tranquillum
2665 2057 2831 2113 beato
2883 2058 3001 2113 viro
3060 2069 3332 2128 prmsente
3361 2059 3702 2131 prtestabat),
3735 2076 3855 2117 me-

2257 2151 2392 2206 mini
2436 2150 2676 2222 quodam
2707 2151 2795 2207 die
2823 2151 2891 2207 ad
2937 2168 3061 2209 eum
3104 2154 3320 2209 venisse
3366 2154 3704 2210 Martinum:
3761 2157 3852 2227 qui

2260 2246 2351 2301 ubi
2381 2245 2737 2302 secretarium
2763 2246 2880 2315 ejus
2901 2246 3182 2316 ingressus
3207 2256 3312 2312 est,
3339 2246 3477 2303 vidit
3501 2259 3620 2317 p05t
3642 2258 3851 2319 tergum

2259 2338 2431 2411 ipsius
2487 2338 2792 2394 daemonem
2842 2339 2994 2394 mira:
3044 2339 3438 2410 magnitudinis
3494 2340 3850 2395 assidentem.

2258 2430 2432 2499 Quem
2450 2431 2667 2486 eminus
2688 2431 2772 2503 (ut
2798 2432 2990 2498 verbo,
3017 2433 3143 2502 quia
3173 2432 3244 2487 ita
3274 2447 3501 2488 necesse
3533 2441 3639 2499 est,
3664 2449 3853 2504 parum

2259 2526 2453 2581 Latino
2485 2523 2796 2595 loquamur)
2825 2526 3156 2593 exsufflans;
3182 2526 3469 2583 Avitianus
3489 2543 3551 2583 se
3577 2528 3855 2583 exsufflari

2261 2619 2604 2683 existimans,
2656 2619 2796 2688 Quid
2828 2634 2936 2686 me,
2983 2621 3180 2691 inquit,
3215 2621 3433 2685 Sancte,
3495 2621 3576 2676 sic
3605 2622 3857 2691 accipis?

2260 2712 2399 2767 Tum
2431 2712 2720 2776 Martinus,
2748 2711 2861 2767 Non
2890 2722 2963 2778 te,
2995 2712 3193 2783 inquit,
3228 2713 3322 2768 sed
3346 2729 3469 2769 eum
3517 2715 3606 2785 qui
3654 2715 3858 2770 cervici

2262 2816 2368 2862 tua:
2417 2817 2556 2861 teter
2601 2806 2888 2861 incumbit.
2921 2805 3103 2862 Cessit
3140 2806 3413 2873 diabolus,
3456 2817 3508 2863 et
3530 2808 3749 2878 reliquit
3780 2807 3859 2861 fa-

2262 2901 2476 2955 miliare
2521 2899 2847 2955 subsellium
2901 2917 2914 2953 :
2959 2900 3201 2970 satisque
3243 2908 3489 2966 constat,
3533 2899 3605 2954 ab
3637 2901 3729 2955 illo
3770 2892 3859 2957 die

2261 2991 2570 3047 Avitiannm
2613 2992 2885 3047 mitiorem
2942 2990 3133 3057 fuisse,
3186 3007 3280 3047 seu
3335 2991 3480 3062 quod
3525 2992 3857 3047 intellexerit

2263 3085 2442 3155 egisse
2472 3100 2531 3140 se
2560 3100 2776 3154 semper
2799 3083 3093 3139 assidentis
3123 3084 3228 3138 sibi
3261 3083 3462 3139 diaboli
3495 3084 3856 3149 voluntatem,

556 3180 689 3222 num
719 3167 977 3220 Martinus
998 3180 1222 3233 operam
1251 3165 1573 3233 recepisset,
1609 3165 1883 3220 nemiuem
1912 3166 2159 3221 manibus

2266 3195 2364 3235 seu
2394 3178 2538 3249 quod
2572 3178 2886 3233 immundus
2911 3178 3135 3249 spiritus
3166 3179 3234 3233 ab
3280 3178 3426 3233 illius
3468 3193 3729 3233 consessu
3761 3192 3859 3247 per

558 3257 905 3322 attrectabat,
938 3256 1214 3311 neminem
1257 3256 1603 3309 sermonibus
1643 3255 1980 3325 increpabat,
2021 3256 2161 3311 sicut

558 3351 891 3421 plerumque
918 3364 1014 3420 per
1041 3348 1272 3404 clericos
1296 3356 1507 3403 rotatur
1538 3348 1693 3404 turbo
1720 3350 2041 3414 verborum;
2064 3348 2160 3404 sed

559 3445 797 3500 admotis
828 3442 1212 3513 energumenis
1237 3454 1471 3497 caeteros
1498 3442 1728 3511 jubebat
1752 3443 2067 3507 abscedere,
2096 3458 2161 3499 ac

558 3539 767 3592 foribus
797 3537 1071 3592 obseratis
1100 3536 1153 3590 in
1186 3536 1366 3591 medio
1412 3536 1661 3591 ecclesiae
1702 3537 1882 3593 cilicio
1929 3537 2162 3592 circum-

560 3640 762 3697 tectus,
794 3630 983 3685 cinere
1014 3644 1320 3700 respersus,
1354 3628 1474 3683 solo
1518 3636 1723 3683 stratus
1767 3631 1977 3686 orabat.
2025 3634 2159 3691 Tum

558 3738 694 3779 vero
721 3737 975 3778 cerneres
1001 3722 1233 3778 miseros
1263 3721 1480 3777 diverso
1514 3722 1661 3776 exitu
1702 3728 1985 3794 perurgeri
2011 3745 2026 3782 :
2062 3729 2162 3788 hos

561 3816 794 3873 sublatis
820 3816 873 3870 in
902 3815 1133 3870 sublime
1167 3813 1393 3881 pedibus
1425 3814 1577 3884 quasi
1613 3816 1682 3871 de
1715 3816 1859 3871 nube
1896 3819 2159 3891 pendere,

559 3926 661 3967 nec
684 3919 867 3965 tamen
895 3918 1077 3965 vestes
1100 3909 1342 3965 defluere
1364 3909 1415 3963 in
1442 3908 1654 3974 faciem,
1687 3925 1754 3966 ne
1775 3910 1980 3968 faceret
2005 3930 2162 3972 vere-

561 4001 814 4057 cundiam
842 4001 1039 4055 nudata
1068 4015 1196 4070 pars
1223 4015 1511 4069 corporum
1540 4019 1553 4055 :
1587 4012 1642 4055 at
1678 4004 1730 4056 in
1762 4015 1915 4072 parte
1942 4006 2047 4062 alia
2079 4009 2158 4063 vi-

561 4093 724 4148 deres
776 4092 896 4148 sine
946 4094 1375 4163 interrogatione
1428 4105 1655 4150 vexatos
1698 4105 1752 4152 et
1793 4112 1889 4154 sua
1931 4101 2161 4157 crimina

563 4188 909 4240 confitentes.
942 4186 1172 4240 Nomina
1197 4188 1358 4242 etiam
1387 4187 1534 4241 nullo
1564 4188 1934 4261 interrogante
1963 4194 2164 4262 prode-

560 4280 697 4332 bant
740 4297 754 4332 :
808 4278 901 4333 ille
948 4293 1010 4333 se
1063 4276 1284 4344 Jovem,
1339 4279 1442 4334 iste
1492 4278 1817 4337 Mercurium
1870 4283 2160 4342 fatebatur.

560 4370 849 4425 Postremo
878 4379 1106 4426 cunctos
1135 4370 1338 4426 diaboli
1369 4371 1650 4428 ministros
1677 4390 1800 4430 cum
1826 4377 1942 4447 ipso
1966 4394 2163 4437 cerne-

560 4476 655 4517 res
690 4472 910 4517 auctore
940 4461 1203 4527 cruciari;
1238 4462 1429 4531 utjam
1462 4464 1514 4518 in
1557 4464 1786 4522 Martino
1818 4469 1950 4524 illud
1997 4471 2163 4526 fatea-

560 4567 685 4607 mur
716 4553 1000 4623 impletum
1033 4553 1178 4624 quod
1217 4554 1477 4626 scriptum
1522 4556 1937 4625 est:Quoniam
1985 4566 2161 4619 sancti
2189 4535 2239 4594 D

563 4649 631 4705 de
658 4652 866 4721 angelis
891 4650 1234 4721 judicabunt.

632 4743 746 4798 VII.
790 4745 994 4815 Pagum
1037 4746 1328 4815 quemdam
1359 4749 1410 4800 in
1444 4745 1721 4803 Senonico
1746 4747 1904 4804 annis
1930 4749 2160 4820 singulis

560 4836 768 4906 grando
800 4836 1072 4891 vastabat.
1106 4838 1382 4907 Compulsi
1427 4840 1691 4895 extremis
1720 4840 1879 4895 malis
1911 4841 2102 4897 incolae
2130 4859 2158 4896 a

558 4928 793 4981 Martino
820 4928 1079 4982 auxilium
1119 4940 1502 5000 poposcerunt,
1534 4932 1695 4985 missa
1722 4946 1819 5000 per
1842 4932 2159 5001 Auspicium

560 5018 965 5091 praefectorium
993 5022 1165 5076 virum
1194 5023 1330 5078 satis
1361 5023 1465 5079 lida
1497 5024 1788 5095 legatione,
1818 5025 1973 5095 cujus
2000 5043 2160 5097 agros

555 5113 871 5183 specialiter
900 5116 1116 5184 gravior
1153 5132 1313 5185 quam
1338 5128 1663 5172 caeterornm
1691 5130 2006 5174 assueverat
2034 5135 2159 5189 pro-

558 5203 696 5259 cella
736 5204 1004 5274 popularl.
1051 5206 1156 5263 Sed
1189 5208 1331 5263 facta
1368 5209 1441 5263 ibi
1488 5210 1736 5265 oratione
1779 5209 2040 5264 Martinus
2087 5213 2158 5267 ita

555 5297 865 5353 universam
892 5301 1106 5369 penitus
1136 5302 1383 5358 liberavit
1404 5305 1473 5359 ab
1500 5304 1771 5375 ingruenti
1807 5314 1960 5375 peste
1988 5308 2160 5377 regio-

556 5406 704 5455 nem,
736 5400 794 5445 ut
826 5407 920 5461 per
960 5393 1155 5463 viginti
1202 5410 1396 5460 annos,
1426 5397 1623 5463 quibus
1651 5405 1839 5466 postea
1872 5400 2071 5453 mansit
2103 5399 2157 5455 in

555 5495 810 5550 corpore,
842 5484 1167 5552 grandinem
1209 5483 1265 5536 in
1311 5484 1418 5538 illis
1464 5486 1595 5541 locis
1643 5502 1802 5541 nemo
1852 5489 2157 5557 pertulerit.

555 5571 713 5637 Quod
737 5586 806 5627 ne
828 5572 1107 5628 fortuitum
1132 5590 1253 5629 esse
1274 5585 1328 5630 et
1356 5591 1459 5630 non
1482 5578 1664 5647 potius
1689 5577 1918 5634 Martino
1946 5582 2158 5651 praesti-

555 5674 669 5717 tum
704 5675 1005 5735 putaretur,
1037 5683 1103 5722 eo
1132 5682 1273 5723 anno
1302 5684 1408 5737 quo
1432 5671 1523 5726 ille
1548 5669 1833 5727 defunctus
1855 5680 1941 5728 est
1967 5690 2155 5731 rursus

554 5752 802 5810 incubuit
831 5758 1068 5816 rediviva
1094 5760 1427 5830 tempesms:
1461 5761 1599 5819 adeo
1635 5766 1805 5822 sensit
1837 5774 1892 5822 et
1922 5766 2154 5826 mundus

2260 3272 2549 3327 Martinum
2584 3269 2823 3340 fugatus,
2851 3270 3098 3340 privatus
3127 3279 3211 3325 est
3246 3280 3520 3340 potestate
3548 3270 3856 3339 grassandi,

2261 3380 2384 3419 cum
2410 3365 2764 3420 erubesceret
2806 3364 3054 3419 minister
3074 3374 3381 3429 auctorem,
3413 3379 3512 3420 nec
3544 3365 3857 3419 ministrum

2262 3465 2454 3511 auctor
2484 3466 2723 3525 urgeret.
2762 3455 2823 3510 In
2865 3457 2987 3513 vico
3009 3467 3193 3512 autem
3244 3457 3609 3523 Ambatiensi,
3663 3458 3715 3512 id
3746 3466 3855 3525 est,

2263 3547 2491 3603 castello
2532 3547 2627 3603 illo
2658 3549 2831 3604 veteri
2864 3549 3006 3620 quod
3054 3565 3193 3605 nunc
3235 3548 3492 3621 frequens
3526 3552 3799 3607 habitatur
3825 3567 3857 3607 a

2263 3643 2547 3711 fratribus,
2584 3642 2810 3699 idolium
2841 3645 3118 3699 noveratis
3145 3646 3335 3716 grandi
3375 3661 3543 3716 opere
3570 3657 3860 3702 construc-

2266 3746 2398 3791 tum.
2421 3736 2767 3791 Politissimis
2793 3739 2942 3792 saxis
2966 3737 3137 3793 moles
3158 3739 3348 3793 turrita
3370 3748 3708 3804 surrexerat,
3732 3755 3861 3805 qua:

2264 3830 2319 3885 in
2369 3845 2570 3886 conum
2617 3829 2851 3885 sublime
2900 3830 3208 3901 procedens
3252 3832 3697 3903 superstitionem
3753 3832 3860 3888 loci

2264 3922 2447 3993 operis
2470 3923 2740 3991 dignitate
2767 3923 3040 3978 servabat.
3070 3924 3240 3993 Hujus
3261 3924 3692 3980 destructionem
3720 3925 3863 3979 Mar-

2265 4015 2440 4081 cello,
2500 4014 2702 4069 ibidem
2749 4015 3072 4071 consistenti
3125 4017 3490 4089 presbytero,
3542 4018 3626 4072 vir
3663 4018 3860 4073 beatus

2265 4121 2415 4175 saepe
2437 4105 2808 4161 mandaverat.
2835 4107 2960 4162 Post
2982 4108 3316 4178 aliquantum
3342 4117 3554 4178 tempus
3580 4124 3860 4178 regressus

2265 4198 2515 4270 increpat
2550 4200 2927 4272 presbyterum
2956 4242 2971 4266 ,
3021 4216 3116 4255 cur
3163 4200 3340 4256 adhuc
3386 4201 3539 4255 idolii
3584 4210 3860 4257 structura

2266 4294 2617 4349 consisteret.
2667 4294 2764 4349 llle
2803 4303 3091 4361 causatus,
3121 4295 3212 4349 vix
3265 4296 3491 4350 militari
3538 4310 3698 4350 manu
3725 4304 3780 4350 et
3807 4297 3859 4350 vi

2267 4386 2499 4455 publica:
2529 4385 2893 4441 multitudinis
2927 4394 3130 4441 tantam
3164 4386 3363 4441 molem
3400 4401 3559 4456 posse
3589 4386 3858 4452 subverti,

2270 4478 2467 4533 nedum
2516 4478 2569 4533 id
2607 4478 2768 4533 facile
2800 4488 3017 4548 putaret
3049 4493 3145 4548 per
3176 4478 3477 4534 imbecilles
3507 4478 3738 4534 clericos
3767 4487 3861 4533 aut

2267 4574 2512 4628 inlirmos
2560 4573 2863 4628 monachos
2890 4574 3141 4643 quivisse
3167 4573 3369 4627 curari.
3415 4571 3553 4626 Tum
3595 4570 3860 4627 Martinus

2266 4676 2558 4718 recurrens
2587 4661 2653 4716 ad
2695 4670 2823 4717 nota
2868 4662 3139 4729 subsidia,
3168 4672 3387 4718 noctem
3425 4672 3590 4717 totam
3635 4664 3687 4717 in
3734 4678 3861 4717 ora-

2264 4756 2417 4812 tione
2462 4757 2791 4828 pervigilat:
2825 4773 2985 4812 mane
3025 4766 3143 4812 orta
3193 4765 3490 4822 tempestas
3520 4755 3693 4811 aedem
3730 4756 3860 4812 idoli

2263 4865 2437 4921 usque
2467 4849 2535 4904 ad
2567 4849 2978 4905 fundamentum
3014 4851 3308 4922 provolvit.
3334 4851 3535 4907 Verum
3568 4850 3685 4907 haec
3716 4851 3862 4906 Mar-

2262 4941 2405 4998 cello
2433 4950 2574 4996 teste
2594 4940 2740 4995 dicta
2763 4943 2893 4995 sint.

2335 5031 2424 5087 ΙΧ.
2468 5032 2642 5088 Aliam
2692 5035 2809 5102 ejus
2850 5049 2958 5089 non
3006 5034 3326 5090 dissimilem
3378 5037 3429 5091 in
3481 5037 3647 5101 simili
3695 5052 3863 5109 opere

2263 5128 2519 5181 virtutem
2570 5125 2875 5196 Refrigerio
2930 5127 3259 5197 astipulante
3308 5128 3590 5198 perbibeo.
3638 5127 3864 5184 Colum—

2263 5235 2389 5274 nam
2442 5220 2720 5274 immensae
2763 5219 2945 5285 molis,
2978 5221 3064 5274 cui
3112 5219 3316 5274 idolum
3358 5222 3725 5291 superstabat,
3759 5237 3863 5291 pa-

2263 5312 2420 5366 rabat
2446 5320 2691 5367 evertere
2718 5330 2732 5366 :
2763 5311 2857 5367 sed
2887 5312 3036 5367 nulla
3066 5322 3186 5369 erat
3217 5315 3446 5371 facultas
3476 5331 3577 5384 qua
3608 5316 3659 5371 id
3699 5316 3869 5371 dare-

2263 5410 2355 5457 tur
2381 5403 2635 5467 ell‘ectni;
2684 5411 2796 5457 tum
2840 5402 2906 5457 ad
2938 5404 3245 5459 orationem
3277 5420 3376 5461 suo
3408 5421 3561 5461 more
3586 5407 3871 5462 converti-

2262 5502 2370 5549 tur.
2396 5494 2579 5550 Visam
2602 5504 2808 5549 certnm
2841 5506 2927 5551 est
2953 5497 3179 5567 parilem
3216 5499 3620 5568 quodammodo
3648 5500 3869 5556 colum-

2261 5600 2385 5641 nam
2419 5603 2577 5642 rnere
2599 5587 2667 5642 de
2692 5588 2856 5655 caelo,
2888 5605 3008 5655 qua:
3038 5590 3268 5657 impacta
3333 5591 3481 5647 idolo
3513 5602 3678 5647 totam
3713 5593 3865 5649 illam

2259 5678 2733 5757 inexpugnabilem
2779 5680 2975 5735 molem
3027 5680 3189 5736 solvit
3220 5684 3272 5737 in
3322 5683 3602 5753 pulverem
3632 5701 3644 5739 :
3672 5702 3863 5756 parum

2259 5766 2490 5843 Scilicet,
2521 5774 2565 5830 si
2597 5774 2941 5831 invisibiliter
2970 5774 3093 5832 cmli
3126 5776 3416 5835 virtutibus
3448 5788 3715 5846 uteretur,
3753 5781 3865 5838 nisi
