4172 6182
449 216 556 272 217

1884 210 2225 271 DIALOGUS
2262 214 2353 271 III.

3634 217 3742 275 218

443 332 580 402 ipsae
622 329 857 385 virtutes
903 328 1191 384 visibiliter
1240 328 1449 384 servire
1504 327 1735 383 Martino
1792 327 2044 384 humanis
2071 324 2269 395 Arat,
2318 330 2567 386 tribunos
2606 344 2817 385 summa
2852 339 3120 399 potestate
3164 339 3405 385 armatos
3440 329 3507 384 ad
3550 329 3746 400 llispa-

443 426 611 479 etiam
658 423 832 477 oculis
877 429 1255 477 cernerentur.
1308 420 1455 476 Idem
1499 432 1680 475 autem
1714 420 2045 491 Refrigerius

447 517 582 573 mihi
611 518 763 571 testis
810 525 896 571 est
916 557 933 581 ,
962 515 1247 571 mulierem
1280 514 1546 584 profluvio
1590 515 1869 585 sanguinis
1899 514 2048 569 labo-

446 620 685 675 rantem,
717 624 839 663 cum
870 608 1084 662 Martini
1112 618 1319 662 vestem
1350 607 1608 676 exemplo
1635 605 1879 659 mulieris
1900 605 2046 659 illius

447 702 788 771 Evangelicm
806 702 1147 772 contigisset,
1174 702 1275 757 sub
1294 710 1572 755 momento
1595 700 1857 769 temporis
1883 698 2046 753 fuisse

447 806 710 852 sanatam.
744 796 983 866 Serpens
1032 794 1234 849 flumen
1275 794 1515 859 secabat,
1560 800 1618 846 et
1662 793 1794 861 ripae
1843 793 1896 847 in
1942 807 2044 861 qua

446 891 899 951 constiteramus,
934 886 1267 940 adnatabat:
1303 885 1359 939 In
1411 885 1629 939 nomine
1652 926 1665 949 ,
1696 884 1903 951 inquit,
1934 882 2043 937 Do-

446 980 574 1035 mini
594 980 764 1048 jubeo
798 989 850 1033 te
883 978 1083 1034 redire.
1114 977 1232 1031 Mox
1260 992 1319 1032 se
1350 978 1492 1031 mala
1522 976 1695 1031 bestia
1728 976 1795 1030 ad
1821 976 2042 1030 verbum

445 1073 895 1139 Sanetiretorsit,
918 1073 1048 1129 etin
1078 1073 1396 1127 ulteriorem
1429 1070 1602 1141 ripam
1633 1070 1790 1126 nobis
1820 1084 2043 1137 exspec-

444 1168 678 1223 tantibus
706 1168 1085 1223 transmeavit.
1109 1167 1264 1233 Quod
1292 1181 1413 1221 cum
1445 1180 1635 1220 omnes
1657 1180 1763 1219 non
1787 1165 1907 1219 sine
1936 1164 2042 1217 mi-

442 1262 626 1318 raculo
652 1277 1008 1317 cerneremus
1029 1305 1043 1327 ,
1074 1262 1238 1316 altius
1271 1259 1637 1329 ingemiscens
1666 1260 1771 1326 ait,
1807 1258 2041 1328 Serpen-

442 1366 527 1414 tes
557 1373 645 1412 me
678 1356 929 1423 audiunt,
955 1367 1007 1411 et
1036 1357 1289 1411 homines
1316 1371 1423 1410 non
1448 1354 1698 1410 audiunt.

514 1450 579 1505 X.
623 1449 834 1505 Piscem
859 1450 1083 1505 Pascha:
1110 1449 1306 1503 diebus
1334 1448 1501 1503 edere
1525 1458 1842 1513 consuetus,
1877 1447 2040 1517 paulo

439 1551 565 1598 ante
595 1542 785 1597 horam
816 1542 1134 1597 refectionis
1166 1542 1510 1611 interrogat,
1560 1556 1627 1595 an
1661 1540 1955 1596 haberetur
1986 1541 2038 1594 in

438 1643 716 1703 promptu.
745 1634 881 1689 Tum
922 1633 1057 1688 Cato
1086 1632 1348 1687 diaconus
1372 1674 1387 1697 ,
1419 1632 1486 1686 ad
1527 1647 1687 1701 quem
1722 1630 2037 1686 monasterii

2151 422 2271 477 nias
2299 423 2537 491 mittere,
2562 426 2652 495 qui
2678 424 2964 481 haereticos
2987 425 3324 495 inquirerent
3354 443 3367 479 :
3392 422 3746 493 deprehensis

2152 514 2312 568 vitam
2346 524 2401 570 et
2432 516 2573 570 bona
2618 516 2947 572 adimerent.
2998 516 3109 572 Nec
3154 517 3378 572 dubium
3424 524 3580 582 erat,
3614 516 3742 586 quin

2148 619 2462 663 sanctorum
2508 610 2670 663 etiam
2714 611 3005 664 maximam
3054 610 3266 665 turbam
3313 618 3606 679 tempestas
3644 608 3745 662 ista

2148 701 2477 772 depopulata
2528 714 2698 771 esset,
2731 720 2904 774 parvo
2936 704 3254 761 discrimine
3287 706 3431 760 inter
3462 704 3744 781 hominum

2148 810 2379 865 genera;
2413 797 2619 851 etenim
2651 807 2761 851 tum
2809 798 2945 853 solis
2972 800 3147 853 oculis
3187 798 3534 869 indicabatur
3556 837 3571 862 ,
3620 812 3744 851 cum

2108 955 2115 962 _
2147 888 2267 957 quis
2294 888 2506 957 pallore
2535 890 2716 958 potius
2742 898 2838 943 aut
2886 902 3037 945 veste
3061 932 3075 957 ,
3117 906 3281 961 quam
3316 890 3420 945 fide
3454 888 3744 944 haereticus

2148 980 2533 1034 aestimaretur.
2594 980 2720 1035 llaec
2777 996 3119 1051 nequaquam
3182 982 3443 1051 placitura
3512 979 3744 1035 Martino

2146 1070 2389 1141 episcopi
2420 1072 2768 1126 sentiebant:
2802 1074 2898 1128 sed
2928 1074 3070 1129 male
3100 1074 3334 1129 consciis
3366 1075 3454 1129 illa
3488 1074 3570 1129 vel
3618 1090 3741 1129 mo-

2147 1163 2433 1219 lestissima
2460 1176 2579 1221 erat
2619 1182 2773 1233 cura,
2817 1182 2886 1222 ne
2932 1183 2991 1222 se
3037 1168 3105 1222 ab
3134 1183 3324 1224 eorum
3355 1170 3743 1225 communione

2144 1258 2443 1313 adveniens
2473 1259 2815 1328 abstineret,
2866 1276 2974 1317 non
3014 1261 3283 1317 defuturis
3326 1264 3414 1333 qui
3465 1265 3595 1317 tanti
3640 1264 3740 1318 viri

2144 1351 2511 1405 constantiam
2595 1353 2879 1421 prasmissa
2957 1354 3285 1409 auctoritate
3353 1363 3739 1423 sequerentur.

2144 1442 2338 1498 Ineunt
2365 1460 2490 1499 cum
2522 1444 2850 1514 imperatore
2878 1446 3189 1511 consilium,
3224 1454 3282 1500 ut
3308 1445 3491 1501 missis
3522 1446 3737 1501 obviam

2142 1535 2382 1605 Magistri
2417 1535 2758 1592 ofﬁcialibus
2788 1538 2981 1593 urbem
3026 1538 3171 1593 illam
3207 1539 3433 1609 propius
3460 1549 3741 1594 vetaretur

2141 1628 2425 1693 accedere,
2459 1630 2561 1683 nisi
2592 1645 2651 1685 se
2691 1646 2814 1684 cum
2862 1647 2997 1700 pace
3025 1632 3411 1702 episcoporum
3453 1632 3530 1687 ibi
3558 1632 3743 1687 consi-

438 1726 843 1781 administratio
884 1726 1212 1796 pertinebat,
1245 1728 1439 1781 doctus
1472 1726 1588 1794 ipse
1617 1726 1835 1794 piscari,
1876 1735 2033 1793 negat
2065 1714 2115 1775 Β
2142 1722 2398 1781 alentium
2429 1721 2620 1779 adfore
2664 1725 2947 1779 fateretur.
2979 1726 3129 1794 Quos
3160 1726 3249 1782 ille
3275 1726 3476 1783 callide
3510 1726 3743 1783 frustra-

437 1835 537 1890 per
565 1829 742 1874 totum
768 1821 911 1875 diem
957 1820 1059 1874 sibi
1093 1820 1255 1874 ullam
1300 1819 1531 1874 cessisse
1573 1827 1893 1887 eapturam;
1940 1818 2036 1873 sed

436 1928 614 1983 neque
643 1914 784 1967 alios
834 1913 1157 1982 piscatores,
1190 1914 1282 1982 qui
1317 1912 1556 1968 vendere
1587 1912 1858 1977 solebant,
1881 1910 2035 1982 qnid-

436 2020 597 2075 quam
641 2019 803 2075 agere
850 2005 1110 2075 quivisse.
1165 2004 1351 2069 Vade,
1400 2004 1613 2073 inquit,
1668 2003 1825 2057 mitte
1866 2002 2035 2056 linum

436 2105 630 2151 tuum:
661 2105 885 2165 captura
914 2097 1221 2166 proveniet.
1253 2095 1519 2166 Contigua
1554 2095 1785 2161 flumini,
1827 2105 1886 2149 ut
1913 2094 2037 2150 Sul-

436 2188 610 2259 picins
651 2190 751 2243 iste
780 2188 1108 2258 descripsit,
1159 2189 1495 2245 habebamus
1528 2188 1873 2243 habitacula:
1909 2202 2038 2257 pro-

434 2284 704 2339 cessimus
730 2286 935 2346 cuncti,
984 2292 1171 2353 utpote
1205 2283 1414 2338 feriatis
1448 2283 1675 2344 diebus,
1708 2282 1897 2337 videre
1926 2282 2036 2351 pis-

431 2384 686 2443 cantem,
740 2376 986 2430 omnium
1037 2376 1241 2445 spebus
1290 2376 1549 2440 intentis,
1600 2390 1705 2429 non
1758 2376 2031 2430 incassum

432 2469 613 2524 futura
658 2471 1004 2535 tentamina,
1054 2470 1255 2540 quibus
1304 2470 1470 2540 piscis
1526 2470 1759 2525 Martino
1809 2478 2035 2525 auctore

432 2562 648 2617 Martini
700 2562 892 2618 usibus
943 2574 1302 2634 quaereretur.
1333 2564 1415 2619 Ad
1463 2565 1693 2632 primum
1739 2564 1943 2632 jactum
1980 2564 2032 2617 in

433 2668 548 2714 rete
571 2658 886 2727 permodico
918 2661 1208 2713 immanem
1232 2673 1449 2713 esocem
1474 2658 1746 2711 diaconus
1774 2656 2030 2723 extraxit,

433 2760 492 2807 et
538 2751 603 2805 ad
646 2751 1039 2806 monasterium
1090 2752 1248 2806 lmtus
1298 2764 1621 2813 accnrrens,
1670 2749 1923 2803 nimirum
1976 2757 2033 2803 ut

433 2848 567 2903 dixit
599 2861 754 2918 poeta
780 2849 970 2903 nescio
990 2848 1110 2917 quis
1134 2848 1363 2909 (utimur
1390 2847 1535 2902 enim
1566 2860 1725 2899 versu
1748 2844 2032 2899 scholasti-

436 2955 520 3007 co,
551 2942 674 3011 quia
699 2942 842 2995 inter
868 2939 1226 2995 scholasticos
1249 2939 1577 3008 fabulamur)
1609 2956 1622 2991 :

586 3076 936 3139 Captivumque
958 3089 1098 3125 suem
1119 3076 1404 3125 mirantibus
1426 3075 1587 3125 intulit
1607 3052 1774 3135 Argis.

512 3200 666 3267 Vere,
690 3200 794 3256 iste
816 3201 1015 3254 Chri5ti
1042 3200 1365 3269 discipulus,
1390 3210 1663 3271 gestarum
1692 3220 1717 3253 a
1745 3184 2029 3257 Salvatore

432 3296 729 3359 virtutum,
775 3308 911 3363 quas
959 3293 1015 3346 in
1062 3293 1375 3362 exemplum
1411 3293 1617 3347 sanetis
1662 3293 1779 3349 suis
1810 3293 2028 3360 edidit,

433 3387 720 3441 :emulator
746 3427 760 3449 ,
791 3386 1066 3439 Christum
1100 3387 1154 3440 in
1205 3401 1264 3441 se
1298 3387 1637 3440 monstrabat
1665 3398 1986 3455 operantem
2014 3427 2028 3451 ,

432 3479 529 3548 qui
578 3489 822 3532 sanctum
855 3493 1006 3532 suum
1051 3494 1435 3548 usquequaque
1466 3479 1779 3547 glorificans
1803 3521 1818 3546 ,
1854 3479 2032 3533 diver-

434 3584 619 3625 sarum
650 3585 873 3625 munera
902 3572 1201 3641 gratiarum
1233 3573 1286 3625 in
1333 3588 1500 3625 unutn
1546 3571 1820 3625 hominem
1848 3571 2031 3625 confe-

429 3664 604 3719 rebat.
660 3664 915 3719 Testatur
959 3665 1227 3719 Arborius
1272 3680 1340 3720 ex
1375 3665 1668 3735 praefecto,
1727 3664 1926 3719 vidisse
1969 3679 2030 3720 se

430 3755 646 3812 Martini
674 3774 896 3812 manum
926 3759 1253 3813 sacrificium
1283 3759 1591 3822 offerentis,
1612 3759 1864 3812 vestitam
1894 3773 2027 3827 quo-

431 3849 723 3905 dammodo
754 3850 1110 3905 nobilissimis
1139 3852 1398 3920 gemmis,
1442 3849 1566 3904 luce
1598 3854 1799 3904 micare
1828 3865 2030 3918 purpu-

430 3957 544 4007 rea,
572 3952 628 3997 et
655 3944 722 3999 ad
753 3954 961 3999 motum
985 3945 1191 4000 dextrae
1214 3944 1536 4001 collisarum
1570 3944 1715 4000 inter
1753 3958 1815 3999 se
1846 3945 2027 4015 frago-

431 4053 548 4094 rem
576 4038 795 4093 audisse
823 4054 1187 4109 gemmarum.

503 4132 595 4187 XI.
639 4132 869 4188 Veniam
913 4133 979 4187 ad
1024 4133 1153 4187 illud
1194 4133 1339 4203 quod
1392 4142 1614 4203 propter
1661 4142 1841 4187 notam
1894 4142 2029 4186 tem-

431 4241 625 4297 porum
674 4242 893 4297 semper
962 4228 1296 4293 occultavit;
1367 4228 1463 4282 sed
1520 4243 1620 4282 nos
1688 4230 1867 4283 celare
1921 4242 2027 4281 non

430 4321 647 4390 potuit:
680 4322 733 4375 in
768 4337 877 4391 quo
910 4322 1041 4376 illud
1087 4333 1170 4377 est
1204 4323 1473 4390 miraculi,
1506 4324 1648 4392 quod
1680 4322 1813 4378 facie
1852 4322 1918 4377 ad
1950 4324 2027 4376 fa-

432 4416 572 4469 ciem
603 4429 725 4468 cum
757 4429 825 4469 eo
861 4424 944 4469 est
985 4416 1210 4485 angelus
1256 4416 1585 4471 collocutus.
1628 4415 1894 4470 Maximus
1925 4416 2026 4468 im-

434 4518 674 4576 perator,
708 4507 843 4561 alias
874 4522 1005 4563 sane
1036 4510 1235 4568 bonus.
1281 4508 1611 4578 depravatus
1654 4509 1901 4563 consiliis
1943 4522 2027 4563 sa-
2054 4493 2110 4553 Ῑ)

436 4599 736 4661 cerdotum.
770 4607 891 4668 post
920 4600 1249 4655 Priscilliani
1300 4616 1491 4655 necem
1520 4600 1785 4656 lthacium
1819 4602 2030 4670 episco—

436 4704 561 4759 pum
591 4691 916 4745 PriSt-ifliani
965 4704 1345 4747 accusatorem
1392 4702 1729 4763 cwterosque
1759 4693 1902 4747 illius
1943 4707 2032 4746 so-

435 4784 550 4837 cios
572 4826 586 4847 ,
618 4800 754 4853 quos
779 4784 1048 4839 nominari
1094 4800 1201 4839 non
1248 4796 1333 4841 est
1360 4800 1607 4853 necesse,
1643 4785 1699 4839 vi
1739 4787 1882 4854 regia
1918 4796 2032 4840 lue-

436 4874 617 4943 batur,
652 4894 720 4930 ne
766 4878 888 4946 quis
918 4877 967 4932 ei
1013 4878 1226 4932 crimini
1257 4879 1432 4945 daret,
1458 4895 1622 4946 opera
1659 4879 1802 4933 illius
1844 4880 2029 4945 cujus-

436 4970 815 5039 cumquemodi
878 4970 1155 5025 hominem
1210 4971 1379 5027 fuisse
1428 4973 1763 5025 damnatum.
1817 4972 2026 5026 Interea

438 5060 701 5115 Martinus
732 5063 912 5117 multis
942 5063 1309 5133 gravibusque
1353 5064 1717 5117 laborantium
1744 5066 1923 5117 causis
1963 5063 2030 5117 ad

436 5157 754 5211 comitatum
802 5157 885 5212 ire
915 5159 1252 5226 compulsus,
1302 5159 1597 5227 procellam
1648 5157 1817 5227 ipsam
1866 5157 2031 5211 totius

439 5251 778 5318 tempestatis
845 5250 1089 5305 incurrit.
1154 5250 1477 5320 Congrcgati
1548 5250 1691 5319 apud
1760 5249 2031 5305 Treveros

437 5343 679 5411 episc0pi
727 5342 1093 5409 tenebantur,
1140 5345 1234 5413 qui
1276 5342 1517 5413 quotidie
1564 5344 2034 5399 communicantes

435 5432 636 5489 Ithacio
683 5450 1026 5491 communem
1075 5436 1176 5490 sibi
1212 5451 1432 5491 causam
1483 5438 1750 5491 fecerant.
1800 5436 1894 5492 His
1944 5439 2032 5492 ubi

438 5531 742 5583 nuntiatum
774 5540 858 5583 est
890 5530 1299 5597 inapinantihus
1328 5530 1521 5584 adesse
1558 5531 1869 5599 Martinum,
1908 5532 2035 5587 t0tis

438 5623 630 5677 animis
660 5622 912 5678 labefacti
937 5625 1229 5679 mussitare
1252 5634 1304 5678 et
1329 5623 1605 5693 trepidare
1633 5635 1939 5694 cmperunt.
1966 5625 2034 5679 Et

435 5714 542 5785 iam
583 5718 755 5789 pridie
785 5712 1081 5790 imperator
1124 5732 1188 5776 ex
1238 5734 1426 5777 eorum
1458 5720 1729 5777 sententia
1773 5720 2034 5778 decreve-

2142 1825 2229 1869 tus
2260 1816 2546 1885 profitetur
2572 1857 2586 1881 ,
2629 1832 2688 1871 se
2727 1832 2851 1872 cum
2882 1833 3014 1887 pace
3041 1818 3245 1874 Christi
3272 1834 3394 1875 esse
3425 1828 3734 1875 venturum.

2141 1908 2427 1964 Postremo
2457 1910 2739 1979 ingressus
2783 1919 3053 1966 nocturno
3084 1921 3327 1982 tempore
3352 1953 3367 1979 ,
3403 1912 3540 1967 adiit
3564 1912 3742 1968 eccle-

2140 2004 2275 2058 siam
2298 2012 2505 2057 tantum
2539 2002 2804 2057 orationis
2829 2004 3003 2073 gratia
3031 2023 3045 2059 :
3073 2004 3336 2073 postridie
3360 2004 3619 2075 palatium
3647 2019 3740 2073 pe-

2142 2094 2224 2149 tit.
2258 2095 2462 2150 Prteter
2489 2096 2691 2150 multas
2717 2138 2732 2163 ,
2775 2112 2911 2166 quas
2940 2098 3199 2153 evolvere
3244 2099 3459 2167 longum
3490 2108 3607 2167 est,
3641 2100 3739 2155 has

2140 2186 2471 2256 principales
2500 2188 2793 2256 petitiones
2822 2188 3059 2245 habebat
3089 2209 3101 2242 :
3134 2206 3230 2260 pro
3261 2190 3489 2245 Narsete
3512 2192 3732 2256 comite,

2138 2287 2189 2333 et
2236 2278 2513 2334 Leucadio
2544 2280 2779 2349 praeside
2804 2323 2817 2346 ,
2851 2297 3082 2352 quorum
3128 2283 3291 2337 ambo
3322 2282 3569 2338 Gratiani
3613 2299 3738 2352 par-

2140 2371 2271 2424 tinm
2315 2370 2563 2437 fuerant,
2597 2374 3050 2443 pertinacioribus
3095 2376 3289 2430 studiis
3316 2419 3329 2441 ,
3368 2392 3488 2447 quae
3520 2393 3625 2431 non
3653 2386 3737 2432 est

2138 2461 2298 2533 hujus
2330 2464 2588 2533 temporis
2620 2466 2919 2535 explicare,
2957 2468 3091 2522 iram
3126 2469 3346 2523 victoris
3370 2469 3605 2525 emeriti.
3640 2467 3737 2525 Illa

2136 2558 2409 2627 praecipua
2442 2574 2593 2623 cura,
2642 2576 2710 2615 ne
2743 2562 2941 2616 tribuni
2974 2578 3097 2617 cum
3135 2564 3255 2633 jure
3305 2564 3608 2633 gladiorum
3666 2565 3735 2620 ad

2135 2650 2425 2719 Hispanias
2473 2652 2825 2707 mitterentur
2868 2673 2881 2707 :
2932 2656 3017 2724 pia
3066 2658 3212 2711 enim
3263 2666 3379 2711 erat
3420 2656 3735 2711 Sollicitudo

2135 2744 2387 2811 Martino,
2414 2754 2471 2800 ut
2500 2762 2608 2799 non
2632 2748 2809 2801 solum
2842 2748 3183 2805 Christianos
3213 2752 3301 2819 qui
3332 2750 3433 2804 sub
3465 2750 3553 2803 illa
3579 2758 3736 2803 erant

2136 2840 2427 2894 occasione
2469 2839 2737 2905 vexandi,
2770 2841 2862 2894 sed
2898 2840 3044 2909 ipsos
3070 2842 3235 2895 etiam
3271 2842 3559 2895 haereticos
3601 2841 3735 2894 libe-

2134 2942 2300 2987 raret.
2336 2932 2536 2987 Verum
2570 2932 2744 3000 primo
2777 2934 2863 2988 die
2894 2945 3057 3003 atque
3099 2935 3276 2988 altero
3313 2933 3598 3002 suspendit
3630 2933 3731 2987 lto-

2135 3028 2337 3083 minem
2367 3026 2598 3083 callidus
2627 3027 2947 3098 imperator,
2981 3028 3095 3082 sive
3122 3038 3177 3081 ut
3206 3028 3283 3082 rei
3317 3026 3526 3094 pondus
3556 3027 3733 3097 impo-

2057 3102 2105 3165 Ο
2137 3132 2324 3189 neret,
2375 3124 2493 3178 sive
2521 3124 2651 3193 quia
2697 3121 2857 3176 nimis
2899 3122 3001 3177 sibi
3052 3120 3409 3190 implacabilis
3450 3130 3603 3185 erat,
3638 3135 3735 3175 seu

2135 3218 2282 3287 quia,
2314 3225 2374 3270 ut
2422 3216 2667 3284 plerique
2700 3226 2809 3269 tum
2841 3214 3271 3281 arbitrabantur,
3313 3214 3543 3267 avaritia
3574 3229 3735 3283 repu-

2134 3312 2333 3381 gnabat
2360 3328 2373 3364 :
2404 3311 2673 3381 siquidem
2704 3311 2756 3365 in
2791 3311 2929 3365 bona
2956 3325 3147 3365 eorum
3180 3309 3507 3364 inhiaverat.
3534 3308 3735 3363 Fertur

2134 3406 2278 3457 enim
2310 3404 2401 3458 ille
2437 3404 2518 3457 vir
2544 3403 2733 3457 multis
2764 3401 3030 3471 bonisque
3062 3399 3276 3455 actibus
3308 3400 3599 3468 prreditus,
3634 3398 3734 3452 ad-

2132 3511 2324 3550 versus
2371 3496 2653 3549 avaritiam
2702 3511 2892 3564 parum
2925 3494 3273 3549 consuluisse
3302 3509 3320 3543 ι
3350 3491 3453 3546 nisi
3503 3490 3734 3545 fortasse

2133 3586 2288 3655 regni
2349 3586 2711 3650 necessitate,
2774 3585 2973 3655 quippe
3027 3583 3295 3638 exhausto
3357 3581 3733 3651 superioribus

2134 3678 2467 3747 principibus
2494 3678 2809 3745 reipublicw
2842 3676 3059 3739 aerario,
3103 3690 3242 3743 pene
3302 3689 3522 3743 semper
3556 3673 3607 3725 in
3637 3687 3732 3725 ex-

2133 3772 2414 3841 peditione
2445 3780 2608 3840 atque
2646 3770 2925 3838 procinctu
2956 3767 3224 3821 bellorum
3255 3764 3491 3819 civilium
3524 3766 3729 3818 consti-

2133 3873 2319 3929 tutus,
2352 3864 2509 3918 facile
2548 3861 2931 3927 excusabitur,
2977 3850 3308 3929 quibuslibet
3353 3855 3731 3912 occasionibus

2132 3958 2371 4013 subsidia
2405 3957 2636 4027 imperio
2667 3956 2968 4026 paravisse.

2204 4048 2319 4102 XII.
2346 4049 2557 4103 Interea
2590 4047 2833 4116 episcopi
2858 4061 3091 4116 quorum
3122 4042 3568 4119 communionem
3590 4040 3732 4096 Mar-

2135 4144 2279 4196 tinns
2311 4157 2417 4196 non
2440 4141 2633 4207 inibat,
2659 4140 2859 4209 trepidi
2890 4139 2958 4193 ad
2990 4153 3175 4207 regem
3210 4144 3566 4199 concurrunt,
3592 4148 3733 4202 prze~

2133 4234 2419 4289 damnatos
2446 4250 2505 4288 se
2545 4239 2981 4304 conquerentes:
3013 4243 3193 4285 actum
3220 4244 3343 4283 esse
3388 4228 3456 4282 de
3487 4242 3585 4281 suo
3616 4240 3730 4279 om-

2133 4328 2281 4381 nium
2311 4334 2479 4391 statu,
2506 4326 2549 4380 si
2583 4326 2897 4396 Theognisti
2926 4323 3305 4393 pertinaciam,
3338 4318 3430 4389 qui
3464 4332 3557 4373 eos
3579 4317 3731 4370 solus

2134 4423 2310 4491 palam
2346 4424 2453 4475 lata
2490 4422 2763 4475 sententia
2792 4418 3279 4479 condemnaverat,
3311 4411 3530 4469 Martini
3553 4424 3731 4465 arma-

2134 4525 2217 4568 ret
2246 4514 2581 4569 auctoritas:
2616 4527 2725 4566 non
2757 4513 3069 4580 Oportuisse
3101 4508 3375 4562 hominem
3395 4505 3563 4574 recipi
3596 4518 3732 4559 moe-

2134 4606 2294 4660 nibus
2316 4648 2328 4671 ,
2354 4605 2506 4659 illum
2531 4605 2644 4674 jam
2674 4620 2779 4657 non
2807 4603 3153 4658 defensorem
3176 4601 3557 4654 haereticorum
3583 4611 3729 4655 esse.

2134 4700 2229 4756 sed
2252 4700 2519 4755 vindicem
2548 4719 2561 4753 :
2584 4699 2717 4754 nihil
2745 4708 2923 4753 actum
2950 4705 3125 4751 morte
3148 4693 3496 4758 Priscilliani,
3523 4691 3566 4744 si
3590 4690 3732 4744 Mar-

2134 4794 2286 4848 tinus
2316 4802 2572 4849 exerceat
2624 4793 2771 4847 iflius
2804 4792 3086 4845 ultionem.
3140 4789 3422 4843 Postremo
3470 4783 3730 4854 prostrati

2134 4901 2256 4941 cum
2288 4886 2418 4941 ﬂetu
2448 4896 2501 4940 et
2531 4886 2921 4940 lamentatione
2952 4890 3275 4953 potestatem
3308 4879 3511 4948 regiam
3537 4876 3732 4945 implo-

2136 4988 2280 5043 rant,
2314 4991 2369 5033 ut
2402 4989 2584 5032 utatur
2612 4979 2873 5033 adversus
2906 4992 3071 5030 unum
3097 4975 3374 5029 hominem
3408 4972 3457 5024 vi
3481 4986 3597 5025 sua.
3622 4967 3732 5023 Nec

2136 5075 2366 5128 multum
2397 5074 2605 5137 aberat,
2638 5073 2763 5141 quin
2796 5082 3088 5140 cogeretur
3119 5069 3415 5138 imperator
3442 5065 3728 5119 Martinum

2136 5180 2258 5221 cum
2314 5161 2692 5217 haereticorum
2740 5170 2892 5215 sorte
2940 5159 3195 5213 miscere.
3255 5156 3362 5211 Sed
3413 5157 3542 5219 ille,
3603 5153 3733 5207 licet

2134 5258 2410 5328 episcopis
2465 5257 2632 5311 nimio
2677 5254 2861 5309 favore
2909 5263 3056 5309 esset
3095 5252 3411 5317 obnoxius,
3465 5264 3570 5303 non
3617 5255 3733 5301 erat

2136 5354 2378 5417 nescius,
2412 5350 2698 5406 Martinum
2726 5350 2851 5411 fide.
2892 5350 3182 5403 sanctitate
3211 5358 3268 5402 et
3296 5347 3495 5399 virtute
3523 5340 3732 5397 cunctis

2138 5454 2401 5517 praestare
2432 5444 2753 5499 mortalibus
2779 5462 2790 5495 :
2820 5442 2924 5497 alia
2955 5444 3110 5512 longe
3134 5443 3217 5495 via
3240 5447 3485 5494 sanctum
3514 5435 3731 5488 vincere

2139 5548 2291 5608 parat
2319 5554 2413 5592 :ac
2442 5538 2616 5605 primo
2643 5546 2857 5591 secreto
2884 5538 3205 5590 accersitum
3234 5530 3433 5586 blande
3463 5528 3728 5599 appellat:

2138 5628 2425 5684 hmreticos
2465 5628 2588 5697 jure
2616 5628 2907 5683 damnatos
2938 5641 3091 5681 more
3126 5623 3450 5694 judiciornm
3485 5620 3731 5690 publico-

2138 5735 2257 5778 rum
2288 5723 2463 5794 potius
2500 5736 2663 5793 quam
2714 5718 3171 5777 insectationibus
3206 5712 3590 5784 sacerdotum;
3624 5724 3733 5773 non
