  <div class='ocr_page' id='page_1' title='image "/cluster/home/n/w/nwhite01/storage/ocr_20150623/20/hvd.32044096580469/115.png"; bbox 0 0 4270 6176; ppageno 0'>
   <div class='ocr_carea' id='block_1_1' title="bbox 449 177 557 233">
    <p class='ocr_par' dir='ltr' id='par_1_1' title="bbox 449 177 557 233">
     <span class='ocr_line' id='line_1_1' title="bbox 449 177 557 233; baseline 0.019 -2"><span class='ocrx_word' id='word_1_1' title='bbox 449 177 557 233; x_wconf 68' lang='grc'><strong>919</strong></span> 
     </span>
    </p>
   </div>
   <div class='ocr_carea' id='block_1_2' title="bbox 1797 173 2383 234">
    <p class='ocr_par' dir='ltr' id='par_1_2' title="bbox 1797 173 2383 234">
     <span class='ocr_line' id='line_1_2' title="bbox 1797 173 2383 234; baseline -0.007 -2"><span class='ocrx_word' id='word_1_2' title='bbox 1797 173 2091 233; x_wconf 73' lang='grc' dir='ltr'><strong>δυιΡιειι</strong></span> <span class='ocrx_word' id='word_1_3' title='bbox 2129 174 2383 234; x_wconf 79' lang='lat' dir='ltr'><strong>SEVERI</strong></span> 
     </span>
    </p>
   </div>
   <div class='ocr_carea' id='block_1_3' title="bbox 3641 179 3752 237">
    <p class='ocr_par' dir='ltr' id='par_1_3' title="bbox 3641 179 3752 237">
     <span class='ocr_line' id='line_1_3' title="bbox 3641 179 3752 237; baseline 0.018 -2"><span class='ocrx_word' id='word_1_4' title='bbox 3641 179 3752 237; x_wconf 72' lang='grc'><strong>220</strong></span> 
     </span>
    </p>
   </div>
   <div class='ocr_carea' id='block_1_4' title="bbox 448 286 3751 361">
    <p class='ocr_par' dir='ltr' id='par_1_4' title="bbox 448 286 3751 361">
     <span class='ocr_line' id='line_1_4' title="bbox 448 286 3751 361; baseline 0.003 -20"><span class='ocrx_word' id='word_1_5' title='bbox 448 304 570 344; x_wconf 69' lang='lat' dir='ltr'><strong>csse</strong></span> <span class='ocrx_word' id='word_1_6' title='bbox 611 302 829 345; x_wconf 77' lang='lat' dir='ltr'><strong>causam</strong></span> <span class='ocrx_word' id='word_1_7' title='bbox 854 330 868 354; x_wconf 94' lang='lat'><strong>,</strong></span> <span class='ocrx_word' id='word_1_8' title='bbox 896 306 1001 361; x_wconf 88' lang='lat' dir='ltr'><strong>qua</strong></span> <span class='ocrx_word' id='word_1_9' title='bbox 1030 289 1217 345; x_wconf 82' lang='lat' dir='ltr'><strong>Itbacii</strong></span> <span class='ocrx_word' id='word_1_10' title='bbox 1262 299 1697 357; x_wconf 54' lang='lat' dir='ltr'><strong>ceterorumque</strong></span> <span class='ocrx_word' id='word_1_11' title='bbox 1726 289 1896 358; x_wconf 89' lang='lat' dir='ltr'><strong>partis</strong></span> <span class='ocrx_word' id='word_1_12' title='bbox 1927 286 2047 356; x_wconf 82' lang='lat' dir='ltr'><strong>ejus</strong></span> <span class='ocrx_word' id='word_1_13' title='bbox 2072 290 2125 351; x_wconf 79' lang='grc' dir='ltr'><strong>Δ</strong></span> <span class='ocrx_word' id='word_1_14' title='bbox 2152 302 2275 343; x_wconf 83' lang='lat' dir='ltr'><strong>nam</strong></span> <span class='ocrx_word' id='word_1_15' title='bbox 2319 289 2510 357; x_wconf 90' lang='lat' dir='ltr'><strong>spiritu</strong></span> <span class='ocrx_word' id='word_1_16' title='bbox 2540 288 2810 347; x_wconf 86' lang='lat' dir='ltr'><strong>sentiebat</strong></span> <span class='ocrx_word' id='word_1_17' title='bbox 2849 289 3069 345; x_wconf 83' lang='lat' dir='ltr'><strong>domum</strong></span> <span class='ocrx_word' id='word_1_18' title='bbox 3116 291 3263 347; x_wconf 87' lang='lat' dir='ltr'><strong>illam</strong></span> <span class='ocrx_word' id='word_1_19' title='bbox 3308 291 3495 348; x_wconf 88' lang='lat' dir='ltr'><strong>divino</strong></span> <span class='ocrx_word' id='word_1_20' title='bbox 3526 295 3751 351; x_wconf 84' lang='lat' dir='ltr'><strong>numine</strong></span> 
     </span>
    </p>
   </div>
   <div class='ocr_carea' id='block_1_5' title="bbox 454 379 2048 452">
    <p class='ocr_par' dir='ltr' id='par_1_5' title="bbox 454 379 2048 452">
     <span class='ocr_line' id='line_1_5' title="bbox 454 379 2048 452; baseline -0.003 -16"><span class='ocrx_word' id='word_1_21' title='bbox 454 382 895 437; x_wconf 87' lang='lat' dir='ltr'><strong>communionem</strong></span> <span class='ocrx_word' id='word_1_22' title='bbox 928 391 1141 452; x_wconf 84' lang='lat' dir='ltr'><strong>putaret</strong></span> <span class='ocrx_word' id='word_1_23' title='bbox 1182 394 1305 436; x_wconf 89' lang='lat' dir='ltr'><strong>esse</strong></span> <span class='ocrx_word' id='word_1_24' title='bbox 1327 380 1733 443; x_wconf 76' lang='lat' dir='ltr'><strong>damnandam;</strong></span> <span class='ocrx_word' id='word_1_25' title='bbox 1773 379 2048 449; x_wconf 80' lang='lat' dir='ltr'><strong>Theogni-</strong></span> 
     </span>
    </p>
   </div>
   <div class='ocr_carea' id='block_1_6' title="bbox 452 472 2045 544">
    <p class='ocr_par' dir='ltr' id='par_1_6' title="bbox 452 472 2045 544">
     <span class='ocr_line' id='line_1_6' title="bbox 452 472 2045 544; baseline -0.003 -15"><span class='ocrx_word' id='word_1_26' title='bbox 452 484 593 529; x_wconf 90' lang='lat' dir='ltr'><strong>stum</strong></span> <span class='ocrx_word' id='word_1_27' title='bbox 641 476 769 531; x_wconf 86' lang='lat' dir='ltr'><strong>odio</strong></span> <span class='ocrx_word' id='word_1_28' title='bbox 816 477 994 544; x_wconf 88' lang='lat' dir='ltr'><strong>potius</strong></span> <span class='ocrx_word' id='word_1_29' title='bbox 1041 490 1200 543; x_wconf 88' lang='lat' dir='ltr'><strong>quam</strong></span> <span class='ocrx_word' id='word_1_30' title='bbox 1252 488 1416 527; x_wconf 89' lang='lat' dir='ltr'><strong>causa</strong></span> <span class='ocrx_word' id='word_1_31' title='bbox 1473 472 1669 528; x_wconf 75' lang='lat' dir='ltr'><strong>fecisse</strong></span> <span class='ocrx_word' id='word_1_32' title='bbox 1717 473 2045 539; x_wconf 82' lang='lat' dir='ltr'><strong>discidium;</strong></span> 
     </span>
    </p>
   </div>
   <div class='ocr_carea' id='block_1_7' title="bbox 452 565 2051 637">
    <p class='ocr_par' dir='ltr' id='par_1_7' title="bbox 452 565 2051 637">
     <span class='ocr_line' id='line_1_7' title="bbox 452 565 2051 637; baseline -0.002 -15"><span class='ocrx_word' id='word_1_33' title='bbox 452 568 820 637; x_wconf 81' lang='lat' dir='ltr'><strong>eamdemque</strong></span> <span class='ocrx_word' id='word_1_34' title='bbox 847 577 1022 621; x_wconf 83' lang='lat' dir='ltr'><strong>tamen</strong></span> <span class='ocrx_word' id='word_1_35' title='bbox 1052 568 1230 621; x_wconf 89' lang='lat' dir='ltr'><strong>solum</strong></span> <span class='ocrx_word' id='word_1_36' title='bbox 1260 580 1382 620; x_wconf 68' lang='lat' dir='ltr'><strong>esse</strong></span> <span class='ocrx_word' id='word_1_37' title='bbox 1404 566 1493 635; x_wconf 92' lang='lat' dir='ltr'><strong>qui</strong></span> <span class='ocrx_word' id='word_1_38' title='bbox 1520 582 1579 621; x_wconf 91' lang='lat' dir='ltr'><strong>se</strong></span> <span class='ocrx_word' id='word_1_39' title='bbox 1609 582 1638 619; x_wconf 87' lang='lat' dir='ltr'><strong>a</strong></span> <span class='ocrx_word' id='word_1_40' title='bbox 1668 565 2051 620; x_wconf 78' lang='lat' dir='ltr'><strong>communione</strong></span> 
     </span>
    </p>
   </div>
   <div class='ocr_carea' id='block_1_8' title="bbox 455 657 2050 727">
    <p class='ocr_par' dir='ltr' id='par_1_8' title="bbox 455 657 2050 727">
     <span class='ocr_line' id='line_1_8' title="bbox 455 657 2050 727; baseline 0 -15"><span class='ocrx_word' id='word_1_41' title='bbox 455 660 674 714; x_wconf 82' lang='lat' dir='ltr'><strong>interim</strong></span> <span class='ocrx_word' id='word_1_42' title='bbox 720 658 979 725; x_wconf 75' lang='lat' dir='ltr'><strong>separarit</strong></span> <span class='ocrx_word' id='word_1_43' title='bbox 1010 698 1023 720; x_wconf 94' lang='lat'><strong>,</strong></span> <span class='ocrx_word' id='word_1_44' title='bbox 1076 673 1105 710; x_wconf 72' lang='grc' dir='ltr'><strong>ιι.</strong></span> <span class='ocrx_word' id='word_1_45' title='bbox 1148 658 1374 727; x_wconf 86' lang='lat' dir='ltr'><strong>reliquis</strong></span> <span class='ocrx_word' id='word_1_46' title='bbox 1417 658 1553 712; x_wconf 83' lang='lat' dir='ltr'><strong>nihil</strong></span> <span class='ocrx_word' id='word_1_47' title='bbox 1600 666 1887 722; x_wconf 88' lang='lat' dir='ltr'><strong>novatum;</strong></span> <span class='ocrx_word' id='word_1_48' title='bbox 1920 657 2050 726; x_wconf 89' lang='lat' dir='ltr'><strong>quin</strong></span> 
     </span>
    </p>
   </div>
   <div class='ocr_carea' id='block_1_9' title="bbox 456 749 2051 821">
    <p class='ocr_par' dir='ltr' id='par_1_9' title="bbox 456 749 2051 821">
     <span class='ocr_line' id='line_1_9' title="bbox 456 749 2051 821; baseline -0.002 -15"><span class='ocrx_word' id='word_1_49' title='bbox 456 749 619 806; x_wconf 89' lang='lat' dir='ltr'><strong>etiam</strong></span> <span class='ocrx_word' id='word_1_50' title='bbox 669 757 796 804; x_wconf 87' lang='lat' dir='ltr'><strong>aute</strong></span> <span class='ocrx_word' id='word_1_51' title='bbox 848 762 1052 819; x_wconf 87' lang='lat' dir='ltr'><strong>paucos</strong></span> <span class='ocrx_word' id='word_1_52' title='bbox 1084 749 1203 805; x_wconf 87' lang='lat' dir='ltr'><strong>dies</strong></span> <span class='ocrx_word' id='word_1_53' title='bbox 1253 750 1435 803; x_wconf 90' lang='lat' dir='ltr'><strong>habita</strong></span> <span class='ocrx_word' id='word_1_54' title='bbox 1496 749 1736 821; x_wconf 75' lang='lat' dir='ltr'><strong>synodus</strong></span> <span class='ocrx_word' id='word_1_55' title='bbox 1790 749 2051 804; x_wconf 90' lang='lat' dir='ltr'><strong>lthacium</strong></span> 
     </span>
    </p>
   </div>
   <div class='ocr_carea' id='block_1_10' title="bbox 460 842 2050 913">
    <p class='ocr_par' dir='ltr' id='par_1_10' title="bbox 460 842 2050 913">
     <span class='ocr_line' id='line_1_10' title="bbox 460 842 2050 913; baseline 0.001 -17"><span class='ocrx_word' id='word_1_56' title='bbox 460 843 902 913; x_wconf 90' lang='lat' dir='ltr'><strong>pronuntiaverat</strong></span> <span class='ocrx_word' id='word_1_57' title='bbox 947 842 1101 912; x_wconf 91' lang='lat' dir='ltr'><strong>culpa</strong></span> <span class='ocrx_word' id='word_1_58' title='bbox 1135 859 1242 900; x_wconf 84' lang='lat' dir='ltr'><strong>non</strong></span> <span class='ocrx_word' id='word_1_59' title='bbox 1283 844 1473 899; x_wconf 82' lang='lat' dir='ltr'><strong>teneri.</strong></span> <span class='ocrx_word' id='word_1_60' title='bbox 1505 843 1714 909; x_wconf 83' lang='lat' dir='ltr'><strong>Quibus</strong></span> <span class='ocrx_word' id='word_1_61' title='bbox 1745 858 1867 898; x_wconf 90' lang='lat' dir='ltr'><strong>cum</strong></span> <span class='ocrx_word' id='word_1_62' title='bbox 1910 844 2050 898; x_wconf 81' lang='lat' dir='ltr'><strong>Mar-</strong></span> 
     </span>
    </p>
   </div>
   <div class='ocr_carea' id='block_1_11' title="bbox 458 934 2055 1002">
    <p class='ocr_par' dir='ltr' id='par_1_11' title="bbox 458 934 2055 1002">
     <span class='ocr_line' id='line_1_11' title="bbox 458 934 2055 1002; baseline 0.002 -11"><span class='ocrx_word' id='word_1_63' title='bbox 458 934 605 991; x_wconf 87' lang='lat' dir='ltr'><strong>tinus</strong></span> <span class='ocrx_word' id='word_1_64' title='bbox 635 950 824 1002; x_wconf 86' lang='lat' dir='ltr'><strong>parum</strong></span> <span class='ocrx_word' id='word_1_65' title='bbox 874 947 1222 1000; x_wconf 76' lang='lat' dir='ltr'><strong>moveretur,</strong></span> <span class='ocrx_word' id='word_1_66' title='bbox 1257 951 1351 990; x_wconf 84' lang='lat' dir='ltr'><strong>rex</strong></span> <span class='ocrx_word' id='word_1_67' title='bbox 1395 937 1471 991; x_wconf 92' lang='lat' dir='ltr'><strong>ira</strong></span> <span class='ocrx_word' id='word_1_68' title='bbox 1504 936 1823 991; x_wconf 78' lang='lat' dir='ltr'><strong>accenditur</strong></span> <span class='ocrx_word' id='word_1_69' title='bbox 1844 975 1861 1000; x_wconf 97' lang='lat'><strong>,</strong></span> <span class='ocrx_word' id='word_1_70' title='bbox 1893 950 1956 992; x_wconf 86' lang='lat' dir='ltr'><strong>ac</strong></span> <span class='ocrx_word' id='word_1_71' title='bbox 1994 951 2055 994; x_wconf 82' lang='lat' dir='ltr'><strong>se</strong></span> 
     </span>
    </p>
   </div>
   <div class='ocr_carea' id='block_1_12' title="bbox 460 1028 2055 1098">
    <p class='ocr_par' dir='ltr' id='par_1_12' title="bbox 460 1028 2055 1098">
     <span class='ocr_line' id='line_1_12' title="bbox 460 1028 2055 1098; baseline 0.004 -19"><span class='ocrx_word' id='word_1_72' title='bbox 460 1028 528 1081; x_wconf 80' lang='lat' dir='ltr'><strong>de</strong></span> <span class='ocrx_word' id='word_1_73' title='bbox 557 1038 849 1096; x_wconf 46' lang='lat' dir='ltr'><strong>conspectu</strong></span> <span class='ocrx_word' id='word_1_74' title='bbox 881 1028 1001 1097; x_wconf 79' lang='lat' dir='ltr'><strong>ejus</strong></span> <span class='ocrx_word' id='word_1_75' title='bbox 1031 1028 1305 1098; x_wconf 81' lang='lat' dir='ltr'><strong>abripuit:</strong></span> <span class='ocrx_word' id='word_1_76' title='bbox 1350 1037 1405 1082; x_wconf 90' lang='lat' dir='ltr'><strong>ct</strong></span> <span class='ocrx_word' id='word_1_77' title='bbox 1433 1045 1556 1083; x_wconf 86' lang='lat' dir='ltr'><strong>mox</strong></span> <span class='ocrx_word' id='word_1_78' title='bbox 1600 1044 1948 1097; x_wconf 83' lang='lat' dir='ltr'><strong>percussores</strong></span> <span class='ocrx_word' id='word_1_79' title='bbox 1972 1030 2055 1085; x_wconf 81' lang='lat' dir='ltr'><strong>bis</strong></span> 
     </span>
    </p>
   </div>
   <div class='ocr_carea' id='block_1_13' title="bbox 463 1122 1761 1192">
    <p class='ocr_par' dir='ltr' id='par_1_13' title="bbox 463 1122 1761 1192">
     <span class='ocr_line' id='line_1_13' title="bbox 463 1122 1761 1192; baseline -0.001 -15"><span class='ocrx_word' id='word_1_80' title='bbox 463 1138 559 1192; x_wconf 89' lang='lat' dir='ltr'><strong>pro</strong></span> <span class='ocrx_word' id='word_1_81' title='bbox 585 1122 781 1191; x_wconf 79' lang='lat' dir='ltr'><strong>quibus</strong></span> <span class='ocrx_word' id='word_1_82' title='bbox 810 1122 1069 1176; x_wconf 83' lang='lat' dir='ltr'><strong>Martinus</strong></span> <span class='ocrx_word' id='word_1_83' title='bbox 1100 1132 1407 1192; x_wconf 77' lang='lat' dir='ltr'><strong>rogaverat,</strong></span> <span class='ocrx_word' id='word_1_84' title='bbox 1436 1122 1761 1192; x_wconf 90' lang='lat' dir='ltr'><strong>diriguntur.</strong></span> 
     </span>
    </p>
   </div>
   <div class='ocr_carea' id='block_1_14' title="bbox 538 1213 2055 1286">
    <p class='ocr_par' dir='ltr' id='par_1_14' title="bbox 538 1213 2055 1286">
     <span class='ocr_line' id='line_1_14' title="bbox 538 1213 2055 1286; baseline 0.003 -18"><span class='ocrx_word' id='word_1_85' title='bbox 538 1213 666 1268; x_wconf 76' lang='lat' dir='ltr'><strong>XIII.</strong></span> <span class='ocrx_word' id='word_1_86' title='bbox 713 1214 865 1280; x_wconf 87' lang='lat' dir='ltr'><strong>Quod</strong></span> <span class='ocrx_word' id='word_1_87' title='bbox 919 1215 1009 1269; x_wconf 89' lang='lat' dir='ltr'><strong>ubi</strong></span> <span class='ocrx_word' id='word_1_88' title='bbox 1060 1214 1288 1269; x_wconf 83' lang='lat' dir='ltr'><strong>Martino</strong></span> <span class='ocrx_word' id='word_1_89' title='bbox 1327 1225 1665 1286; x_wconf 88' lang='lat' dir='ltr'><strong>compertum</strong></span> <span class='ocrx_word' id='word_1_90' title='bbox 1719 1216 1827 1286; x_wconf 88' lang='lat' dir='ltr'><strong>jam</strong></span> <span class='ocrx_word' id='word_1_91' title='bbox 1881 1217 2055 1272; x_wconf 89' lang='lat' dir='ltr'><strong>noctis</strong></span> 
     </span>
    </p>
   </div>
   <div class='ocr_carea' id='block_1_15' title="bbox 465 1307 2057 1376">
    <p class='ocr_par' dir='ltr' id='par_1_15' title="bbox 465 1307 2057 1376">
     <span class='ocr_line' id='line_1_15' title="bbox 465 1307 2057 1376; baseline 0.003 -17"><span class='ocrx_word' id='word_1_92' title='bbox 465 1315 707 1374; x_wconf 90' lang='lat' dir='ltr'><strong>tempore</strong></span> <span class='ocrx_word' id='word_1_93' title='bbox 729 1315 835 1371; x_wconf 87' lang='lat' dir='ltr'><strong>est,</strong></span> <span class='ocrx_word' id='word_1_94' title='bbox 876 1307 1137 1374; x_wconf 86' lang='lat' dir='ltr'><strong>palatium</strong></span> <span class='ocrx_word' id='word_1_95' title='bbox 1167 1308 1398 1376; x_wconf 88' lang='lat' dir='ltr'><strong>irrupit;</strong></span> <span class='ocrx_word' id='word_1_96' title='bbox 1426 1307 1696 1376; x_wconf 89' lang='lat' dir='ltr'><strong>spondet,</strong></span> <span class='ocrx_word' id='word_1_97' title='bbox 1735 1308 1777 1360; x_wconf 89' lang='lat' dir='ltr'><strong>si</strong></span> <span class='ocrx_word' id='word_1_98' title='bbox 1810 1322 2057 1376; x_wconf 87' lang='lat' dir='ltr'><strong>parcere-</strong></span> 
     </span>
    </p>
   </div>
   <div class='ocr_carea' id='block_1_16' title="bbox 463 1399 2055 1465">
    <p class='ocr_par' dir='ltr' id='par_1_16' title="bbox 463 1399 2055 1465">
     <span class='ocr_line' id='line_1_16' title="bbox 463 1399 2055 1465; baseline 0.001 -12"><span class='ocrx_word' id='word_1_99' title='bbox 463 1408 579 1465; x_wconf 91' lang='lat' dir='ltr'><strong>tur,</strong></span> <span class='ocrx_word' id='word_1_100' title='bbox 627 1414 686 1455; x_wconf 82' lang='lat' dir='ltr'><strong>se</strong></span> <span class='ocrx_word' id='word_1_101' title='bbox 716 1400 1267 1463; x_wconf 68' lang='lat' dir='ltr'><strong>CINIHIIUIIICHllll&#39;llln,</strong></span> <span class='ocrx_word' id='word_1_102' title='bbox 1301 1399 1599 1454; x_wconf 83' lang='lat' dir='ltr'><strong>dummodo</strong></span> <span class='ocrx_word' id='word_1_103' title='bbox 1645 1410 1702 1455; x_wconf 90' lang='lat' dir='ltr'><strong>ut</strong></span> <span class='ocrx_word' id='word_1_104' title='bbox 1750 1408 1805 1455; x_wconf 90' lang='lat' dir='ltr'><strong>et</strong></span> <span class='ocrx_word' id='word_1_105' title='bbox 1856 1401 2055 1455; x_wconf 88' lang='lat' dir='ltr'><strong>tribuni</strong></span> 
     </span>
    </p>
   </div>
   <div class='ocr_carea' id='block_1_17' title="bbox 456 1493 2052 1563">
    <p class='ocr_par' dir='ltr' id='par_1_17' title="bbox 456 1493 2052 1563">
     <span class='ocr_line' id='line_1_17' title="bbox 456 1493 2052 1563; baseline 0.001 -17"><span class='ocrx_word' id='word_1_106' title='bbox 456 1493 566 1561; x_wconf 85' lang='lat' dir='ltr'><strong>jam</strong></span> <span class='ocrx_word' id='word_1_107' title='bbox 598 1493 649 1548; x_wconf 89' lang='lat' dir='ltr'><strong>in</strong></span> <span class='ocrx_word' id='word_1_108' title='bbox 681 1494 952 1547; x_wconf 78' lang='lat' dir='ltr'><strong>excidium</strong></span> <span class='ocrx_word' id='word_1_109' title='bbox 985 1494 1343 1548; x_wconf 84' lang='lat' dir='ltr'><strong>ecclesiarum</strong></span> <span class='ocrx_word' id='word_1_110' title='bbox 1371 1494 1436 1547; x_wconf 88' lang='lat' dir='ltr'><strong>ad</strong></span> <span class='ocrx_word' id='word_1_111' title='bbox 1472 1494 1756 1563; x_wconf 81' lang='lat' dir='ltr'><strong>Hispanias</strong></span> <span class='ocrx_word' id='word_1_112' title='bbox 1789 1495 1937 1548; x_wconf 75' lang='lat' dir='ltr'><strong>missi</strong></span> <span class='ocrx_word' id='word_1_113' title='bbox 1967 1509 2052 1548; x_wconf 84' lang='lat' dir='ltr'><strong>rc-</strong></span> 
     </span>
    </p>
   </div>
   <div class='ocr_carea' id='block_1_18' title="bbox 466 1586 2053 1655">
    <p class='ocr_par' dir='ltr' id='par_1_18' title="bbox 466 1586 2053 1655">
     <span class='ocr_line' id='line_1_18' title="bbox 466 1586 2053 1655; baseline 0.001 -16"><span class='ocrx_word' id='word_1_114' title='bbox 466 1586 832 1640; x_wconf 87' lang='lat' dir='ltr'><strong>traltcrenlur.</strong></span> <span class='ocrx_word' id='word_1_115' title='bbox 875 1587 984 1641; x_wconf 82' lang='lat' dir='ltr'><strong>Nec</strong></span> <span class='ocrx_word' id='word_1_116' title='bbox 1024 1602 1171 1641; x_wconf 89' lang='lat' dir='ltr'><strong>mora</strong></span> <span class='ocrx_word' id='word_1_117' title='bbox 1204 1606 1214 1639; x_wconf 89' lang='lat'>:</span> <span class='ocrx_word' id='word_1_118' title='bbox 1252 1586 1516 1641; x_wconf 80' lang='lat' dir='ltr'><strong>Maximus</strong></span> <span class='ocrx_word' id='word_1_119' title='bbox 1566 1587 1808 1655; x_wconf 76' lang='lat' dir='ltr'><strong>indulget</strong></span> <span class='ocrx_word' id='word_1_120' title='bbox 1850 1587 2053 1640; x_wconf 90' lang='lat' dir='ltr'><strong>omnia.</strong></span> 
     </span>
    </p>
   </div>
   <div class='ocr_carea' id='block_1_19' title="bbox 2154 383 3753 456">
    <p class='ocr_par' dir='ltr' id='par_1_19' title="bbox 2154 383 3753 456">
     <span class='ocr_line' id='line_1_19' title="bbox 2154 383 3753 456; baseline 0.006 -19"><span class='ocrx_word' id='word_1_121' title='bbox 2154 383 2427 439; x_wconf 82' lang='lat' dir='ltr'><strong>verberari</strong></span> <span class='ocrx_word' id='word_1_122' title='bbox 2472 398 2486 439; x_wconf 88' lang='lat'><strong>:</strong></span> <span class='ocrx_word' id='word_1_123' title='bbox 2534 394 2713 438; x_wconf 88' lang='lat' dir='ltr'><strong>tamen</strong></span> <span class='ocrx_word' id='word_1_124' title='bbox 2748 399 2854 439; x_wconf 90' lang='lat' dir='ltr'><strong>non</strong></span> <span class='ocrx_word' id='word_1_125' title='bbox 2899 385 3048 454; x_wconf 90' lang='lat' dir='ltr'><strong>prius</strong></span> <span class='ocrx_word' id='word_1_126' title='bbox 3099 384 3307 441; x_wconf 78' lang='lat' dir='ltr'><strong>destitit</strong></span> <span class='ocrx_word' id='word_1_127' title='bbox 3346 396 3552 456; x_wconf 84' lang='lat' dir='ltr'><strong>septem</strong></span> <span class='ocrx_word' id='word_1_128' title='bbox 3603 396 3753 446; x_wconf 87' lang='lat' dir='ltr'><strong>totos</strong></span> 
     </span>
    </p>
   </div>
   <div class='ocr_carea' id='block_1_20' title="bbox 2154 476 3752 551">
    <p class='ocr_par' dir='ltr' id='par_1_20' title="bbox 2154 476 3752 551">
     <span class='ocr_line' id='line_1_20' title="bbox 2154 476 3752 551; baseline 0.004 -20"><span class='ocrx_word' id='word_1_129' title='bbox 2154 476 2272 532; x_wconf 89' lang='lat' dir='ltr'><strong>dies</strong></span> <span class='ocrx_word' id='word_1_130' title='bbox 2317 477 2652 549; x_wconf 87' lang='lat' dir='ltr'><strong>totidemque</strong></span> <span class='ocrx_word' id='word_1_131' title='bbox 2698 488 2883 534; x_wconf 89' lang='lat' dir='ltr'><strong>noctes</strong></span> <span class='ocrx_word' id='word_1_132' title='bbox 2914 479 3125 534; x_wconf 86' lang='lat' dir='ltr'><strong>orando</strong></span> <span class='ocrx_word' id='word_1_133' title='bbox 3155 490 3208 535; x_wconf 89' lang='lat' dir='ltr'><strong>et</strong></span> <span class='ocrx_word' id='word_1_134' title='bbox 3248 481 3543 551; x_wconf 85' lang='lat' dir='ltr'><strong>jejunando</strong></span> <span class='ocrx_word' id='word_1_135' title='bbox 3571 483 3752 539; x_wconf 82' lang='lat' dir='ltr'><strong>couti-</strong></span> 
     </span>
    </p>
   </div>
   <div class='ocr_carea' id='block_1_21' title="bbox 2156 571 3752 645">
    <p class='ocr_par' dir='ltr' id='par_1_21' title="bbox 2156 571 3752 645">
     <span class='ocr_line' id='line_1_21' title="bbox 2156 571 3752 645; baseline 0.004 -20"><span class='ocrx_word' id='word_1_136' title='bbox 2156 586 2353 636; x_wconf 89' lang='lat' dir='ltr'><strong>nuans,</strong></span> <span class='ocrx_word' id='word_1_137' title='bbox 2380 586 2540 640; x_wconf 87' lang='lat' dir='ltr'><strong>quam</strong></span> <span class='ocrx_word' id='word_1_138' title='bbox 2582 571 2633 625; x_wconf 91' lang='lat' dir='ltr'><strong>id</strong></span> <span class='ocrx_word' id='word_1_139' title='bbox 2666 571 2811 642; x_wconf 88' lang='lat' dir='ltr'><strong>qttod</strong></span> <span class='ocrx_word' id='word_1_140' title='bbox 2849 573 3185 627; x_wconf 88' lang='lat' dir='ltr'><strong>exorandum</strong></span> <span class='ocrx_word' id='word_1_141' title='bbox 3222 582 3546 643; x_wconf 88' lang='lat' dir='ltr'><strong>receperat,</strong></span> <span class='ocrx_word' id='word_1_142' title='bbox 3580 575 3752 645; x_wconf 83' lang='lat' dir='ltr'><strong>impe-</strong></span> 
     </span>
    </p>
   </div>
   <div class='ocr_carea' id='block_1_22' title="bbox 2158 662 3755 733">
    <p class='ocr_par' dir='ltr' id='par_1_22' title="bbox 2158 662 3755 733">
     <span class='ocr_line' id='line_1_22' title="bbox 2158 662 3755 733; baseline 0.003 -14"><span class='ocrx_word' id='word_1_143' title='bbox 2158 671 2345 719; x_wconf 88' lang='lat' dir='ltr'><strong>traret.</strong></span> <span class='ocrx_word' id='word_1_144' title='bbox 2376 663 2496 717; x_wconf 82' lang='lat' dir='ltr'><strong>Mox</strong></span> <span class='ocrx_word' id='word_1_145' title='bbox 2522 662 2588 717; x_wconf 88' lang='lat' dir='ltr'><strong>ad</strong></span> <span class='ocrx_word' id='word_1_146' title='bbox 2620 678 2742 718; x_wconf 91' lang='lat' dir='ltr'><strong>eum</strong></span> <span class='ocrx_word' id='word_1_147' title='bbox 2774 663 3070 733; x_wconf 81' lang='lat' dir='ltr'><strong>Lycontius</strong></span> <span class='ocrx_word' id='word_1_148' title='bbox 3095 664 3275 719; x_wconf 82' lang='lat' dir='ltr'><strong>dit-ina</strong></span> <span class='ocrx_word' id='word_1_149' title='bbox 3306 675 3563 733; x_wconf 85' lang='lat' dir='ltr'><strong>expertus</strong></span> <span class='ocrx_word' id='word_1_150' title='bbox 3591 670 3755 723; x_wconf 85' lang='lat' dir='ltr'><strong>bene-</strong></span> 
     </span>
    </p>
   </div>
   <div class='ocr_carea' id='block_1_23' title="bbox 2160 756 3754 830">
    <p class='ocr_par' dir='ltr' id='par_1_23' title="bbox 2160 756 3754 830">
     <span class='ocr_line' id='line_1_23' title="bbox 2160 756 3754 830; baseline 0.001 -17"><span class='ocrx_word' id='word_1_151' title='bbox 2160 757 2275 813; x_wconf 83' lang='lat' dir='ltr'><strong>ficia</strong></span> <span class='ocrx_word' id='word_1_152' title='bbox 2325 756 2660 826; x_wconf 87' lang='lat' dir='ltr'><strong>pervolavit,</strong></span> <span class='ocrx_word' id='word_1_153' title='bbox 2709 759 2964 813; x_wconf 86' lang='lat' dir='ltr'><strong>nuntians</strong></span> <span class='ocrx_word' id='word_1_154' title='bbox 3004 759 3166 812; x_wconf 85' lang='lat' dir='ltr'><strong>simul</strong></span> <span class='ocrx_word' id='word_1_155' title='bbox 3211 767 3267 813; x_wconf 88' lang='lat' dir='ltr'><strong>et</strong></span> <span class='ocrx_word' id='word_1_156' title='bbox 3297 774 3464 829; x_wconf 84' lang='lat' dir='ltr'><strong>agens</strong></span> <span class='ocrx_word' id='word_1_157' title='bbox 3508 762 3754 830; x_wconf 79' lang='lat' dir='ltr'><strong>gratias,</strong></span> 
     </span>
    </p>
   </div>
   <div class='ocr_carea' id='block_1_24' title="bbox 2158 850 3755 919">
    <p class='ocr_par' dir='ltr' id='par_1_24' title="bbox 2158 850 3755 919">
     <span class='ocr_line' id='line_1_24' title="bbox 2158 850 3755 919; baseline 0.006 -16"><span class='ocrx_word' id='word_1_158' title='bbox 2158 850 2376 904; x_wconf 91' lang='lat' dir='ltr'><strong>domum</strong></span> <span class='ocrx_word' id='word_1_159' title='bbox 2442 865 2597 905; x_wconf 88' lang='lat' dir='ltr'><strong>suam</strong></span> <span class='ocrx_word' id='word_1_160' title='bbox 2650 851 2798 905; x_wconf 91' lang='lat' dir='ltr'><strong>omni</strong></span> <span class='ocrx_word' id='word_1_161' title='bbox 2866 852 3109 919; x_wconf 88' lang='lat' dir='ltr'><strong>periculo</strong></span> <span class='ocrx_word' id='word_1_162' title='bbox 3160 852 3464 908; x_wconf 81' lang='lat' dir='ltr'><strong>liberatam.</strong></span> <span class='ocrx_word' id='word_1_163' title='bbox 3523 851 3755 912; x_wconf 79' lang='lat' dir='ltr'><strong>Centum</strong></span> 
     </span>
    </p>
   </div>
   <div class='ocr_carea' id='block_1_25' title="bbox 2160 942 3757 1014">
    <p class='ocr_par' dir='ltr' id='par_1_25' title="bbox 2160 942 3757 1014">
     <span class='ocr_line' id='line_1_25' title="bbox 2160 942 3757 1014; baseline 0.004 -17"><span class='ocrx_word' id='word_1_164' title='bbox 2160 943 2323 997; x_wconf 89' lang='lat' dir='ltr'><strong>etiam</strong></span> <span class='ocrx_word' id='word_1_165' title='bbox 2353 943 2558 1011; x_wconf 90' lang='lat' dir='ltr'><strong>argenti</strong></span> <span class='ocrx_word' id='word_1_166' title='bbox 2600 942 2767 998; x_wconf 85' lang='lat' dir='ltr'><strong>libras</strong></span> <span class='ocrx_word' id='word_1_167' title='bbox 2819 943 3055 1009; x_wconf 90' lang='lat' dir='ltr'><strong>obtulit,</strong></span> <span class='ocrx_word' id='word_1_168' title='bbox 3106 958 3240 1014; x_wconf 85' lang='lat' dir='ltr'><strong>quas</strong></span> <span class='ocrx_word' id='word_1_169' title='bbox 3286 944 3370 999; x_wconf 88' lang='lat' dir='ltr'><strong>vir</strong></span> <span class='ocrx_word' id='word_1_170' title='bbox 3418 945 3605 1001; x_wconf 87' lang='lat' dir='ltr'><strong>beatus</strong></span> <span class='ocrx_word' id='word_1_171' title='bbox 3655 963 3757 1004; x_wconf 87' lang='lat' dir='ltr'><strong>nec</strong></span> 
     </span>
    </p>
   </div>
   <div class='ocr_carea' id='block_1_26' title="bbox 2162 1034 3756 1106">
    <p class='ocr_par' dir='ltr' id='par_1_26' title="bbox 2162 1034 3756 1106">
     <span class='ocr_line' id='line_1_26' title="bbox 2162 1034 3756 1106; baseline 0.004 -17"><span class='ocrx_word' id='word_1_172' title='bbox 2162 1034 2368 1103; x_wconf 78' lang='lat' dir='ltr'><strong>respuit</strong></span> <span class='ocrx_word' id='word_1_173' title='bbox 2414 1050 2513 1089; x_wconf 88' lang='lat' dir='ltr'><strong>nec</strong></span> <span class='ocrx_word' id='word_1_174' title='bbox 2562 1037 2801 1105; x_wconf 79' lang='lat' dir='ltr'><strong>recepit,</strong></span> <span class='ocrx_word' id='word_1_175' title='bbox 2843 1035 2937 1091; x_wconf 87' lang='lat' dir='ltr'><strong>sed</strong></span> <span class='ocrx_word' id='word_1_176' title='bbox 2988 1037 3299 1106; x_wconf 81' lang='lat' dir='ltr'><strong>priusquam</strong></span> <span class='ocrx_word' id='word_1_177' title='bbox 3352 1038 3563 1105; x_wconf 85' lang='lat' dir='ltr'><strong>pondus</strong></span> <span class='ocrx_word' id='word_1_178' title='bbox 3621 1038 3756 1095; x_wconf 82' lang='lat' dir='ltr'><strong>illud</strong></span> 
     </span>
    </p>
   </div>
   <div class='ocr_carea' id='block_1_27' title="bbox 2165 1130 3759 1202">
    <p class='ocr_par' dir='ltr' id='par_1_27' title="bbox 2165 1130 3759 1202">
     <span class='ocr_line' id='line_1_27' title="bbox 2165 1130 3759 1202; baseline 0.004 -19"><span class='ocrx_word' id='word_1_179' title='bbox 2165 1131 2480 1185; x_wconf 79' lang='lat' dir='ltr'><strong>monasterii</strong></span> <span class='ocrx_word' id='word_1_180' title='bbox 2513 1130 2677 1185; x_wconf 88' lang='lat' dir='ltr'><strong>limen</strong></span> <span class='ocrx_word' id='word_1_181' title='bbox 2704 1132 3037 1200; x_wconf 88' lang='lat' dir='ltr'><strong>attingeret,</strong></span> <span class='ocrx_word' id='word_1_182' title='bbox 3087 1130 3423 1187; x_wconf 83' lang='lat' dir='ltr'><strong>redimendis</strong></span> <span class='ocrx_word' id='word_1_183' title='bbox 3454 1132 3503 1186; x_wconf 90' lang='lat' dir='ltr'><strong>id</strong></span> <span class='ocrx_word' id='word_1_184' title='bbox 3531 1132 3759 1202; x_wconf 80' lang='lat' dir='ltr'><strong>captivis</strong></span> 
     </span>
    </p>
   </div>
   <div class='ocr_carea' id='block_1_28' title="bbox 2163 1223 3761 1295">
    <p class='ocr_par' dir='ltr' id='par_1_28' title="bbox 2163 1223 3761 1295">
     <span class='ocr_line' id='line_1_28' title="bbox 2163 1223 3761 1295; baseline 0.004 -18"><span class='ocrx_word' id='word_1_185' title='bbox 2163 1230 2420 1279; x_wconf 90' lang='lat' dir='ltr'><strong>continuo</strong></span> <span class='ocrx_word' id='word_1_186' title='bbox 2450 1223 2762 1292; x_wconf 87' lang='lat' dir='ltr'><strong>deputavit;</strong></span> <span class='ocrx_word' id='word_1_187' title='bbox 2792 1234 2847 1278; x_wconf 89' lang='lat' dir='ltr'><strong>et</strong></span> <span class='ocrx_word' id='word_1_188' title='bbox 2873 1239 2996 1280; x_wconf 90' lang='lat' dir='ltr'><strong>cum</strong></span> <span class='ocrx_word' id='word_1_189' title='bbox 3027 1225 3077 1279; x_wconf 91' lang='lat' dir='ltr'><strong>ei</strong></span> <span class='ocrx_word' id='word_1_190' title='bbox 3105 1232 3490 1295; x_wconf 79' lang='lat' dir='ltr'><strong>suggereretur</strong></span> <span class='ocrx_word' id='word_1_191' title='bbox 3517 1241 3548 1281; x_wconf 90' lang='lat' dir='ltr'><strong>a</strong></span> <span class='ocrx_word' id='word_1_192' title='bbox 3580 1224 3761 1284; x_wconf 84' lang='lat' dir='ltr'><strong>fratri-</strong></span> 
     </span>
    </p>
   </div>
   <div class='ocr_carea' id='block_1_29' title="bbox 2167 1316 3759 1385">
    <p class='ocr_par' dir='ltr' id='par_1_29' title="bbox 2167 1316 3759 1385">
     <span class='ocr_line' id='line_1_29' title="bbox 2167 1316 3759 1385; baseline 0.003 -15"><span class='ocrx_word' id='word_1_193' title='bbox 2167 1316 2282 1380; x_wconf 90' lang='lat' dir='ltr'><strong>bus,</strong></span> <span class='ocrx_word' id='word_1_194' title='bbox 2322 1327 2378 1369; x_wconf 91' lang='lat' dir='ltr'><strong>ut</strong></span> <span class='ocrx_word' id='word_1_195' title='bbox 2404 1316 2605 1385; x_wconf 90' lang='lat' dir='ltr'><strong>aliquid</strong></span> <span class='ocrx_word' id='word_1_196' title='bbox 2635 1332 2701 1370; x_wconf 89' lang='lat' dir='ltr'><strong>ex</strong></span> <span class='ocrx_word' id='word_1_197' title='bbox 2729 1331 2795 1371; x_wconf 86' lang='lat' dir='ltr'><strong>eo</strong></span> <span class='ocrx_word' id='word_1_198' title='bbox 2827 1317 2879 1371; x_wconf 88' lang='lat' dir='ltr'><strong>in</strong></span> <span class='ocrx_word' id='word_1_199' title='bbox 2910 1326 3185 1385; x_wconf 88' lang='lat' dir='ltr'><strong>sumptum</strong></span> <span class='ocrx_word' id='word_1_200' title='bbox 3219 1318 3535 1373; x_wconf 87' lang='lat' dir='ltr'><strong>monasterii</strong></span> <span class='ocrx_word' id='word_1_201' title='bbox 3582 1332 3759 1374; x_wconf 74' lang='lat' dir='ltr'><strong>reser-</strong></span> 
     </span>
    </p>
   </div>
   <div class='ocr_carea' id='block_1_30' title="bbox 2168 1410 3763 1479">
    <p class='ocr_par' dir='ltr' id='par_1_30' title="bbox 2168 1410 3763 1479">
     <span class='ocr_line' id='line_1_30' title="bbox 2168 1410 3763 1479; baseline 0.002 -17"><span class='ocrx_word' id='word_1_202' title='bbox 2168 1419 2317 1464; x_wconf 87' lang='lat' dir='ltr'><strong>varet</strong></span> <span class='ocrx_word' id='word_1_203' title='bbox 2344 1427 2357 1465; x_wconf 88' lang='lat'>:</span> <span class='ocrx_word' id='word_1_204' title='bbox 2390 1410 2646 1464; x_wconf 87' lang='lat' dir='ltr'><strong>omnibus</strong></span> <span class='ocrx_word' id='word_1_205' title='bbox 2675 1412 2821 1464; x_wconf 90' lang='lat' dir='ltr'><strong>enim</strong></span> <span class='ocrx_word' id='word_1_206' title='bbox 2858 1420 3145 1479; x_wconf 84' lang='lat' dir='ltr'><strong>angustum</strong></span> <span class='ocrx_word' id='word_1_207' title='bbox 3176 1424 3299 1466; x_wconf 86' lang='lat' dir='ltr'><strong>esse</strong></span> <span class='ocrx_word' id='word_1_208' title='bbox 3327 1413 3547 1475; x_wconf 89' lang='lat' dir='ltr'><strong>victum,</strong></span> <span class='ocrx_word' id='word_1_209' title='bbox 3578 1412 3763 1467; x_wconf 90' lang='lat' dir='ltr'><strong>multis</strong></span> 
     </span>
    </p>
   </div>
   <div class='ocr_carea' id='block_1_31' title="bbox 2166 1501 3764 1572">
    <p class='ocr_par' dir='ltr' id='par_1_31' title="bbox 2166 1501 3764 1572">
     <span class='ocr_line' id='line_1_31' title="bbox 2166 1501 3764 1572; baseline 0.003 -14"><span class='ocrx_word' id='word_1_210' title='bbox 2166 1503 2360 1559; x_wconf 85' lang='lat' dir='ltr'><strong>deesse</strong></span> <span class='ocrx_word' id='word_1_211' title='bbox 2386 1502 2641 1556; x_wconf 86' lang='lat' dir='ltr'><strong>vestitum</strong></span> <span class='ocrx_word' id='word_1_212' title='bbox 2672 1521 2684 1555; x_wconf 92' lang='lat'><strong>:</strong></span> <span class='ocrx_word' id='word_1_213' title='bbox 2716 1501 2847 1567; x_wconf 85' lang='lat' dir='ltr'><strong>Nos,</strong></span> <span class='ocrx_word' id='word_1_214' title='bbox 2884 1502 3078 1571; x_wconf 85' lang='lat' dir='ltr'><strong>inquit,</strong></span> <span class='ocrx_word' id='word_1_215' title='bbox 3112 1501 3380 1569; x_wconf 84' lang='lat' dir='ltr'><strong>Ecclesia,</strong></span> <span class='ocrx_word' id='word_1_216' title='bbox 3414 1512 3469 1559; x_wconf 92' lang='lat' dir='ltr'><strong>et</strong></span> <span class='ocrx_word' id='word_1_217' title='bbox 3497 1514 3682 1572; x_wconf 86' lang='lat' dir='ltr'><strong>pascat</strong></span> <span class='ocrx_word' id='word_1_218' title='bbox 3707 1512 3764 1563; x_wconf 85' lang='lat' dir='ltr'><strong>et</strong></span> 
     </span>
    </p>
   </div>
   <div class='ocr_carea' id='block_1_32' title="bbox 2168 1593 3763 1663">
    <p class='ocr_par' dir='ltr' id='par_1_32' title="bbox 2168 1593 3763 1663">
     <span class='ocr_line' id='line_1_32' title="bbox 2168 1593 3763 1663; baseline -0.002 -12"><span class='ocrx_word' id='word_1_219' title='bbox 2168 1596 2384 1661; x_wconf 85' lang='lat' dir='ltr'><strong>vestiat,</strong></span> <span class='ocrx_word' id='word_1_220' title='bbox 2414 1594 2711 1651; x_wconf 87' lang='lat' dir='ltr'><strong>dummodo</strong></span> <span class='ocrx_word' id='word_1_221' title='bbox 2749 1596 2886 1649; x_wconf 88' lang='lat' dir='ltr'><strong>nihil</strong></span> <span class='ocrx_word' id='word_1_222' title='bbox 2932 1596 3133 1651; x_wconf 85' lang='lat' dir='ltr'><strong>nostris</strong></span> <span class='ocrx_word' id='word_1_223' title='bbox 3167 1593 3351 1650; x_wconf 86' lang='lat' dir='ltr'><strong>usibus</strong></span> <span class='ocrx_word' id='word_1_224' title='bbox 3395 1596 3657 1663; x_wconf 80' lang='lat' dir='ltr'><strong>quaesisse</strong></span> <span class='ocrx_word' id='word_1_225' title='bbox 3686 1595 3763 1649; x_wconf 86' lang='lat' dir='ltr'><strong>vi-</strong></span> 
     </span>
    </p>
   </div>
   <div class='ocr_carea' id='block_1_33' title="bbox 467 1679 3766 1758">
    <p class='ocr_par' dir='ltr' id='par_1_33' title="bbox 467 1679 3766 1758">
     <span class='ocr_line' id='line_1_33' title="bbox 467 1679 3766 1758; baseline 0.003 -25"><span class='ocrx_word' id='word_1_226' title='bbox 467 1679 733 1733; x_wconf 82' lang='lat' dir='ltr'><strong>Postridie</strong></span> <span class='ocrx_word' id='word_1_227' title='bbox 762 1679 959 1734; x_wconf 79' lang='lat' dir='ltr'><strong>Felicis</strong></span> <span class='ocrx_word' id='word_1_228' title='bbox 989 1680 1231 1750; x_wconf 81' lang='lat' dir='ltr'><strong>episcopi</strong></span> <span class='ocrx_word' id='word_1_229' title='bbox 1269 1680 1542 1735; x_wconf 88' lang='lat' dir='ltr'><strong>ordinatio</strong></span> <span class='ocrx_word' id='word_1_230' title='bbox 1582 1680 1903 1747; x_wconf 78' lang='lat' dir='ltr'><strong>parabatur,</strong></span> <span class='ocrx_word' id='word_1_231' title='bbox 1937 1695 2060 1735; x_wconf 83' lang='lat' dir='ltr'><strong>san-</strong></span> <span class='ocrx_word' id='word_1_232' title='bbox 2094 1688 2139 1754; x_wconf 63' lang='grc' dir='ltr'><strong>Β</strong></span> <span class='ocrx_word' id='word_1_233' title='bbox 2166 1690 2413 1744; x_wconf 73' lang='lat' dir='ltr'><strong>deamur.</strong></span> <span class='ocrx_word' id='word_1_234' title='bbox 2457 1689 2795 1743; x_wconf 84' lang='lat' dir='ltr'><strong>Succurrunt</strong></span> <span class='ocrx_word' id='word_1_235' title='bbox 2834 1688 2938 1743; x_wconf 85' lang='lat' dir='ltr'><strong>hoc</strong></span> <span class='ocrx_word' id='word_1_236' title='bbox 2965 1688 3086 1743; x_wconf 93' lang='lat' dir='ltr'><strong>loco</strong></span> <span class='ocrx_word' id='word_1_237' title='bbox 3116 1687 3261 1743; x_wconf 90' lang='lat' dir='ltr'><strong>illius</strong></span> <span class='ocrx_word' id='word_1_238' title='bbox 3299 1688 3401 1742; x_wconf 93' lang='lat' dir='ltr'><strong>viri</strong></span> <span class='ocrx_word' id='word_1_239' title='bbox 3433 1703 3624 1758; x_wconf 78' lang='lat' dir='ltr'><strong>magna</strong></span> <span class='ocrx_word' id='word_1_240' title='bbox 3663 1687 3766 1743; x_wconf 87' lang='lat' dir='ltr'><strong>mi-</strong></span> 
     </span>
    </p>
   </div>
   <div class='ocr_carea' id='block_1_34' title="bbox 464 1772 2059 1844">
    <p class='ocr_par' dir='ltr' id='par_1_34' title="bbox 464 1772 2059 1844">
     <span class='ocr_line' id='line_1_34' title="bbox 464 1772 2059 1844; baseline 0.001 -18"><span class='ocrx_word' id='word_1_241' title='bbox 464 1772 689 1827; x_wconf 45' lang='lat' dir='ltr'><strong>ctissimi</strong></span> <span class='ocrx_word' id='word_1_242' title='bbox 720 1788 853 1828; x_wconf 87' lang='lat' dir='ltr'><strong>sane</strong></span> <span class='ocrx_word' id='word_1_243' title='bbox 891 1774 1021 1839; x_wconf 90' lang='lat' dir='ltr'><strong>viri,</strong></span> <span class='ocrx_word' id='word_1_244' title='bbox 1065 1784 1121 1829; x_wconf 89' lang='lat' dir='ltr'><strong>et</strong></span> <span class='ocrx_word' id='word_1_245' title='bbox 1158 1774 1315 1843; x_wconf 84' lang='lat' dir='ltr'><strong>plane</strong></span> <span class='ocrx_word' id='word_1_246' title='bbox 1346 1773 1489 1844; x_wconf 89' lang='lat' dir='ltr'><strong>digni</strong></span> <span class='ocrx_word' id='word_1_247' title='bbox 1538 1774 1627 1843; x_wconf 92' lang='lat' dir='ltr'><strong>qui</strong></span> <span class='ocrx_word' id='word_1_248' title='bbox 1660 1774 1882 1829; x_wconf 89' lang='lat' dir='ltr'><strong>meliore</strong></span> <span class='ocrx_word' id='word_1_249' title='bbox 1925 1783 2059 1829; x_wconf 88' lang='lat' dir='ltr'><strong>tem-</strong></span> 
     </span>
    </p>
   </div>
   <div class='ocr_carea' id='block_1_35' title="bbox 466 1865 2056 1934">
    <p class='ocr_par' dir='ltr' id='par_1_35' title="bbox 466 1865 2056 1934">
     <span class='ocr_line' id='line_1_35' title="bbox 466 1865 2056 1934; baseline 0.004 -19"><span class='ocrx_word' id='word_1_250' title='bbox 466 1880 596 1933; x_wconf 85' lang='lat' dir='ltr'><strong>pore</strong></span> <span class='ocrx_word' id='word_1_251' title='bbox 624 1865 881 1919; x_wconf 81' lang='lat' dir='ltr'><strong>sacerdos</strong></span> <span class='ocrx_word' id='word_1_252' title='bbox 913 1868 1083 1920; x_wconf 83' lang='lat' dir='ltr'><strong>fieret.</strong></span> <span class='ocrx_word' id='word_1_253' title='bbox 1112 1865 1281 1934; x_wconf 84' lang='lat' dir='ltr'><strong>llujus</strong></span> <span class='ocrx_word' id='word_1_254' title='bbox 1312 1865 1417 1920; x_wconf 87' lang='lat' dir='ltr'><strong>diei</strong></span> <span class='ocrx_word' id='word_1_255' title='bbox 1446 1866 1888 1920; x_wconf 91' lang='lat' dir='ltr'><strong>communionem</strong></span> <span class='ocrx_word' id='word_1_256' title='bbox 1914 1865 2056 1922; x_wconf 77' lang='lat' dir='ltr'><strong>Mar-</strong></span> 
     </span>
    </p>
   </div>
   <div class='ocr_carea' id='block_1_36' title="bbox 467 1956 2059 2027">
    <p class='ocr_par' dir='ltr' id='par_1_36' title="bbox 467 1956 2059 2027">
     <span class='ocr_line' id='line_1_36' title="bbox 467 1956 2059 2027; baseline 0.001 -17"><span class='ocrx_word' id='word_1_257' title='bbox 467 1960 613 2011; x_wconf 65' lang='lat' dir='ltr'><strong>tinus</strong></span> <span class='ocrx_word' id='word_1_258' title='bbox 647 1956 789 2023; x_wconf 86' lang='lat' dir='ltr'><strong>iniit,</strong></span> <span class='ocrx_word' id='word_1_259' title='bbox 819 1959 991 2012; x_wconf 85' lang='lat' dir='ltr'><strong>satius</strong></span> <span class='ocrx_word' id='word_1_260' title='bbox 1021 1959 1301 2012; x_wconf 64' lang='lat' dir='ltr'><strong>aestimans</strong></span> <span class='ocrx_word' id='word_1_261' title='bbox 1332 1959 1397 2011; x_wconf 91' lang='lat' dir='ltr'><strong>ad</strong></span> <span class='ocrx_word' id='word_1_262' title='bbox 1430 1958 1618 2014; x_wconf 82' lang='lat' dir='ltr'><strong>horam</strong></span> <span class='ocrx_word' id='word_1_263' title='bbox 1647 1958 1867 2022; x_wconf 88' lang='lat' dir='ltr'><strong>cedere,</strong></span> <span class='ocrx_word' id='word_1_264' title='bbox 1894 1974 2059 2027; x_wconf 87' lang='lat' dir='ltr'><strong>quant</strong></span> 
     </span>
    </p>
   </div>
   <div class='ocr_carea' id='block_1_37' title="bbox 467 2051 2061 2121">
    <p class='ocr_par' dir='ltr' id='par_1_37' title="bbox 467 2051 2061 2121">
     <span class='ocr_line' id='line_1_37' title="bbox 467 2051 2061 2121; baseline 0 -15"><span class='ocrx_word' id='word_1_265' title='bbox 467 2051 549 2106; x_wconf 87' lang='lat' dir='ltr'><strong>his</strong></span> <span class='ocrx_word' id='word_1_266' title='bbox 580 2067 685 2106; x_wconf 93' lang='lat' dir='ltr'><strong>non</strong></span> <span class='ocrx_word' id='word_1_267' title='bbox 716 2052 1007 2107; x_wconf 85' lang='lat' dir='ltr'><strong>consulere</strong></span> <span class='ocrx_word' id='word_1_268' title='bbox 1036 2068 1269 2121; x_wconf 90' lang='lat' dir='ltr'><strong>quorum</strong></span> <span class='ocrx_word' id='word_1_269' title='bbox 1309 2053 1612 2108; x_wconf 85' lang='lat' dir='ltr'><strong>cervicibus</strong></span> <span class='ocrx_word' id='word_1_270' title='bbox 1640 2052 1857 2121; x_wconf 87' lang='lat' dir='ltr'><strong>gladius</strong></span> <span class='ocrx_word' id='word_1_271' title='bbox 1884 2052 2061 2107; x_wconf 86' lang='lat' dir='ltr'><strong>immi-</strong></span> 
     </span>
    </p>
   </div>
   <div class='ocr_carea' id='block_1_38' title="bbox 466 2142 2059 2213">
    <p class='ocr_par' dir='ltr' id='par_1_38' title="bbox 466 2142 2059 2213">
     <span class='ocr_line' id='line_1_38' title="bbox 466 2142 2059 2213; baseline 0.001 -18"><span class='ocrx_word' id='word_1_272' title='bbox 466 2142 659 2208; x_wconf 85' lang='lat' dir='ltr'><strong>nebat;</strong></span> <span class='ocrx_word' id='word_1_273' title='bbox 702 2152 1080 2199; x_wconf 84' lang='lat' dir='ltr'><strong>verumtamen</strong></span> <span class='ocrx_word' id='word_1_274' title='bbox 1114 2158 1323 2197; x_wconf 85' lang='lat' dir='ltr'><strong>summa</strong></span> <span class='ocrx_word' id='word_1_275' title='bbox 1355 2144 1407 2198; x_wconf 89' lang='lat' dir='ltr'><strong>vi</strong></span> <span class='ocrx_word' id='word_1_276' title='bbox 1436 2142 1709 2213; x_wconf 83' lang='lat' dir='ltr'><strong>episcopis</strong></span> <span class='ocrx_word' id='word_1_277' title='bbox 1737 2142 2059 2208; x_wconf 86' lang='lat' dir='ltr'><strong>nitentibus,</strong></span> 
     </span>
    </p>
   </div>
   <div class='ocr_carea' id='block_1_39' title="bbox 467 2236 2063 2306">
    <p class='ocr_par' dir='ltr' id='par_1_39' title="bbox 467 2236 2063 2306">
     <span class='ocr_line' id='line_1_39' title="bbox 467 2236 2063 2306; baseline 0.001 -17"><span class='ocrx_word' id='word_1_278' title='bbox 467 2245 523 2290; x_wconf 92' lang='lat' dir='ltr'><strong>ut</strong></span> <span class='ocrx_word' id='word_1_279' title='bbox 551 2236 991 2292; x_wconf 90' lang='lat' dir='ltr'><strong>communionem</strong></span> <span class='ocrx_word' id='word_1_280' title='bbox 1030 2238 1175 2293; x_wconf 80' lang='lat' dir='ltr'><strong>illaut</strong></span> <span class='ocrx_word' id='word_1_281' title='bbox 1221 2237 1624 2306; x_wconf 86' lang='lat' dir='ltr'><strong>subscriptione</strong></span> <span class='ocrx_word' id='word_1_282' title='bbox 1672 2236 1936 2301; x_wconf 80' lang='lat' dir='ltr'><strong>firmaret,</strong></span> <span class='ocrx_word' id='word_1_283' title='bbox 1969 2252 2063 2291; x_wconf 86' lang='lat' dir='ltr'><strong>ex-</strong></span> 
     </span>
    </p>
   </div>
   <div class='ocr_carea' id='block_1_40' title="bbox 466 2329 2065 2400">
    <p class='ocr_par' dir='ltr' id='par_1_40' title="bbox 466 2329 2065 2400">
     <span class='ocr_line' id='line_1_40' title="bbox 466 2329 2065 2400; baseline 0.001 -17"><span class='ocrx_word' id='word_1_284' title='bbox 466 2332 705 2399; x_wconf 90' lang='lat' dir='ltr'><strong>torqueri</strong></span> <span class='ocrx_word' id='word_1_285' title='bbox 738 2346 846 2384; x_wconf 90' lang='lat' dir='ltr'><strong>non</strong></span> <span class='ocrx_word' id='word_1_286' title='bbox 882 2330 1081 2400; x_wconf 92' lang='lat' dir='ltr'><strong>potuit.</strong></span> <span class='ocrx_word' id='word_1_287' title='bbox 1113 2330 1343 2385; x_wconf 85' lang='lat' dir='ltr'><strong>Postero</strong></span> <span class='ocrx_word' id='word_1_288' title='bbox 1382 2329 1469 2385; x_wconf 84' lang='lat' dir='ltr'><strong>die</strong></span> <span class='ocrx_word' id='word_1_289' title='bbox 1497 2345 1555 2384; x_wconf 88' lang='lat' dir='ltr'><strong>se</strong></span> <span class='ocrx_word' id='word_1_290' title='bbox 1587 2330 1714 2384; x_wconf 89' lang='lat' dir='ltr'><strong>inde</strong></span> <span class='ocrx_word' id='word_1_291' title='bbox 1756 2330 2065 2399; x_wconf 86' lang='lat' dir='ltr'><strong>proripiens</strong></span> 
     </span>
    </p>
   </div>
   <div class='ocr_carea' id='block_1_41' title="bbox 463 2420 2063 2491">
    <p class='ocr_par' dir='ltr' id='par_1_41' title="bbox 463 2420 2063 2491">
     <span class='ocr_line' id='line_1_41' title="bbox 463 2420 2063 2491; baseline -0.001 -14"><span class='ocrx_word' id='word_1_292' title='bbox 463 2438 584 2477; x_wconf 90' lang='lat' dir='ltr'><strong>cum</strong></span> <span class='ocrx_word' id='word_1_293' title='bbox 620 2434 906 2477; x_wconf 86' lang='lat' dir='ltr'><strong>revertens</strong></span> <span class='ocrx_word' id='word_1_294' title='bbox 945 2421 999 2477; x_wconf 91' lang='lat' dir='ltr'><strong>in</strong></span> <span class='ocrx_word' id='word_1_295' title='bbox 1040 2422 1123 2477; x_wconf 89' lang='lat' dir='ltr'><strong>via</strong></span> <span class='ocrx_word' id='word_1_296' title='bbox 1159 2430 1387 2477; x_wconf 69' lang='lat' dir='ltr'><strong>moestus</strong></span> <span class='ocrx_word' id='word_1_297' title='bbox 1427 2422 1840 2491; x_wconf 88' lang='lat' dir='ltr'><strong>ingemisceret,</strong></span> <span class='ocrx_word' id='word_1_298' title='bbox 1892 2436 1952 2476; x_wconf 89' lang='lat' dir='ltr'><strong>se</strong></span> <span class='ocrx_word' id='word_1_299' title='bbox 1979 2420 2063 2476; x_wconf 89' lang='lat' dir='ltr'><strong>vel</strong></span> 
     </span>
    </p>
   </div>
   <div class='ocr_carea' id='block_1_42' title="bbox 464 2515 2061 2585">
    <p class='ocr_par' dir='ltr' id='par_1_42' title="bbox 464 2515 2061 2585">
     <span class='ocr_line' id='line_1_42' title="bbox 464 2515 2061 2585; baseline -0.001 -14"><span class='ocrx_word' id='word_1_300' title='bbox 464 2516 529 2571; x_wconf 88' lang='lat' dir='ltr'><strong>ad</strong></span> <span class='ocrx_word' id='word_1_301' title='bbox 589 2518 776 2570; x_wconf 90' lang='lat' dir='ltr'><strong>horam</strong></span> <span class='ocrx_word' id='word_1_302' title='bbox 829 2516 1004 2570; x_wconf 71' lang='grc' dir='ltr'><strong>ηιιχίεΒ</strong></span> <span class='ocrx_word' id='word_1_303' title='bbox 1049 2516 1417 2570; x_wconf 88' lang='lat' dir='ltr'><strong>eommttuioni</strong></span> <span class='ocrx_word' id='word_1_304' title='bbox 1466 2515 1638 2571; x_wconf 90' lang='lat' dir='ltr'><strong>fuisse</strong></span> <span class='ocrx_word' id='word_1_305' title='bbox 1687 2516 2061 2585; x_wconf 85' lang='lat' dir='ltr'><strong>permixtum;</strong></span> 
     </span>
    </p>
   </div>
   <div class='ocr_carea' id='block_1_43' title="bbox 468 2609 2062 2680">
    <p class='ocr_par' dir='ltr' id='par_1_43' title="bbox 468 2609 2062 2680">
     <span class='ocr_line' id='line_1_43' title="bbox 468 2609 2062 2680; baseline 0.001 -18"><span class='ocrx_word' id='word_1_306' title='bbox 468 2609 607 2664; x_wconf 86' lang='lat' dir='ltr'><strong>haud</strong></span> <span class='ocrx_word' id='word_1_307' title='bbox 643 2610 804 2680; x_wconf 89' lang='lat' dir='ltr'><strong>longe</strong></span> <span class='ocrx_word' id='word_1_308' title='bbox 833 2625 863 2665; x_wconf 89' lang='lat' dir='ltr'><strong>a</strong></span> <span class='ocrx_word' id='word_1_309' title='bbox 890 2614 1011 2665; x_wconf 88' lang='lat' dir='ltr'><strong>vico</strong></span> <span class='ocrx_word' id='word_1_310' title='bbox 1039 2612 1124 2664; x_wconf 90' lang='lat' dir='ltr'><strong>cui</strong></span> <span class='ocrx_word' id='word_1_311' title='bbox 1158 2625 1355 2665; x_wconf 89' lang='lat' dir='ltr'><strong>nomen</strong></span> <span class='ocrx_word' id='word_1_312' title='bbox 1385 2620 1468 2664; x_wconf 88' lang='lat' dir='ltr'><strong>est</strong></span> <span class='ocrx_word' id='word_1_313' title='bbox 1509 2610 1870 2664; x_wconf 79' lang='lat' dir='ltr'><strong>Andethanna</strong></span> <span class='ocrx_word' id='word_1_314' title='bbox 1896 2651 1909 2673; x_wconf 95' lang='lat'><strong>,</strong></span> <span class='ocrx_word' id='word_1_315' title='bbox 1958 2622 2062 2679; x_wconf 83' lang='lat' dir='ltr'><strong>qua</strong></span> 
     </span>
    </p>
   </div>
   <div class='ocr_carea' id='block_1_44' title="bbox 466 2702 2066 2771">
    <p class='ocr_par' dir='ltr' id='par_1_44' title="bbox 466 2702 2066 2771">
     <span class='ocr_line' id='line_1_44' title="bbox 466 2702 2066 2771; baseline 0.001 -16"><span class='ocrx_word' id='word_1_316' title='bbox 466 2710 646 2757; x_wconf 84' lang='lat' dir='ltr'><strong>vastas</strong></span> <span class='ocrx_word' id='word_1_317' title='bbox 687 2702 1009 2757; x_wconf 89' lang='lat' dir='ltr'><strong>solitudines</strong></span> <span class='ocrx_word' id='word_1_318' title='bbox 1040 2702 1304 2756; x_wconf 74' lang='lat' dir='ltr'><strong>silvarum</strong></span> <span class='ocrx_word' id='word_1_319' title='bbox 1333 2710 1543 2757; x_wconf 89' lang='lat' dir='ltr'><strong>secreta</strong></span> <span class='ocrx_word' id='word_1_320' title='bbox 1574 2704 1885 2771; x_wconf 88' lang='lat' dir='ltr'><strong>patiuntur,</strong></span> <span class='ocrx_word' id='word_1_321' title='bbox 1930 2716 2066 2770; x_wconf 58' lang='lat' dir='ltr'><strong>pra“—</strong></span> 
     </span>
    </p>
   </div>
   <div class='ocr_carea' id='block_1_45' title="bbox 465 2793 2063 2865">
    <p class='ocr_par' dir='ltr' id='par_1_45' title="bbox 465 2793 2063 2865">
     <span class='ocr_line' id='line_1_45' title="bbox 465 2793 2063 2865; baseline 0.001 -19"><span class='ocrx_word' id='word_1_322' title='bbox 465 2796 670 2865; x_wconf 74' lang='lat' dir='ltr'><strong>gressis</strong></span> <span class='ocrx_word' id='word_1_323' title='bbox 714 2795 991 2863; x_wconf 88' lang='lat' dir='ltr'><strong>paululum</strong></span> <span class='ocrx_word' id='word_1_324' title='bbox 1040 2794 1331 2849; x_wconf 89' lang='lat' dir='ltr'><strong>comitibus</strong></span> <span class='ocrx_word' id='word_1_325' title='bbox 1385 2794 1473 2848; x_wconf 90' lang='lat' dir='ltr'><strong>ille</strong></span> <span class='ocrx_word' id='word_1_326' title='bbox 1513 2793 1801 2858; x_wconf 85' lang='lat' dir='ltr'><strong>subsedit,</strong></span> <span class='ocrx_word' id='word_1_327' title='bbox 1844 2808 2063 2848; x_wconf 77' lang='lat' dir='ltr'><strong>causam</strong></span> 
     </span>
    </p>
   </div>
   <div class='ocr_carea' id='block_1_46' title="bbox 462 2886 2066 2944">
    <p class='ocr_par' dir='ltr' id='par_1_46' title="bbox 462 2886 2066 2944">
     <span class='ocr_line' id='line_1_46' title="bbox 462 2886 2066 2944; baseline 0.001 -3"><span class='ocrx_word' id='word_1_328' title='bbox 462 2888 667 2942; x_wconf 85' lang='lat' dir='ltr'><strong>doloris</strong></span> <span class='ocrx_word' id='word_1_329' title='bbox 693 2896 749 2941; x_wconf 82' lang='lat' dir='ltr'><strong>et</strong></span> <span class='ocrx_word' id='word_1_330' title='bbox 787 2886 911 2941; x_wconf 89' lang='lat' dir='ltr'><strong>facti</strong></span> <span class='ocrx_word' id='word_1_331' title='bbox 937 2896 1229 2942; x_wconf 81' lang='lat' dir='ltr'><strong>accuSante</strong></span> <span class='ocrx_word' id='word_1_332' title='bbox 1254 2902 1318 2942; x_wconf 87' lang='lat' dir='ltr'><strong>ac</strong></span> <span class='ocrx_word' id='word_1_333' title='bbox 1336 2886 1667 2943; x_wconf 82' lang='lat' dir='ltr'><strong>defendente</strong></span> <span class='ocrx_word' id='word_1_334' title='bbox 1695 2886 1929 2941; x_wconf 88' lang='lat' dir='ltr'><strong>invicem</strong></span> <span class='ocrx_word' id='word_1_335' title='bbox 1974 2902 2066 2944; x_wconf 91' lang='lat' dir='ltr'><strong>co-</strong></span> 
     </span>
    </p>
   </div>
   <div class='ocr_carea' id='block_1_47' title="bbox 467 2980 2063 3050">
    <p class='ocr_par' dir='ltr' id='par_1_47' title="bbox 467 2980 2063 3050">
     <span class='ocr_line' id='line_1_47' title="bbox 467 2980 2063 3050; baseline 0.001 -17"><span class='ocrx_word' id='word_1_336' title='bbox 467 2981 731 3049; x_wconf 87' lang='lat' dir='ltr'><strong>gitatione</strong></span> <span class='ocrx_word' id='word_1_337' title='bbox 782 2982 1124 3049; x_wconf 71' lang='lat' dir='ltr'><strong>pervolvvns.</strong></span> <span class='ocrx_word' id='word_1_338' title='bbox 1172 2981 1357 3035; x_wconf 82' lang='lat' dir='ltr'><strong>Astitit</strong></span> <span class='ocrx_word' id='word_1_339' title='bbox 1410 2980 1460 3035; x_wconf 89' lang='lat' dir='ltr'><strong>ei</strong></span> <span class='ocrx_word' id='word_1_340' title='bbox 1518 2990 1743 3049; x_wconf 89' lang='lat' dir='ltr'><strong>repente</strong></span> <span class='ocrx_word' id='word_1_341' title='bbox 1790 2980 2063 3050; x_wconf 83' lang='lat' dir='ltr'><strong>angelus:</strong></span> 
     </span>
    </p>
   </div>
   <div class='ocr_carea' id='block_1_48' title="bbox 2166 1778 3762 1852">
    <p class='ocr_par' dir='ltr' id='par_1_48' title="bbox 2166 1778 3762 1852">
     <span class='ocr_line' id='line_1_48' title="bbox 2166 1778 3762 1852; baseline -0.001 -15"><span class='ocrx_word' id='word_1_342' title='bbox 2166 1782 2371 1848; x_wconf 90' lang='lat' dir='ltr'><strong>racula,</strong></span> <span class='ocrx_word' id='word_1_343' title='bbox 2399 1798 2521 1852; x_wconf 70' lang='lat' dir='ltr'><strong>qua:</strong></span> <span class='ocrx_word' id='word_1_344' title='bbox 2543 1780 2753 1836; x_wconf 79' lang='lat' dir='ltr'><strong>facilius</strong></span> <span class='ocrx_word' id='word_1_345' title='bbox 2769 1780 3025 1835; x_wconf 85' lang='lat' dir='ltr'><strong>admirari</strong></span> <span class='ocrx_word' id='word_1_346' title='bbox 3049 1794 3337 1851; x_wconf 81' lang='lat' dir='ltr'><strong>possumus</strong></span> <span class='ocrx_word' id='word_1_347' title='bbox 3359 1796 3517 1850; x_wconf 90' lang='lat' dir='ltr'><strong>quam</strong></span> <span class='ocrx_word' id='word_1_348' title='bbox 3534 1778 3762 1836; x_wconf 85' lang='lat' dir='ltr'><strong>referre.</strong></span> 
     </span>
    </p>
   </div>
   <div class='ocr_carea' id='block_1_49' title="bbox 2165 1876 3763 1949">
    <p class='ocr_par' dir='ltr' id='par_1_49' title="bbox 2165 1876 3763 1949">
     <span class='ocr_line' id='line_1_49' title="bbox 2165 1876 3763 1949; baseline 0.001 -16"><span class='ocrx_word' id='word_1_349' title='bbox 2165 1878 2473 1949; x_wconf 87' lang='lat' dir='ltr'><strong>Agnoscitis</strong></span> <span class='ocrx_word' id='word_1_350' title='bbox 2522 1876 2764 1948; x_wconf 85' lang='lat' dir='ltr'><strong>profecto</strong></span> <span class='ocrx_word' id='word_1_351' title='bbox 2804 1878 2949 1948; x_wconf 90' lang='lat' dir='ltr'><strong>quod</strong></span> <span class='ocrx_word' id='word_1_352' title='bbox 3000 1877 3170 1934; x_wconf 89' lang='lat' dir='ltr'><strong>dico:</strong></span> <span class='ocrx_word' id='word_1_353' title='bbox 3219 1879 3383 1933; x_wconf 88' lang='lat' dir='ltr'><strong>multa</strong></span> <span class='ocrx_word' id='word_1_354' title='bbox 3439 1888 3566 1933; x_wconf 88' lang='lat' dir='ltr'><strong>sunt</strong></span> <span class='ocrx_word' id='word_1_355' title='bbox 3611 1878 3763 1935; x_wconf 84' lang='lat' dir='ltr'><strong>illius</strong></span> 
     </span>
    </p>
   </div>
   <div class='ocr_carea' id='block_1_50' title="bbox 2163 1971 3765 2043">
    <p class='ocr_par' dir='ltr' id='par_1_50' title="bbox 2163 1971 3765 2043">
     <span class='ocr_line' id='line_1_50' title="bbox 2163 1971 3765 2043; baseline 0.001 -17"><span class='ocrx_word' id='word_1_356' title='bbox 2163 1988 2285 2043; x_wconf 73' lang='lat' dir='ltr'><strong>quae</strong></span> <span class='ocrx_word' id='word_1_357' title='bbox 2336 1987 2443 2025; x_wconf 93' lang='lat' dir='ltr'><strong>uon</strong></span> <span class='ocrx_word' id='word_1_358' title='bbox 2488 1981 2692 2041; x_wconf 90' lang='lat' dir='ltr'><strong>queunt</strong></span> <span class='ocrx_word' id='word_1_359' title='bbox 2737 1971 3039 2043; x_wconf 87' lang='lat' dir='ltr'><strong>explicari:</strong></span> <span class='ocrx_word' id='word_1_360' title='bbox 3079 1971 3248 2027; x_wconf 89' lang='lat' dir='ltr'><strong>veluti</strong></span> <span class='ocrx_word' id='word_1_361' title='bbox 3279 1971 3422 2026; x_wconf 89' lang='lat' dir='ltr'><strong>istud</strong></span> <span class='ocrx_word' id='word_1_362' title='bbox 3470 1971 3765 2041; x_wconf 86' lang='lat' dir='ltr'><strong>est,quod</strong></span> 
     </span>
    </p>
   </div>
   <div class='ocr_carea' id='block_1_51' title="bbox 2166 2063 3765 2135">
    <p class='ocr_par' dir='ltr' id='par_1_51' title="bbox 2166 2063 3765 2135">
     <span class='ocr_line' id='line_1_51' title="bbox 2166 2063 3765 2135; baseline 0.001 -17"><span class='ocrx_word' id='word_1_363' title='bbox 2166 2064 2352 2119; x_wconf 80' lang='lat' dir='ltr'><strong>nescio</strong></span> <span class='ocrx_word' id='word_1_364' title='bbox 2378 2079 2446 2119; x_wconf 88' lang='lat' dir='ltr'><strong>an</strong></span> <span class='ocrx_word' id='word_1_365' title='bbox 2477 2063 2575 2127; x_wconf 89' lang='lat' dir='ltr'><strong>ita,</strong></span> <span class='ocrx_word' id='word_1_366' title='bbox 2612 2074 2669 2117; x_wconf 90' lang='lat' dir='ltr'><strong>ut</strong></span> <span class='ocrx_word' id='word_1_367' title='bbox 2698 2072 2911 2133; x_wconf 80' lang='lat' dir='ltr'><strong>gestum</strong></span> <span class='ocrx_word' id='word_1_368' title='bbox 2942 2073 3067 2129; x_wconf 91' lang='lat' dir='ltr'><strong>est,</strong></span> <span class='ocrx_word' id='word_1_369' title='bbox 3098 2079 3127 2118; x_wconf 90' lang='lat' dir='ltr'><strong>a</strong></span> <span class='ocrx_word' id='word_1_370' title='bbox 3159 2064 3317 2120; x_wconf 88' lang='lat' dir='ltr'><strong>nobis</strong></span> <span class='ocrx_word' id='word_1_371' title='bbox 3346 2066 3516 2135; x_wconf 87' lang='lat' dir='ltr'><strong>possit</strong></span> <span class='ocrx_word' id='word_1_372' title='bbox 3541 2065 3765 2134; x_wconf 79' lang='lat' dir='ltr'><strong>exponi.</strong></span> 
     </span>
    </p>
   </div>
   <div class='ocr_carea' id='block_1_52' title="bbox 2164 2155 3769 2227">
    <p class='ocr_par' dir='ltr' id='par_1_52' title="bbox 2164 2155 3769 2227">
     <span class='ocr_line' id='line_1_52' title="bbox 2164 2155 3769 2227; baseline 0.002 -18"><span class='ocrx_word' id='word_1_373' title='bbox 2164 2155 2395 2222; x_wconf 83' lang='lat' dir='ltr'><strong>Quidam</strong></span> <span class='ocrx_word' id='word_1_374' title='bbox 2436 2170 2467 2211; x_wconf 93' lang='lat' dir='ltr'><strong>e</strong></span> <span class='ocrx_word' id='word_1_375' title='bbox 2507 2156 2768 2210; x_wconf 80' lang='lat' dir='ltr'><strong>fratribus</strong></span> <span class='ocrx_word' id='word_1_376' title='bbox 2797 2156 3020 2225; x_wconf 90' lang='lat' dir='ltr'><strong>(nomen</strong></span> <span class='ocrx_word' id='word_1_377' title='bbox 3053 2173 3163 2211; x_wconf 91' lang='lat' dir='ltr'><strong>non</strong></span> <span class='ocrx_word' id='word_1_378' title='bbox 3208 2156 3501 2227; x_wconf 87' lang='lat' dir='ltr'><strong>ignoratis;</strong></span> <span class='ocrx_word' id='word_1_379' title='bbox 3536 2156 3630 2211; x_wconf 81' lang='lat' dir='ltr'><strong>sed</strong></span> <span class='ocrx_word' id='word_1_380' title='bbox 3680 2171 3769 2212; x_wconf 82' lang='lat' dir='ltr'><strong>ce-</strong></span> 
     </span>
    </p>
   </div>
   <div class='ocr_carea' id='block_1_53' title="bbox 2165 2248 3771 2317">
    <p class='ocr_par' dir='ltr' id='par_1_53' title="bbox 2165 2248 3771 2317">
     <span class='ocr_line' id='line_1_53' title="bbox 2165 2248 3771 2317; baseline 0.002 -16"><span class='ocrx_word' id='word_1_381' title='bbox 2165 2248 2325 2303; x_wconf 90' lang='lat' dir='ltr'><strong>landa</strong></span> <span class='ocrx_word' id='word_1_382' title='bbox 2354 2262 2585 2317; x_wconf 88' lang='lat' dir='ltr'><strong>persona</strong></span> <span class='ocrx_word' id='word_1_383' title='bbox 2610 2258 2713 2312; x_wconf 87' lang='lat' dir='ltr'><strong>est,</strong></span> <span class='ocrx_word' id='word_1_384' title='bbox 2751 2263 2819 2302; x_wconf 91' lang='lat' dir='ltr'><strong>ne</strong></span> <span class='ocrx_word' id='word_1_385' title='bbox 2847 2257 3037 2303; x_wconf 89' lang='lat' dir='ltr'><strong>sancto</strong></span> <span class='ocrx_word' id='word_1_386' title='bbox 3064 2250 3179 2303; x_wconf 92' lang='lat' dir='ltr'><strong>viro</strong></span> <span class='ocrx_word' id='word_1_387' title='bbox 3207 2248 3589 2304; x_wconf 86' lang='lat' dir='ltr'><strong>verecundiam</strong></span> <span class='ocrx_word' id='word_1_388' title='bbox 3629 2249 3771 2304; x_wconf 83' lang='lat' dir='ltr'><strong>fece-</strong></span> 
     </span>
    </p>
   </div>
   <div class='ocr_carea' id='block_1_54' title="bbox 2167 2338 3770 2409">
    <p class='ocr_par' dir='ltr' id='par_1_54' title="bbox 2167 2338 3770 2409">
     <span class='ocr_line' id='line_1_54' title="bbox 2167 2338 3770 2409; baseline 0.001 -16"><span class='ocrx_word' id='word_1_389' title='bbox 2167 2339 2381 2409; x_wconf 84' lang='lat' dir='ltr'><strong>rimus),</strong></span> <span class='ocrx_word' id='word_1_390' title='bbox 2404 2340 2623 2408; x_wconf 90' lang='lat' dir='ltr'><strong>quidam</strong></span> <span class='ocrx_word' id='word_1_391' title='bbox 2650 2355 2780 2408; x_wconf 81' lang='lat' dir='ltr'><strong>ergo</strong></span> <span class='ocrx_word' id='word_1_392' title='bbox 2804 2354 2924 2394; x_wconf 89' lang='lat' dir='ltr'><strong>cum</strong></span> <span class='ocrx_word' id='word_1_393' title='bbox 2955 2339 3020 2393; x_wconf 91' lang='lat' dir='ltr'><strong>ad</strong></span> <span class='ocrx_word' id='word_1_394' title='bbox 3046 2338 3382 2395; x_wconf 85' lang='lat' dir='ltr'><strong>fornaculam</strong></span> <span class='ocrx_word' id='word_1_395' title='bbox 3405 2340 3549 2394; x_wconf 84' lang='lat' dir='ltr'><strong>illius</strong></span> <span class='ocrx_word' id='word_1_396' title='bbox 3576 2340 3770 2395; x_wconf 89' lang='lat' dir='ltr'><strong>carbo-</strong></span> 
     </span>
    </p>
   </div>
   <div class='ocr_carea' id='block_1_55' title="bbox 2168 2434 3765 2505">
    <p class='ocr_par' dir='ltr' id='par_1_55' title="bbox 2168 2434 3765 2505">
     <span class='ocr_line' id='line_1_55' title="bbox 2168 2434 3765 2505; baseline 0 -15"><span class='ocrx_word' id='word_1_397' title='bbox 2168 2451 2295 2490; x_wconf 90' lang='lat' dir='ltr'><strong>num</strong></span> <span class='ocrx_word' id='word_1_398' title='bbox 2341 2436 2552 2505; x_wconf 86' lang='lat' dir='ltr'><strong>copiam</strong></span> <span class='ocrx_word' id='word_1_399' title='bbox 2600 2435 2933 2503; x_wconf 80' lang='lat' dir='ltr'><strong>reperisset,</strong></span> <span class='ocrx_word' id='word_1_400' title='bbox 2980 2444 3033 2488; x_wconf 93' lang='lat' dir='ltr'><strong>et</strong></span> <span class='ocrx_word' id='word_1_401' title='bbox 3060 2434 3277 2489; x_wconf 84' lang='lat' dir='ltr'><strong>admota</strong></span> <span class='ocrx_word' id='word_1_402' title='bbox 3321 2434 3427 2489; x_wconf 91' lang='lat' dir='ltr'><strong>sibi</strong></span> <span class='ocrx_word' id='word_1_403' title='bbox 3454 2434 3646 2489; x_wconf 88' lang='lat' dir='ltr'><strong>sellula</strong></span> <span class='ocrx_word' id='word_1_404' title='bbox 3674 2434 3765 2490; x_wconf 83' lang='lat' dir='ltr'><strong>di-</strong></span> 
     </span>
    </p>
   </div>
   <div class='ocr_carea' id='block_1_56' title="bbox 2170 2524 3769 2597">
    <p class='ocr_par' dir='ltr' id='par_1_56' title="bbox 2170 2524 3769 2597">
     <span class='ocr_line' id='line_1_56' title="bbox 2170 2524 3769 2597; baseline 0 -16"><span class='ocrx_word' id='word_1_405' title='bbox 2170 2528 2429 2583; x_wconf 89' lang='lat' dir='ltr'><strong>varicatis</strong></span> <span class='ocrx_word' id='word_1_406' title='bbox 2460 2528 2686 2597; x_wconf 86' lang='lat' dir='ltr'><strong>pedibus</strong></span> <span class='ocrx_word' id='word_1_407' title='bbox 2726 2542 2891 2594; x_wconf 58' lang='lat' dir='ltr'><strong>super</strong></span> <span class='ocrx_word' id='word_1_408' title='bbox 2921 2526 3099 2595; x_wconf 87' lang='lat' dir='ltr'><strong>ignem</strong></span> <span class='ocrx_word' id='word_1_409' title='bbox 3132 2526 3283 2580; x_wconf 88' lang='lat' dir='ltr'><strong>illunt</strong></span> <span class='ocrx_word' id='word_1_410' title='bbox 3316 2525 3519 2580; x_wconf 90' lang='lat' dir='ltr'><strong>nudato</strong></span> <span class='ocrx_word' id='word_1_411' title='bbox 3548 2524 3769 2595; x_wconf 89' lang='lat' dir='ltr'><strong>inguine</strong></span> 
     </span>
    </p>
   </div>
   <div class='ocr_carea' id='block_1_57' title="bbox 2170 2620 3769 2691">
    <p class='ocr_par' dir='ltr' id='par_1_57' title="bbox 2170 2620 3769 2691">
     <span class='ocr_line' id='line_1_57' title="bbox 2170 2620 3769 2691; baseline 0.001 -14"><span class='ocrx_word' id='word_1_412' title='bbox 2170 2623 2465 2685; x_wconf 87' lang='lat' dir='ltr'><strong>resideret;</strong></span> <span class='ocrx_word' id='word_1_413' title='bbox 2500 2620 2763 2677; x_wconf 86' lang='lat' dir='ltr'><strong>continuo</strong></span> <span class='ocrx_word' id='word_1_414' title='bbox 2810 2621 3074 2677; x_wconf 84' lang='lat' dir='ltr'><strong>Martinus</strong></span> <span class='ocrx_word' id='word_1_415' title='bbox 3118 2621 3315 2676; x_wconf 86' lang='lat' dir='ltr'><strong>factam</strong></span> <span class='ocrx_word' id='word_1_416' title='bbox 3356 2636 3514 2677; x_wconf 90' lang='lat' dir='ltr'><strong>sacro</strong></span> <span class='ocrx_word' id='word_1_417' title='bbox 3546 2621 3769 2691; x_wconf 86' lang='lat' dir='ltr'><strong>tegmini</strong></span> 
     </span>
    </p>
   </div>
   <div class='ocr_carea' id='block_1_58' title="bbox 2169 2714 3769 2787">
    <p class='ocr_par' dir='ltr' id='par_1_58' title="bbox 2169 2714 3769 2787">
     <span class='ocr_line' id='line_1_58' title="bbox 2169 2714 3769 2787; baseline 0.001 -18"><span class='ocrx_word' id='word_1_418' title='bbox 2169 2716 2342 2770; x_wconf 78' lang='lat' dir='ltr'><strong>sensit</strong></span> <span class='ocrx_word' id='word_1_419' title='bbox 2371 2716 2647 2786; x_wconf 70' lang='lat' dir='ltr'><strong>iniuriam,</strong></span> <span class='ocrx_word' id='word_1_420' title='bbox 2678 2730 2873 2785; x_wconf 89' lang='lat' dir='ltr'><strong>magna</strong></span> <span class='ocrx_word' id='word_1_421' title='bbox 2904 2730 3041 2770; x_wconf 88' lang='lat' dir='ltr'><strong>voce</strong></span> <span class='ocrx_word' id='word_1_422' title='bbox 3083 2716 3425 2783; x_wconf 73' lang='lat' dir='ltr'><strong>proclamans</strong></span> <span class='ocrx_word' id='word_1_423' title='bbox 3450 2732 3462 2769; x_wconf 88' lang='lat'><strong>:</strong></span> <span class='ocrx_word' id='word_1_424' title='bbox 3487 2714 3617 2783; x_wconf 87' lang='lat' dir='ltr'><strong>Quis</strong></span> <span class='ocrx_word' id='word_1_425' title='bbox 3644 2714 3769 2787; x_wconf 80' lang='lat' dir='ltr'><strong>[iu-</strong></span> 
     </span>
    </p>
   </div>
   <div class='ocr_carea' id='block_1_59' title="bbox 2168 2808 3768 2881">
    <p class='ocr_par' dir='ltr' id='par_1_59' title="bbox 2168 2808 3768 2881">
     <span class='ocr_line' id='line_1_59' title="bbox 2168 2808 3768 2881; baseline 0.001 -18"><span class='ocrx_word' id='word_1_426' title='bbox 2168 2808 2322 2881; x_wconf 89' lang='lat' dir='ltr'><strong>quit]</strong></span> <span class='ocrx_word' id='word_1_427' title='bbox 2354 2810 2557 2865; x_wconf 90' lang='lat' dir='ltr'><strong>nudato</strong></span> <span class='ocrx_word' id='word_1_428' title='bbox 2584 2810 2806 2881; x_wconf 85' lang='lat' dir='ltr'><strong>inguine</strong></span> <span class='ocrx_word' id='word_1_429' title='bbox 2838 2821 3080 2864; x_wconf 89' lang='lat' dir='ltr'><strong>nostrum</strong></span> <span class='ocrx_word' id='word_1_430' title='bbox 3110 2809 3342 2865; x_wconf 87' lang='lat' dir='ltr'><strong>incestat</strong></span> <span class='ocrx_word' id='word_1_431' title='bbox 3373 2809 3768 2866; x_wconf 79' lang='lat' dir='ltr'><strong>habitaculum?</strong></span> 
     </span>
    </p>
   </div>
   <div class='ocr_carea' id='block_1_60' title="bbox 2173 2900 3770 2972">
    <p class='ocr_par' dir='ltr' id='par_1_60' title="bbox 2173 2900 3770 2972">
     <span class='ocr_line' id='line_1_60' title="bbox 2173 2900 3770 2972; baseline 0.002 -17"><span class='ocrx_word' id='word_1_432' title='bbox 2173 2903 2284 2956; x_wconf 92' lang='lat' dir='ltr'><strong>lloc</strong></span> <span class='ocrx_word' id='word_1_433' title='bbox 2317 2903 2402 2955; x_wconf 92' lang='lat' dir='ltr'><strong>ubi</strong></span> <span class='ocrx_word' id='word_1_434' title='bbox 2437 2901 2525 2956; x_wconf 90' lang='lat' dir='ltr'><strong>ille</strong></span> <span class='ocrx_word' id='word_1_435' title='bbox 2556 2900 2723 2956; x_wconf 86' lang='lat' dir='ltr'><strong>frater</strong></span> <span class='ocrx_word' id='word_1_436' title='bbox 2751 2900 2981 2963; x_wconf 85' lang='lat' dir='ltr'><strong>audivit.</strong></span> <span class='ocrx_word' id='word_1_437' title='bbox 3031 2912 3083 2957; x_wconf 93' lang='lat' dir='ltr'><strong>et</strong></span> <span class='ocrx_word' id='word_1_438' title='bbox 3126 2916 3193 2957; x_wconf 89' lang='lat' dir='ltr'><strong>ex</strong></span> <span class='ocrx_word' id='word_1_439' title='bbox 3242 2901 3577 2957; x_wconf 88' lang='lat' dir='ltr'><strong>conscientia</strong></span> <span class='ocrx_word' id='word_1_440' title='bbox 3622 2902 3770 2972; x_wconf 90' lang='lat' dir='ltr'><strong>quod</strong></span> 
     </span>
    </p>
   </div>
   <div class='ocr_carea' id='block_1_61' title="bbox 2171 2993 3770 3063">
    <p class='ocr_par' dir='ltr' id='par_1_61' title="bbox 2171 2993 3770 3063">
     <span class='ocr_line' id='line_1_61' title="bbox 2171 2993 3770 3063; baseline 0.001 -15"><span class='ocrx_word' id='word_1_441' title='bbox 2171 2993 2553 3063; x_wconf 86' lang='lat' dir='ltr'><strong>increpabatur</strong></span> <span class='ocrx_word' id='word_1_442' title='bbox 2600 2994 2867 3063; x_wconf 84' lang='lat' dir='ltr'><strong>agnovit;</strong></span> <span class='ocrx_word' id='word_1_443' title='bbox 2932 2994 3191 3049; x_wconf 89' lang='lat' dir='ltr'><strong>continuo</strong></span> <span class='ocrx_word' id='word_1_444' title='bbox 3251 2994 3316 3047; x_wconf 88' lang='lat' dir='ltr'><strong>ad</strong></span> <span class='ocrx_word' id='word_1_445' title='bbox 3372 3008 3470 3048; x_wconf 91' lang='lat' dir='ltr'><strong>nos</strong></span> <span class='ocrx_word' id='word_1_446' title='bbox 3530 2994 3770 3049; x_wconf 85' lang='lat' dir='ltr'><strong>cucurrit</strong></span> 
     </span>
    </p>
   </div>
   <div class='ocr_carea' id='block_1_62' title="bbox 468 3072 2079 3156">
    <p class='ocr_par' dir='ltr' id='par_1_62' title="bbox 468 3072 2065 3143">
     <span class='ocr_line' id='line_1_62' title="bbox 468 3072 2065 3143; baseline 0.003 -18"><span class='ocrx_word' id='word_1_447' title='bbox 468 3072 703 3137; x_wconf 84' lang='lat' dir='ltr'><strong>Merito,</strong></span> <span class='ocrx_word' id='word_1_448' title='bbox 754 3072 959 3142; x_wconf 84' lang='lat' dir='ltr'><strong>inquit,</strong></span> <span class='ocrx_word' id='word_1_449' title='bbox 1001 3073 1261 3137; x_wconf 82' lang='lat' dir='ltr'><strong>Martiae,</strong></span> <span class='ocrx_word' id='word_1_450' title='bbox 1308 3074 1726 3143; x_wconf 86' lang='lat' dir='ltr'><strong>compungeris;</strong></span> <span class='ocrx_word' id='word_1_451' title='bbox 1773 3073 1868 3127; x_wconf 92' lang='lat' dir='ltr'><strong>sed</strong></span> <span class='ocrx_word' id='word_1_452' title='bbox 1906 3074 2065 3129; x_wconf 88' lang='lat' dir='ltr'><strong>aliter</strong></span> 
     </span>
    </p>
   </div>
   <div class='ocr_carea' id='block_1_63' title="bbox 2172 3072 3768 3156">
    <p class='ocr_par' dir='ltr' id='par_1_63' title="bbox 2172 3085 3768 3156">
     <span class='ocr_line' id='line_1_63' title="bbox 2172 3085 3768 3156; baseline 0.001 -13"><span class='ocrx_word' id='word_1_453' title='bbox 2172 3088 2434 3143; x_wconf 84' lang='lat' dir='ltr'><strong>exanimis</strong></span> <span class='ocrx_word' id='word_1_454' title='bbox 2458 3130 2473 3155; x_wconf 97' lang='lat'><strong>,</strong></span> <span class='ocrx_word' id='word_1_455' title='bbox 2522 3086 2781 3156; x_wconf 90' lang='lat' dir='ltr'><strong>pudorem</strong></span> <span class='ocrx_word' id='word_1_456' title='bbox 2814 3104 2969 3144; x_wconf 92' lang='lat' dir='ltr'><strong>suum</strong></span> <span class='ocrx_word' id='word_1_457' title='bbox 3005 3104 3111 3143; x_wconf 92' lang='lat' dir='ltr'><strong>non</strong></span> <span class='ocrx_word' id='word_1_458' title='bbox 3157 3089 3274 3142; x_wconf 91' lang='lat' dir='ltr'><strong>sine</strong></span> <span class='ocrx_word' id='word_1_459' title='bbox 3320 3085 3538 3143; x_wconf 86' lang='lat' dir='ltr'><strong>Martini</strong></span> <span class='ocrx_word' id='word_1_460' title='bbox 3570 3086 3768 3144; x_wconf 87' lang='lat' dir='ltr'><strong>virtute</strong></span> 
     </span>
    </p>
   </div>
   <div class='ocr_carea' id='block_1_64' title="bbox 466 3164 2065 3234">
    <p class='ocr_par' dir='ltr' id='par_1_64' title="bbox 466 3164 2065 3234">
     <span class='ocr_line' id='line_1_64' title="bbox 466 3164 2065 3234; baseline 0.004 -18"><span class='ocrx_word' id='word_1_461' title='bbox 466 3164 623 3218; x_wconf 84' lang='lat' dir='ltr'><strong>exire</strong></span> <span class='ocrx_word' id='word_1_462' title='bbox 666 3166 933 3233; x_wconf 90' lang='lat' dir='ltr'><strong>nequisti;</strong></span> <span class='ocrx_word' id='word_1_463' title='bbox 971 3181 1161 3234; x_wconf 89' lang='lat' dir='ltr'><strong>repara</strong></span> <span class='ocrx_word' id='word_1_464' title='bbox 1204 3168 1503 3234; x_wconf 90' lang='lat' dir='ltr'><strong>virtutem,</strong></span> <span class='ocrx_word' id='word_1_465' title='bbox 1545 3182 1763 3222; x_wconf 82' lang='lat' dir='ltr'><strong>resume</strong></span> <span class='ocrx_word' id='word_1_466' title='bbox 1807 3179 2065 3223; x_wconf 82' lang='lat' dir='ltr'><strong>constan—</strong></span> 
     </span>
    </p>
   </div>
   <div class='ocr_carea' id='block_1_65' title="bbox 469 3259 2065 3329">
    <p class='ocr_par' dir='ltr' id='par_1_65' title="bbox 469 3259 2065 3329">
     <span class='ocr_line' id='line_1_65' title="bbox 469 3259 2065 3329; baseline 0.004 -19"><span class='ocrx_word' id='word_1_467' title='bbox 469 3260 627 3321; x_wconf 88' lang='lat' dir='ltr'><strong>tiam,</strong></span> <span class='ocrx_word' id='word_1_468' title='bbox 660 3275 726 3312; x_wconf 91' lang='lat' dir='ltr'><strong>ne</strong></span> <span class='ocrx_word' id='word_1_469' title='bbox 750 3259 860 3328; x_wconf 89' lang='lat' dir='ltr'><strong>jam</strong></span> <span class='ocrx_word' id='word_1_470' title='bbox 894 3276 998 3313; x_wconf 92' lang='lat' dir='ltr'><strong>nou</strong></span> <span class='ocrx_word' id='word_1_471' title='bbox 1046 3261 1345 3329; x_wconf 88' lang='lat' dir='ltr'><strong>periculum</strong></span> <span class='ocrx_word' id='word_1_472' title='bbox 1372 3260 1581 3329; x_wconf 73' lang='lat' dir='ltr'><strong>glorite,</strong></span> <span class='ocrx_word' id='word_1_473' title='bbox 1614 3261 1707 3316; x_wconf 83' lang='lat' dir='ltr'><strong>sed</strong></span> <span class='ocrx_word' id='word_1_474' title='bbox 1755 3261 1952 3316; x_wconf 86' lang='lat' dir='ltr'><strong>salutis</strong></span> <span class='ocrx_word' id='word_1_475' title='bbox 1985 3262 2065 3317; x_wconf 86' lang='lat' dir='ltr'><strong>in-</strong></span> 
     </span>
    </p>
   </div>
   <div class='ocr_carea' id='block_1_66' title="bbox 465 3350 2065 3422">
    <p class='ocr_par' dir='ltr' id='par_1_66' title="bbox 465 3350 2065 3422">
     <span class='ocr_line' id='line_1_66' title="bbox 465 3350 2065 3422; baseline 0.004 -19"><span class='ocrx_word' id='word_1_476' title='bbox 465 3350 726 3405; x_wconf 76' lang='lat' dir='ltr'><strong>currct&#39;is.</strong></span> <span class='ocrx_word' id='word_1_477' title='bbox 758 3351 945 3420; x_wconf 86' lang='lat' dir='ltr'><strong>Itaque</strong></span> <span class='ocrx_word' id='word_1_478' title='bbox 970 3354 1036 3407; x_wconf 91' lang='lat' dir='ltr'><strong>ab</strong></span> <span class='ocrx_word' id='word_1_479' title='bbox 1078 3353 1172 3407; x_wconf 90' lang='lat' dir='ltr'><strong>illo</strong></span> <span class='ocrx_word' id='word_1_480' title='bbox 1202 3363 1445 3422; x_wconf 85' lang='lat' dir='ltr'><strong>tempore</strong></span> <span class='ocrx_word' id='word_1_481' title='bbox 1476 3353 1607 3408; x_wconf 87' lang='lat' dir='ltr'><strong>satis</strong></span> <span class='ocrx_word' id='word_1_482' title='bbox 1635 3355 1778 3409; x_wconf 85' lang='lat' dir='ltr'><strong>cavit</strong></span> <span class='ocrx_word' id='word_1_483' title='bbox 1817 3370 1939 3409; x_wconf 89' lang='lat' dir='ltr'><strong>cum</strong></span> <span class='ocrx_word' id='word_1_484' title='bbox 1969 3354 2065 3409; x_wconf 87' lang='lat' dir='ltr'><strong>illa</strong></span> 
     </span>
    </p>
   </div>
   <div class='ocr_carea' id='block_1_67' title="bbox 469 3446 2064 3515">
    <p class='ocr_par' dir='ltr' id='par_1_67' title="bbox 469 3446 2064 3515">
     <span class='ocr_line' id='line_1_67' title="bbox 469 3446 2064 3515; baseline 0.001 -16"><span class='ocrx_word' id='word_1_485' title='bbox 469 3446 760 3501; x_wconf 74' lang='lat' dir='ltr'><strong>Illtaciattze</strong></span> <span class='ocrx_word' id='word_1_486' title='bbox 790 3448 957 3515; x_wconf 90' lang='lat' dir='ltr'><strong>partis</strong></span> <span class='ocrx_word' id='word_1_487' title='bbox 974 3448 1356 3501; x_wconf 85' lang='lat' dir='ltr'><strong>conmtuuione</strong></span> <span class='ocrx_word' id='word_1_488' title='bbox 1385 3446 1621 3502; x_wconf 83' lang='lat' dir='ltr'><strong>misceri.</strong></span> <span class='ocrx_word' id='word_1_489' title='bbox 1643 3446 1913 3501; x_wconf 66' lang='lat' dir='ltr'><strong>Ca-tt-rum</strong></span> <span class='ocrx_word' id='word_1_490' title='bbox 1941 3461 2064 3501; x_wconf 91' lang='lat' dir='ltr'><strong>cum</strong></span> 
     </span>
    </p>
   </div>
   <div class='ocr_carea' id='block_1_68' title="bbox 469 3538 2069 3609">
    <p class='ocr_par' dir='ltr' id='par_1_68' title="bbox 469 3538 2069 3609">
     <span class='ocr_line' id='line_1_68' title="bbox 469 3538 2069 3609; baseline 0.002 -18"><span class='ocrx_word' id='word_1_491' title='bbox 469 3538 733 3607; x_wconf 88' lang='lat' dir='ltr'><strong>quosdam</strong></span> <span class='ocrx_word' id='word_1_492' title='bbox 778 3556 841 3593; x_wconf 81' lang='lat' dir='ltr'><strong>ex</strong></span> <span class='ocrx_word' id='word_1_493' title='bbox 877 3541 1259 3608; x_wconf 73' lang='lat' dir='ltr'><strong>energumouis</strong></span> <span class='ocrx_word' id='word_1_494' title='bbox 1309 3541 1511 3593; x_wconf 82' lang='lat' dir='ltr'><strong>tardius</strong></span> <span class='ocrx_word' id='word_1_495' title='bbox 1544 3557 1707 3609; x_wconf 80' lang='lat' dir='ltr'><strong>quam</strong></span> <span class='ocrx_word' id='word_1_496' title='bbox 1741 3540 1953 3595; x_wconf 82' lang='lat' dir='ltr'><strong>solebat</strong></span> <span class='ocrx_word' id='word_1_497' title='bbox 2010 3549 2069 3595; x_wconf 85' lang='lat' dir='ltr'><strong>et</strong></span> 
     </span>
    </p>
   </div>
   <div class='ocr_carea' id='block_1_69' title="bbox 468 3632 2068 3703">
    <p class='ocr_par' dir='ltr' id='par_1_69' title="bbox 468 3632 2068 3703">
     <span class='ocr_line' id='line_1_69' title="bbox 468 3632 2068 3703; baseline 0.003 -19"><span class='ocrx_word' id='word_1_498' title='bbox 468 3632 642 3697; x_wconf 88' lang='lat' dir='ltr'><strong>gratia</strong></span> <span class='ocrx_word' id='word_1_499' title='bbox 675 3632 883 3686; x_wconf 89' lang='lat' dir='ltr'><strong>minore</strong></span> <span class='ocrx_word' id='word_1_500' title='bbox 911 3643 1159 3698; x_wconf 86' lang='lat' dir='ltr'><strong>curaret;</strong></span> <span class='ocrx_word' id='word_1_501' title='bbox 1204 3633 1435 3687; x_wconf 85' lang='lat' dir='ltr'><strong>subinde</strong></span> <span class='ocrx_word' id='word_1_502' title='bbox 1468 3634 1626 3689; x_wconf 91' lang='lat' dir='ltr'><strong>nobis</strong></span> <span class='ocrx_word' id='word_1_503' title='bbox 1654 3650 1773 3687; x_wconf 81' lang='lat' dir='ltr'><strong>cum</strong></span> <span class='ocrx_word' id='word_1_504' title='bbox 1805 3633 2068 3703; x_wconf 86' lang='lat' dir='ltr'><strong>lacrymis</strong></span> 
     </span>
    </p>
   </div>
   <div class='ocr_carea' id='block_1_70' title="bbox 471 3721 2066 3795">
    <p class='ocr_par' dir='ltr' id='par_1_70' title="bbox 471 3721 2066 3795">
     <span class='ocr_line' id='line_1_70' title="bbox 471 3721 2066 3795; baseline 0.001 -18"><span class='ocrx_word' id='word_1_505' title='bbox 471 3721 760 3789; x_wconf 83' lang='lat' dir='ltr'><strong>fatebatur,</strong></span> <span class='ocrx_word' id='word_1_506' title='bbox 788 3740 846 3780; x_wconf 87' lang='lat' dir='ltr'><strong>se</strong></span> <span class='ocrx_word' id='word_1_507' title='bbox 871 3735 1092 3795; x_wconf 89' lang='lat' dir='ltr'><strong>propter</strong></span> <span class='ocrx_word' id='word_1_508' title='bbox 1117 3725 1525 3781; x_wconf 82' lang='lat' dir='ltr'><strong>communionis</strong></span> <span class='ocrx_word' id='word_1_509' title='bbox 1555 3726 1701 3781; x_wconf 88' lang='lat' dir='ltr'><strong>illius</strong></span> <span class='ocrx_word' id='word_1_510' title='bbox 1730 3725 1954 3793; x_wconf 90' lang='lat' dir='ltr'><strong>malum,</strong></span> <span class='ocrx_word' id='word_1_511' title='bbox 1977 3725 2066 3780; x_wconf 90' lang='lat' dir='ltr'><strong>cui</strong></span> 
     </span>
    </p>
   </div>
   <div class='ocr_carea' id='block_1_71' title="bbox 432 3818 2067 3891">
    <p class='ocr_par' dir='ltr' id='par_1_71' title="bbox 432 3818 2067 3891">
     <span class='ocr_line' id='line_1_71' title="bbox 432 3818 2067 3891; baseline 0.001 -20"><span class='ocrx_word' id='word_1_512' title='bbox 432 3832 527 3891; x_wconf 0' lang='lat' dir='ltr'><strong>pse</strong></span> <span class='ocrx_word' id='word_1_513' title='bbox 583 3818 667 3874; x_wconf 85' lang='lat' dir='ltr'><strong>vel</strong></span> <span class='ocrx_word' id='word_1_514' title='bbox 717 3830 918 3887; x_wconf 91' lang='lat' dir='ltr'><strong>puncto</strong></span> <span class='ocrx_word' id='word_1_515' title='bbox 966 3819 1261 3890; x_wconf 88' lang='lat' dir='ltr'><strong>temporis.</strong></span> <span class='ocrx_word' id='word_1_516' title='bbox 1312 3822 1664 3883; x_wconf 87' lang='lat' dir='ltr'><strong>necessitate,</strong></span> <span class='ocrx_word' id='word_1_517' title='bbox 1698 3836 1801 3872; x_wconf 86' lang='lat' dir='ltr'><strong>non</strong></span> <span class='ocrx_word' id='word_1_518' title='bbox 1847 3821 2067 3889; x_wconf 87' lang='lat' dir='ltr'><strong>spiritu,</strong></span> 
     </span>
    </p>
   </div>
   <div class='ocr_carea' id='block_1_72' title="bbox 474 3911 2066 3977">
    <p class='ocr_par' dir='ltr' id='par_1_72' title="bbox 474 3911 2066 3977">
     <span class='ocr_line' id='line_1_72' title="bbox 474 3911 2066 3977; baseline 0.001 -12"><span class='ocrx_word' id='word_1_519' title='bbox 474 3911 776 3967; x_wconf 61' lang='lat' dir='ltr'><strong>miscuisset</strong></span> <span class='ocrx_word' id='word_1_520' title='bbox 805 3954 818 3977; x_wconf 90' lang='lat'><strong>,</strong></span> <span class='ocrx_word' id='word_1_521' title='bbox 870 3913 1256 3967; x_wconf 88' lang='lat' dir='ltr'><strong>detrimentum</strong></span> <span class='ocrx_word' id='word_1_522' title='bbox 1290 3912 1497 3967; x_wconf 80' lang='lat' dir='ltr'><strong>sentire</strong></span> <span class='ocrx_word' id='word_1_523' title='bbox 1532 3912 1769 3965; x_wconf 89' lang='lat' dir='ltr'><strong>virtutis.</strong></span> <span class='ocrx_word' id='word_1_524' title='bbox 1814 3911 2066 3967; x_wconf 88' lang='lat' dir='ltr'><strong>Sedecim</strong></span> 
     </span>
    </p>
   </div>
   <div class='ocr_carea' id='block_1_73' title="bbox 476 4004 2070 4075">
    <p class='ocr_par' dir='ltr' id='par_1_73' title="bbox 476 4004 2070 4075">
     <span class='ocr_line' id='line_1_73' title="bbox 476 4004 2070 4075; baseline 0.001 -19"><span class='ocrx_word' id='word_1_525' title='bbox 476 4014 660 4072; x_wconf 83' lang='lat' dir='ltr'><strong>postea</strong></span> <span class='ocrx_word' id='word_1_526' title='bbox 691 4005 826 4058; x_wconf 76' lang='lat' dir='ltr'><strong>visit</strong></span> <span class='ocrx_word' id='word_1_527' title='bbox 856 4019 1030 4060; x_wconf 89' lang='lat' dir='ltr'><strong>annos</strong></span> <span class='ocrx_word' id='word_1_528' title='bbox 1058 4022 1071 4058; x_wconf 90' lang='lat'><strong>:</strong></span> <span class='ocrx_word' id='word_1_529' title='bbox 1104 4006 1306 4059; x_wconf 80' lang='lat' dir='ltr'><strong>nullum</strong></span> <span class='ocrx_word' id='word_1_530' title='bbox 1338 4006 1605 4075; x_wconf 90' lang='lat' dir='ltr'><strong>synodum</strong></span> <span class='ocrx_word' id='word_1_531' title='bbox 1635 4006 1767 4059; x_wconf 90' lang='lat' dir='ltr'><strong>adiit</strong></span> <span class='ocrx_word' id='word_1_532' title='bbox 1796 4045 1810 4071; x_wconf 90' lang='lat'><strong>,</strong></span> <span class='ocrx_word' id='word_1_533' title='bbox 1853 4004 1921 4060; x_wconf 85' lang='lat' dir='ltr'><strong>ab</strong></span> <span class='ocrx_word' id='word_1_534' title='bbox 1950 4019 2070 4059; x_wconf 91' lang='lat' dir='ltr'><strong>0m-</strong></span> 
     </span>
    </p>
   </div>
   <div class='ocr_carea' id='block_1_74' title="bbox 478 4097 1807 4166">
    <p class='ocr_par' dir='ltr' id='par_1_74' title="bbox 478 4097 1807 4166">
     <span class='ocr_line' id='line_1_74' title="bbox 478 4097 1807 4166; baseline 0.001 -18"><span class='ocrx_word' id='word_1_535' title='bbox 478 4097 638 4150; x_wconf 91' lang='lat' dir='ltr'><strong>nibus</strong></span> <span class='ocrx_word' id='word_1_536' title='bbox 668 4099 1048 4166; x_wconf 88' lang='lat' dir='ltr'><strong>episcoporum</strong></span> <span class='ocrx_word' id='word_1_537' title='bbox 1074 4098 1434 4153; x_wconf 87' lang='lat' dir='ltr'><strong>conventibus</strong></span> <span class='ocrx_word' id='word_1_538' title='bbox 1462 4112 1523 4152; x_wconf 86' lang='lat' dir='ltr'><strong>se</strong></span> <span class='ocrx_word' id='word_1_539' title='bbox 1552 4097 1807 4153; x_wconf 88' lang='lat' dir='ltr'><strong>removit.</strong></span> 
     </span>
    </p>
   </div>
   <div class='ocr_carea' id='block_1_75' title="bbox 547 4188 2069 4262">
    <p class='ocr_par' dir='ltr' id='par_1_75' title="bbox 547 4188 2069 4262">
     <span class='ocr_line' id='line_1_75' title="bbox 547 4188 2069 4262; baseline 0.002 -19"><span class='ocrx_word' id='word_1_540' title='bbox 547 4188 687 4245; x_wconf 84' lang='lat' dir='ltr'><strong>XIV.</strong></span> <span class='ocrx_word' id='word_1_541' title='bbox 720 4190 825 4246; x_wconf 88' lang='lat' dir='ltr'><strong>Sed</strong></span> <span class='ocrx_word' id='word_1_542' title='bbox 857 4191 1037 4259; x_wconf 74' lang='lat' dir='ltr'><strong>plane,</strong></span> <span class='ocrx_word' id='word_1_543' title='bbox 1069 4200 1127 4245; x_wconf 92' lang='lat' dir='ltr'><strong>ut</strong></span> <span class='ocrx_word' id='word_1_544' title='bbox 1155 4193 1362 4262; x_wconf 78' lang='lat' dir='ltr'><strong>experti</strong></span> <span class='ocrx_word' id='word_1_545' title='bbox 1392 4206 1601 4259; x_wconf 82' lang='lat' dir='ltr'><strong>sumus,</strong></span> <span class='ocrx_word' id='word_1_546' title='bbox 1636 4190 1972 4245; x_wconf 85' lang='lat' dir='ltr'><strong>imminutam</strong></span> <span class='ocrx_word' id='word_1_547' title='bbox 2002 4190 2069 4246; x_wconf 89' lang='lat' dir='ltr'><strong>ad</strong></span> 
     </span>
    </p>
   </div>
   <div class='ocr_carea' id='block_1_76' title="bbox 472 4285 2070 4357">
    <p class='ocr_par' dir='ltr' id='par_1_76' title="bbox 472 4285 2070 4357">
     <span class='ocr_line' id='line_1_76' title="bbox 472 4285 2070 4357; baseline 0.001 -17"><span class='ocrx_word' id='word_1_548' title='bbox 472 4296 687 4355; x_wconf 87' lang='lat' dir='ltr'><strong>tempus</strong></span> <span class='ocrx_word' id='word_1_549' title='bbox 725 4288 956 4356; x_wconf 75' lang='lat' dir='ltr'><strong>gratiam</strong></span> <span class='ocrx_word' id='word_1_550' title='bbox 1010 4286 1297 4357; x_wconf 86' lang='lat' dir='ltr'><strong>multiplici</strong></span> <span class='ocrx_word' id='word_1_551' title='bbox 1326 4286 1580 4343; x_wconf 89' lang='lat' dir='ltr'><strong>mercede</strong></span> <span class='ocrx_word' id='word_1_552' title='bbox 1607 4287 1901 4356; x_wconf 85' lang='lat' dir='ltr'><strong>reparavit.</strong></span> <span class='ocrx_word' id='word_1_553' title='bbox 1951 4285 2070 4342; x_wconf 86' lang='lat' dir='ltr'><strong>Vidi</strong></span> 
     </span>
    </p>
   </div>
   <div class='ocr_carea' id='block_1_77' title="bbox 476 4378 2068 4448">
    <p class='ocr_par' dir='ltr' id='par_1_77' title="bbox 476 4378 2068 4448">
     <span class='ocr_line' id='line_1_77' title="bbox 476 4378 2068 4448; baseline 0.003 -18"><span class='ocrx_word' id='word_1_554' title='bbox 476 4386 659 4447; x_wconf 78' lang='lat' dir='ltr'><strong>postea</strong></span> <span class='ocrx_word' id='word_1_555' title='bbox 690 4378 757 4433; x_wconf 87' lang='lat' dir='ltr'><strong>ad</strong></span> <span class='ocrx_word' id='word_1_556' title='bbox 804 4379 1182 4446; x_wconf 80' lang='lat' dir='ltr'><strong>pseudoforum</strong></span> <span class='ocrx_word' id='word_1_557' title='bbox 1231 4380 1546 4435; x_wconf 59' lang='lat' dir='ltr'><strong>monasterii</strong></span> <span class='ocrx_word' id='word_1_558' title='bbox 1578 4380 1747 4448; x_wconf 85' lang='lat' dir='ltr'><strong>ipsius</strong></span> <span class='ocrx_word' id='word_1_559' title='bbox 1774 4379 2068 4435; x_wconf 87' lang='lat' dir='ltr'><strong>adductum</strong></span> 
     </span>
    </p>
   </div>
   <div class='ocr_carea' id='block_1_78' title="bbox 2171 3182 2477 3237">
    <p class='ocr_par' dir='ltr' id='par_1_78' title="bbox 2171 3182 2477 3237">
     <span class='ocr_line' id='line_1_78' title="bbox 2171 3182 2477 3237; baseline -0.007 0"><span class='ocrx_word' id='word_1_560' title='bbox 2171 3182 2477 3237; x_wconf 84' lang='lat' dir='ltr'><strong>confessus.</strong></span> 
     </span>
    </p>
   </div>
   <div class='ocr_carea' id='block_1_79' title="bbox 2241 3273 3770 3345">
    <p class='ocr_par' dir='ltr' id='par_1_79' title="bbox 2241 3273 3770 3345">
     <span class='ocr_line' id='line_1_79' title="bbox 2241 3273 3770 3345; baseline -0.001 -16"><span class='ocrx_word' id='word_1_561' title='bbox 2241 3274 2356 3329; x_wconf 81' lang='lat' dir='ltr'><strong>XV.</strong></span> <span class='ocrx_word' id='word_1_562' title='bbox 2398 3275 2643 3343; x_wconf 89' lang='lat' dir='ltr'><strong>Quodam</strong></span> <span class='ocrx_word' id='word_1_563' title='bbox 2670 3275 2857 3331; x_wconf 86' lang='lat' dir='ltr'><strong>itidem</strong></span> <span class='ocrx_word' id='word_1_564' title='bbox 2887 3275 2995 3341; x_wconf 91' lang='lat' dir='ltr'><strong>die,</strong></span> <span class='ocrx_word' id='word_1_565' title='bbox 3023 3274 3151 3329; x_wconf 90' lang='lat' dir='ltr'><strong>dum</strong></span> <span class='ocrx_word' id='word_1_566' title='bbox 3182 3273 3235 3329; x_wconf 91' lang='lat' dir='ltr'><strong>in</strong></span> <span class='ocrx_word' id='word_1_567' title='bbox 3268 3288 3417 3340; x_wconf 89' lang='lat' dir='ltr'><strong>area,</strong></span> <span class='ocrx_word' id='word_1_568' title='bbox 3452 3288 3572 3345; x_wconf 75' lang='lat' dir='ltr'><strong>qua:</strong></span> <span class='ocrx_word' id='word_1_569' title='bbox 3604 3286 3770 3343; x_wconf 81' lang='lat' dir='ltr'><strong>parva</strong></span> 
     </span>
    </p>
   </div>
   <div class='ocr_carea' id='block_1_80' title="bbox 2168 3369 3772 3434">
    <p class='ocr_par' dir='ltr' id='par_1_80' title="bbox 2168 3369 3772 3434">
     <span class='ocr_line' id='line_1_80' title="bbox 2168 3369 3772 3434; baseline 0.001 -12"><span class='ocrx_word' id='word_1_570' title='bbox 2168 3370 2457 3424; x_wconf 83' lang='lat' dir='ltr'><strong>admodum</strong></span> <span class='ocrx_word' id='word_1_571' title='bbox 2489 3370 2895 3426; x_wconf 86' lang='lat' dir='ltr'><strong>tabernaculum</strong></span> <span class='ocrx_word' id='word_1_572' title='bbox 2942 3370 3089 3424; x_wconf 88' lang='lat' dir='ltr'><strong>illius</strong></span> <span class='ocrx_word' id='word_1_573' title='bbox 3118 3369 3415 3434; x_wconf 86' lang='lat' dir='ltr'><strong>ambiebat,</strong></span> <span class='ocrx_word' id='word_1_574' title='bbox 3458 3369 3509 3423; x_wconf 91' lang='lat' dir='ltr'><strong>in</strong></span> <span class='ocrx_word' id='word_1_575' title='bbox 3541 3369 3637 3423; x_wconf 89' lang='lat' dir='ltr'><strong>illo</strong></span> <span class='ocrx_word' id='word_1_576' title='bbox 3671 3381 3772 3424; x_wconf 90' lang='lat' dir='ltr'><strong>suo</strong></span> 
     </span>
    </p>
   </div>
   <div class='ocr_carea' id='block_1_81' title="bbox 2169 3461 3775 3533">
    <p class='ocr_par' dir='ltr' id='par_1_81' title="bbox 2169 3461 3775 3533">
     <span class='ocr_line' id='line_1_81' title="bbox 2169 3461 3775 3533; baseline 0.001 -18"><span class='ocrx_word' id='word_1_577' title='bbox 2169 3461 2309 3532; x_wconf 90' lang='lat' dir='ltr'><strong>quod</strong></span> <span class='ocrx_word' id='word_1_578' title='bbox 2361 3462 2531 3517; x_wconf 87' lang='lat' dir='ltr'><strong>nostis</strong></span> <span class='ocrx_word' id='word_1_579' title='bbox 2560 3476 2773 3530; x_wconf 90' lang='lat' dir='ltr'><strong>omnes,</strong></span> <span class='ocrx_word' id='word_1_580' title='bbox 2818 3462 2972 3518; x_wconf 89' lang='lat' dir='ltr'><strong>sedili</strong></span> <span class='ocrx_word' id='word_1_581' title='bbox 3030 3464 3211 3533; x_wconf 84' lang='lat' dir='ltr'><strong>ligneo</strong></span> <span class='ocrx_word' id='word_1_582' title='bbox 3259 3463 3583 3528; x_wconf 79' lang='lat' dir='ltr'><strong>resedisset,</strong></span> <span class='ocrx_word' id='word_1_583' title='bbox 3637 3463 3775 3518; x_wconf 85' lang='lat' dir='ltr'><strong>vidit</strong></span> 
     </span>
    </p>
   </div>
   <div class='ocr_carea' id='block_1_82' title="bbox 2170 3554 3772 3624">
    <p class='ocr_par' dir='ltr' id='par_1_82' title="bbox 2170 3554 3772 3624">
     <span class='ocr_line' id='line_1_82' title="bbox 2170 3554 3772 3624; baseline 0 -16"><span class='ocrx_word' id='word_1_584' title='bbox 2170 3554 2304 3610; x_wconf 87' lang='lat' dir='ltr'><strong>duos</strong></span> <span class='ocrx_word' id='word_1_585' title='bbox 2330 3554 2607 3610; x_wconf 74' lang='lat' dir='ltr'><strong>dccmones</strong></span> <span class='ocrx_word' id='word_1_586' title='bbox 2650 3555 2702 3610; x_wconf 89' lang='lat' dir='ltr'><strong>in</strong></span> <span class='ocrx_word' id='word_1_587' title='bbox 2736 3555 2954 3610; x_wconf 83' lang='lat' dir='ltr'><strong>excelsa</strong></span> <span class='ocrx_word' id='word_1_588' title='bbox 3004 3555 3097 3610; x_wconf 92' lang='lat' dir='ltr'><strong>illa</strong></span> <span class='ocrx_word' id='word_1_589' title='bbox 3130 3570 3252 3624; x_wconf 73' lang='lat' dir='ltr'><strong>qua)</strong></span> <span class='ocrx_word' id='word_1_590' title='bbox 3296 3556 3631 3609; x_wconf 78' lang='lat' dir='ltr'><strong>monasterio</strong></span> <span class='ocrx_word' id='word_1_591' title='bbox 3674 3568 3772 3608; x_wconf 84' lang='lat' dir='ltr'><strong>su-</strong></span> 
     </span>
    </p>
   </div>
   <div class='ocr_carea' id='block_1_83' title="bbox 2172 3644 3773 3715">
    <p class='ocr_par' dir='ltr' id='par_1_83' title="bbox 2172 3644 3773 3715">
     <span class='ocr_line' id='line_1_83' title="bbox 2172 3644 3773 3715; baseline 0 -14"><span class='ocrx_word' id='word_1_592' title='bbox 2172 3648 2472 3715; x_wconf 78' lang='lat' dir='ltr'><strong>pereminet</strong></span> <span class='ocrx_word' id='word_1_593' title='bbox 2522 3660 2657 3715; x_wconf 90' lang='lat' dir='ltr'><strong>rupe</strong></span> <span class='ocrx_word' id='word_1_594' title='bbox 2702 3646 3025 3711; x_wconf 89' lang='lat' dir='ltr'><strong>consistere,</strong></span> <span class='ocrx_word' id='word_1_595' title='bbox 3082 3645 3209 3701; x_wconf 89' lang='lat' dir='ltr'><strong>inde</strong></span> <span class='ocrx_word' id='word_1_596' title='bbox 3256 3646 3463 3700; x_wconf 81' lang='lat' dir='ltr'><strong>alacres</strong></span> <span class='ocrx_word' id='word_1_597' title='bbox 3512 3660 3575 3699; x_wconf 89' lang='lat' dir='ltr'><strong>ac</strong></span> <span class='ocrx_word' id='word_1_598' title='bbox 3613 3644 3773 3701; x_wconf 76' lang='lat' dir='ltr'><strong>Itetos</strong></span> 
     </span>
    </p>
   </div>
   <div class='ocr_carea' id='block_1_84' title="bbox 2170 3736 3773 3805">
    <p class='ocr_par' dir='ltr' id='par_1_84' title="bbox 2170 3736 3773 3805">
     <span class='ocr_line' id='line_1_84' title="bbox 2170 3736 3773 3805; baseline 0 -12"><span class='ocrx_word' id='word_1_599' title='bbox 2170 3754 2359 3795; x_wconf 85' lang='lat' dir='ltr'><strong>vocem</strong></span> <span class='ocrx_word' id='word_1_600' title='bbox 2394 3739 2704 3795; x_wconf 89' lang='lat' dir='ltr'><strong>istiusmodi</strong></span> <span class='ocrx_word' id='word_1_601' title='bbox 2738 3739 3139 3793; x_wconf 81' lang='lat' dir='ltr'><strong>adhortationis</strong></span> <span class='ocrx_word' id='word_1_602' title='bbox 3170 3740 3420 3793; x_wconf 85' lang='lat' dir='ltr'><strong>emittere</strong></span> <span class='ocrx_word' id='word_1_603' title='bbox 3455 3755 3467 3789; x_wconf 89' lang='lat'><strong>:</strong></span> <span class='ocrx_word' id='word_1_604' title='bbox 3517 3736 3646 3793; x_wconf 86' lang='lat' dir='ltr'><strong>lleia</strong></span> <span class='ocrx_word' id='word_1_605' title='bbox 3693 3745 3773 3805; x_wconf 89' lang='lat' dir='ltr'><strong>te,</strong></span> 
     </span>
    </p>
   </div>
   <div class='ocr_carea' id='block_1_85' title="bbox 2172 3830 3774 3898">
    <p class='ocr_par' dir='ltr' id='par_1_85' title="bbox 2172 3830 3774 3898">
     <span class='ocr_line' id='line_1_85' title="bbox 2172 3830 3774 3898; baseline -0.003 -10"><span class='ocrx_word' id='word_1_606' title='bbox 2172 3834 2410 3898; x_wconf 85' lang='lat' dir='ltr'><strong>Brictio;</strong></span> <span class='ocrx_word' id='word_1_607' title='bbox 2446 3835 2567 3887; x_wconf 90' lang='lat' dir='ltr'><strong>heia</strong></span> <span class='ocrx_word' id='word_1_608' title='bbox 2615 3843 2685 3897; x_wconf 91' lang='lat' dir='ltr'><strong>te,</strong></span> <span class='ocrx_word' id='word_1_609' title='bbox 2723 3833 2947 3887; x_wconf 84' lang='lat' dir='ltr'><strong>Brictio.</strong></span> <span class='ocrx_word' id='word_1_610' title='bbox 2979 3831 3159 3887; x_wconf 88' lang='lat' dir='ltr'><strong>Credo</strong></span> <span class='ocrx_word' id='word_1_611' title='bbox 3189 3830 3488 3886; x_wconf 87' lang='lat' dir='ltr'><strong>cernebant</strong></span> <span class='ocrx_word' id='word_1_612' title='bbox 3516 3830 3774 3884; x_wconf 87' lang='lat' dir='ltr'><strong>miserum</strong></span> 
     </span>
    </p>
   </div>
   <div class='ocr_carea' id='block_1_86' title="bbox 2171 3923 3777 3997">
    <p class='ocr_par' dir='ltr' id='par_1_86' title="bbox 2171 3923 3777 3997">
     <span class='ocr_line' id='line_1_86' title="bbox 2171 3923 3777 3997; baseline -0.001 -16"><span class='ocrx_word' id='word_1_613' title='bbox 2171 3928 2382 3981; x_wconf 91' lang='lat' dir='ltr'><strong>eminus</strong></span> <span class='ocrx_word' id='word_1_614' title='bbox 2414 3928 2874 3997; x_wconf 83' lang='lat' dir='ltr'><strong>propinquantem</strong></span> <span class='ocrx_word' id='word_1_615' title='bbox 2895 3969 2910 3993; x_wconf 93' lang='lat'><strong>,</strong></span> <span class='ocrx_word' id='word_1_616' title='bbox 2941 3927 3145 3982; x_wconf 81' lang='lat' dir='ltr'><strong>conscii</strong></span> <span class='ocrx_word' id='word_1_617' title='bbox 3170 3934 3431 3996; x_wconf 83' lang='lat' dir='ltr'><strong>quantum</strong></span> <span class='ocrx_word' id='word_1_618' title='bbox 3461 3923 3535 3979; x_wconf 88' lang='lat' dir='ltr'><strong>illi</strong></span> <span class='ocrx_word' id='word_1_619' title='bbox 3570 3925 3777 3980; x_wconf 85' lang='lat' dir='ltr'><strong>rabiem</strong></span> 
     </span>
    </p>
   </div>
   <div class='ocr_carea' id='block_1_87' title="bbox 2172 4018 3777 4086">
    <p class='ocr_par' dir='ltr' id='par_1_87' title="bbox 2172 4018 3777 4086">
     <span class='ocr_line' id='line_1_87' title="bbox 2172 4018 3777 4086; baseline 0.001 -13"><span class='ocrx_word' id='word_1_620' title='bbox 2172 4019 2394 4086; x_wconf 86' lang='lat' dir='ltr'><strong>Spiritus</strong></span> <span class='ocrx_word' id='word_1_621' title='bbox 2424 4020 2804 4074; x_wconf 87' lang='lat' dir='ltr'><strong>suscitassent.</strong></span> <span class='ocrx_word' id='word_1_622' title='bbox 2839 4020 2950 4074; x_wconf 85' lang='lat' dir='ltr'><strong>Nec</strong></span> <span class='ocrx_word' id='word_1_623' title='bbox 2982 4035 3154 4086; x_wconf 88' lang='lat' dir='ltr'><strong>mora,</strong></span> <span class='ocrx_word' id='word_1_624' title='bbox 3204 4020 3405 4074; x_wconf 84' lang='lat' dir='ltr'><strong>Brictio</strong></span> <span class='ocrx_word' id='word_1_625' title='bbox 3450 4018 3777 4074; x_wconf 83' lang='lat' dir='ltr'><strong>furibundus</strong></span> 
     </span>
    </p>
   </div>
   <div class='ocr_carea' id='block_1_88' title="bbox 2173 4110 3776 4182">
    <p class='ocr_par' dir='ltr' id='par_1_88' title="bbox 2173 4110 3776 4182">
     <span class='ocr_line' id='line_1_88' title="bbox 2173 4110 3776 4182; baseline 0.002 -19"><span class='ocrx_word' id='word_1_626' title='bbox 2173 4111 2390 4179; x_wconf 88' lang='lat' dir='ltr'><strong>irrupit,</strong></span> <span class='ocrx_word' id='word_1_627' title='bbox 2443 4111 2516 4165; x_wconf 92' lang='lat' dir='ltr'><strong>ibi</strong></span> <span class='ocrx_word' id='word_1_628' title='bbox 2572 4111 2763 4182; x_wconf 90' lang='lat' dir='ltr'><strong>plenus</strong></span> <span class='ocrx_word' id='word_1_629' title='bbox 2823 4113 3045 4167; x_wconf 71' lang='lat' dir='ltr'><strong>insaniae</strong></span> <span class='ocrx_word' id='word_1_630' title='bbox 3100 4112 3339 4167; x_wconf 88' lang='lat' dir='ltr'><strong>evomuit</strong></span> <span class='ocrx_word' id='word_1_631' title='bbox 3389 4113 3444 4166; x_wconf 91' lang='lat' dir='ltr'><strong>in</strong></span> <span class='ocrx_word' id='word_1_632' title='bbox 3490 4110 3776 4166; x_wconf 74' lang='lat' dir='ltr'><strong>Martiuum</strong></span> 
     </span>
    </p>
   </div>
   <div class='ocr_carea' id='block_1_89' title="bbox 2175 4204 3775 4275">
    <p class='ocr_par' dir='ltr' id='par_1_89' title="bbox 2175 4204 3775 4275">
     <span class='ocr_line' id='line_1_89' title="bbox 2175 4204 3775 4275; baseline 0 -18"><span class='ocrx_word' id='word_1_633' title='bbox 2175 4204 2321 4259; x_wconf 89' lang='lat' dir='ltr'><strong>mille</strong></span> <span class='ocrx_word' id='word_1_634' title='bbox 2352 4205 2616 4259; x_wconf 85' lang='lat' dir='ltr'><strong>convicia.</strong></span> <span class='ocrx_word' id='word_1_635' title='bbox 2651 4204 2980 4275; x_wconf 74' lang='lat' dir='ltr'><strong>Obiurgatus</strong></span> <span class='ocrx_word' id='word_1_636' title='bbox 3011 4205 3155 4261; x_wconf 91' lang='lat' dir='ltr'><strong>enim</strong></span> <span class='ocrx_word' id='word_1_637' title='bbox 3180 4205 3355 4274; x_wconf 87' lang='lat' dir='ltr'><strong>pridie</strong></span> <span class='ocrx_word' id='word_1_638' title='bbox 3383 4204 3451 4259; x_wconf 83' lang='lat' dir='ltr'><strong>ab</strong></span> <span class='ocrx_word' id='word_1_639' title='bbox 3481 4219 3547 4260; x_wconf 88' lang='lat' dir='ltr'><strong>eo</strong></span> <span class='ocrx_word' id='word_1_640' title='bbox 3575 4204 3775 4271; x_wconf 80' lang='lat' dir='ltr'><strong>fuerat,</strong></span> 
     </span>
    </p>
   </div>
   <div class='ocr_carea' id='block_1_90' title="bbox 2172 4296 3774 4369">
    <p class='ocr_par' dir='ltr' id='par_1_90' title="bbox 2172 4296 3774 4369">
     <span class='ocr_line' id='line_1_90' title="bbox 2172 4296 3774 4369; baseline 0.002 -20"><span class='ocrx_word' id='word_1_641' title='bbox 2172 4310 2271 4349; x_wconf 91' lang='lat' dir='ltr'><strong>cur</strong></span> <span class='ocrx_word' id='word_1_642' title='bbox 2298 4297 2386 4365; x_wconf 87' lang='lat' dir='ltr'><strong>qui</strong></span> <span class='ocrx_word' id='word_1_643' title='bbox 2412 4296 2547 4350; x_wconf 83' lang='lat' dir='ltr'><strong>nihil</strong></span> <span class='ocrx_word' id='word_1_644' title='bbox 2571 4310 2823 4365; x_wconf 90' lang='lat' dir='ltr'><strong>umquam</strong></span> <span class='ocrx_word' id='word_1_645' title='bbox 2845 4308 2972 4351; x_wconf 87' lang='lat' dir='ltr'><strong>ante</strong></span> <span class='ocrx_word' id='word_1_646' title='bbox 2997 4297 3315 4352; x_wconf 85' lang='lat' dir='ltr'><strong>clericatum</strong></span> <span class='ocrx_word' id='word_1_647' title='bbox 3348 4298 3572 4369; x_wconf 84' lang='lat' dir='ltr'><strong>(quippe</strong></span> <span class='ocrx_word' id='word_1_648' title='bbox 3602 4300 3690 4367; x_wconf 90' lang='lat' dir='ltr'><strong>qui</strong></span> <span class='ocrx_word' id='word_1_649' title='bbox 3721 4297 3774 4353; x_wconf 90' lang='lat' dir='ltr'><strong>in</strong></span> 
     </span>
    </p>
   </div>
   <div class='ocr_carea' id='block_1_91' title="bbox 2176 4389 3772 4461">
    <p class='ocr_par' dir='ltr' id='par_1_91' title="bbox 2176 4389 3772 4461">
     <span class='ocr_line' id='line_1_91' title="bbox 2176 4389 3772 4461; baseline 0 -19"><span class='ocrx_word' id='word_1_650' title='bbox 2176 4389 2507 4443; x_wconf 85' lang='lat' dir='ltr'><strong>monasterio</strong></span> <span class='ocrx_word' id='word_1_651' title='bbox 2553 4390 2623 4443; x_wconf 88' lang='lat' dir='ltr'><strong>ab</strong></span> <span class='ocrx_word' id='word_1_652' title='bbox 2672 4390 2789 4459; x_wconf 87' lang='lat' dir='ltr'><strong>ipso</strong></span> <span class='ocrx_word' id='word_1_653' title='bbox 2855 4389 3091 4445; x_wconf 79' lang='lat' dir='ltr'><strong>Martino</strong></span> <span class='ocrx_word' id='word_1_654' title='bbox 3141 4390 3406 4461; x_wconf 79' lang='lat' dir='ltr'><strong>nutritus)</strong></span> <span class='ocrx_word' id='word_1_655' title='bbox 3458 4389 3772 4455; x_wconf 85' lang='lat' dir='ltr'><strong>habuisset,</strong></span> 
     </span>
    </p>
   </div>
   <div class='ocr_carea' id='block_1_92' title="bbox 475 4466 3779 4552">
    <p class='ocr_par' dir='ltr' id='par_1_92' title="bbox 475 4466 3779 4552">
     <span class='ocr_line' id='line_1_92' title="bbox 475 4466 3779 4552; baseline 0.003 -27"><span class='ocrx_word' id='word_1_656' title='bbox 475 4486 900 4541; x_wconf 89' lang='lat' dir='ltr'><strong>energumenum</strong></span> <span class='ocrx_word' id='word_1_657' title='bbox 924 4513 937 4536; x_wconf 95' lang='lat'><strong>,</strong></span> <span class='ocrx_word' id='word_1_658' title='bbox 992 4482 1047 4526; x_wconf 90' lang='lat' dir='ltr'><strong>et</strong></span> <span class='ocrx_word' id='word_1_659' title='bbox 1103 4475 1252 4541; x_wconf 85' lang='lat' dir='ltr'><strong>prius</strong></span> <span class='ocrx_word' id='word_1_660' title='bbox 1311 4490 1471 4543; x_wconf 87' lang='lat' dir='ltr'><strong>quam</strong></span> <span class='ocrx_word' id='word_1_661' title='bbox 1530 4474 1689 4529; x_wconf 88' lang='lat' dir='ltr'><strong>limen</strong></span> <span class='ocrx_word' id='word_1_662' title='bbox 1744 4473 2069 4544; x_wconf 86' lang='lat' dir='ltr'><strong>attingeret,</strong></span> <span class='ocrx_word' id='word_1_663' title='bbox 2101 4466 2153 4527; x_wconf 85' lang='lat' dir='ltr'><strong>D</strong></span> <span class='ocrx_word' id='word_1_664' title='bbox 2178 4496 2345 4551; x_wconf 83' lang='lat' dir='ltr'><strong>equos</strong></span> <span class='ocrx_word' id='word_1_665' title='bbox 2385 4482 2599 4546; x_wconf 88' lang='lat' dir='ltr'><strong>aleret,</strong></span> <span class='ocrx_word' id='word_1_666' title='bbox 2651 4482 2919 4552; x_wconf 87' lang='lat' dir='ltr'><strong>mancipia</strong></span> <span class='ocrx_word' id='word_1_667' title='bbox 2955 4492 3340 4551; x_wconf 86' lang='lat' dir='ltr'><strong>compararet:</strong></span> <span class='ocrx_word' id='word_1_668' title='bbox 3372 4495 3494 4534; x_wconf 89' lang='lat' dir='ltr'><strong>nam</strong></span> <span class='ocrx_word' id='word_1_669' title='bbox 3529 4482 3638 4550; x_wconf 83' lang='lat' dir='ltr'><strong>jam</strong></span> <span class='ocrx_word' id='word_1_670' title='bbox 3685 4482 3779 4537; x_wconf 88' lang='lat' dir='ltr'><strong>illo</strong></span> 
     </span>
    </p>
   </div>
   <div class='ocr_carea' id='block_1_93' title="bbox 476 4563 2074 4639">
    <p class='ocr_par' dir='ltr' id='par_1_93' title="bbox 476 4563 2074 4639">
     <span class='ocr_line' id='line_1_93' title="bbox 476 4563 2074 4639; baseline 0.003 -22"><span class='ocrx_word' id='word_1_671' title='bbox 476 4563 645 4619; x_wconf 85' lang='lat' dir='ltr'><strong>fuisse</strong></span> <span class='ocrx_word' id='word_1_672' title='bbox 674 4575 945 4619; x_wconf 87' lang='lat' dir='ltr'><strong>curatum.</strong></span> <span class='ocrx_word' id='word_1_673' title='bbox 978 4566 1292 4622; x_wconf 87' lang='lat' dir='ltr'><strong>Testantem</strong></span> <span class='ocrx_word' id='word_1_674' title='bbox 1325 4566 1613 4637; x_wconf 88' lang='lat' dir='ltr'><strong>quemdam</strong></span> <span class='ocrx_word' id='word_1_675' title='bbox 1652 4583 1823 4639; x_wconf 90' lang='lat' dir='ltr'><strong>nuper</strong></span> <span class='ocrx_word' id='word_1_676' title='bbox 1851 4568 2029 4623; x_wconf 85' lang='lat' dir='ltr'><strong>audivi</strong></span> <span class='ocrx_word' id='word_1_677' title='bbox 2059 4610 2074 4635; x_wconf 94' lang='lat'><strong>,</strong></span> 
     </span>
    </p>
   </div>
   <div class='ocr_carea' id='block_1_94' title="bbox 478 4657 2077 4730">
    <p class='ocr_par' dir='ltr' id='par_1_94' title="bbox 478 4657 2077 4730">
     <span class='ocr_line' id='line_1_94' title="bbox 478 4657 2077 4730; baseline 0.003 -18"><span class='ocrx_word' id='word_1_678' title='bbox 478 4674 598 4712; x_wconf 90' lang='lat' dir='ltr'><strong>cum</strong></span> <span class='ocrx_word' id='word_1_679' title='bbox 632 4659 686 4713; x_wconf 94' lang='lat' dir='ltr'><strong>in</strong></span> <span class='ocrx_word' id='word_1_680' title='bbox 733 4657 1019 4730; x_wconf 86' lang='lat' dir='ltr'><strong>Tyrrheno</strong></span> <span class='ocrx_word' id='word_1_681' title='bbox 1052 4662 1182 4714; x_wconf 88' lang='lat' dir='ltr'><strong>mari</strong></span> <span class='ocrx_word' id='word_1_682' title='bbox 1229 4676 1390 4716; x_wconf 83' lang='lat' dir='ltr'><strong>cursu</strong></span> <span class='ocrx_word' id='word_1_683' title='bbox 1426 4663 1518 4715; x_wconf 88' lang='lat' dir='ltr'><strong>illo</strong></span> <span class='ocrx_word' id='word_1_684' title='bbox 1548 4678 1654 4729; x_wconf 83' lang='lat' dir='ltr'><strong>quo</strong></span> <span class='ocrx_word' id='word_1_685' title='bbox 1700 4663 1923 4717; x_wconf 79' lang='lat' dir='ltr'><strong>lloutam</strong></span> <span class='ocrx_word' id='word_1_686' title='bbox 1958 4673 2077 4717; x_wconf 89' lang='lat' dir='ltr'><strong>ten-</strong></span> 
     </span>
    </p>
   </div>
   <div class='ocr_carea' id='block_1_95' title="bbox 476 4751 2074 4823">
    <p class='ocr_par' dir='ltr' id='par_1_95' title="bbox 476 4751 2074 4823">
     <span class='ocr_line' id='line_1_95' title="bbox 476 4751 2074 4823; baseline 0.003 -19"><span class='ocrx_word' id='word_1_687' title='bbox 476 4751 646 4817; x_wconf 89' lang='lat' dir='ltr'><strong>ditur,</strong></span> <span class='ocrx_word' id='word_1_688' title='bbox 674 4753 973 4823; x_wconf 85' lang='lat' dir='ltr'><strong>navigaret,</strong></span> <span class='ocrx_word' id='word_1_689' title='bbox 994 4753 1175 4808; x_wconf 90' lang='lat' dir='ltr'><strong>subito</strong></span> <span class='ocrx_word' id='word_1_690' title='bbox 1196 4755 1505 4809; x_wconf 87' lang='lat' dir='ltr'><strong>turbinibus</strong></span> <span class='ocrx_word' id='word_1_691' title='bbox 1522 4756 1748 4818; x_wconf 81' lang='lat' dir='ltr'><strong>exortis,</strong></span> <span class='ocrx_word' id='word_1_692' title='bbox 1768 4766 2074 4810; x_wconf 82' lang='lat' dir='ltr'><strong>extremum</strong></span> 
     </span>
    </p>
   </div>
   <div class='ocr_carea' id='block_1_96' title="bbox 482 4844 2075 4917">
    <p class='ocr_par' dir='ltr' id='par_1_96' title="bbox 482 4844 2075 4917">
     <span class='ocr_line' id='line_1_96' title="bbox 482 4844 2075 4917; baseline 0.005 -23"><span class='ocrx_word' id='word_1_693' title='bbox 482 4844 609 4895; x_wconf 66' lang='lat' dir='ltr'><strong>vita:</strong></span> <span class='ocrx_word' id='word_1_694' title='bbox 643 4847 886 4899; x_wconf 90' lang='lat' dir='ltr'><strong>omnium</strong></span> <span class='ocrx_word' id='word_1_695' title='bbox 920 4846 1089 4899; x_wconf 88' lang='lat' dir='ltr'><strong>fuisse</strong></span> <span class='ocrx_word' id='word_1_696' title='bbox 1114 4845 1407 4901; x_wconf 70' lang='lat' dir='ltr'><strong>discrimen</strong></span> <span class='ocrx_word' id='word_1_697' title='bbox 1437 4865 1448 4899; x_wconf 93' lang='lat'>:</span> <span class='ocrx_word' id='word_1_698' title='bbox 1494 4848 1543 4901; x_wconf 90' lang='lat' dir='ltr'><strong>in</strong></span> <span class='ocrx_word' id='word_1_699' title='bbox 1574 4862 1684 4917; x_wconf 88' lang='lat' dir='ltr'><strong>quo</strong></span> <span class='ocrx_word' id='word_1_700' title='bbox 1705 4862 1826 4902; x_wconf 91' lang='lat' dir='ltr'><strong>cum</strong></span> <span class='ocrx_word' id='word_1_701' title='bbox 1853 4846 2075 4917; x_wconf 88' lang='lat' dir='ltr'><strong>quidam</strong></span> 
     </span>
    </p>
   </div>
   <div class='ocr_carea' id='block_1_97' title="bbox 483 4931 2075 5011">
    <p class='ocr_par' dir='ltr' id='par_1_97' title="bbox 483 4931 2075 5011">
     <span class='ocr_line' id='line_1_97' title="bbox 483 4931 2075 5011; baseline 0.006 -26"><span class='ocrx_word' id='word_1_702' title='bbox 483 4931 767 5003; x_wconf 61' lang='lat' dir='ltr'><strong>(Egyptius</strong></span> <span class='ocrx_word' id='word_1_703' title='bbox 813 4938 1139 5006; x_wconf 85' lang='lat' dir='ltr'><strong>negotiator,</strong></span> <span class='ocrx_word' id='word_1_704' title='bbox 1190 4938 1415 4993; x_wconf 91' lang='lat' dir='ltr'><strong>necdum</strong></span> <span class='ocrx_word' id='word_1_705' title='bbox 1444 4938 1823 5003; x_wconf 81' lang='lat' dir='ltr'><strong>Christianus,</strong></span> <span class='ocrx_word' id='word_1_706' title='bbox 1882 4955 2075 5011; x_wconf 85' lang='lat' dir='ltr'><strong>magna</strong></span> 
     </span>
    </p>
   </div>
   <div class='ocr_carea' id='block_1_98' title="bbox 482 5027 2078 5103">
    <p class='ocr_par' dir='ltr' id='par_1_98' title="bbox 482 5027 2078 5103">
     <span class='ocr_line' id='line_1_98' title="bbox 482 5027 2078 5103; baseline 0.004 -23"><span class='ocrx_word' id='word_1_707' title='bbox 482 5042 616 5080; x_wconf 87' lang='lat' dir='ltr'><strong>voce</strong></span> <span class='ocrx_word' id='word_1_708' title='bbox 644 5027 986 5095; x_wconf 86' lang='lat' dir='ltr'><strong>clamaverit,</strong></span> <span class='ocrx_word' id='word_1_709' title='bbox 1023 5030 1165 5085; x_wconf 87' lang='lat' dir='ltr'><strong>Deus</strong></span> <span class='ocrx_word' id='word_1_710' title='bbox 1194 5031 1430 5098; x_wconf 80' lang='lat' dir='ltr'><strong>Martini,</strong></span> <span class='ocrx_word' id='word_1_711' title='bbox 1458 5034 1609 5103; x_wconf 85' lang='lat' dir='ltr'><strong>eripe</strong></span> <span class='ocrx_word' id='word_1_712' title='bbox 1632 5048 1763 5098; x_wconf 87' lang='lat' dir='ltr'><strong>nos;</strong></span> <span class='ocrx_word' id='word_1_713' title='bbox 1792 5048 1915 5088; x_wconf 81' lang='lat' dir='ltr'><strong>mox</strong></span> <span class='ocrx_word' id='word_1_714' title='bbox 1940 5041 2078 5088; x_wconf 87' lang='lat' dir='ltr'><strong>tem-</strong></span> 
     </span>
    </p>
   </div>
   <div class='ocr_carea' id='block_1_99' title="bbox 485 5121 2077 5195">
    <p class='ocr_par' dir='ltr' id='par_1_99' title="bbox 485 5121 2077 5195">
     <span class='ocr_line' id='line_1_99' title="bbox 485 5121 2077 5195; baseline 0.003 -21"><span class='ocrx_word' id='word_1_715' title='bbox 485 5128 749 5189; x_wconf 87' lang='lat' dir='ltr'><strong>pestatem</strong></span> <span class='ocrx_word' id='word_1_716' title='bbox 806 5121 974 5177; x_wconf 89' lang='lat' dir='ltr'><strong>fuisse</strong></span> <span class='ocrx_word' id='word_1_717' title='bbox 1025 5124 1299 5189; x_wconf 85' lang='lat' dir='ltr'><strong>sedatam,</strong></span> <span class='ocrx_word' id='word_1_718' title='bbox 1345 5140 1517 5193; x_wconf 85' lang='lat' dir='ltr'><strong>seque</strong></span> <span class='ocrx_word' id='word_1_719' title='bbox 1569 5135 1810 5195; x_wconf 90' lang='lat' dir='ltr'><strong>optatum</strong></span> <span class='ocrx_word' id='word_1_720' title='bbox 1857 5140 2077 5180; x_wconf 85' lang='lat' dir='ltr'><strong>cursum</strong></span> 
     </span>
    </p>
   </div>
   <div class='ocr_carea' id='block_1_100' title="bbox 480 5216 2084 5289">
    <p class='ocr_par' dir='ltr' id='par_1_100' title="bbox 480 5216 2084 5289">
     <span class='ocr_line' id='line_1_100' title="bbox 480 5216 2084 5289; baseline 0.003 -21"><span class='ocrx_word' id='word_1_721' title='bbox 480 5229 602 5269; x_wconf 89' lang='lat' dir='ltr'><strong>cum</strong></span> <span class='ocrx_word' id='word_1_722' title='bbox 633 5230 841 5269; x_wconf 88' lang='lat' dir='ltr'><strong>summa</strong></span> <span class='ocrx_word' id='word_1_723' title='bbox 867 5216 1062 5285; x_wconf 90' lang='lat' dir='ltr'><strong>placidi</strong></span> <span class='ocrx_word' id='word_1_724' title='bbox 1105 5218 1337 5286; x_wconf 69' lang='lat' dir='ltr'><strong>aequoris</strong></span> <span class='ocrx_word' id='word_1_725' title='bbox 1363 5218 1547 5288; x_wconf 86' lang='lat' dir='ltr'><strong>quiete</strong></span> <span class='ocrx_word' id='word_1_726' title='bbox 1585 5220 1843 5273; x_wconf 79' lang='lat' dir='ltr'><strong>tenuisse.</strong></span> <span class='ocrx_word' id='word_1_727' title='bbox 1870 5218 2084 5289; x_wconf 86' lang='lat' dir='ltr'><strong>Lycon-</strong></span> 
     </span>
    </p>
   </div>
   <div class='ocr_carea' id='block_1_101' title="bbox 481 5308 2079 5379">
    <p class='ocr_par' dir='ltr' id='par_1_101' title="bbox 481 5308 2079 5379">
     <span class='ocr_line' id='line_1_101' title="bbox 481 5308 2079 5379; baseline 0.003 -17"><span class='ocrx_word' id='word_1_728' title='bbox 481 5308 589 5363; x_wconf 90' lang='lat' dir='ltr'><strong>tius</strong></span> <span class='ocrx_word' id='word_1_729' title='bbox 614 5324 681 5364; x_wconf 90' lang='lat' dir='ltr'><strong>ex</strong></span> <span class='ocrx_word' id='word_1_730' title='bbox 710 5309 922 5365; x_wconf 87' lang='lat' dir='ltr'><strong>vicariis</strong></span> <span class='ocrx_word' id='word_1_731' title='bbox 950 5312 1031 5365; x_wconf 90' lang='lat' dir='ltr'><strong>vir</strong></span> <span class='ocrx_word' id='word_1_732' title='bbox 1058 5311 1231 5366; x_wconf 88' lang='lat' dir='ltr'><strong>tidelis</strong></span> <span class='ocrx_word' id='word_1_733' title='bbox 1254 5354 1269 5379; x_wconf 97' lang='lat'><strong>,</strong></span> <span class='ocrx_word' id='word_1_734' title='bbox 1316 5326 1437 5365; x_wconf 87' lang='lat' dir='ltr'><strong>cum</strong></span> <span class='ocrx_word' id='word_1_735' title='bbox 1484 5311 1746 5365; x_wconf 80' lang='lat' dir='ltr'><strong>familiam</strong></span> <span class='ocrx_word' id='word_1_736' title='bbox 1782 5312 1928 5367; x_wconf 89' lang='lat' dir='ltr'><strong>illius</strong></span> <span class='ocrx_word' id='word_1_737' title='bbox 1960 5312 2079 5367; x_wconf 79' lang='lat' dir='ltr'><strong>lues</strong></span> 
     </span>
    </p>
   </div>
   <div class='ocr_carea' id='block_1_102' title="bbox 476 5403 2081 5473">
    <p class='ocr_par' dir='ltr' id='par_1_102' title="bbox 476 5403 2081 5473">
     <span class='ocr_line' id='line_1_102' title="bbox 476 5403 2081 5473; baseline 0 -17"><span class='ocrx_word' id='word_1_738' title='bbox 476 5411 724 5456; x_wconf 81' lang='lat' dir='ltr'><strong>extrema</strong></span> <span class='ocrx_word' id='word_1_739' title='bbox 770 5412 1026 5469; x_wconf 85' lang='lat' dir='ltr'><strong>vexaret,</strong></span> <span class='ocrx_word' id='word_1_740' title='bbox 1062 5412 1119 5458; x_wconf 92' lang='lat' dir='ltr'><strong>et</strong></span> <span class='ocrx_word' id='word_1_741' title='bbox 1165 5404 1421 5458; x_wconf 73' lang='lat' dir='ltr'><strong>inaudita:</strong></span> <span class='ocrx_word' id='word_1_742' title='bbox 1461 5403 1787 5459; x_wconf 86' lang='lat' dir='ltr'><strong>calamitatis</strong></span> <span class='ocrx_word' id='word_1_743' title='bbox 1828 5403 2081 5473; x_wconf 86' lang='lat' dir='ltr'><strong>exemplo</strong></span> 
     </span>
    </p>
   </div>
   <div class='ocr_carea' id='block_1_103' title="bbox 480 5494 2083 5565">
    <p class='ocr_par' dir='ltr' id='par_1_103' title="bbox 480 5494 2083 5565">
     <span class='ocr_line' id='line_1_103' title="bbox 480 5494 2083 5565; baseline 0.001 -17"><span class='ocrx_word' id='word_1_744' title='bbox 480 5507 580 5563; x_wconf 88' lang='lat' dir='ltr'><strong>per</strong></span> <span class='ocrx_word' id='word_1_745' title='bbox 606 5501 777 5549; x_wconf 90' lang='lat' dir='ltr'><strong>totam</strong></span> <span class='ocrx_word' id='word_1_746' title='bbox 806 5495 1026 5550; x_wconf 88' lang='lat' dir='ltr'><strong>domum</strong></span> <span class='ocrx_word' id='word_1_747' title='bbox 1050 5510 1279 5564; x_wconf 89' lang='lat' dir='ltr'><strong>corpora</strong></span> <span class='ocrx_word' id='word_1_748' title='bbox 1310 5511 1453 5565; x_wconf 70' lang='lat' dir='ltr'><strong>mgra</strong></span> <span class='ocrx_word' id='word_1_749' title='bbox 1479 5496 1921 5565; x_wconf 84' lang='lat' dir='ltr'><strong>procumberent,</strong></span> <span class='ocrx_word' id='word_1_750' title='bbox 1945 5494 2083 5550; x_wconf 73' lang='lat' dir='ltr'><strong>Mar-</strong></span> 
     </span>
    </p>
   </div>
   <div class='ocr_carea' id='block_1_104' title="bbox 486 5590 2088 5661">
    <p class='ocr_par' dir='ltr' id='par_1_104' title="bbox 486 5590 2088 5661">
     <span class='ocr_line' id='line_1_104' title="bbox 486 5590 2088 5661; baseline 0.003 -18"><span class='ocrx_word' id='word_1_751' title='bbox 486 5591 583 5644; x_wconf 87' lang='lat' dir='ltr'><strong>tini</strong></span> <span class='ocrx_word' id='word_1_752' title='bbox 617 5604 714 5659; x_wconf 87' lang='lat' dir='ltr'><strong>per</strong></span> <span class='ocrx_word' id='word_1_753' title='bbox 759 5591 969 5647; x_wconf 84' lang='lat' dir='ltr'><strong>litteras</strong></span> <span class='ocrx_word' id='word_1_754' title='bbox 1006 5590 1319 5659; x_wconf 87' lang='lat' dir='ltr'><strong>imploravit</strong></span> <span class='ocrx_word' id='word_1_755' title='bbox 1360 5591 1642 5647; x_wconf 77' lang='lat' dir='ltr'><strong>auxilium.</strong></span> <span class='ocrx_word' id='word_1_756' title='bbox 1680 5591 1799 5660; x_wconf 89' lang='lat' dir='ltr'><strong>Quo</strong></span> <span class='ocrx_word' id='word_1_757' title='bbox 1842 5600 2088 5661; x_wconf 67' lang='lat' dir='ltr'><strong>tempore</strong></span> 
     </span>
    </p>
   </div>
   <div class='ocr_carea' id='block_1_105' title="bbox 486 5681 2087 5756">
    <p class='ocr_par' dir='ltr' id='par_1_105' title="bbox 486 5681 2087 5756">
     <span class='ocr_line' id='line_1_105' title="bbox 486 5681 2087 5756; baseline 0.004 -21"><span class='ocrx_word' id='word_1_758' title='bbox 486 5682 571 5737; x_wconf 91' lang='lat' dir='ltr'><strong>vir</strong></span> <span class='ocrx_word' id='word_1_759' title='bbox 598 5682 791 5739; x_wconf 88' lang='lat' dir='ltr'><strong>beatus</strong></span> <span class='ocrx_word' id='word_1_760' title='bbox 836 5698 949 5741; x_wconf 89' lang='lat' dir='ltr'><strong>rem</strong></span> <span class='ocrx_word' id='word_1_761' title='bbox 981 5697 1103 5740; x_wconf 88' lang='lat' dir='ltr'><strong>esse</strong></span> <span class='ocrx_word' id='word_1_762' title='bbox 1149 5681 1396 5755; x_wconf 87' lang='lat' dir='ltr'><strong>promisit</strong></span> <span class='ocrx_word' id='word_1_763' title='bbox 1439 5682 1721 5741; x_wconf 84' lang='lat' dir='ltr'><strong>dilficiletn</strong></span> <span class='ocrx_word' id='word_1_764' title='bbox 1767 5684 2087 5756; x_wconf 77' lang='lat' dir='ltr'><strong>impetrari;</strong></span> 
     </span>
    </p>
   </div>
   <div class='ocr_carea' id='block_1_106' title="bbox 2180 4572 3778 4643">
    <p class='ocr_par' dir='ltr' id='par_1_106' title="bbox 2180 4572 3778 4643">
     <span class='ocr_line' id='line_1_106' title="bbox 2180 4572 3778 4643; baseline -0.002 -16"><span class='ocrx_word' id='word_1_765' title='bbox 2180 4584 2427 4643; x_wconf 87' lang='lat' dir='ltr'><strong>tempore</strong></span> <span class='ocrx_word' id='word_1_766' title='bbox 2475 4572 2803 4643; x_wconf 85' lang='lat' dir='ltr'><strong>arguebatur</strong></span> <span class='ocrx_word' id='word_1_767' title='bbox 2850 4587 2880 4626; x_wconf 89' lang='lat' dir='ltr'><strong>a</strong></span> <span class='ocrx_word' id='word_1_768' title='bbox 2926 4573 3152 4635; x_wconf 85' lang='lat' dir='ltr'><strong>multis,</strong></span> <span class='ocrx_word' id='word_1_769' title='bbox 3184 4587 3291 4626; x_wconf 81' lang='lat' dir='ltr'><strong>non</strong></span> <span class='ocrx_word' id='word_1_770' title='bbox 3343 4573 3521 4627; x_wconf 88' lang='lat' dir='ltr'><strong>solum</strong></span> <span class='ocrx_word' id='word_1_771' title='bbox 3582 4586 3778 4642; x_wconf 87' lang='lat' dir='ltr'><strong>pueros</strong></span> 
     </span>
    </p>
   </div>
   <div class='ocr_carea' id='block_1_107' title="bbox 2181 4665 3775 4734">
    <p class='ocr_par' dir='ltr' id='par_1_107' title="bbox 2181 4665 3775 4734">
     <span class='ocr_line' id='line_1_107' title="bbox 2181 4665 3775 4734; baseline -0.002 -14"><span class='ocrx_word' id='word_1_772' title='bbox 2181 4666 2463 4729; x_wconf 75' lang='lat' dir='ltr'><strong>barbaros,</strong></span> <span class='ocrx_word' id='word_1_773' title='bbox 2486 4666 2583 4720; x_wconf 87' lang='lat' dir='ltr'><strong>sed</strong></span> <span class='ocrx_word' id='word_1_774' title='bbox 2609 4666 2775 4720; x_wconf 88' lang='lat' dir='ltr'><strong>etiam</strong></span> <span class='ocrx_word' id='word_1_775' title='bbox 2800 4666 3008 4734; x_wconf 87' lang='lat' dir='ltr'><strong>puellas</strong></span> <span class='ocrx_word' id='word_1_776' title='bbox 3036 4666 3191 4720; x_wconf 87' lang='lat' dir='ltr'><strong>scitis</strong></span> <span class='ocrx_word' id='word_1_777' title='bbox 3220 4665 3461 4718; x_wconf 89' lang='lat' dir='ltr'><strong>vultibus</strong></span> <span class='ocrx_word' id='word_1_778' title='bbox 3487 4665 3775 4725; x_wconf 82' lang='lat' dir='ltr'><strong>coemisse.</strong></span> 
     </span>
    </p>
   </div>
   <div class='ocr_carea' id='block_1_108' title="bbox 2178 4756 3775 4825">
    <p class='ocr_par' dir='ltr' id='par_1_108' title="bbox 2178 4756 3775 4825">
     <span class='ocr_line' id='line_1_108' title="bbox 2178 4756 3775 4825; baseline -0.001 -13"><span class='ocrx_word' id='word_1_779' title='bbox 2178 4758 2387 4825; x_wconf 85' lang='lat' dir='ltr'><strong>Quibus</strong></span> <span class='ocrx_word' id='word_1_780' title='bbox 2416 4757 2580 4811; x_wconf 88' lang='lat' dir='ltr'><strong>rebus</strong></span> <span class='ocrx_word' id='word_1_781' title='bbox 2626 4756 3032 4812; x_wconf 79' lang='lat' dir='ltr'><strong>infelicissimus</strong></span> <span class='ocrx_word' id='word_1_782' title='bbox 3062 4758 3256 4809; x_wconf 83' lang='lat' dir='ltr'><strong>insano</strong></span> <span class='ocrx_word' id='word_1_783' title='bbox 3290 4756 3415 4810; x_wconf 82' lang='lat' dir='ltr'><strong>felle</strong></span> <span class='ocrx_word' id='word_1_784' title='bbox 3444 4766 3775 4820; x_wconf 83' lang='lat' dir='ltr'><strong>conuuotus,</strong></span> 
     </span>
    </p>
   </div>
   <div class='ocr_carea' id='block_1_109' title="bbox 2179 4846 3781 4918">
    <p class='ocr_par' dir='ltr' id='par_1_109' title="bbox 2179 4846 3781 4918">
     <span class='ocr_line' id='line_1_109' title="bbox 2179 4846 3781 4918; baseline -0.002 -14"><span class='ocrx_word' id='word_1_785' title='bbox 2179 4861 2255 4911; x_wconf 90' lang='lat' dir='ltr'><strong>et,</strong></span> <span class='ocrx_word' id='word_1_786' title='bbox 2287 4858 2343 4903; x_wconf 90' lang='lat' dir='ltr'><strong>ttt</strong></span> <span class='ocrx_word' id='word_1_787' title='bbox 2383 4848 2587 4911; x_wconf 82' lang='lat' dir='ltr'><strong>credo,</strong></span> <span class='ocrx_word' id='word_1_788' title='bbox 2625 4850 2900 4918; x_wconf 68' lang='lat' dir='ltr'><strong>praecipue</strong></span> <span class='ocrx_word' id='word_1_789' title='bbox 2932 4846 3239 4901; x_wconf 71' lang='lat' dir='ltr'><strong>daemonum</strong></span> <span class='ocrx_word' id='word_1_790' title='bbox 3293 4846 3507 4900; x_wconf 88' lang='lat' dir='ltr'><strong>illorum</strong></span> <span class='ocrx_word' id='word_1_791' title='bbox 3547 4846 3781 4916; x_wconf 82' lang='lat' dir='ltr'><strong>agitatus</strong></span> 
     </span>
    </p>
   </div>
   <div class='ocr_carea' id='block_1_110' title="bbox 2181 4940 3781 5010">
    <p class='ocr_par' dir='ltr' id='par_1_110' title="bbox 2181 4940 3781 5010">
     <span class='ocr_line' id='line_1_110' title="bbox 2181 4940 3781 5010; baseline -0.004 -12"><span class='ocrx_word' id='word_1_792' title='bbox 2181 4943 2465 5007; x_wconf 87' lang='lat' dir='ltr'><strong>instinctu,</strong></span> <span class='ocrx_word' id='word_1_793' title='bbox 2512 4941 2797 4995; x_wconf 82' lang='lat' dir='ltr'><strong>Martinum</strong></span> <span class='ocrx_word' id='word_1_794' title='bbox 2830 4943 2901 4994; x_wconf 86' lang='lat' dir='ltr'><strong>ita</strong></span> <span class='ocrx_word' id='word_1_795' title='bbox 2930 4954 3221 5010; x_wconf 79' lang='lat' dir='ltr'><strong>aggressus</strong></span> <span class='ocrx_word' id='word_1_796' title='bbox 3255 4948 3362 5005; x_wconf 86' lang='lat' dir='ltr'><strong>est,</strong></span> <span class='ocrx_word' id='word_1_797' title='bbox 3394 4947 3453 4992; x_wconf 89' lang='lat' dir='ltr'><strong>ut</strong></span> <span class='ocrx_word' id='word_1_798' title='bbox 3484 4940 3570 4992; x_wconf 86' lang='lat' dir='ltr'><strong>vix</strong></span> <span class='ocrx_word' id='word_1_799' title='bbox 3609 4940 3781 4993; x_wconf 85' lang='lat' dir='ltr'><strong>mani-</strong></span> 
     </span>
    </p>
   </div>
   <div class='ocr_carea' id='block_1_111' title="bbox 2180 5030 3776 5103">
    <p class='ocr_par' dir='ltr' id='par_1_111' title="bbox 2180 5030 3776 5103">
     <span class='ocr_line' id='line_1_111' title="bbox 2180 5030 3776 5103; baseline -0.004 -13"><span class='ocrx_word' id='word_1_800' title='bbox 2180 5036 2279 5091; x_wconf 80' lang='lat' dir='ltr'><strong>bus</strong></span> <span class='ocrx_word' id='word_1_801' title='bbox 2311 5042 2629 5103; x_wconf 86' lang='lat' dir='ltr'><strong>temperaret</strong></span> <span class='ocrx_word' id='word_1_802' title='bbox 2658 5050 2672 5098; x_wconf 91' lang='lat'><strong>;</strong></span> <span class='ocrx_word' id='word_1_803' title='bbox 2699 5047 2819 5087; x_wconf 90' lang='lat' dir='ltr'><strong>cum</strong></span> <span class='ocrx_word' id='word_1_804' title='bbox 2844 5032 3064 5101; x_wconf 84' lang='lat' dir='ltr'><strong>quidem</strong></span> <span class='ocrx_word' id='word_1_805' title='bbox 3091 5031 3322 5086; x_wconf 85' lang='lat' dir='ltr'><strong>Sanctus</strong></span> <span class='ocrx_word' id='word_1_806' title='bbox 3351 5031 3504 5084; x_wconf 88' lang='lat' dir='ltr'><strong>vultu</strong></span> <span class='ocrx_word' id='word_1_807' title='bbox 3538 5030 3776 5099; x_wconf 87' lang='lat' dir='ltr'><strong>placido,</strong></span> 
     </span>
    </p>
   </div>
   <div class='ocr_carea' id='block_1_112' title="bbox 2182 5124 3782 5197">
    <p class='ocr_par' dir='ltr' id='par_1_112' title="bbox 2182 5124 3782 5197">
     <span class='ocr_line' id='line_1_112' title="bbox 2182 5124 3782 5197; baseline -0.003 -13"><span class='ocrx_word' id='word_1_808' title='bbox 2182 5137 2365 5184; x_wconf 88' lang='lat' dir='ltr'><strong>tuente</strong></span> <span class='ocrx_word' id='word_1_809' title='bbox 2399 5126 2685 5197; x_wconf 88' lang='lat' dir='ltr'><strong>tranquilla</strong></span> <span class='ocrx_word' id='word_1_810' title='bbox 2727 5126 2963 5181; x_wconf 84' lang='lat' dir='ltr'><strong>infelicis</strong></span> <span class='ocrx_word' id='word_1_811' title='bbox 2992 5126 3285 5180; x_wconf 85' lang='lat' dir='ltr'><strong>amentiam</strong></span> <span class='ocrx_word' id='word_1_812' title='bbox 3313 5140 3407 5194; x_wconf 88' lang='lat' dir='ltr'><strong>per</strong></span> <span class='ocrx_word' id='word_1_813' title='bbox 3435 5124 3585 5179; x_wconf 88' lang='lat' dir='ltr'><strong>mitia</strong></span> <span class='ocrx_word' id='word_1_814' title='bbox 3615 5125 3782 5180; x_wconf 84' lang='lat' dir='ltr'><strong>verba</strong></span> 
     </span>
    </p>
   </div>
   <div class='ocr_carea' id='block_1_113' title="bbox 2180 5218 3783 5289">
    <p class='ocr_par' dir='ltr' id='par_1_113' title="bbox 2180 5218 3783 5289">
     <span class='ocr_line' id='line_1_113' title="bbox 2180 5218 3783 5289; baseline -0.002 -14"><span class='ocrx_word' id='word_1_815' title='bbox 2180 5221 2482 5275; x_wconf 83' lang='lat' dir='ltr'><strong>cohiberet.</strong></span> <span class='ocrx_word' id='word_1_816' title='bbox 2517 5218 2624 5274; x_wconf 87' lang='lat' dir='ltr'><strong>Sed</strong></span> <span class='ocrx_word' id='word_1_817' title='bbox 2678 5220 2747 5273; x_wconf 90' lang='lat' dir='ltr'><strong>ita</strong></span> <span class='ocrx_word' id='word_1_818' title='bbox 2789 5219 2841 5272; x_wconf 85' lang='lat' dir='ltr'><strong>in</strong></span> <span class='ocrx_word' id='word_1_819' title='bbox 2883 5234 2949 5273; x_wconf 87' lang='lat' dir='ltr'><strong>eo</strong></span> <span class='ocrx_word' id='word_1_820' title='bbox 2978 5233 3210 5289; x_wconf 87' lang='lat' dir='ltr'><strong>nequam</strong></span> <span class='ocrx_word' id='word_1_821' title='bbox 3239 5219 3467 5287; x_wconf 88' lang='lat' dir='ltr'><strong>spiritus</strong></span> <span class='ocrx_word' id='word_1_822' title='bbox 3510 5218 3783 5273; x_wconf 88' lang='lat' dir='ltr'><strong>redunda-</strong></span> 
     </span>
    </p>
   </div>
   <div class='ocr_carea' id='block_1_114' title="bbox 2181 5309 3779 5382">
    <p class='ocr_par' dir='ltr' id='par_1_114' title="bbox 2181 5309 3779 5382">
     <span class='ocr_line' id='line_1_114' title="bbox 2181 5309 3779 5382; baseline -0.003 -13"><span class='ocrx_word' id='word_1_823' title='bbox 2181 5314 2295 5377; x_wconf 82' lang='lat' dir='ltr'><strong>bat,</strong></span> <span class='ocrx_word' id='word_1_824' title='bbox 2318 5323 2375 5366; x_wconf 88' lang='lat' dir='ltr'><strong>ut</strong></span> <span class='ocrx_word' id='word_1_825' title='bbox 2406 5328 2476 5366; x_wconf 81' lang='lat' dir='ltr'><strong>ne</strong></span> <span class='ocrx_word' id='word_1_826' title='bbox 2512 5326 2609 5365; x_wconf 81' lang='lat' dir='ltr'><strong>sna</strong></span> <span class='ocrx_word' id='word_1_827' title='bbox 2632 5310 2852 5382; x_wconf 88' lang='lat' dir='ltr'><strong>quidem</strong></span> <span class='ocrx_word' id='word_1_828' title='bbox 2882 5311 2980 5376; x_wconf 89' lang='lat' dir='ltr'><strong>illi,</strong></span> <span class='ocrx_word' id='word_1_829' title='bbox 3011 5309 3262 5381; x_wconf 89' lang='lat' dir='ltr'><strong>quamvis</strong></span> <span class='ocrx_word' id='word_1_830' title='bbox 3294 5322 3428 5363; x_wconf 87' lang='lat' dir='ltr'><strong>vana</strong></span> <span class='ocrx_word' id='word_1_831' title='bbox 3460 5309 3779 5379; x_wconf 86' lang='lat' dir='ltr'><strong>admodum,</strong></span> 
     </span>
    </p>
   </div>
   <div class='ocr_carea' id='block_1_115' title="bbox 2182 5402 3782 5471">
    <p class='ocr_par' dir='ltr' id='par_1_115' title="bbox 2182 5402 3782 5471">
     <span class='ocr_line' id='line_1_115' title="bbox 2182 5402 3782 5471; baseline -0.001 -12"><span class='ocrx_word' id='word_1_832' title='bbox 2182 5420 2337 5460; x_wconf 87' lang='lat' dir='ltr'><strong>mens</strong></span> <span class='ocrx_word' id='word_1_833' title='bbox 2364 5405 2612 5459; x_wconf 85' lang='lat' dir='ltr'><strong>subesset</strong></span> <span class='ocrx_word' id='word_1_834' title='bbox 2642 5421 2654 5458; x_wconf 92' lang='lat'><strong>:</strong></span> <span class='ocrx_word' id='word_1_835' title='bbox 2687 5402 3046 5458; x_wconf 86' lang='lat' dir='ltr'><strong>trementibus</strong></span> <span class='ocrx_word' id='word_1_836' title='bbox 3078 5402 3238 5457; x_wconf 88' lang='lat' dir='ltr'><strong>labiis</strong></span> <span class='ocrx_word' id='word_1_837' title='bbox 3276 5402 3596 5471; x_wconf 81' lang='lat' dir='ltr'><strong>incertoque</strong></span> <span class='ocrx_word' id='word_1_838' title='bbox 3626 5402 3782 5457; x_wconf 88' lang='lat' dir='ltr'><strong>vultu</strong></span> 
     </span>
    </p>
   </div>
   <div class='ocr_carea' id='block_1_116' title="bbox 2181 5494 3785 5565">
    <p class='ocr_par' dir='ltr' id='par_1_116' title="bbox 2181 5494 3785 5565">
     <span class='ocr_line' id='line_1_116' title="bbox 2181 5494 3785 5565; baseline 0.001 -16"><span class='ocrx_word' id='word_1_839' title='bbox 2181 5494 2404 5551; x_wconf 90' lang='lat' dir='ltr'><strong>decolor</strong></span> <span class='ocrx_word' id='word_1_840' title='bbox 2447 5511 2557 5565; x_wconf 73' lang='lat' dir='ltr'><strong>pra:</strong></span> <span class='ocrx_word' id='word_1_841' title='bbox 2588 5496 2773 5551; x_wconf 90' lang='lat' dir='ltr'><strong>furore</strong></span> <span class='ocrx_word' id='word_1_842' title='bbox 2805 5496 3020 5551; x_wconf 88' lang='lat' dir='ltr'><strong>rotabat</strong></span> <span class='ocrx_word' id='word_1_843' title='bbox 3062 5494 3223 5550; x_wconf 79' lang='lat' dir='ltr'><strong>verba</strong></span> <span class='ocrx_word' id='word_1_844' title='bbox 3258 5498 3501 5564; x_wconf 86' lang='lat' dir='ltr'><strong>peccati,</strong></span> <span class='ocrx_word' id='word_1_845' title='bbox 3543 5512 3603 5551; x_wconf 89' lang='lat' dir='ltr'><strong>se</strong></span> <span class='ocrx_word' id='word_1_846' title='bbox 3632 5511 3785 5551; x_wconf 88' lang='lat' dir='ltr'><strong>asse-</strong></span> 
     </span>
    </p>
   </div>
   <div class='ocr_carea' id='block_1_117' title="bbox 2185 5588 3789 5661">
    <p class='ocr_par' dir='ltr' id='par_1_117' title="bbox 2185 5588 3789 5661">
     <span class='ocr_line' id='line_1_117' title="bbox 2185 5588 3789 5661; baseline 0.001 -18"><span class='ocrx_word' id='word_1_847' title='bbox 2185 5602 2313 5644; x_wconf 85' lang='lat' dir='ltr'><strong>rens</strong></span> <span class='ocrx_word' id='word_1_848' title='bbox 2342 5590 2706 5658; x_wconf 83' lang='lat' dir='ltr'><strong>sanetiorem;</strong></span> <span class='ocrx_word' id='word_1_849' title='bbox 2737 5591 2939 5661; x_wconf 89' lang='lat' dir='ltr'><strong>quippe</strong></span> <span class='ocrx_word' id='word_1_850' title='bbox 2978 5590 3069 5658; x_wconf 89' lang='lat' dir='ltr'><strong>qui</strong></span> <span class='ocrx_word' id='word_1_851' title='bbox 3101 5602 3132 5642; x_wconf 87' lang='lat' dir='ltr'><strong>a</strong></span> <span class='ocrx_word' id='word_1_852' title='bbox 3166 5588 3354 5657; x_wconf 82' lang='lat' dir='ltr'><strong>primis</strong></span> <span class='ocrx_word' id='word_1_853' title='bbox 3400 5589 3557 5645; x_wconf 86' lang='lat' dir='ltr'><strong>anuis</strong></span> <span class='ocrx_word' id='word_1_854' title='bbox 3585 5590 3639 5645; x_wconf 92' lang='lat' dir='ltr'><strong>in</strong></span> <span class='ocrx_word' id='word_1_855' title='bbox 3666 5604 3789 5645; x_wconf 89' lang='lat' dir='ltr'><strong>mo-</strong></span> 
     </span>
    </p>
   </div>
   <div class='ocr_carea' id='block_1_118' title="bbox 2186 5680 3793 5763">
    <p class='ocr_par' dir='ltr' id='par_1_118' title="bbox 2186 5680 3793 5763">
     <span class='ocr_line' id='line_1_118' title="bbox 2186 5680 3793 5763; baseline -0.002 -22"><span class='ocrx_word' id='word_1_856' title='bbox 2186 5684 2429 5741; x_wconf 84' lang='lat' dir='ltr'><strong>nasterio</strong></span> <span class='ocrx_word' id='word_1_857' title='bbox 2458 5682 2603 5745; x_wconf 84' lang='lat' dir='ltr'><strong>inter</strong></span> <span class='ocrx_word' id='word_1_858' title='bbox 2629 5698 2817 5742; x_wconf 87' lang='lat' dir='ltr'><strong>sacras</strong></span> <span class='ocrx_word' id='word_1_859' title='bbox 2845 5681 3102 5740; x_wconf 59' lang='lat' dir='ltr'><strong>Ecclesia</strong></span> <span class='ocrx_word' id='word_1_860' title='bbox 3137 5680 3467 5754; x_wconf 86' lang='lat' dir='ltr'><strong>disciplinas</strong></span> <span class='ocrx_word' id='word_1_861' title='bbox 3504 5682 3623 5757; x_wconf 85' lang='lat' dir='ltr'><strong>ipso</strong></span> <span class='ocrx_word' id='word_1_862' title='bbox 3652 5681 3793 5763; x_wconf 69' lang='lat' dir='ltr'><strong>Mar-</strong></span> 
     </span>
    </p>
   </div>
  </div>
