4270 6176
429 211 527 266 221

1877 211 2222 270 ῡιΑωθυε
2260 214 2350 271 Ill.

3616 207 3726 270 9‘32

431 328 547 384 tino
578 326 847 382 educante
888 325 1157 380 crevisset
1183 341 1196 378 :
1241 323 1534 379 Martinam
1565 338 1694 380 vero
1722 333 1779 380 et
1816 339 1848 379 a
1880 327 2033 394 prin-
2063 329 2116 387 Α
2142 328 2391 396 paniam:
2415 327 2522 383 etsi
2548 330 2788 384 maxime
2813 343 3010 384 cursus
3035 330 3092 383 in
3113 329 3276 384 devio
3297 330 3391 394 sit,
3415 343 3525 383 non
3550 334 3732 381 tamen

432 419 598 489 cipio,
630 415 774 488 quod
805 417 922 486 ipse
948 414 1170 469 difﬁteri
1200 431 1308 469 non
1338 425 1545 484 posset,
1591 415 1795 470 militia:
1823 416 2032 472 actibus

435 511 735 574 sorduisse,
759 516 813 563 et
838 522 983 561 nunc
1007 521 1102 576 per
1127 508 1317 561 inanes
1344 507 1760 576 superstitiones
1780 515 1834 561 et
1862 507 2034 576 phan—

437 611 660 659 tasmata
685 599 957 655 visionum
991 597 1219 653 ridicula
1252 614 1476 670 prorsus
1507 597 1651 654 inter
1672 589 2030 655 deliramenta

436 694 702 750 senuisse.
739 691 862 746 Hzcc
883 706 1005 746 cum
1038 691 1234 755 multa,
1262 701 1427 760 atque
1468 691 1569 744 alia
1593 692 1776 757 etiam,
1811 707 1929 761 qua:
1956 706 2034 746 re-

438 788 604 841 ticere
632 784 826 839 melius
849 794 951 848 eSI,
985 783 1267 838 acerbiora
1295 784 1617 849 vomuisset,
1639 799 1894 852 egressus
1916 793 2035 838 tan-

431 879 552 930 dem
584 876 772 931 furore
801 875 1015 940 satiato,
1040 877 1192 944 quasi
1227 873 1319 944 qui
1345 888 1404 928 se
1434 875 1648 943 penitus
1677 873 2032 942 vindicasset,

429 967 652 1038 rapidus
684 982 748 1022 ea
785 979 936 1036 parte
972 980 1075 1035 qua
1118 974 1376 1029 venerat,
1410 966 1761 1020 recurrebat:
1797 981 1916 1020 cum
1949 966 2034 1020 in-

431 1069 602 1123 terea,
651 1059 820 1114 credo
863 1074 958 1128 per
996 1057 1211 1112 Martini
1254 1058 1530 1113 orationes
1559 1057 1756 1128 fugatis
1796 1058 1864 1114 ab
1895 1060 2036 1116 illius

433 1153 594 1208 corde
638 1152 1005 1218 daemonibus,
1053 1151 1310 1206 reductus
1355 1154 1406 1206 in
1459 1153 1861 1222 paenitentiam,
1910 1169 2037 1208 mox

433 1247 746 1310 revertitur,
795 1256 960 1314 atque
1008 1241 1076 1299 ad
1115 1236 1330 1299 Manilii
1373 1259 1432 1300 se
1475 1257 1650 1316 genus
1700 1246 2033 1314 prosternit:

431 1337 647 1393 veniam
681 1351 937 1406 poscens,
967 1337 1165 1392 fatetur
1194 1352 1464 1403 errorem,
1497 1352 1599 1392 nec
1643 1338 1760 1393 sine
1790 1338 2038 1392 darmone

435 1448 494 1486 se
538 1431 706 1486 fuisse
739 1430 956 1486 tandem
999 1431 1184 1485 sanior
1211 1432 1523 1487 confitetur.
1566 1431 1684 1487 Non
1729 1439 1847 1486 erat
1895 1429 2036 1499 apud

435 1524 728 1578 Martinum
772 1525 924 1579 labor
953 1524 1054 1578 iste
1082 1524 1346 1589 difﬁcilis,
1381 1532 1441 1580 nt
1484 1525 1791 1595 ignosceret
1835 1525 2040 1596 suppli-

435 1617 601 1672 canti.
636 1617 787 1670 Tunc
823 1604 888 1672 et
910 1617 1009 1687 ipsi
1038 1626 1096 1672 et
1136 1618 1294 1671 nobis
1323 1611 1574 1672 omnibus
1601 1615 1834 1673 Sanctus
1872 1631 2039 1688 expo-

2139 417 2236 472 tibi
2265 417 2401 471 tanti
2434 419 2546 474 sint
2575 420 2658 473 vel
2696 434 3017 490 magnarum
3058 434 3338 474 morarum
3372 417 3477 473 ulla
3519 417 3740 485 dispen-

2137 511 2223 564 dia
2249 553 2266 577 ,
2293 511 2420 580 quin
2451 511 2568 566 illic
2600 512 2770 567 adeas
2802 511 3070 566 illustrem
3103 512 3281 566 virum
3315 525 3378 565 ac
3411 517 3524 564 toto
3554 509 3740 563 lauda-

2138 611 2251 657 tuni
2282 605 2413 658 orbe
2443 601 2725 658 Paulinum
2755 622 2767 656 :
2798 604 2870 658 illi
2895 645 2908 669 ,
2935 619 3117 673 quaeso
3143 615 3196 658 te
3219 646 3232 669 ,
3268 605 3499 672 primum
3529 616 3739 657 sermo-

2138 697 2222 748 nis
2253 693 2464 761 nostri,
2494 711 2653 764 quem
2683 698 2763 750 vel
2799 698 3054 750 hesterno
3086 695 3423 750 confecimus
3455 694 3541 748 vel
3575 693 3741 748 hodie

2137 786 2410 850 diximus,
2453 787 2709 841 volumen
2746 787 2980 840 evolve:
3025 788 3101 840 illi
3145 788 3326 840 omnia
3369 785 3576 840 referes
3603 827 3617 849 ,
3658 785 3736 840 illi

2138 891 2330 933 cuncta
2373 879 2630 933 recitahis
2654 920 2667 942 ,
2707 886 2764 931 nt
2797 893 2920 932 mox
2951 894 3053 950 per
3088 880 3240 932 illum
3273 893 3463 933 sacras
3491 877 3596 933 viri
3624 878 3743 932 lan-

2140 970 2234 1024 des
2263 969 2434 1023 Roma
2467 975 2803 1040 cognosicat;
2839 971 2976 1024 sicut
3010 970 3244 1038 primum
3289 970 3440 1024 illum
3486 979 3736 1025 nostrum
3819 1023 3822 1026 .

2141 1061 2384 1117 libellum
2428 1075 2535 1116 non
2577 1071 2672 1130 per
2722 1059 2928 1116 Italiam
2981 1072 3228 1129 tantum,
3277 1063 3372 1118 sed
3420 1079 3518 1133 per
3567 1073 3739 1119 totum

2139 1156 2302 1210 etiam
2349 1155 2562 1209 dill‘ndit
2611 1155 2906 1225 Illyricum.
2957 1156 3050 1210 Ille
3094 1156 3312 1210 Martini
3362 1173 3467 1211 non
3519 1155 3739 1214 invidus

2138 1248 2436 1320 gloriarum
2459 1290 2472 1313 ,
2508 1258 2934 1318 sanctarttmque
2967 1249 3020 1303 in
3052 1241 3273 1304 Christo
3305 1251 3563 1304 virtutum
3608 1251 3742 1319 piis-

2141 1347 2311 1399 simus
2357 1344 2688 1410 :estimator,
2736 1359 2845 1398 non
2895 1344 3098 1398 abnuet
3150 1344 3438 1412 praesulem
3489 1352 3737 1398 nostrum

2141 1445 2260 1491 cum
2290 1445 2391 1490 suo
2420 1435 2599 1490 Felice
2629 1449 2981 1505 componere.
3012 1434 3209 1489 Indesi
3238 1433 3380 1489 forte
3405 1434 3470 1488 ad
3502 1435 3739 1490 Africam

2141 1528 2519 1583 transfretabis
2539 1569 2552 1593 ,
2588 1526 2793 1582 referes
2824 1526 3009 1581 audita
3038 1525 3352 1596 Carthagini
3382 1545 3394 1580 :
3432 1527 3559 1581 licet
3596 1527 3738 1596 jamv

2144 1615 2389 1689 pridem,
2417 1626 2474 1673 ιιι
2504 1613 2620 1688 Ipse
2647 1617 2864 1685 dixisti,
2896 1620 3070 1672 virum
3105 1618 3353 1682 noverit,
3385 1629 3563 1671 tamen
3595 1632 3740 1672 nunc

436 1712 574 1774 suit,
608 1712 847 1780 qualiter
873 1711 1024 1766 illum
1052 1728 1082 1767 a
1112 1711 1452 1767 dmmonibus
1482 1712 1708 1767 vidisset
1730 1712 1943 1778 agitari,
1979 1727 2036 1768 se
2064 1734 2114 1794 Β
2144 1715 2412 1783 praecipue
2453 1711 2521 1766 de
2563 1725 2630 1764 eo
2667 1710 2819 1780 plura
2861 1720 3190 1780 cognoscat,
3225 1724 3293 1763 ne
3324 1708 3500 1763 solum
3534 1709 3606 1762 ibi
3637 1709 3742 1779 Cy-

435 1806 699 1862 conviciis
749 1821 856 1861 non
907 1808 1148 1874 moveri,
1181 1823 1301 1878 qua:
1336 1808 1507 1878 magis
1545 1807 1622 1861 illi
1655 1823 1681 1859 a
1713 1821 1822 1876 quo
1852 1813 2038 1861 essent

434 1900 627 1967 ell'usa,
659 1902 995 1956 nocuissent.
1032 1900 1241 1957 Exinde
1279 1917 1402 1955 cum
1435 1901 1576 1954 idem
1618 1899 1819 1956 Brictio
1853 1899 2034 1955 multis

438 1991 576 2061 apud
609 2007 730 2046 eum
771 1993 1089 2063 magnisque
1127 1993 1446 2048 criminibus
1477 2007 1717 2062 persaepe
1755 2007 2036 2062 premere-

441 2095 551 2147 tur,
582 2087 698 2156 cogi
737 2099 841 2140 non
886 2085 1081 2154 potuit,
1114 2095 1171 2140 ut
1199 2101 1321 2140 eum
1369 2101 1397 2139 a
1432 2086 1770 2158 presbyterio
1813 2087 2036 2142 submo-

442 2185 622 2244 veret,
673 2193 738 2232 ne
781 2193 933 2234 suam
971 2177 1223 2248 persequi
1255 2177 1534 2232 videretur
1574 2178 1857 2246 injuriam;
1904 2177 2035 2234 illud

435 2285 581 2340 smpe
615 2285 1075 2336 commemorans,
1109 2270 1164 2326 Si
1193 2271 1446 2326 Christus
1473 2269 1666 2326 Judam
1693 2285 1887 2342 passus
1912 2278 2032 2338 est,

432 2378 533 2418 cur
571 2378 676 2434 ego
702 2379 809 2417 non
835 2362 1012 2433 patiar
1036 2361 1411 2418 Brictionem?

508 2443 648 2511 XVI.
679 2457 758 2510 Ad
790 2457 905 2511 haec
933 2456 1350 2523 Postumianus,
1383 2455 1615 2524 Audiat,
1651 2456 1857 2528 inquit,
1891 2456 2036 2511 istud

435 2549 747 2618 exemplum
777 2561 970 2605 noster
1003 2550 1105 2606 iste
1137 2550 1206 2605 de
1240 2550 1494 2620 proximo
1523 2591 1537 2613 ,
1569 2549 1662 2619 qui
1696 2565 1821 2604 cum
1853 2549 2040 2603 sit-sa-

440 2641 616 2710 piens,
641 2640 931 2696 immemor
955 2644 1313 2712 praesentium
1334 2683 1349 2705 ,
1376 2643 1668 2696 immemor
1692 2639 2034 2707 futurorum,

435 2734 479 2786 si
512 2731 670 2786 fuerit
698 2731 939 2789 offensus
961 2775 975 2800 ,
1008 2734 1243 2798 insanit,
1273 2739 1326 2789 in
1354 2749 1450 2789 sua
1480 2749 1540 2788 se
1571 2748 1677 2788 non
1708 2732 1914 2789 habens
1943 2747 2038 2802 po-

440 2835 633 2881 ti-state
659 2843 674 2880 :
703 2829 858 2881 sat-vit
884 2828 937 2882 in
960 2828 1212 2894 clericos,
1235 2838 1518 2900 grassatur
1542 2827 1596 2882 in
1621 2827 1813 2892 laicos,
1838 2835 2038 2882 totum—

441 2934 542 2984 que
585 2929 856 2973 terrarum
887 2919 1081 2974 orbem
1115 2919 1170 2975 in
1200 2934 1356 2974 suam
1388 2927 1703 2975 commovet
1734 2919 2034 2974 ultionem:

442 3012 491 3064 in
521 3026 624 3082 qua
649 3025 746 3082 per
775 3012 1065 3067 triennium
1094 3013 1301 3082 iugiter
1327 3011 1679 3067 dimicatione
1707 3012 2034 3078 consistens,

2142 1804 2389 1872 prlanum
2421 1810 2718 1871 martyrem
2745 1815 2900 1854 suum
2921 1842 2936 1865 ,
2961 1800 3209 1870 quamvis
3233 1809 3423 1852 sancto
3446 1798 3592 1853 illius
3619 1814 3746 1853 san-

2138 1894 2299 1964 guine
2326 1900 2680 1956 consecrata,
2708 1891 2959 1945 miretur.
2985 1890 3101 1945 Jam
3126 1891 3170 1944 si
3200 1889 3266 1943 ad
3294 1891 3486 1944 laevam
3516 1891 3738 1945 Achaiae

2137 1988 2314 2040 sinum
2340 1985 2616 2054 paululum
2645 1982 2888 2037 devexus
2911 1981 3224 2049 intraveris,
3249 1980 3389 2036 sciat
3411 1981 3736 2048 Corinthus,

2139 2079 2314 2135 sciant
2338 2079 2602 2144 Athenae,
2637 2093 2744 2131 non
2775 2076 3169 2146 sapientiorem
3203 2075 3256 2128 in
3289 2073 3584 2129 Academia
3620 2074 3741 2128 Pla-

2141 2182 2321 2227 tonem
2344 2212 2359 2236 ,
2389 2183 2492 2224 nec
2519 2170 2802 2224 Socratem
2836 2167 2888 2221 in
2920 2181 3143 2221 carcere
3173 2164 3488 2220 fortiorem:
3524 2165 3739 2222 felicem

2137 2267 2356 2338 quidem
2398 2259 2706 2330 Graeciam,
2753 2279 2873 2334 quae
2920 2263 3122 2317 meruit
3169 2262 3358 2318 audire
3411 2263 3736 2333 Apostolnm

2141 2358 2526 2429 praedicantem
2555 2374 2569 2418 ;
2604 2357 2700 2412 sed
2731 2367 3068 2426 neqitaquam
3101 2371 3129 2408 a
3162 2352 3380 2410 Christo
3408 2356 3614 2412 Gallias
3645 2357 3740 2412 de-

2139 2453 2398 2519 relictas,
2443 2451 2641 2522 quibus
2679 2449 2969 2505 donaverit
3009 2449 3213 2505 habere
3255 2451 3563 2506 Martinum.
3598 2451 3736 2508 Cum

2141 2561 2269 2600 vero
2295 2545 2360 2599 ad
2390 2543 2680 2615 ABgypmm
2709 2560 2880 2614 usque
2911 2545 3227 2614 perveneris
3247 2584 3262 2610 ,
3291 2561 3617 2615 quamquam
3647 2547 3737 2602 illa

2139 2654 2363 2695 suorum
2388 2649 2700 2694 sanctorum
2724 2654 2949 2694 numero
2973 2648 3029 2694 et
3060 2639 3352 2696 virtutibus
3381 2642 3452 2696 sit
3477 2643 3734 2712 superba,

2139 2741 2320 2788 tamen
2347 2747 2452 2787 non
2473 2732 2799 2801 dedignatur
2838 2733 3030 2788 audire
3050 2774 3064 2799 ,
3096 2733 3218 2803 quia
3251 2735 3326 2790 illi
3355 2735 3439 2790 vel
3470 2736 3735 2790 universae

2141 2825 2285 2878 Asiae
2323 2826 2374 2878 in
2406 2825 2521 2878 solo
2552 2824 2786 2878 Mat-tino
2818 2824 3029 2891 Europa
3073 2838 3178 2879 non
3209 2825 3458 2879 cesset-it.

2215 2916 2395 2972 XVIII.
2439 2915 2707 2973 Caeterum
2737 2931 2861 2972 cum
2895 2916 3330 2988 Hierosolymam
3372 2917 3498 2972 inde
3538 2918 3735 2987 petitu-

2143 3029 2234 3075 rns
2272 3013 2448 3070 ventis
2486 3028 2701 3068 rursum
2739 3012 2854 3067 vela
2895 3012 3275 3078 commiseris,
3311 3012 3589 3082 negotium
3635 3012 3738 3067 tibi

436 3119 537 3158 nec
568 3112 816 3173 tempore
849 3120 949 3159 nec
983 3104 1197 3161 ratione
1227 3104 1488 3161 sedatur:
1520 3104 1756 3160 dolenda
1800 3104 2035 3159 hominis
2064 3125 2109 3187 ρ
2143 3106 2315 3162 nostri
2343 3105 2549 3160 doloris
2578 3105 2824 3175 iniungo,
2855 3113 2942 3169 ut,
2971 3105 3020 3160 si
3044 3119 3300 3174 umquam
3332 3104 3563 3160 illustris
3590 3103 3740 3159 illius

436 3208 488 3252 et
520 3197 830 3254 miseranda
865 3200 1142 3268 conditio,
1171 3199 1387 3255 etiamsi
1421 3201 1521 3256 hac
1563 3201 1676 3257 sola
1717 3200 2035 3256 insanabilis

439 3281 568 3346 muli
600 3303 752 3362 peste
781 3303 1146 3362 premeretur.
1181 3293 1377 3349 Verum
1424 3294 1526 3348 ista
1569 3294 1620 3350 ei
1657 3295 1937 3364 patientiae
1980 3303 2035 3347 et

439 3384 852 3452 tranquillitatis
896 3387 1149 3457 exempla
1190 3386 1394 3441 referre
1434 3388 1668 3456 sacpius,
1711 3386 1898 3451 Galle,
1945 3385 2037 3440 dc-

447 3475 678 3540 bueras,
713 3484 770 3529 ut
802 3477 1044 3532 nesciret
1073 3477 1236 3531 irasci
1278 3485 1333 3532 et
1369 3478 1542 3532 sciret
1583 3476 1894 3548 ignoscere.
1935 3475 2034 3542 Qui

441 3568 486 3620 si
530 3566 691 3621 istum
726 3569 898 3638 ipsum
933 3569 1173 3624 breviter
1210 3569 1477 3624 insertum
1509 3583 1821 3624 sermonem
1855 3583 2035 3622 meum

440 3660 493 3714 in
543 3675 602 3715 se
646 3662 919 3731 prolatum
967 3663 1109 3717 forte
1151 3661 1513 3733 cognoverit,
1555 3661 1692 3716 sciat
1731 3679 1834 3714 non
1868 3659 2041 3730 magis

443 3768 538 3809 ore
569 3751 779 3809 inimici
808 3769 967 3826 quam
1000 3756 1162 3809 amici
1204 3757 1388 3809 animo
1428 3769 1515 3809 me
1549 3755 1827 3808 locutum:
1872 3754 1999 3822 quia
2023 3793 2038 3820 ,
2087 3761 2092 3765 ‘

443 3846 488 3901 si
517 3846 633 3902 fleri
664 3857 881 3915 posset,
912 3858 1192 3916 optarem,
1226 3856 1284 3901 ut
1312 3847 1543 3902 Martino
1577 3847 1754 3916 potius
1777 3845 2040 3916 episcopo

445 3955 601 4008 quam
628 3939 847 3995 Phalari
874 3949 1107 4014 tyranno
1150 3941 1352 3996 similis
1379 3941 1675 3996 diceretur.
1709 3939 1816 3994 Sed
1851 3939 2036 4004 isttttn,

446 4034 600 4102 cujus
625 4035 1086 4091 commemoratio
1111 4050 1300 4104 parum
1325 4035 1507 4089 suavis
1534 4043 1647 4099 est,
1679 4043 2039 4099 transeamus,

445 4134 498 4180 et
529 4126 594 4179 ad
623 4125 912 4180 Martinum
941 4137 1186 4183 nostrum
1205 4168 1222 4194 ,
1249 4127 1404 4184 Galle
1423 4167 1438 4192 ,
1469 4126 1782 4182 redeamus.

517 4201 682 4272 iVll.
715 4204 851 4272 Tum
895 4233 1028 4289 ego.
1058 4234 1180 4274 cum
1209 4219 1320 4290 jam
1354 4218 1549 4274 adesse
1580 4233 1863 4289 vesperam
1896 4219 2041 4273 occi-

445 4293 550 4364 duo
580 4293 696 4364 sole
725 4309 990 4366 sentirem
1011 4349 1028 4377 ,
1061 4309 1217 4378 Dies,
1250 4311 1504 4380 inquam,
1537 4309 1703 4375 abiit,
1738 4309 2046 4364 Postumia-

446 4417 548 4457 ne:
581 4407 911 4470 surgendum
937 4413 1055 4457 est:
1087 4401 1250 4458 simul
1282 4411 1387 4456 tam
1418 4401 1681 4458 Studiosis
1704 4401 2046 4458 auditoribus

2144 3197 2493 3254 Ptolemaidis
2524 3198 2674 3253 littus
2704 3199 3029 3264 accesseris,
3052 3196 3327 3252 sollicitus
3351 3195 3619 3267 inquiras,
3645 3196 3736 3250 ubi

2138 3291 2210 3343 sit
2237 3290 2588 3358 consepultus
2617 3297 2806 3342 noster
2837 3287 2927 3342 ille
2960 3287 3327 3356 Pomponius,
3359 3301 3458 3342 nec
3488 3285 3734 3342 fastidias

2139 3385 2359 3440 visitare
2385 3399 2507 3439 ossa
2539 3383 2845 3453 peregrina.
2868 3381 3061 3436 Multas
3091 3382 3197 3436 illic
3228 3381 3497 3452 lacrymas
3529 3392 3636 3434 tam
3667 3395 3735 3435 ex

2138 3478 2338 3532 affectu
2380 3487 2470 3530 tuo
2513 3491 2674 3545 quam
2719 3491 2784 3530 ex
2829 3473 3031 3528 nostris
3063 3473 3226 3528 funde
3258 3473 3561 3528 visceribus
3589 3490 3600 3524 :
3633 3487 3733 3540 ac,

2139 3569 2261 3624 licet
2293 3570 2438 3623 inani
2481 3585 2740 3636 munere,
2771 3568 2947 3623 solum
2983 3570 3156 3638 ipsum
3201 3569 3337 3622 Ilore
3379 3583 3654 3637 purpureo
3682 3576 3738 3628 et

2140 3678 2311 3718 suave
2336 3662 2708 3718 redolentibus
2736 3677 2928 3731 sparge
2959 3661 3323 3731 graminibus.
3359 3662 3520 3715 Dices
3555 3671 3734 3713 tamen

2143 3756 2262 3823 illi,
2296 3757 2392 3810 sed
2426 3770 2534 3809 non
2566 3769 2792 3824 aspere,
2826 3769 2933 3807 non
2975 3754 3208 3818 acerbe,
3239 3751 3626 3821 compatientis
3656 3750 3740 3805 al-

2142 3849 2348 3918 loquio,
2373 3862 2480 3901 non
2501 3845 2885 3914 exprobrantis
2909 3845 3120 3915 elogio:
3147 3843 3289 3913 quod
3313 3844 3356 3898 si
3381 3844 3466 3898 vel
3489 3854 3539 3897 te
3563 3857 3740 3914 quon-

2143 3942 2265 3998 dam
2289 3983 2306 4010 ,
2337 3941 2421 3994 vel
2448 3957 2536 3996 me
2563 3955 2780 4010 semper
2806 3939 2998 3994 audire
3035 3938 3337 4003 voluisset,
3366 3948 3420 3992 et
3448 3937 3736 3992 Martinnm

2144 4033 2318 4103 magis
2362 4048 2522 4103 quam
2571 4033 2760 4098 illum,
2808 4047 2968 4101 quem
3013 4033 3302 4086 nominare
3345 4030 3508 4095 nolo,
3549 4029 3741 4085 fuisset

2145 4126 2385 4181 imitatus
2410 4141 2422 4179 :
2454 4140 2748 4195 numquam
2775 4139 2805 4178 a
2834 4138 2920 4180 me
2947 4133 3055 4177 tam
3084 4123 3384 4178 crudeliter
3407 4122 3738 4191 disparatus,

2146 4221 2316 4290 ignoti
2357 4220 2598 4289 pulveris
2626 4227 2777 4291 syrte
2807 4226 3104 4288 tegeretur,
3141 4212 3386 4285 naufragi
3419 4226 3570 4268 sorte
3599 4229 3746 4284 pra:-

2147 4313 2305 4369 donis
2333 4327 2526 4383 passus
2557 4313 2609 4366 in
2642 4311 2822 4366 medio
2853 4309 2990 4363 mari
3033 4318 3296 4374 mortem,
3340 4316 3391 4361 et
3426 4307 3512 4360 vix
3556 4305 3609 4360 in
3651 4321 3746 4360 ex«

2152 4416 2327 4460 tremo
2359 4414 2548 4458 nactus
2582 4402 2765 4458 littore
2795 4404 3152 4470 sepulturam.
3184 4397 3418 4453 Videant
3461 4396 3566 4452 hoc
3605 4410 3748 4465 opus

446 4509 600 4550 cmna
624 4494 875 4552 debetur.
904 4480 979 4552 De
1003 4483 1234 4552 Martino
1260 4507 1439 4552 autern
1469 4507 1792 4567 exspectare
1821 4513 1928 4552 non
1954 4497 2050 4552 de—
2073 4505 2126 4564 D
2151 4513 2308 4553 suum
2330 4537 2344 4562 ,
2385 4497 2715 4566 quicumque
2761 4510 2826 4548 ex
2873 4493 3021 4548 illius
3065 4493 3326 4547 abscessu
3376 4490 3507 4545 mihi
3549 4504 3751 4545 nocere

447 4585 573 4650 bes,
604 4595 659 4640 ut
689 4587 796 4641 ulla
830 4589 902 4642 sit
942 4597 1083 4644 meta
1127 4587 1439 4644 referendi:
1476 4581 1639 4643 latius
1671 4589 1762 4644 ille
1790 4589 2050 4645 diffundi-

451 4689 558 4745 tur,
593 4696 755 4750 quam
789 4691 847 4735 ut
880 4681 994 4736 ullo
1023 4681 1203 4737 valeat
1234 4697 1490 4737 sermone
1517 4682 1787 4738 concludi.
1819 4683 1930 4738 Ista
1966 4684 2050 4738 in-

449 4771 610 4825 terim
639 4771 707 4825 de
738 4771 834 4826 illo
861 4772 977 4827 viro
1009 4773 1252 4844 portabis
1279 4771 1488 4830 Orienti
1507 4814 1522 4840 ,
1552 4782 1607 4830 et
1632 4773 1758 4829 dum
1786 4775 2048 4843 recurris,

450 4858 807 4932 diversasque
840 4863 1093 4934 regiones
1117 4905 1131 4928 ,
1164 4863 1285 4919 loca
1309 4901 1324 4930 ,
1359 4877 1548 4934 portus
1573 4908 1588 4932 ,
1622 4865 1829 4920 insulas
1862 4866 2050 4920 urbes-

453 4969 555 5024 que
587 4958 956 5028 pru-terlegis,
988 4958 1203 5015 Martini
1245 4976 1442 5016 nomen
1487 4968 1542 5015 et
1583 4961 1814 5032 gloriam
1855 4977 2050 5033 sparge

455 5061 550 5117 per
571 5051 821 5120 populos.
849 5051 1126 5122 Imprimis
1153 5061 1428 5110 memento
1451 5067 1556 5109 non
1581 5055 1864 5125 praeterire
1887 5055 2050 5110 Cam-

2154 4592 2484 4646 voluerunt:
2518 4590 2737 4644 videant
2774 4588 3006 4658 gloriam
3045 4601 3196 4640 suam
3220 4623 3236 4651 ,
3269 4593 3325 4638 et
3356 4584 3436 4639 vel
3482 4598 3629 4637 nunc
3658 4581 3753 4637 ad-

2156 4699 2373 4739 versum
2423 4699 2508 4738 me
2549 4684 2787 4752 grassari
2829 4679 3087 4735 desinant
3129 4676 3410 4731 vindicati.
3461 4675 3586 4728 llazc
3627 4690 3750 4730 cum

2152 4778 2388 4834 maxime
2419 4775 2588 4830 flebili
2620 4790 2750 4829 voce
2789 4787 3169 4842 gemeremus,
3204 4769 3450 4823 omnium
3494 4767 3754 4839 lacrymis

2152 4887 2250 4942 per
2279 4879 2464 4926 nostra
2506 4871 2740 4924 lamenta
2779 4867 3106 4948 commotis,
3134 4881 3257 4919 cum
3303 4878 3497 4933 magna
3529 4862 3749 4930 quidem

2152 4962 2365 5018 Martini
2393 4961 2776 5026 admiratione,
2809 4959 2906 5014 sed
2939 4973 3046 5012 non
3079 4957 3292 5012 minore
3323 4971 3386 5010 ex
3421 4951 3626 5008 nostris
3651 4949 3749 5004 Ile-

2155 5055 2302 5110 tibns
2330 5053 2523 5110 dolore
2544 5093 2561 5120 ,
2595 5052 2900 5108 discessum
2933 5060 3038 5105 est.

1847 5370 2385 5448 mm
