4172 6182
382 257 494 314 225

1339 267 1691 326 APPENDIX
1731 271 1825 326 AD
1863 271 2095 329 OPERA
2136 273 2429 332 SULPICII
2470 276 2746 335 SEVERI.

3582 281 3693 339 2‘24

412 402 3679 442 Mm

1583 622 2527 752 APPENDIX

1220 1018 2074 1169 SULPICII
2174 1021 2887 1171 SEVERI

942 1274 1453 1367 OPERUM
1526 1276 2200 1365 EDITIONEM
2273 1273 3139 1384 VERONENSEM,

1713 1469 1855 1539 QUA
1894 1467 2385 1526 CONTINENTUR

1437 1636 2261 1747 EPISTOLfE
2415 1636 2655 1741 VII

1718 1856 1932 1911 ΔΝΤΕΑ
1962 1856 2343 1909 EVULGATIE.

1800 1994 2275 2050 -οθιῆἰΞὶεκῢα

878 2157 1217 2217 EPISTOLA
1262 2157 1491 2214 PRIMA.

773 2293 840 2331 AD
879 2292 1149 2333 CLAUDIAM
1187 2290 1432 2332 SOROREK
1471 2290 1628 2331 SUAM.

918 2394 997 2448 De
1034 2395 1217 2449 ultimo
1248 2394 1473 2466 judicio.

462 2528 502 2583 Ι.
536 2528 715 2584 Lectis
738 2528 988 2599 epistolis
1015 2529 1123 2584 tuis
1144 2571 1160 2596 ,
1192 2530 1365 2584 multo
1391 2529 1554 2584 modo
1582 2538 1885 2600 permotum
1914 2529 1992 2583 af-

387 2621 590 2678 fectum
614 2623 872 2695 lacrymis
896 2632 1083 2680 tenere
1106 2640 1212 2679 non
1240 2624 1409 2695 potui.
1436 2624 1568 2679 Nam
1594 2635 1646 2680 et
1673 2624 1871 2695 gaudio
1894 2624 1991 2679 ﬂc-

393 2715 517 2770 bam
548 2716 692 2786 quod
728 2726 781 2771 te
811 2716 1107 2771 secundum
1134 2716 1349 2771 Domini
1378 2717 1477 2772 Dei
1511 2718 1679 2771 nostri
1714 2727 1987 2786 praecepta

388 2809 577 2865 vivere
608 2824 675 2864 ex
705 2824 960 2865 sermone
998 2810 1120 2880 ipso
1152 2812 1455 2866 litterarum
1490 2820 1704 2866 tuarum
1741 2820 1987 2880 poteram

388 2920 721 2977 agnoscere,
764 2915 818 2960 et
862 2920 960 2975 pro
999 2905 1281 2962 desiderio
1324 2908 1399 2961 tui
1444 2924 1549 2962 tton
1598 2915 1839 2976 poteram
1880 2921 1987 2961 non

387 2997 607 3057 dolere.
632 2997 778 3068 quod
803 3005 829 3034 ⁸
853 3012 949 3067 per
969 3012 1237 3052 summam
1266 3014 1294 3051 a
1328 3010 1381 3052 te
1407 2997 1657 3066 injuriam
1686 2999 1985 3065 alienabar,

388 3089 436 3144 si
470 3089 683 3144 litteras
714 3106 819 3145 non
854 3090 1119 3145 misisses.
1163 3089 1279 3144 Tali
1309 3105 1443 3159 ergo
1474 3104 1666 3145 sorore
1699 3108 1802 3145 non
1838 3090 1986 3147 frue-

389 3182 519 3235 rer?
550 3181 747 3236 Testor
778 3190 961 3236 autem
993 3182 1221 3237 salutem
1259 3190 1405 3236 tuam
1430 3225 1445 3249 ,
1497 3199 1743 3253 persaepe
1784 3184 1851 3239 ad
1893 3199 1991 3239 vos

390 3276 579 3331 venire
620 3275 805 3341 volui,
839 3276 932 3330 sed
968 3292 1138 3347 usque
1169 3276 1346 3331 adhuc
1377 3278 1672 3347 impeditus
1705 3293 1823 3332 sum
1847 3318 1861 3343 ,
1896 3278 1993 3333 ob-

387 3369 621 3425 sistente
652 3385 718 3424 eo
745 3370 836 3441 qui
869 3372 1153 3425 consuevit
1182 3371 1473 3426 obsiStere.
1518 3372 1649 3425 Nam
1682 3381 1735 3425 et
1767 3371 1993 3428 festina-

388 3460 511 3515 bam
554 3460 830 3515 desiderio
872 3476 994 3515 meo
1036 3461 1091 3516 in
1138 3473 1226 3517 tuo
1272 3472 1494 3531 aspectu
1539 3463 1892 3529 satisfacere;
1938 3474 1993 3519 et

2014 2160 2065 2218 A
2092 2156 2270 2212 cultor
2295 2156 2543 2226 accipiat.
2576 2156 2833 2227 Alioquin
2868 2172 2967 2212 nec
2998 2165 3210 2227 partem
3241 2156 3619 2229 consequitur,
3651 2158 3699 2214 si
3790 2188 3803 2195 -

2096 2264 2161 2305 ex
2189 2259 2342 2319 parte
2362 2250 2680 2305 cessaverit.
2706 2249 2839 2303 Nam
2864 2251 3005 2304 sicut
3030 2265 3061 2304 a
3092 2257 3314 2319 peccato
3337 2250 3404 2305 ad
3427 2251 3699 2321 justitiam

2097 2341 2409 2413 fugiendum
2439 2350 2552 2408 est,
2584 2342 2655 2395 ita
2691 2350 2745 2395 et
2774 2342 2865 2411 qui
2894 2341 3164 2411 justitiam
3200 2342 3363 2396 fuerit
3393 2344 3699 2413 ingressus,

2095 2451 2163 2492 ne
2197 2444 2421 2506 peccato
2452 2445 2633 2505 pateat
2660 2436 3100 2505 prtecavendum.
3132 2434 3406 2506 Scriptum
3436 2436 3582 2491 enim
3616 2445 3700 2492 est

2089 2528 2236 2598 justo
2267 2527 2485 2599 (Ezeclt.
2513 2544 2685 2593 xvm,
2709 2527 2779 2581 24
2798 2570 2811 2591 ,
2836 2526 2931 2599 2G)
2951 2571 2963 2591 ,
2996 2528 3049 2582 in
3083 2544 3189 2598 qua
3218 2528 3308 2583 die
3333 2530 3696 2599 exerraverit,

2086 2622 2353 2692 justitiam
2395 2638 2501 2676 non
2546 2621 2903 2691 profuturam.
2948 2621 3005 2676 In
3046 2622 3151 2677 hoc
3193 2624 3356 2693 igitur
3390 2624 3695 2679 consisten-

2092 2715 2219 2770 dum
2250 2726 2361 2780 est,
2399 2716 2451 2769 in
2484 2715 2587 2769 hoc
2620 2714 2976 2769 laborandum
2997 2756 3011 2779 ,
3047 2730 3115 2769 ne
3144 2716 3233 2785 qui
3266 2724 3484 2785 peccata
3518 2717 3697 2772 evasi-

2092 2824 2245 2874 mus,
2279 2808 2502 2877 praemia
2534 2816 2717 2877 parata
2750 2807 3071 2876 perdamus.
3106 2807 3223 2863 Stat
3256 2810 3401 2863 enim
3430 2808 3701 2866 adversus

2094 2918 2192 2956 nos
2222 2912 2442 2972 paratus
2468 2902 2717 2956 inimicus
2736 2945 2749 2967 ,
2777 2911 2833 2956 ut
2862 2901 3122 2956 nudatum
3151 2901 3277 2957 fidei
3304 2902 3541 2959 ttthne
3572 2919 3700 2959 mox

2092 2997 2269 3053 feriat.
2303 2996 2421 3050 Non
2452 2996 2792 3064 abjiciendus
2823 3004 2908 3050 est
2934 2994 3117 3065 itaque
3158 2996 3418 3068 clypeos,
3453 3012 3522 3051 ne
3557 2998 3700 3053 latus

2094 3099 2294 3161 pateat.
2329 3089 2446 3145 Non
2478 3089 2842 3145 remittendus
2871 3101 2953 3145 est
2983 3090 3194 3161 gladius
3216 3134 3230 3156 ,
3265 3106 3332 3146 ne
3361 3091 3535 3146 hostis
3567 3094 3700 3149 inci-

2092 3188 2204 3255 piat
2234 3202 2339 3240 uon
2375 3188 2584 3241 timere.
2618 3184 2793 3241 Porro
2833 3201 2955 3240 cum
2997 3194 3265 3239 armatum
3308 3185 3537 3251 viderit,
3578 3187 3698 3241 abi-

2094 3281 2189 3335 bit.
2225 3280 2332 3334 Nec
2364 3280 2674 3351 ignoramus
2722 3278 2914 3333 durum
2942 3294 3063 3333 esse
3094 3293 3157 3333 ac
3186 3278 3406 3334 dilticile
3437 3279 3699 3335 adversus

2093 3387 2313 3427 carnem
2346 3381 2399 3426 et
2429 3371 2686 3427 smculurn
2719 3371 2960 3441 quotidie
2991 3370 3274 3426 dimicare.
3316 3371 3421 3425 Sed
3454 3371 3501 3425 si
3540 3381 3699 3427 alter-

2096 3466 2318 3519 nitalem
2351 3465 2591 3533 cogites,
2626 3463 2671 3517 si
2703 3464 2963 3518 cwlorum
2997 3478 3159 3530 regna
3191 3463 3509 3519 consideres
3532 3504 3547 3524 ,
3578 3480 3698 3532 quae

390 3567 532 3622 opus
560 3553 769 3607 Domini
800 3554 969 3608 nostri
998 3555 1142 3609 inter
1169 3569 1267 3608 nos
1294 3555 1471 3610 obiter
1495 3556 1814 3611 videbamur
1840 3566 1988 3611 actu—
2020 3556 2066 3614 B
2094 3558 2278 3622 utique
2306 3556 2461 3610 nobis
2489 3555 2747 3609 Dominus
2775 3553 2902 3608 licet
2930 3554 3304 3620 peceatoribus
3334 3565 3592 3624 praestare
3619 3556 3700 3609 di-

393 3648 475 3713 ri,
510 3661 631 3701 cum
663 3648 803 3701 alter
834 3648 1062 3701 alterunt
1092 3647 1465 3713 consolando,
1512 3649 1720 3703 calcata
1762 3665 1790 3702 a
1831 3649 1991 3704 nobis

399 3742 542 3798 mole
589 3742 775 3796 srcculi
804 3784 817 3808 ,
869 3743 1193 3797 viveremus.
1244 3741 1348 3799 Sed
1388 3742 1500 3812 jam
1547 3742 1796 3798 veniendi
1845 3742 1988 3798 diem

393 3842 724 3904 tempusque
773 3850 886 3889 non
914 3845 1119 3902 statuo,
1155 3836 1280 3905 quia
1306 3837 1755 3907 quotiescumque
1783 3838 1947 3891 statui
1973 3880 1988 3905 ,

389 3926 622 3996 implere
650 3942 755 3980 non
785 3929 953 3997 potui.
974 3928 1186 3982 Domini
1208 3930 1840 3997 opperiarvoluntatem;
1868 3944 1991 3999 spe—

392 4034 566 4089 roque
596 4018 741 4088 quod
774 4018 912 4072 meis
942 4020 1087 4073 votis
1116 4029 1170 4073 et
1201 4020 1539 4075 oratiOnibus
1568 4020 1674 4075 tuis
1704 4020 1772 4076 de
1803 4031 1988 4076 nostra

391 4124 495 4165 nos
527 4109 763 4164 fructum
795 4124 993 4179 capere
1025 4110 1186 4163 faciat
1210 4108 1239 4147 ιι
1270 4111 1701 4179 perseverantia.

466 4201 532 4256 ll.
562 4199 835 4257 Cmterum
864 4201 1009 4271 quod
1038 4216 1066 4254 a
1097 4216 1184 4256 me
1215 4203 1270 4255 in
1299 4200 1551 4255 omnibus
1578 4202 1825 4272 epistolis
1856 4216 1990 4273 quas

391 4294 460 4350 ad
505 4306 556 4350 le
587 4296 841 4350 miseram
873 4297 998 4347 vim
1036 4309 1100 4348 ae
1141 4293 1265 4348 fidei
1307 4303 1414 4348 tua:
1460 4304 1731 4365 praecepta
1774 4294 1990 4350 deside-

390 4403 561 4453 rans,
613 4387 725 4457 jam
787 4402 884 4457 per
934 4384 1307 4440 assiduitatem
1359 4386 1687 4456 scriptorum
1741 4401 1989 4442 meorum

390 4481 560 4537 verba
589 4479 906 4548 coosuutpsi
925 4519 939 4544 ,
969 4478 1107 4532 nihil
1136 4492 1334 4531 novum
1369 4477 1461 4533 tibi
1496 4479 1799 4533 rescribere
1829 4481 1991 4533 modo

395 4585 615 4642 possum
646 4568 790 4640 quod
820 4578 947 4624 ante
978 4583 1083 4623 non
1116 4568 1453 4638 scripserim.
1502 4570 1566 4624 Et
1594 4586 1727 4624 sane
1758 4571 1991 4639 propitio

393 4664 505 4721 Deo
547 4665 657 4735 jam
706 4679 812 4719 non
862 4664 1073 4733 indiges
1113 4663 1434 4731 admoneri,
1481 4680 1602 4734 qua:
1647 4665 1807 4718 tidem
1853 4665 1992 4718 inter

393 4759 660 4828 principia
691 4772 1083 4812 consummans
1103 4798 1118 4820 ,
1148 4755 1401 4811 devotam
1436 4758 1488 4811 in
1518 4755 1737 4811 Christo
1764 4756 1992 4813 exhibes

391 4851 740 4907 charitatem.
773 4851 948 4907 Unum
981 4858 1162 4904 tamen
1196 4865 1422 4917 moneo,
1460 4866 1527 4906 ne
1560 4860 1873 4906 transcursa
1908 4866 1992 4906 re-

2092 3634 2371 3719 gnabitur,
2403 3662 2523 3718 quae
2551 3646 2767 3701 tandem
2797 3647 3063 3716 condigna
3096 3646 3274 3716 passio
3302 3657 3384 3700 est
3410 3662 3513 3714 qua
3547 3655 3695 3701 tanta

2094 3745 2443 3797 mereamur?
2488 3742 2784 3796 Luctamen
2833 3750 3010 3795 autem
3059 3741 3110 3794 in
3157 3740 3259 3794 hoc
3298 3740 3500 3794 mundo
3544 3741 3695 3808 parvi

2096 3833 2353 3903 temporis
2383 3841 2485 3887 est.
2531 3832 2661 3886 Nam
2694 3831 2796 3886 etsi
2826 3846 2973 3886 mors
3006 3847 3111 3885 non
3143 3830 3440 3897 succedat,
3472 3840 3694 3886 senecta

2093 3926 2367 3980 succedet.
2417 3925 2695 3980 Labuntur
2736 3925 2895 3987 anni,
2945 3926 3118 3978 lluunt
3165 3934 3450 3995 tempora,
3500 3934 3590 3991 et,
3640 3934 3697 3979 ut

2093 4036 2253 4090 spero
2273 4061 2288 4087 ,
2325 4020 2583 4074 Dominus
2608 4018 2767 4074 Jesus
2795 4028 3067 4089 tamquam
3095 4017 3442 4073 desideratos
3474 4018 3574 4073 sibi
3605 4033 3695 4073 cc—

2094 4114 2281 4169 leriter
2310 4114 2546 4167 vocabit.

2164 4206 2251 4260 Ill.
2277 4205 2321 4261 Ο
2348 4220 2508 4275 quam
2539 4204 2664 4260 felix
2689 4204 2781 4260 ille
2808 4215 2993 4259 noster
3018 4218 3296 4268 excessus,
3321 4218 3441 4259 cum
3470 4214 3493 4242 ο
3516 4219 3546 4258 a
3574 4203 3696 4259 labe

2093 4298 2301 4367 peccati
2343 4296 2584 4352 melioris
2628 4297 2753 4351 vitae
2796 4298 3214 4352 conversatione
3262 4306 3517 4367 purgatos
3565 4295 3696 4352 sede

2093 4404 2187 4443 sua
2236 4404 2334 4444 nos
2376 4388 2624 4443 Christus
2669 4388 2940 4457 excipiet!
2985 4389 3292 4443 Occurrent
3334 4398 3600 4460 martyres
3640 4398 3696 4444 et

2096 4481 2407 4552 prephettc,
2439 4478 2466 4516 ἀ
2500 4490 2787 4552 tangentur
2836 4481 3107 4549 apostoli,
3138 4481 3449 4551 gaudebunt
3478 4480 3692 4552 angeli,

2096 4572 2421 4628 lmtabuutur
2447 4572 2779 4643 archangeli,
2806 4573 3088 4644 victusque
3113 4574 3347 4628 Satanas
3371 4585 3599 4628 cruento
3624 4574 3691 4628 li-

2096 4673 2184 4719 cet
2209 4679 2304 4719 ore
2334 4664 2583 4733 pallehit;
2614 4666 2814 4735 quippe
2845 4668 2935 4735 qui
2969 4667 3129 4721 etiam
3174 4674 3354 4718 nostra
3376 4706 3389 4729 ,
3423 4680 3546 4734 qua:
3590 4666 3695 4720 sibi

2095 4757 2148 4812 in
2182 4758 2337 4814 nobis
2369 4767 2799 4828 praeparaverat,
2846 4766 3067 4828 peccata
3110 4757 3425 4826 perdiderit.
3473 4754 3695 4812 Videbit

2094 4852 2320 4921 gloriam
2347 4865 2663 4906 concessam
2693 4866 2788 4919 per
2813 4851 3047 4914 veniam,
3081 4851 3273 4904 merita
3303 4849 3565 4903 honorata
3598 4865 3695 4919 per

394 4955 580 5018 petas,
626 4961 694 4999 ne
734 4953 1040 5013 centempta
1087 4943 1397 5008 desideres;
1445 4960 1512 5000 ne
1552 4961 1769 5000 manum
1808 4955 1990 5000 aratro
2019 4950 2063 5014 C
2096 4943 2345 5015 gloriam.
2378 4942 2486 4997 Nos
2532 4943 2986 5012 triumphabimus
3035 4943 3189 4995 heste
3216 4950 3509 5009 superato,
3545 4950 3569 4978 ε
3603 4942 3693 4995 ubi

396 5038 647 5093 inserens
674 5035 823 5105 (Luc.
847 5052 920 5102 ιχ,
946 5036 1061 5105 69.),
1091 5046 1395 5091 retrorsum
1420 5051 1681 5091 conversa
1708 5037 1988 5106 respicias.

397 5130 516 5198 Quo
545 5128 732 5198 utique
764 5130 817 5183 in
850 5138 902 5183 te
930 5130 1193 5184 redeunte
1224 5130 1379 5197 vitio,
1408 5130 1657 5185 ordinem
1697 5146 1855 5185 suum
1895 5147 1993 5185 ne-

395 5236 551 5279 cesse
578 5231 661 5278 est
689 5222 871 5277 sulcus
901 5223 1148 5288 amittat,
1181 5237 1282 5279 nec
1311 5238 1443 5280 sane
1472 5223 1788 5279 mercedem
1833 5238 1987 5280 suam

468 5426 495 5454 δ
524 5416 628 5473 Per
653 5433 902 5471 summam
928 5433 960 5470 a
983 5426 1030 5470 te
1058 5414 1323 5485 injuriam.
1357 5414 1612 5469 Fortasse
1638 5413 1874 5468 Severus
1896 5429 1993 5467 vo-

396 5489 549 5545 culas
574 5508 607 5544 a
632 5500 677 5544 te
706 5497 1091 5559 postposuerat
1123 5486 1240 5537 Voci
1287 5487 1552 5559 injuriqnt.
1589 5485 1688 5539 Vix
1736 5486 1880 5539 enim
1913 5486 1987 5539 fe-

397 5570 526 5616 runt
557 5557 717 5616 aures
747 5560 1011 5630 ejusmodi
1047 5559 1390 5630 metathesin.
1427 5557 1595 5630 CL_I-:n.

468 5630 495 5670 ι’
537 5626 951 5687 Perset'erantia.
987 5629 1114 5699 Leg.
1151 5629 1442 5698 praesentia.
1489 5628 1689 5682 BALUZ.
1722 5657 1794 5666 —
1823 5626 1990 5699 Paulo

397 5700 524 5775 ante
556 5704 808 5769 rescripsi
841 5719 963 5759 cum
988 5696 1207 5757 Balvttzio
1239 5706 1478 5769 opperiar
1496 5715 1514 5764 ;
1548 5714 1645 5768 pro
1676 5712 1784 5770 quo
1820 5696 1991 5754 Cleri-

397 5786 494 5828 cus
514 5813 528 5837 ,
564 5775 823 5839 opperior.

2090 5048 2218 5094 tunc
2248 5037 2434 5094 mundi
2468 5038 2626 5093 istius
2655 5038 2929 5106 sapientes
2957 5035 3315 5099 ridebuntur;
3349 5034 3442 5089 ubi
3474 5050 3691 5103 avarus,

2088 5134 2175 5190 ubi
2204 5134 2436 5200 adulter,
2470 5134 2559 5188 ubi
2590 5133 2817 5199 impius,
2848 5130 2938 5185 ubi
2965 5130 3250 5195 ebriosus,
3280 5128 3369 5185 ubi
3396 5129 3692 5186 maledicus

2088 5234 2563 5298 recognoscentur.
2590 5224 2730 5291 Quid
2758 5223 2943 5279 miseri
2973 5240 3071 5295 pro
3102 5238 3201 5278 sua
3229 5223 3550 5279 defensione
3577 5223 3692 5277 dic-

2176 5424 2197 5450 ο
2233 5414 2275 5467 Α
2302 5413 2415 5466 labe
2444 5411 2638 5481 peccati
2659 5420 3058 5481 purgatos.
3088 5409 3180 5463 His
3211 5409 3393 5463 affinia
3419 5416 3542 5461 sunt
3571 5422 3690 5481 qua:

2101 5484 2264 5540 habet
2287 5479 2524 5539 Severus
2541 5482 2605 5535 de
2626 5481 2744 5536 Vim
2762 5480 2827 5536 Β.
2851 5479 3065 5535 Μανιιηὶ
3085 5497 3205 5547 cap.
3232 5483 3296 5534 ιδ
3317 5498 3327 5531 :
3346 5481 3570 5549 Antiqua
3596 5479 3689 5530 de-

2102 5556 2224 5610 licta
2251 5556 2478 5609 melioris
2500 5555 2614 5608 rita:
2633 5557 3021 5608 conversatione
3045 5552 3255 5622 purgari
3301 5551 3367 5605 H.
3396 5567 3461 5605 DE
3486 5551 3687 5605 Pnno.

2170 5625 2195 5663 ἀ
2228 5624 2889 5699 Iungentur._'_An-_6_xomo
2912 5666 2924 5685 ,
2957 5620 3492 5699 hetizia'afticietnur.

2174 5708 2196 5732 θ
2233 5692 2496 5751 [Ιὺίἰηιιε.
2528 5696 2721 5751 Clerici
2753 5697 2921 5753 editio
2948 5692 3239 5760 mendose,
3268 5692 3354 5747 ubi
3383 5704 3542 5750 nunc.
