4270 6176
402 198 508 258 *ΞΞΒ

1056 200 1281 261 EPlST.
1323 202 1343 257 Ι
1384 195 1587 259 SULP.
1629 194 1903 267 SEVERI,
1948 195 2041 255 AD
2077 192 2437 257 CLAUDIAM
2478 195 2809 258 SOROREM
2847 196 3057 258 SUAM.

3602 194 3713 252 926

405 318 512 373 turi
543 316 705 372 sunt!
735 314 1078 373 Neseivimus
1108 328 1181 387 te,
1207 320 1461 385 Domine,
1492 328 1543 374 te
1574 320 1625 374 in
1660 317 1861 373 mundo
1890 331 2014 371 esse
2040 323 2091 380 Α
2120 316 2230 371 dixi
2266 334 2278 369 :
2329 315 2646 371 Desidel‘ittltt
2690 326 3023 389 peccatorum
3065 313 3250 384 peribit
3300 310 3419 384 (Ps.
3443 326 3554 379 CXI,
3594 311 3707 381 10),

407 424 516 463 non
546 408 797 461 vidimus.
838 407 1141 477 Prophetas
1180 426 1286 465 non
1328 410 1559 475 misisti,
1597 408 1770 479 legem
1811 407 2011 461 saeculo

406 518 514 557 non
542 502 759 556 dedisti.
786 501 1128 559 Patriarehas
1151 518 1259 559 non
1286 504 1542 569 vidimus,
1568 512 1880 559 sanctorum
1904 519 2010 558 non

409 594 641 663 legimus
681 595 953 663 exempla.
996 594 1250 651 Christus
1294 606 1418 651 tuus
1463 596 1515 650 in
1558 603 1699 649 terra
1735 609 1841 649 non
1873 578 2010 661 fuit,

407 689 605 746 Petrus
632 689 799 743 tacuit
820 730 834 751 ,
862 688 1066 743 Paulus
1096 689 1270 743 noluit
1300 689 1628 759 praedicare,
1666 688 2013 758 Evangelista

410 798 517 838 non
546 781 727 837 docuit
756 823 772 849 ,
807 790 1081 852 martyres
1110 798 1216 836 non
1254 782 1472 837 fuerunt
1501 797 1730 852 quorum
1765 780 2012 850 exempla

406 891 781 947 sequeremur.
826 875 1094 941 Futurum
1136 876 1400 946 judicium
1463 885 1614 930 tuum
1673 889 1836 929 nemo
1876 889 2016 943 prte-

404 971 563 1034 dixit,
587 971 793 1026 vestire
823 986 1117 1041 pauperem
1153 986 1312 1025 nemo
1340 970 1639 1033 mandavit,
1671 978 1697 1005 λ
1723 966 2018 1038 prohibere

406 1062 689 1118 libidinem
722 1076 884 1116 nemo
916 1060 1177 1131 praecepit
1198 1104 1213 1127 ,
1247 1062 1536 1131 repugnari
1568 1058 1811 1113 avaritire
1853 1072 2016 1112 nemo

407 1155 702 1223 persuasit.
737 1152 1029 1208 luscientia
1063 1152 1202 1221 lapsi
1257 1167 1451 1207 sumus
1472 1193 1486 1216 ,
1514 1166 1636 1221 quae
1664 1148 1893 1204 fecimus
1921 1161 2018 1203 ne-

410 1247 671 1301 scientes.

476 1339 567 1395 IV.
603 1338 1055 1395 Hiseconlrario
1107 1353 1176 1393 ex
1226 1338 1323 1393 illo
1374 1344 1689 1394 sanctorum
1728 1336 1898 1391 choro
1928 1337 2019 1391 vel

408 1434 618 1503 primus
670 1432 849 1501 justus
878 1432 993 1486 Noe
1052 1430 1412 1502 proclamabit
1446 1448 1459 1485 :
1493 1430 1629 1499 Ego,
1680 1428 1929 1495 Domine,
1963 1437 2020 1484 et

411 1533 870 1592 superventurum
909 1533 1134 1593 propter
1160 1530 1381 1592 peccata
1434 1522 1711 1576 hominum
1751 1519 2019 1574 diluvium

412 1615 731 1686 praedicavi,
763 1623 821 1669 et
872 1623 993 1684 post
1020 1614 1286 1669 diluvium
1321 1613 1630 1683 exemplum
1663 1612 1731 1668 de
1761 1628 1849 1668 me
1876 1627 2018 1682 pm-

2117 416 2175 460 ut
2223 408 2308 462 isti
2362 417 2414 461 te
2463 418 2823 478 agnoscerent
2875 419 2931 463 et
2961 422 3185 477 peccare
3242 404 3571 458 desinerent.
3600 401 3716 471 Ego

2114 515 2238 555 cum
2293 503 2440 570 regia
2490 502 2750 571 praeditus
2776 515 2953 555 essem
2988 508 3276 567 potestate,
3313 496 3491 551 cilicio
3526 509 3717 564 snper—

2114 593 2285 663 jecto,
2316 594 2542 663 pulvere
2573 594 2843 663 subjecto,
2876 592 3137 662 depositis
3166 589 3466 659 insignibus
3508 585 3721 656 magni-

2117 686 2353 740 ﬁcentiae
2386 702 2521 741 mea:
2555 686 2816 755 procubui
2845 685 3206 748 vestimentis,
3240 692 3294 737 ut
3318 682 3438 737 istis
3467 692 3721 735 mansue-

2119 780 2320 835 tudinis
2372 791 2534 850 atque
2590 780 2915 834 humilitatis
2960 779 3185 833 daretur
3239 775 3570 844 exemplum.
3606 774 3717 842 Ego

2118 871 2353 927 inimicis
2380 875 2535 936 meis,
2566 872 2656 942 qui
2678 872 2989 926 interﬁcere
3018 886 3104 925 me
3127 870 3442 941 cupierunt,
3476 865 3716 937 peperci,

2118 973 2175 1017 ut
2201 963 2632 1019 misericordiam
2672 979 2848 1018 meam
2882 963 3000 1017 istis
3033 962 3323 1033 probarem
3376 958 3718 1014 imitandam.

2119 1056 2251 1112 Post
2276 1056 2419 1112 [tunc
2442 1057 2614 1113 Isaias
2644 1057 2840 1128 dignus
2866 1057 2959 1111 Dei
2980 1056 3179 1124 spiritu
3204 1068 3310 1109 non
3336 1050 3721 1120 tacebit:Ego,

2118 1148 2371 1215 Domine,
2408 1160 2459 1204 te
2482 1166 2579 1219 per
2609 1164 2672 1204 os
2701 1164 2880 1203 meum
2930 1149 3206 1217 loquente,
3244 1144 3544 1216 praemonui
3573 1162 3586 1197 :
3627 1142 3723 1199 νω

2119 1240 2203 1295 Itis
2229 1244 2319 1311 qui
2337 1244 2569 1313 jungunt
2598 1244 2808 1297 domum
2831 1241 2899 1295 ad
2946 1243 3155 1294 domum
3176 1238 3313 1311 (lsa.
3347 1236 3496 1308 v,8),
3524 1247 3581 1291 ut
3604 1252 3725 1292 mo-

2122 1336 2249 1391 dum
2282 1336 2308 1373 ἀ
2337 1338 2617 1406 cupiditati
2676 1337 3035 1406 imponerent.
3094 1334 3208 1405 Ego
3236 1334 3369 1387 iram
3403 1344 3547 1387 tuam
3598 1347 3726 1402 pec-

2121 1429 2374 1485 cantibus
2401 1431 2618 1485 venisse
2668 1438 2898 1486 testatus
2948 1444 3088 1493 sum,
3122 1439 3181 1481 ut
3209 1428 3346 1481 istos
3369 1441 3396 1480 a
3425 1423 3727 1481 malefactis

2122 1523 2257 1590 suis,
2292 1525 2335 1578 si
2369 1538 2474 1578 nou
2509 1539 2633 1592 Spes
2685 1524 3054 1594 praemiorum,
3083 1521 3275 1577 saltem
3331 1516 3724 1590 suppliciorum

2122 1613 2359 1670 formido
2385 1616 2684 1672 cohiberet.

412 1708 505 1763 bui
528 1707 709 1770 bonis,
737 1717 794 1760 ut
822 1707 981 1761 malis
1002 1706 1363 1775 pereuntibus
1395 1721 1503 1761 non
1554 1705 1823 1775 perirent,
1851 1713 1909 1757 ut
1931 1703 2018 1758 isti
2051 1711 2099 1771 Β
2200 1709 2287 1763 Vl.
2318 1710 2445 1764 Post
2469 1709 2571 1764 hos
2594 1710 2840 1780 aliosque
2862 1708 3174 1778 complures
3214 1708 3305 1778 qui
3339 1705 3601 1763 doctrinae
3628 1720 3726 1760 no.

414 1808 878 1869 recognoscerent
931 1808 987 1854 et
1042 1814 1165 1868 quae
1212 1806 1361 1853 esset
1408 1797 1791 1852 innocentibus
1847 1796 2019 1861 salus,

412 1903 468 1949 et
494 1910 613 1961 quae
643 1908 805 1963 paena
854 1892 1226 1963 peccantibus.
1278 1892 1409 1945 Post
1459 1891 1620 1954 hunc,
1655 1890 1929 1944 Abraham
1961 1889 2023 1942 ﬁ-

418 1985 559 2040 delis
589 1986 860 2039 obsistet:
888 1984 1022 2055 Ego,
1058 1984 1255 2054 inquit,
1298 1982 1550 2049 Domine,
1580 1981 1740 2035 ﬁdem
1790 1996 1894 2051 qua
1924 1981 2024 2034 hu-

415 2094 636 2133 manum
666 2078 721 2131 in
746 2088 797 2132 te
828 2078 1081 2133 crederet
1103 2092 1296 2147 genus,
1316 2076 1491 2131 media
1524 2078 1638 2131 fere
1662 2074 1845 2129 mundi
1876 2073 2023 2128 illius

420 2181 581 2224 aetate
615 2170 856 2224 fundavi.
917 2170 1028 2239 Ego
1075 2176 1229 2239 pater
1253 2170 1516 2238 gentium,
1562 2166 1719 2237 cujus
1774 2165 2023 2233 exempla

416 2272 804 2331 sequerentur,
829 2261 1039 2315 elecms
1086 2276 1227 2314 sum.
1259 2260 1375 2331 Ego
1426 2260 1578 2314 Isaac
1604 2260 1782 2314 adhuc
1825 2272 2023 2327 parvu-

414 2354 532 2409 lum
560 2369 667 2408 non
706 2353 972 2415 dubitavi,
998 2351 1251 2418 Domine,
1283 2351 1482 2407 olferre
1515 2350 1613 2405 tibi
1638 2366 1735 2421 pro
1779 2350 2022 2417 victima,

416 2458 476 2503 ut
506 2448 598 2502 isti
649 2456 1110 2512 reeOguoscereut
1165 2446 1302 2500 nihil
1363 2462 1471 2499 non
1509 2445 1743 2499 Domino
1772 2444 2023 2515 praestari

419 2542 646 2605 debere,
674 2558 798 2597 cum
823 2556 910 2597 me
933 2542 1109 2611 ipsum
1141 2556 1209 2595 ne
1238 2540 1352 2595 ﬁlio
1378 2540 1599 2610 quidem
1633 2539 1796 2593 unico
1826 2538 2026 2593 intelli-

418 2646 612 2705 gerent
633 2633 965 2703 pepercisse.
995 2634 1106 2703 Ego
1136 2640 1333 2686 terram
1361 2646 1538 2702 meam
1564 2641 1620 2686 et
1641 2630 2022 2699 cognationem

422 2742 600 2782 meam
630 2736 681 2781 te
700 2726 926 2795 jubente
948 2725 1190 2791 deserni,
1212 2733 1271 2779 ut
1298 2725 1415 2779 istis
1428 2740 1644 2796 quoque
1663 2735 1808 2779 esset
1836 2740 2025 2780 exem-

422 2821 570 2892 plum
604 2822 875 2891 nequitias
904 2819 1094 2874 mundi
1147 2827 1203 2874 et
1239 2817 1424 2874 saeculi
1482 2826 1697 2887 peccata
1743 2817 2022 2873 deserere.

424 2912 561 2983 Ego,
592 2912 839 2977 Domine,
876 2919 929 2967 te
956 2912 1082 2966 licet
1106 2926 1360 2980 corpore,
1389 2911 1490 2965 sub
1538 2910 1775 2981 imagine
1822 2910 2029 2980 primus

432 3007 646 3077 agnovi,
678 3019 779 3061 nec
809 3004 1297 3060 dubitavicredere
1330 3019 1491 3074 quem
1515 3003 1792 3071 videbam,
1826 3004 1951 3058 licet
1972 3004 2025 3057 in

2123 1802 2208 1857 bis
2239 1802 2417 1857 ofﬁcia
2477 1803 2865 1872 praestiterunt,
2902 1801 3017 1872 ipse
3050 1801 3144 1856 Dei
3177 1801 3350 1856 Filius
3393 1801 3509 1855 haec
3540 1798 3727 1869 loque«

2126 1894 2377 1964 tur:Ego
2398 1906 2547 1950 certe
2577 1896 2793 1950 excelsa
2826 1893 2958 1949 sede
2986 1894 3258 1959 sublimis,
3290 1893 3488 1971 coelum
3522 1892 3726 1963 palma,

2126 1996 2325 2043 terram
2358 1988 2566 2058 pugillo
2609 1988 2896 2043 continens
2942 1984 3077 2059 (Isa.
3109 2003 3202 2053 χι,
3232 1984 3342 2057 12),
3373 1985 3515 2039 intra
3541 1994 3731 2040 extra-

2126 2098 2231 2153 que
2258 2083 2508 2149 diﬁ'usus,
2538 2092 2856 2139 cunctorum
2888 2097 3006 2149 qum
3036 2082 3333 2152 gignuntur
3367 2080 3616 2146 interior,
3640 2085 3727 2133 at-

2126 2194 2231 2247 que
2263 2179 2517 2233 omnibus
2566 2194 2687 2248 quac
2716 2188 3002 2232 moventur
3028 2176 3291 2239 exterior,
3332 2172 3730 2230 inaestimabilis

2127 2278 2340 2324 naturae
2388 2280 2657 2340 potestate
2714 2270 2979 2333 inﬁnitus,
3035 2266 3323 2322 invisibilis
3375 2265 3730 2335 aSpectu,in-

2128 2362 2640 2432 comprehensibilis
2668 2370 2895 2428 attactu,
2913 2371 2963 2414 ut
2989 2359 3133 2415 inter
3154 2374 3249 2414 vos
3280 2358 3346 2414 ad
3367 2356 3727 2413 edomandam

2127 2453 2384 2509 duritiam
2414 2454 2597 2509 cordis
2629 2453 2798 2508 vestri
2826 2462 2881 2508 et
2911 2451 3197 2522 perfidiam
3230 2451 3494 2507 doctrinis
3520 2450 3728 2505 saluta-
3796 2464 3797 2467 ‘

2127 2548 2276 2603 ribus
2310 2547 2655 2602 molliendam
2702 2557 2943 2601 vestrum
2992 2546 3249 2600 minimus
3289 2545 3601 2611 existerem,
3634 2556 3731 2597 na-

2129 2641 2205 2695 sci
2239 2656 2402 2696 carne
2431 2641 2682 2710 dignatus
2718 2654 2862 2705 sum,
2895 2639 3253 2708 depositaque
3280 2636 3378 2692 Dei
3405 2636 3598 2707 gloria,
3634 2636 3731 2689 ha—

2130 2730 2299 2785 bitum
2335 2730 2522 2785 forma:
2552 2730 2775 2786 servilis
2791 2731 3085 2799 assumpsi,
3120 2738 3178 2784 ut
3208 2729 3610 2785 communicata
3635 2740 3731 2783 vo-

2131 2823 2344 2879 biscum
2371 2823 2691 2878 inﬁrmitate
2742 2837 3027 2892 corporea,
3059 2837 3274 2878 rursum
3300 2822 3354 2875 in
3395 2820 3729 2876 consortium

2131 2916 2325 2985 gloriae
2350 2932 2483 2972 mete
2514 2932 2608 2987 per
2630 2915 2992 2971 obedientiam
3018 2914 3277 2985 prmcepti
3304 2912 3557 2968 salutaris
3579 2912 3735 2967 adhi-

2134 3010 2342 3065 herem.
2388 3010 2572 3079 ngris
2605 3009 2944 3080 infirmisque
2990 3007 3241 3063 omnibus
3294 3006 3609 3070 sanitatem,
3638 3020 3735 3061 au-

431 3098 538 3153 alia
570 3097 705 3151 mihi
744 3096 1051 3153 substantia
1096 3096 1379 3165 videreris,
1430 3105 1489 3150 ιιι
1519 3096 1607 3149 isti
1662 3096 2029 3166 intelligerent
2059 3089 2104 3153 C
2136 3103 2308 3158 ditum
2356 3103 2566 3170 surdis,
2621 3102 2797 3157 visum
2851 3103 3035 3166 mrcis,
3086 3116 3277 3156 vocem
3306 3101 3524 3167 ‘mutis’
3577 3099 3731 3154 (διθυ-

426 3205 534 3245 non
566 3189 866 3245 secundum
897 3203 1141 3252 Carnem,
1163 3188 1256 3241 sed
1285 3187 1583 3242 secundum
1609 3186 1859 3257 spiritum
1881 3187 2029 3256 judi-

432 3296 580 3337 care.
639 3282 772 3336 Huic
838 3280 1052 3351 Moyses
1083 3279 1276 3334 beatus
1331 3278 1772 3334 obsecundabit:
1814 3280 1926 3349 Ego
1959 3279 2035 3334 le-

433 3391 582 3447 gem,
608 3375 860 3440 Domine,
904 3374 1024 3428 istis
1065 3373 1319 3427 omnibus
1351 3381 1402 3427 te
1446 3372 1676 3441 jubente
1723 3372 1949 3438 tradidi,
1976 3380 2035 3426 ut

433 3484 574 3540 quos
602 3468 771 3523 libera
813 3468 943 3522 ﬁdes
972 3483 1079 3521 non
1106 3466 1346 3529 tenebat,
1381 3466 1466 3520 lex
1497 3466 1688 3521 saltem
1714 3466 1855 3521 dicta
1884 3465 2037 3521 cohi-

434 3563 609 3618 beret.
650 3560 759 3632 Ego
786 3560 895 3615 dixi
931 3579 943 3613 :
973 3559 1099 3614 Non
1120 3558 1439 3614 adulterabis
1464 3558 1661 3631 (Exod.
1694 3576 1785 3627 xx,
1830 3560 1944 3627 Μ),
1979 3567 2036 3613 ut

433 3653 713 3710 licentiam
772 3651 1149 3707 fornicationis
1200 3652 1523 3706 inhiberent.
1577 3650 1693 3720 Ego
1752 3650 2038 3705 dixizbi-

432 3748 561 3819 iiges
615 3746 914 3814 proximum
958 3755 1101 3798 tuum
1159 3743 1346 3813 (Leuit.
1400 3760 1519 3808 χιχ,
1554 3745 1668 3814 18),
1694 3753 1753 3798 ut
1798 3746 2037 3800 charilas

431 3840 759 3896 abundaret.
788 3840 900 3910 Ego
927 3839 1036 3893 dixi
1074 3855 1086 3891 :
1132 3836 1358 3891 Domino
1386 3838 1484 3891 soli
1532 3840 1722 3892 servies
1753 3837 1929 3910 (Deut.
1961 3854 2034 3907 vr,

438 3934 549 4004 1'5).
582 3951 651 3989 ne
682 3935 769 3989 isti
801 3934 960 3988 idolis
1001 3933 1352 3988 immolarent
1397 3934 1481 3987 vel
1515 3933 1713 4002 templa
1743 3946 1865 3987 esse
1889 3943 2038 4000 pale-

436 4039 649 4082 rcntur.
687 4028 799 4097 Ego
831 4042 898 4080 ne
930 4026 1063 4080 falsa
1096 4025 1404 4080 testimonia
1437 4024 1754 4080 dicerentur
1782 4024 1951 4092 edixi,
1980 4033 2041 4080 ut

435 4121 559 4176 istis
598 4120 861 4175 adversus
909 4136 1071 4175 omne
1103 4118 1445 4174 mendacium
1494 4118 1889 4189 praecluderem
1919 4134 2036 4175 ora.

438 4216 552 4287 Ego
575 4217 713 4269 facta
746 4214 1001 4283 dictaque
1031 4230 1061 4268 a
1090 4214 1279 4269 mundi
1309 4212 1560 4279 exordio,
1590 4222 1853 4283 operante
1877 4213 1928 4266 in
1952 4226 2041 4267 me

438 4309 635 4379 spiritu
658 4317 765 4364 tute
781 4310 1020 4373 virtutis,
1044 4308 1287 4379 exposui,
1321 4318 1379 4362 ut
1400 4306 1558 4361 istius
1574 4304 1602 4344 ι)
1626 4306 1867 4378 cognitio
1897 4321 2040 4375 prae-

443 4406 741 4459 teritorum
791 4402 1094 4457 doetrinain
1154 4402 1418 4457 tribueret
1465 4400 1794 4456 futurorum.
1845 4401 1956 4471 Ego
1987 4410 2039 4455 te

2137 3195 2223 3251 dis
2270 3195 2469 3267 pedum
2527 3193 2707 3249 ofﬁcia
2760 3193 3016 3260 restitui,
3066 3203 3124 3248 ut
3167 3207 3264 3248 vos
3316 3193 3487 3263 signis
3535 3193 3731 3247 eteles-

2138 3289 2284 3343 tibus
2312 3292 2335 3319 θ
2365 3304 2764 3360 permoverent,
2822 3302 2931 3358 quo
2961 3286 3177 3342 facilius
3230 3286 3283 3341 in
3317 3301 3405 3341 me
3456 3294 3620 3355 atque
3679 3284 3734 3339 in

2137 3380 2222 3438 his
2251 3399 2369 3453 qua:
2401 3382 2825 3453 prmdieaveram
2872 3381 3195 3437 crederetis.
3232 3381 3344 3450 Ego
3373 3379 3531 3434 vobis
3574 3377 3741 3433 caelo-

2138 3492 2258 3532 rum
2292 3493 2457 3548 regna
2489 3478 2738 3547 promisi.
2767 3478 2878 3547 Ego
2906 3475 3096 3543 etiam,
3131 3487 3188 3531 ut
3210 3474 3549 3544 impunitatis
3578 3472 3743 3529 habe-

2138 3570 2271 3623 retis
2318 3570 2653 3638 exemplum,
2687 3571 2974 3633 latronem,
3021 3570 3111 3638 qui
3144 3583 3230 3622 me
3273 3568 3374 3621 sub
3406 3565 3599 3621 mortis
3626 3578 3739 3618 sua:

2143 3672 2386 3731 tempore
2418 3662 2709 3720 fatebatur.
2743 3662 2795 3714 in
2824 3662 3077 3731 paradiso
3108 3661 3392 3727 collocavi,
3422 3670 3479 3714 ut
3508 3659 3653 3714 illius
3677 3659 3742 3714 ﬁ-

2140 3754 2264 3811 dem
2288 3756 2377 3825 qui
2426 3754 2626 3809 remitti
2653 3753 2754 3809 sibi
2782 3764 3058 3809 meruerat
3078 3763 3322 3823 peccata,
3350 3750 3743 3823 sequeremini.

2141 3850 2316 3918 Atque
2346 3857 2403 3902 ut
2431 3847 2682 3917 exemplo
2711 3862 2831 3901 meo
2846 3860 2944 3916 pro
2963 3846 3119 3901 vobis
3144 3855 3199 3901 et
3222 3846 3323 3913 ipsi
3352 3845 3462 3916 pati
3493 3844 3739 3914 possitis,

2141 3956 2243 4012 pro
2274 3941 2425 3995 vobis
2452 3956 2551 4010 ego
2592 3954 2783 4010 passus
2828 3955 2972 4005 sum,
3006 3955 3074 3995 ne
3129 3938 3401 3994 dubitaret
3452 3938 3611 3993 homo
3644 3950 3743 4007 pro

2143 4049 2203 4089 se
2258 4034 2365 4104 pati
2416 4034 2556 4104 quod
2618 4034 2759 4088 Deus
2805 4047 2902 4103 pro
2951 4032 3178 4088 homine
3234 4031 3573 4102 pertulisset.
3628 4029 3743 4099 Ego

2143 4142 2231 4181 me
2259 4136 2379 4197 post
2412 4125 2891 4191 resurrecriouem,
2924 4140 2990 4179 ue
3026 4123 3161 4179 fides
3211 4132 3391 4179 vestra
3442 4122 3744 4180 confunde-

2144 4228 2317 4280 retur.
2368 4217 2603 4273 ostendi.
2657 4217 2768 4287 Ego
2815 4218 2867 4271 in
2913 4216 3076 4272 Petro
3104 4216 3325 4272 Jndaeos
3374 4217 3598 4282 monui,
3644 4230 3747 4286 ego

2145 4310 2199 4365 in
2227 4310 2396 4365 Paulo
2443 4310 2697 4381 gentibus
2728 4309 3042 4380 praedicari.
3070 4309 3179 4364 Nec
3226 4310 3476 4380 ptenitet.
3508 4311 3603 4365 Est
3633 4310 3746 4365 fru-

2144 4414 2262 4459 etus
2294 4404 2585 4457 bonorum.
2613 4403 2763 4472 Opus
2791 4418 2969 4458 meum
3018 4403 3144 4458 boui
3186 4403 3596 4468 intellexerunt,
3623 4418 3749 4475 per-

442 4496 1003 4559 venturum,Domine
1027 4495 1180 4563 Jesu,
1203 4496 1515 4566 praedicavi,
1539 4505 1596 4549 ut
1620 4496 1740 4551 is1is
1766 4509 1873 4549 non
1907 4505 1929 4533 ο
1959 4494 2043 4548 in-
2070 4480 2122 4541 Ῐ)
2151 4495 2399 4552 fecerunt
2428 4495 2635 4564 ﬁdeles,
2659 4494 2790 4565 justi
2820 4494 3205 4565 impleverunt,
3233 4502 3751 4549 consummaverunt

444 4590 726 4661 opinatum
740 4597 889 4645 esset
915 4604 1211 4661 agnoscere
1242 4604 1402 4659 quem
1435 4599 1725 4645 venturum
1755 4596 1882 4643 ante
1906 4603 2043 4658 prte—

446 4681 715 4737 dixeram.

522 4775 582 4829 ν.
619 4775 748 4831 Post
774 4775 915 4831 hunc
938 4776 1138 4831 astabit
1167 4775 1366 4845 dignus
1395 4776 1610 4831 Domini
1642 4776 1721 4830 sui
1770 4774 1937 4829 David
1962 4789 2047 4831 se-

446 4865 633 4920 mine:
687 4867 799 4936 Ego
848 4875 924 4931 te,
962 4867 1209 4932 Domine,
1244 4882 1340 4936 per
1395 4867 1572 4921 omnia
1636 4865 1916 4932 nuntiavi;
1947 4881 2047 4936 ego

450 4958 655 5011 nomini
696 4967 791 5012 tuo
836 4968 1043 5013 tantum
1091 4958 1436 5013 serviendum
1461 4974 1587 5015 esse
1633 4960 1883 5014 clamavi.
1932 4958 2048 5028 Ego

449 5049 560 5105 dixi
589 5049 816 5105 :Beatus
846 5051 923 5104 vir
952 5052 1039 5121 qui
1068 5052 1212 5106 timet
1236 5049 1515 5106 Dominum
1547 5049 1666 5122 (Ps.
1684 5066 1792 5117 cxr,
1826 5050 1879 5121 l)
1909 5065 2050 5120 ;ego

450 5142 560 5198 dixi
595 5160 608 5197 :
639 5142 994 5199 Ezsultabunt
1023 5146 1189 5199 sancti
1214 5146 1268 5200 in
1302 5147 1467 5219 gloria
1496 5144 1617 5217 (Ps.
1645 5161 1826 5210 cxux,
1858 5146 2051 5216 5);ego

527 5315 553 5343 ε
580 5305 881 5361 Prohibere.
918 5306 1084 5361 Forte
1115 5306 1373 5361 cohibere.

522 5376 550 5415 ιι
576 5377 814 5443 Coqnitio
846 5388 1052 5447 pra-ter.
1102 5378 1253 5433 Hunc
1274 5379 1523 5434 eamdem
1555 5377 1881 5433 sententiam
1906 5378 2053 5447 legas

529 5465 620 5504 ora
642 5438 787 5503 Hist.
818 5465 953 5502 δαί-τ.
982 5450 1076 5503 lih.
1112 5465 1171 5504 tt.
1204 5465 1255 5503 c.
1282 5449 1335 5504 8.

456 5462 620 5516 supra
642 5462 787 5503 mst.
818 5465 953 5502 δαί-τ.
982 5462 1076 5503 lin.
1112 5465 1171 5510 ιι,
1204 5465 1255 5503 c.
1282 5462 1335 5504 δ.

536 5532 555 5557 ε’
587 5518 948 5589 Inopinamm.
1006 5521 1097 5577 Sic
1146 5523 1349 5590 optime
1380 5520 1554 5587 prima
1609 5519 1816 5574 Baluzii
1863 5518 2052 5575 editio.

458 5590 717 5646 Mendnse
764 5590 1063 5661 Lipsiensis
1087 5632 1102 5657 ,
1157 5594 1442 5661 opinatum.
1476 5590 1575 5646 Ubi
1604 5590 1849 5646 Clericus
1873 5592 2057 5661 legen-

460 5661 587 5717 dnni
621 5668 884 5719 censebat
928 5680 1029 5719 non
1076 5665 1335 5733 apinatus.
1370 5667 1440 5717 At
1485 5663 1635 5718 locus
1677 5662 2057 5733 emendatione

465 5749 572 5790 non
594 5743 738 5805 eget.

2148 4590 2534 4646 misericordes
2561 4607 2575 4656 ;
2600 4599 2654 4645 et
2672 4606 2866 4660 magna
2902 4604 3027 4660 pars
3050 4597 3585 4661 martyrum,magna
3620 4602 3752 4642 san-

2147 4692 2358 4739 ctorum
2388 4692 2491 4739 cst.
2517 4683 2570 4737 In
2601 4682 2795 4738 eodem
2826 4692 2975 4739 certe
2996 4693 3051 4737 et
3073 4683 3161 4737 isti
3186 4695 3440 4751 corpore,
3474 4680 3526 4735 in
3553 4680 3749 4736 eodem

2149 4776 2368 4831 fuerunt
2386 4774 2608 4830 mundo.
2624 4774 2733 4829 Cur
2748 4773 2952 4830 nullum
2978 4775 3030 4829 in
3047 4774 3201 4830 vobis
3224 4773 3425 4829 bonum
3439 4786 3599 4843 opus,
3616 4786 3756 4844 gens

2152 4868 2389 4938 viperem
2410 4866 2622 4937 stirpis,
2653 4867 2917 4921 invenio?
2948 4865 3332 4923 Paenitentiam
3362 4865 3629 4921 malorum
3659 4880 3758 4921 ve-

2154 4968 2393 5015 strorum
2418 4973 2520 5014 nec
2550 4958 2651 5013 sub
2676 4959 2860 5013 ultima
2886 4957 2975 5014 die
3001 4959 3167 5014 vestri
3211 4959 3337 5013 ﬁnis
3366 4957 3573 5029 egistis.
3606 4957 3755 5027 Quid

2156 5061 2336 5106 autem
2389 5052 2579 5105 attinet
2628 5049 2770 5120 quod
2813 5064 2902 5105 me
2948 5050 3106 5104 labiis
3146 5050 3478 5115 adoratis,si
3524 5050 3681 5105 factis
3702 5058 3760 5104 et

2161 5142 2419 5214 operibus
2446 5141 2900 5215 denegetisillbi
2947 5157 3091 5197 nunc
3138 5154 3333 5199 vestrae
3378 5142 3607 5209 divitim,
3662 5139 3759 5196 ubi

2231 5301 2256 5339 (³
2290 5301 2763 5375 Cupiditali.'Male
2792 5301 3292 5375 Cleracupidilatis.

2237 5384 2259 5411 ⁸³
2285 5370 2671 5429 l’ermoverem.
2694 5376 2877 5443 Arguit
2904 5373 2992 5427 hic
3013 5370 3255 5429 Clericus
3278 5374 3575 5439 Baluzium,
3612 5370 3758 5441 quod

2162 5446 2398 5503 ediderit
2429 5462 2809 5513 promoverem;
2834 5445 2926 5501 sed
2962 5444 3254 5499 immerito.
3284 5448 3570 5515 Exemplar
3604 5459 3762 5499 nam-

2164 5534 2269 5590 que
2300 5518 2645 5573 Baluziannm
2688 5517 2789 5571 rite
2842 5517 3091 5590 perhibet
3123 5532 3493 5590 permoverent.
3544 5517 3594 5570 Id
3623 5515 3763 5590 vitio

2166 5585 2486 5645 vertendum
2519 5590 2714 5644 Clerici
2766 5587 3092 5654 exscriptori
3113 5627 3127 5650 ,
3161 5587 3252 5652 qui
3302 5602 3449 5654 saepe
3475 5589 3527 5642 in
3556 5585 3775 5641 exseri-

2166 5661 2341 5785 benal'a
2369 5661 2571 5715 Baluzii
2595 5658 2837 5715 editione
2864 5657 3129 5727 peccavit,
3149 5666 3210 5709 ut
3234 5657 3375 5713 infra
3405 5659 3651 5730 pluribus
3679 5669 3784 5711 os-

2168 5742 2255 5785 ten
2300 5746 2458 5785 unus.
3046 5736 3063 5743 ’

2168 5736 2458 5788 tendﬁnus.
3046 5736 3063 5743 ’
