4270 6176
380 248 487 309 939
1037 244 1258 307 EPIST.
1303 248 1347 304 ll
1386 245 1586 305 SULP.
1625 245 1897 311 SliViiRl,
1925 244 2017 302 AD
2053 240 2415 303 CLAUDIAM
2453 244 2786 306 SOROBEM
2825 246 3032 305 SUAM.
3572 252 3678 309 930

376 364 528 419 simis
575 364 876 421 rationibus
910 364 1326 436 comprobasse,
1374 372 1432 420 et
1481 365 1611 419 nulli
1662 365 1895 434 sapienti
1927 364 1979 417 in
2009 370 2059 429 Α
2090 361 2318 431 implere
2349 364 2660 431 consilium,
2685 374 2810 420 ante
2839 367 3018 421 omnia
3052 380 3205 421 serva
3232 368 3685 425 mandatumNo-

380 455 604 511 dubium
637 458 825 511 venire
874 457 1045 525 possit
1075 470 1193 511 eam
1226 472 1340 510 rem
1384 456 1607 526 majoris
1641 471 1764 511 esse
1800 456 1980 510 meriti

384 563 507 619 qua}
546 551 615 603 sit
644 548 922 619 amplioris
948 548 1185 603 laboris?
1215 548 1469 617 Quisquis
1497 548 1641 601 enim
1668 547 1979 616 pudicitiam

384 651 482 696 aut
528 641 731 695 nullius
760 642 969 710 prtemii
1022 651 1116 695 aut
1142 642 1294 709 parvi
1344 640 1641 705 existimat,
1666 651 1874 693 etertum
1902 648 1983 692 est

386 738 539 792 illum
569 746 663 789 aut
692 736 949 807 ignorare
978 745 1069 788 aut
1103 749 1210 789 nou
1241 734 1548 789 voluntarie
1574 736 1693 802 ejus
1745 733 1888 787 ferre
1911 733 1988 785 la-

382 828 593 883 borem.
660 827 791 882 lude
845 827 926 880 illi
980 841 1201 892 semper
1254 826 1487 880 castitati
1558 825 1827 894 derogant
1893 824 1983 894 qtti

381 934 502 976 eam
542 927 637 975 aut
686 935 795 974 non
847 919 1097 987 habent,
1156 932 1250 975 aut
1328 919 1531 975 habere
1583 929 1852 989 coguntur
1907 920 1990 972 iti-

384 1014 503 1068 viti.

458 1112 547 1167 IV.
578 1112 733 1168 Nunc
763 1113 968 1181 itaque,
993 1112 1270 1182 quoniam,
1308 1110 1495 1181 paucis
1525 1111 1675 1176 licet,
1712 1121 1820 1165 tam
1846 1111 1989 1165 labo-

390 1221 506 1263 rem
548 1222 708 1275 quam
744 1206 997 1259 meritum
1050 1205 1379 1274 integritatis
1410 1203 1773 1268 ostendimus,
1804 1220 1873 1257 ne
1904 1218 1991 1257 res

394 1313 515 1370 qua:
543 1297 735 1367 grandi
758 1297 962 1352 virtute
990 1304 1225 1363 constat,
1251 1305 1306 1350 et
1329 1297 1530 1366 ingenti
1576 1296 1804 1365 prtcmio
1827 1294 1994 1349 desti-

393 1401 573 1457 natur,
604 1406 799 1446 carere
823 1390 1003 1445 l'ructu
1026 1406 1125 1444 suo
1168 1390 1355 1459 possit,
1382 1389 1698 1459 diligentius
1719 1388 1993 1443 excuban-

393 1485 521 1541 dttm
553 1493 656 1539 est.
687 1485 960 1552 Quantum
990 1483 1135 1537 enim
1156 1495 1516 1552 quircnntque
1544 1481 1757 1549 species
1796 1482 1995 1550 pretio-

2087 455 2207 509 leus
2260 456 2584 525 virginitatis
2638 458 2928 527 praemium
2998 460 3297 529 consequi,
3351 463 3684 531 amplectere

2086 547 2339 602 meritum
2369 550 2512 613 vitm,
2536 560 2590 603 ut
2619 559 2707 604 tua
2728 553 2954 606 castitas
2968 549 3314 609 remunerari
3335 557 3523 626 possit.
3552 556 3684 611 Nam

2088 645 2146 690 ttt
2191 640 2354 691 vitam
2386 651 2603 708 prastat
2664 644 2980 696 observatio
3034 647 3437 711 mandaturum,
3488 649 3558 703 ita
3592 666 3687 703 co-

2088 745 2206 784 rum
2232 746 2265 785 e
2309 736 2583 787 contrario
2634 746 2859 802 generat
2898 741 3273 805 praavaricatio
3332 752 3585 797 mortem.
3620 743 3690 798 Et

2088 823 2178 891 qui
2204 838 2302 892 per
2329 826 2833 893 praevaricationem
2865 838 2888 865 ε
2918 830 2970 883 in
3024 839 3199 887 morte
3248 832 3433 899 fuerit,
3466 836 3692 905 virgini-

2090 917 2214 970 tatis
2266 932 2523 972 coronam
2568 933 2797 988 sperare
2848 938 2954 976 non
3001 926 3197 993 peterit
3227 964 3241 989 ,
3298 941 3477 998 neque
3525 929 3682 999 pudi-

2091 1014 2231 1065 citia;
2264 1014 2546 1080 przctnium
2573 1024 2893 1083 exstieetare
2924 1019 3253 1073 constitutus
3286 1023 3338 1074 in
3360 1035 3540 1091 pinna.

2166 1102 2226 1157 V.
2254 1104 2386 1160 Tres
2420 1106 2564 1161 enim
2596 1108 2806 1174 species
2835 1118 2963 1163 sunt
2993 1125 3091 1179 per
3118 1127 3253 1181 quas
3274 1116 3423 1184 regni
3450 1115 3694 1171 cmlcstis

2093 1198 2366 1265 possessio
2416 1198 2694 1253 iutmitur.
2746 1200 2921 1253 Prima
2970 1212 3051 1256 est
3106 1204 3395 1272 pudicitia,
3453 1209 3691 1262 secunda

2093 1288 2278 1342 mundi
2309 1293 2853 1358 contemptus,tet'ti-a
2892 1308 3025 1347 vero
3052 1293 3265 1363 justitia
3298 1318 3310 1349 .-
3342 1310 3463 1366 quae
3486 1310 3539 1351 ut
3564 1316 3695 1355 ton-

2096 1399 2254 1439 nc-xac
2274 1385 2567 1455 plurimum
2595 1402 2654 1441 se
2672 1388 3079 1457 possidentibus
3104 1400 3383 1460 pra-stant,
3408 1393 3477 1447 ita
3507 1394 3693 1449 divisa:

2096 1476 2355 1547 prodesse
2409 1479 2634 1535 difﬁcile
2676 1491 2947 1549 possunt;
2980 1482 3107 1535 dum
3136 1498 3474 1553 nostrumque
3500 1501 3689 1541 earum

393 1578 508 1633 sior
535 1578 720 1643 fuerit,
757 1586 907 1631 tanto
934 1577 1140 1647 uiajore
1166 1576 1538 1640 sollicitudine
1562 1575 1891 1630 custoditur.
1924 1574 1993 1629 Et
2088 1576 2204 1622 non
2236 1580 2460 1639 propter
2504 1584 2827 1645 semotum,
2860 1574 2955 1627 sed
2992 1585 3213 1644 propter
3239 1578 3374 1632 alias
3399 1579 3692 1647 ﬂagitetur.

392 1671 650 1744 quoniam
708 1672 874 1726 multa
905 1682 1029 1725 sunt
1060 1685 1181 1740 quas
1213 1670 1357 1724 bono
1389 1671 1610 1738 proprio
1638 1677 1850 1731 carent,
1888 1667 1992 1721 nisi

2099 1658 2155 1712 In
2186 1662 2372 1728 primis
2401 1679 2533 1731 ergo
2558 1666 2824 1732 quaeritur
2855 1666 3111 1734 pudicitia
3154 1677 3216 1721 ut
3254 1669 3468 1724 facilius
3498 1672 3695 1726 subsc-

393 1766 624 1819 aliarum
677 1780 857 1820 rerum
884 1764 1145 1830 juveutnr
1167 1763 1391 1824 auxilio,
1422 1771 1481 1814 ut
1530 1771 1613 1815 est
1657 1760 1835 1814 mellis
1874 1774 1996 1827 spe-
2028 1757 2074 1817 B
2101 1762 2299 1824 quatur
2324 1757 2513 1810 mundi
2535 1766 2898 1827 contemptus,
2922 1761 3047 1827 quia
3082 1761 3149 1814 ub
3170 1762 3279 1816 iliis
3307 1765 3537 1818 mundus
3556 1780 3690 1819 ccu—

397 1857 528 1921 cies,
553 1873 677 1928 qua:
701 1857 800 1911 nisi
830 1872 1080 1911 cerarum
1110 1855 1352 1909 custodia
1395 1862 1449 1907 et
1498 1853 1739 1906 favorum
1784 1851 1996 1906 cellulis

396 1962 777 2017 conservetur,
802 1962 857 2007 et
884 1960 947 2005 ut
980 1950 1167 2005 verius
1187 1948 1423 2003 dixerim
1457 1947 1747 2007 nutriatur,
1774 1953 1995 1998 natura-

400 2046 506 2101 lem
532 2046 763 2116 gratiam
797 2044 973 2114 perdit
1015 2051 1071 2098 et
1101 2042 1398 2096 subsistere
1451 2054 1547 2108 per
1588 2054 1648 2093 se
1676 2038 1847 2106 ipsam
1886 2050 1997 2089 non

402 2148 581 2210 potest
612 2157 626 2193 :
656 2141 797 2192 sicut
826 2146 884 2191 ct
910 2137 1018 2191 vini
1048 2136 1286 2206 species,
1311 2132 1455 2203 quod
1480 2132 1525 2186 si
1556 2146 1662 2185 nou
1696 2130 1823 2184 boni
1864 2128 1993 2183 odo-

403 2230 482 2285 ris
516 2239 540 2267 ει
574 2231 741 2293 vasis,
772 2229 1112 2299 etreparatis
1136 2226 1347 2282 crebris
1372 2224 1581 2293 picibus
1612 2223 1876 2285 foveatur,
1900 2235 1999 2290 ge-

400 2324 624 2379 nuinam
649 2324 760 2379 vini
783 2323 1104 2378 suavitatem
1134 2321 1356 2375 amittit.
1409 2319 1681 2373 Attentius
1709 2330 1838 2385 ergo
1880 2330 2004 2385 pro-

401 2415 697 2470 videndum
756 2425 843 2470 est
894 2429 961 2469 ne
1027 2415 1164 2467 forte
1220 2424 1272 2467 et
1324 2410 1615 2480 virginitati
1666 2410 1845 2475 aliqua
1896 2408 2005 2462 sint

403 2510 737 2575 necossaria,
783 2510 905 2563 sine
929 2506 1128 2576 quibus
1160 2518 1504 2574 nequaquam
1552 2504 1784 2556 fructum
1810 2499 2005 2555 aﬂ'errc

402 2600 676 2666 sufﬁciat;
727 2611 784 2657 et
832 2609 1015 2654 tantus
1044 2597 1182 2653 nihil
1218 2595 1654 2666 proderitlabor,
1682 2593 1812 2648 dum
1864 2606 2005 2646 vane

406 2692 669 2767 prodesse
697 2691 962 2754 creditur,
1012 2690 1155 2760 quod
1205 2689 1411 2757 absque
1441 2686 1649 2741 viribus
1681 2683 2006 2739 necessariis

404 2788 737 2861 possidetur.
773 2786 888 2842 Nisi
920 2786 1077 2840 fallor
1102 2785 1273 2849 enim,
1308 2784 1378 2836 ob
1415 2781 1659 2837 caelestis
1691 2778 1841 2849 regni
1866 2794 2008 2848 prae-

406 2884 573 2938 mium
601 2879 884 2951 pudicitiae
915 2888 1167 2933 servatur
1196 2873 1499 2945 integritas,
1525 2873 1669 2944 quod
1720 2873 1839 2927 sine
1885 2871 2009 2925 vitae

410 2983 633 3027 teternte
660 2973 860 3028 merito
892 2971 1163 3025 neminem
1189 2966 1449 3036 consequi
1474 2979 1633 3035 posse
1676 2976 1881 3019 certum
1905 2972 2007 3016 est.

409 3064 636 3121 Eterna
669 3080 800 3120 vero
844 3066 953 3117 vita
1008 3062 1224 3117 nonnisi
1280 3075 1377 3129 per
1432 3072 1649 3113 omnem
1703 3057 2010 3111 divinorum

2102 1848 2269 1902 temnl
2318 1847 2493 1903 levius
2522 1858 2697 1918 potest
2719 1854 2807 1920 qui
2853 1856 3179 1908 matrimonii
3224 1858 3451 1912 nexibus
3491 1872 3594 1911 non
3622 1868 3700 1911 te-

2103 1950 2300 1994 uentur
2326 1957 2341 2006 ;
2373 1942 2558 1996 mundi
2589 1958 2725 1998 vero
2751 1956 3097 2016 contemptus
3116 1951 3433 2017 exposcitnr
3458 1960 3520 2005 ut
3546 1953 3701 2020 insu-

2106 2032 2174 2085 tia
2194 2046 2572 2101 conservetur,
2622 2049 2783 2105 quam
2814 2037 3044 2095 difﬁcile
3068 2040 3301 2109 implere
3328 2048 3560 2112 possunt
3602 2047 3700 2115 qui

2105 2125 2453 2180 saecularium
2513 2132 2779 2182 bonorum
2811 2132 3203 2200 cupiditatibus
3231 2148 3281 2189 et
3304 2137 3700 2193 mundauarum

2105 2219 2443 2288 voluptatum
2466 2224 2701 2292 negotiis
2732 2226 3099 2293 implicantur.
3130 2229 3388 2299 Quisquis
3435 2248 3565 2303 ergo
3602 2250 3702 2303 pu-

2106 2309 2305 2364 dicitiae
2338 2313 2578 2380 possidet
2607 2315 2834 2383 prima-in
2864 2319 3124 2387 speciem,
3157 2330 3210 2373 et
3228 2324 3547 2381 secundam.
3581 2340 3702 2394 quze

2107 2413 2191 2457 est
2217 2404 2404 2458 mundi
2432 2417 2803 2477 contemptus,
2828 2424 2936 2463 non
2978 2411 3213 2476 obtinet,
3244 2429 3379 2483 rene
3406 2418 3704 2474 siuecausa

2108 2498 2349 2568 possidet
2376 2502 2629 2569 primam,
2658 2504 2878 2571 quatido
2907 2507 3203 2560 secundum
3228 2524 3342 2563 non
3368 2508 3555 2577 habet,
3582 2526 3706 2582 pro-

2110 2600 2229 2658 pter
2255 2605 2413 2659 quam
2440 2595 2613 2660 primit
2658 2598 2887 2665 quasita
2936 2609 3044 2651 rest.
3080 2600 3218 2655 Etsi
3263 2602 3491 2671 primam
3522 2614 3579 2659 et
3620 2622 3708 2660 sc-

2111 2681 2344 2735 cundam
2404 2682 2624 2750 habent,
2672 2686 2764 2739 cui
2788 2690 2976 2753 tertia,
3002 2706 3130 2760 quae
3156 2703 3243 2745 est
3286 2695 3515 2762 iustitia,
3547 2697 3707 2763 desit,

2111 2771 2312 2828 frustra
2360 2774 2613 2841 laborat,
2644 2780 2901 2847 quoniam
2962 2785 3274 2851 superiores
3328 2788 3449 2842 d'uze
3484 2798 3707 2861 propter

2115 2867 2332 2922 tertiam
2372 2870 2651 2939 praecipue
2699 2874 3068 2941 requiruntur.
3097 2876 3235 2941 Quid
3284 2882 3434 2933 enim
3486 2883 3712 2950 prodest

2112 2970 2343 3030 propter
2372 2963 2558 3018 mundi
2604 2974 2985 3035 contemptum
3030 2968 3351 3036 pudicitiam
3406 2972 3621 3040 habere,
3660 2986 3714 3030 ct

2121 3065 2342 3124 propter
2367 3056 2513 3126 quod
2540 3073 2659 3113 eam
2695 3059 2899 3115 habens
2918 3078 3026 3116 non
3062 3062 3307 3119 habere?
3332 3062 3431 3122 Vel
3468 3066 3486 3105 ί
3515 3070 3603 3122 cui
3637 3074 3711 3124 mi

409 3166 805 3229 pratceptortttn
834 3154 1137 3211 custodiam
1164 3152 1465 3223 promereri
1496 3158 1696 3219 potest,
1729 3147 2009 3216 Scriptura
2040 3138 2084 3201 C
2118 3147 2380 3201 ntundum
2420 3158 2739 3204 contemnas
2770 3193 2785 3217 ,
2833 3153 2882 3207 si
2921 3153 3188 3222 justitiam
3223 3196 3238 3223 ,
3279 3169 3508 3229 propter
3548 3176 3714 3230 quam

412 3251 672 3307 dicente:
721 3249 784 3304 Si
813 3250 887 3301 vis
932 3250 989 3301 in
1038 3247 1194 3299 vitam
1242 3244 1527 3315 pervenire,
1575 3258 1720 3296 serra
1762 3241 2012 3294 mandata

415 3342 634 3412 (Matth.
660 3357 773 3402 xxv,
808 3337 924 3410 17).
974 3339 1150 3393 Vitam
1202 3352 1334 3407 ergo
1389 3350 1495 3389 non
1551 3334 1733 3401 habet,
1768 3334 1873 3387 nisi
1922 3334 2012 3402 qui

412 3444 609 3490 cuncta
638 3432 883 3486 mandata
917 3431 1054 3501 legis
1097 3429 1423 3486 servaverit.
1456 3427 1523 3481 Et
1564 3428 1651 3497 qui
1700 3428 1861 3480 vitam
1906 3441 2011 3480 nou

414 3525 699 3588 habuerit,
725 3522 959 3577 ccelestis
1000 3522 1156 3591 regni
1215 3536 1320 3573 non
1352 3527 1529 3588 potest
1555 3532 1677 3573 esse
1711 3530 2012 3586 pUSScSSOl',

414 3618 473 3673 in
502 3632 613 3686 quo
643 3631 750 3670 non
783 3614 996 3679 mortui,
1034 3612 1129 3667 sed
1161 3613 1266 3666 vivi
1293 3610 1494 3681 quique
1524 3611 1849 3679 regnabunt.
1869 3608 2016 3663 Nihil

413 3723 548 3777 ergo
582 3707 866 3776 virginitas
906 3706 1020 3760 sola
1074 3705 1340 3776 proﬁciet,
1395 3718 1515 3773 quzc
1569 3702 1811 3757 cwlestis
1862 3701 2016 3771 regni

413 3800 645 3871 gloriam
672 3806 877 3869 sperat,
910 3798 1012 3852 nisi
1043 3806 1100 3852 et
1126 3796 1150 3835 ι)
1184 3796 1333 3851 aliud
1366 3795 1617 3851 habuerit
1641 3796 1727 3849 cui
1758 3805 2017 3864 perpetua

416 3898 530 3950 vita
555 3896 911 3965 promittitur,
941 3911 1036 3965 per
1065 3911 1227 3965 quam
1271 3896 1507 3951 (celestis
1554 3894 1701 3964 regni
1730 3892 2018 3962 praemium

420 3988 757 4060 possidetur.
794 3992 934 4042 Ante
981 3989 1164 4042 omnia
1209 4003 1340 4057 ergo
1382 3986 1705 4056 pudicitiam
1736 3985 2019 4055 integrita-

422 4090 639 4151 temque
668 4081 1039 4146 servantibus,
1066 4091 1119 4135 et
1159 4080 1278 4150 ejus
1301 4080 1797 4135 remunerationem
1846 4095 1874 4132 a
1929 4078 2019 4133 Dei

420 4174 677 4244 :rquitate
720 4173 1067 4243 sperantibus
1091 4172 1471 4229 mandatorum
1500 4172 1747 4228 custodia
1772 4182 1856 4228 est
1880 4188 2019 4241 prcc-

422 4276 603 4338 cepta,
632 4282 701 4320 ne
728 4265 983 4336 gloriosae
1033 4264 1299 4319 castitatis
1328 4276 1384 4318 et
1414 4262 1765 4319 continentia:
1790 4263 1940 4318 labor
1968 4264 2020 4318 iu

423 4360 640 4415 irritum
670 4358 990 4414 deducatur.
1024 4357 1201 4427 Supra
1231 4356 1541 4413 mandatum
1582 4358 1665 4412 vel
1696 4367 2022 4427 praeceptum

424 4467 546 4509 esse
568 4452 932 4522 virginitatem
986 4451 1206 4520 sapiens
1230 4464 1250 4490 ε
1277 4467 1345 4506 ex
1394 4452 1513 4521 lege
1546 4451 1737 4505 nullus
1787 4451 2021 4520 ignorat,

2118 3239 2431 3307 pudicitiam
2464 3254 2518 3297 et
2546 3253 2766 3313 propter
2788 3260 2952 3315 quam
2996 3250 3179 3301 mundi
3207 3261 3584 3323 contemptum
3618 3255 3715 3309 ha-

2116 3330 2247 3386 bere
2271 3340 2323 3387 te
2349 3336 2634 3401 convenit,
2658 3353 2767 3389 non
2793 3339 3072 3394 custodias
3095 3342 3118 3393 ἲ
3150 3342 3276 3411 quia
3312 3355 3367 3398 ut
3389 3346 3559 3416 prima
3588 3360 3715 3417 spe-

2118 3424 2231 3479 cies
2268 3436 2500 3495 prOpter
2526 3429 2819 3483 secundam
2852 3441 2953 3496 est,
2988 3433 3061 3487 ita
3087 3445 3143 3489 et
3174 3438 3350 3505 prima
3396 3452 3457 3494 et
3480 3443 3717 3497 secunda

2121 3526 2344 3586 propter
2372 3520 2585 3573 tertiam
2613 3535 2627 3583 ;
2656 3536 2779 3590 quae
2834 3524 2879 3577 si
2931 3540 3039 3577 non
3071 3526 3254 3593 fuerit,
3284 3544 3390 3584 inec
3415 3534 3584 3601 prima
3614 3548 3718 3589 nec

2120 3608 2358 3661 secunda
2374 3610 2644 3679 proficiet.

2199 3700 2281 3756 Vl.
2312 3702 2455 3755 Dicis
2487 3703 2713 3757 forsitan
2737 3723 2748 3758 :
2770 3706 2919 3761 Doce
2948 3690 3035 3763 me
3063 3724 3196 3779 ergo
3216 3714 3349 3781 quid
3394 3717 3463 3769 sit
3488 3717 3715 3787 iustitia,

2124 3800 2181 3847 ut
2208 3807 2330 3847 eam
2354 3793 2401 3847 si
2427 3796 2799 3864 cognoverim,
2827 3797 3039 3852 facilius
3058 3802 3292 3871 implere
3323 3807 3720 3864 saﬂiciam.Di-

2122 3899 2241 3940 cam
2266 3884 2359 3939 tibi
2386 3885 2626 3942 breviter
2654 3898 2712 3942 ut
2750 3890 2923 3958 valeo,
2972 3904 3027 3947 et
3048 3895 3341 3951 verborum
3360 3909 3489 3953 ιιιιιιιν
3514 3902 3721 3973 simpli-

2120 3977 2286 4032 citate
2328 3982 2699 4035 commuui-um
2730 3986 2896 4054 ;quia
2930 4002 3092 4042 causa
3149 3991 3217 4046 de
3240 4008 3343 4062 qua
3401 3996 3608 4064 agimus
3632 4007 3719 4052 ta-

2124 4070 2195 4127 lis
2244 4082 2377 4135 est,
2436 4090 2555 4143 qua:
2615 4076 2996 4136 disertioribus
3052 4082 3320 4139 facundia:
3376 4092 3723 4147 sermonibus

2126 4179 2468 4235 nequaquam
2524 4166 2724 4223 debeat
2752 4174 3059 4240 obscurari,
3102 4176 3197 4230 sed
3224 4179 3578 4247 si'mp'iicioris
3602 4183 3725 4237 clu-

2126 4257 2363 4325 queutizc
2396 4260 2803 4316 narrationibus
2846 4264 3032 4332 pandi.
3084 4265 3192 4323 Res
3221 4272 3363 4324 enim
3391 4274 3643 4330 omnibus
3664 4277 3726 4331 in

2126 4364 2419 4407 commune
2444 4356 2781 4422 necessaria,
2802 4361 3077 4414 communi
3101 4362 3262 4417 debet
3284 4378 3537 4424 seruiene
3569 4386 3727 4426 mon-

2131 4446 2316 4501 strari.
2342 4445 2556 4503 iustitia
2572 4464 2705 4518 ergo
2732 4466 2841 4505 non
2865 4453 3005 4507 aliud
3031 4466 3111 4509 est
3132 4472 3289 4526 quam
3318 4476 3423 4515 non
3458 4479 3683 4533 peccare
3712 4484 3726 4533 ;

429 4547 695 4616 Apostolo
722 4547 965 4600 dicente:
984 4543 1063 4597 Be
1091 4545 1371 4614 virginibus
1394 4554 1562 4598 autem
1586 4553 1895 4615 praeceptum
1918 4541 2026 4597 Do-
2053 4524 2103 4584 Π
2131 4555 2237 4593 non
2266 4555 2494 4609 peccare
2518 4554 2704 4597 autem
2728 4554 2813 4598 est
2840 4546 2973 4615 legis
2996 4524 3269 4621 prmcepta
3309 4524 3549 4614 servare.
3582 4524 3730 4615 Prae;

431 4639 557 4692 mini
585 4654 689 4691 non
712 4638 895 4701 habeo,
938 4638 1214 4691 consilium
1253 4646 1424 4691 autem
1453 4638 1520 4691 do
1556 4637 1597 4706 (1
1646 4635 1765 4692 Cor.
1794 4654 1884 4699 vit,
1910 4637 2024 4707 2‘3).

432 4727 567 4785 Cum
596 4746 728 4801 ergo
754 4729 1065 4785 obtinendae
1106 4730 1432 4800 virginitatis
1456 4730 1745 4785 consilium
1769 4730 1887 4794 dat,
1920 4746 2026 4785 non

434 4831 794 4892 praeceptum,
811 4836 975 4891 supra
1006 4820 1317 4876 mandatum
1337 4832 1396 4876 et
1412 4830 1746 4891 .prtceeptum
1772 4838 1890 4878 eam
1909 4838 2033 4878 esse

435 4912 722 4985 professus
748 4924 849 4969 est.
874 4914 1213 4984 Quicumque
1243 4928 1373 4984 ergo
1395 4915 1756 4983 virginitatem
1793 4925 2030 4981 servam,

438 5006 619 5075 majus
651 5023 810 5075 quam
846 5020 1180 5078 prtcccptum
1207 5018 1289 5061 cst
1318 5008 1542 5063 faciunt.
1568 5010 1717 5063 Tunc
1736 5010 1877 5063 enim
1914 5026 2034 5078 pro-

441 5097 584 5153 derit
616 5100 851 5168 amplius
877 5099 1081 5154 fecisse
1111 5113 1270 5169 quam
1298 5101 1511 5169 ‘jnssutn
1558 5112 1659 5165 est,
1686 5102 1730 5154 si
1758 5100 1899 5170 quod
1923 5101 2038 5169 jus-

440 5203 562 5244 sum
595 5199 678 5243 est
698 5189 963 5244 'l'e’cer‘is.d
998 5189 1128 5244 Nam
1163 5190 1435 5259 quomodo
1464 5192 1585 5261 plus
1615 5190 1808 5246 fecisse
1838 5192 2039 5261 gloria-

443 5281 611 5345 bcris,
644 5284 891 5338 siutinus
915 5282 1114 5354 aliquid
1144 5298 1249 5337 non
1280 5282 1516 5339 feceris?
1545 5284 1778 5353 Cupiens
1792 5284 2037 5340 divinum

516 5428 539 5453 ε
582 5418 751 5473 Vatis.
785 5420 963 5475 Malim
996 5438 1118 5476 cum
1162 5422 1333 5477 llolst.
1360 5439 1446 5476 uas
1479 5424 1658 5492 :nputl
1686 5439 1844 5494 quem
1878 5425 2034 5493 paulo

518 5499 567 5542 st
599 5491 791 5542 lt'tzilttt'
816 5492 967 5542 rebus
990 5511 1100 5542 nec-
1134 5510 1232 5542 tiro
1266 5496 1456 5542 uiribus
1483 5512 1595 5542 me.

443 5499 567 5558 post
599 5492 791 5555 lt'gitttr
816 5492 967 5546 rebus
990 5511 1101 5558 nec,
1134 5510 1232 5561 pro
1266 5496 1456 5547 viribus
1483 5512 1595 5549 nec.
1708 5492 1717 5494 ⁷
1881 5492 1889 5493 ί

514 5556 543 5597 δ
586 5560 744 5614 Aliud
773 5563 889 5616 Imb.
923 5564 1121 5629 Holst.,
1153 5565 1287 5618 illud
1322 5564 1443 5618 hab.
1478 5566 1597 5621 Mox
1632 5566 2040 5631 ibid.,-mmtda-

446 5640 761 5707 (ommutuit
790 5637 1127 5707 custodienda
1156 5646 1430 5707 prwcepta.

524 5714 545 5783 ξ
696 5705 821 5772 tege.
851 5706 1094 5783 Rectius,
1126 5701 1296 5783 quam
1315 5701 1797 5783 Holst._et_tegens.

521 5769 547 5809 ιι
590 5772 731 5827 Nam
745 5769 1196 5844 quomodo.....'si
1228 5779 1394 5833 minus
1437 5778 1635 5849 aliquid
1655 5769 1777 5835 “non
1812 5778 2039 5852 feceris?

2129 4643 2411 4701 ceptorum
2440 4650 2568 4689 vero
2594 4636 2907 4694 observatio
2928 4640 3129 4709 duplici
3162 4661 3360 4713 genere
3402 4654 3728 4723 custoditur,

2132 4736 2188 4780 ut
2208 4726 2347 4781 nihil
2372 4744 2560 4783 eorum
2586 4745 2706 4799 quae
2732 4733 3093 4799 prohibentur
3112 4738 3308 4806 facias,
3328 4754 3376 4797 et
3392 4755 3591 4801 cuneta
3610 4758 3729 4818 qua:

2132 4819 2388 4889 iubentur
2409 4821 2639 4889 implere
2660 4826 2976 4882 contendas.
2994 4829 3111 4885 Hoc
3138 4843 3223 4887 est
3250 4837 3393 4905 quod
3424 4839 3557 4895 dicit
3583 4841 3736 4900 Psal-

2136 4912 2297 5008 ntista
2335 4930 2347 4964 :
2382 4913 2583 4967 Recede
2610 4932 2641 4967 ι
2668 4917 2896 4982 malo,et
2916 4922 3007 4989 {ac
3028 4922 3223 4978 ‘bonum
3248 4926 3365 4995 (1‘s.
3389 4947 3580 4999 χχχιιι,
3616 4936 3730 5008 15).

2138 5002 2273 5057 Nolo
2294 5005 2439 5059 enim
2462 5006 2515 5059 in
2560 5007 2663 5061 hoc
2694 5017 2849 5077 putes
2878 5017 3413 5086 constarejustitiam
3441 5034 3496 5079 ut
3532 5002 3734 5083 malum

2141 5112 2245 5152 non
2276 5098 2467 5164 facias,
2499 5115 2619 5155 cum
2644 5110 2698 5156 et
2730 5103 2931 5158 bonum
2966 5123 3072 5163 non
3116 5110 3297 5170 facere
3331 5118 3531 5175 malum
3562 5124 3741 5189 δῆμοι

2142 5191 2193 5245 in
2229 5200 2459 5261 utroque
2492 5192 2626 5263 legis
2676 5199 3050 5263 prmvaricatio
3094 5205 3405 5263 continetur
3436 5230 3447 5265 :
3480 5216 3736 5283 quoniam

2142 5287 2232 5356 qui
2256 5286 2392 5340 dixit
2418 5305 2432 5340 ι
2470 5288 2665 5344 Recede
2684 5306 2714 5343 a
2742 5292 2903 5360 malo;
2934 5295 3048 5365 ipse
3074 5297 3230 5365 dixit,
3265 5309 3414 5375 ctfuc
3439 5306 3649 5361 bonum.
3680 5304 3747 5358 Si

2144 5424 2274 5515 time.
2286 5426 2426 5496 apud
2444 5426 2786 5515 ilolstenium
2819 5436 3122 5492 incuriosus
3146 5459 3201 5494 οι
3216 5446 3449 5515 scriptor
3466 5446 3761 5504 omiserit-

2145 5496 2327 5575 Pnnlo.
2346 5510 2465 5561 post
2490 5500 2614 5554 ibid.
2643 5518 2944 5573 perperam,
2980 5496 3736 5575 remmiri'niio'tno-ttdutorttut
3752 5553 3765 5565 .

2182 5640 2194 5652 ι
2216 5578 2239 5606 θ
2276 5568 2349 5652 αξη
2378 5581 2541 5625 morte
2561 5568 2752 5652 fuerit."
2775 5568 3082 5652 Legendum
3108 5568 3328 5643 videtur
3770 5615 3782 5622 ε

2132 5648 2339 5717 No.11:
2360 5654 2581 5717 mortem
2613 5648 2767 5717 fuerit
2795 5650 3088 5717 deputatus.

2215 5709 2236 5748 ί
2267 5709 2371 5765 ‘Ctu'
2402 5709 2825 5795 raiLrSic'Baiu‘z.
2846 5709 2865 5785 ;’
2896 5720 2947 5775 id
2976 5733 3078 5788 est,
3112 5726 3196 5777 cui
3224 5720 3404 5784 bona?
3447 5732 3518 5795 ᾉι
3562 5722 3825 5793 nam.

2130 5796 2233 5836 cur
2242 5796 2334 5835 res
2350 5785 2535 5839 muniti
2563 5794 2698 5839 cont.

4151 1162 4153 1271 ι

4153 1310 4155 1417 l

4182 4230 4193 4319 l

4184 4334 4193 4379 ς
