4270 6176
506 284 608 342 251

1470 280 1821 341 APPENDIX
1855 282 1947 339 AD
1972 280 2204 339 OPERA
2246 275 2535 342 SULPICII
2563 276 2834 341 SEVERI.

3698 284 3809 344 ἓδέ

506 416 536 454 a
568 401 708 455 malo
730 400 1026 457 recesseris
1047 407 1223 455 etnon
1250 399 1450 455 feceris
1475 399 1700 464 bonum,
1734 411 2102 469 transgressor
2129 403 2182 463 A
2208 418 2314 456 non
2348 401 2564 469 feceris,
2595 419 2719 458 eum
2753 402 3014 471 scriptum
3047 409 3129 456 est
3155 418 3167 453 :
3204 400 3306 467 Qui
3326 401 3619 456 universam
3646 402 3810 472 legem

507 507 567 548 es
590 494 744 564 legis,
771 509 887 563 quze
912 508 1018 548 non
1044 501 1247 547 tantum
1278 492 1332 546 in
1354 492 1619 547 malorum
1650 502 1867 547 actuum
1895 494 2100 547 abomi-

508 586 752 649 natione,
784 585 879 640 sed
908 587 1027 639 etin
1054 584 1320 637 bonorum
1353 598 1579 653 operum
1603 584 1935 654 perfectione
1953 600 2102 640 com-

509 680 708 749 pletur.
744 679 927 748 Neque
976 678 1121 733 enim
1155 677 1251 732 tibi
1298 678 1400 733 hoc
1452 679 1629 734 solum
1686 680 1994 750 prtecipitur
2047 688 2104 733 nt

509 774 760 825 vestitum
778 772 888 824 suis
907 784 1013 824 non
1034 768 1235 838 spolies
1257 769 1610 833 indumentis,
1643 771 1738 825 sed
1760 780 1817 824 ut
1842 770 2104 841 spoliatos

509 862 725 933 operias
776 864 919 927 tuis;
947 877 1122 932 neque
1157 872 1213 916 ut
1244 862 1464 917 habenti
1520 877 1713 932 panem
1743 880 1849 918 non
1890 862 2104 919 auferas

507 972 688 1021 suum,
718 955 811 1011 sed
837 966 1029 1010 utnon
1077 956 1297 1011 habenti
1333 966 1481 1010 tuum
1518 957 1753 1012 libenter
1776 958 2101 1026 impertias;

515 1060 539 1086 ο
573 1064 751 1119 neque
777 1058 835 1103 ut
865 1048 1042 1103 solum
1074 1063 1363 1117 pauperem
1399 1064 1496 1103 suo
1519 1065 1624 1103 non
1652 1049 1818 1118 pellas
1848 1048 2105 1119 hospitio,

516 1144 611 1200 sed
644 1150 704 1197 ut
726 1144 933 1214 pulsum
962 1154 1016 1199 et
1044 1158 1152 1198 non
1198 1143 1484 1197 habentem
1537 1142 1768 1211 recipias
1816 1153 1927 1195 ttto.
1962 1140 2108 1194 Pras-

518 1247 734 1308 ceptum
762 1238 905 1293 enim
955 1246 1041 1292 est
1094 1236 1250 1293 nobis
1304 1238 1429 1307 ﬂere
1486 1254 1601 1291 cum
1647 1236 1887 1306 ﬂentibus
1926 1236 2105 1305 (Rom.

516 1346 613 1394 xu,
639 1330 754 1398 15).
782 1329 1068 1397 Quomodo
1120 1346 1243 1386 cum
1276 1331 1382 1385 illis
1412 1332 1624 1394 ﬂemus,
1656 1331 1702 1384 si
1750 1330 1800 1383 in
1833 1327 1980 1382 nullo
2017 1344 2109 1383 eo-

513 1437 631 1476 rum
667 1422 1089 1478 necessitatibus
1115 1423 1524 1493 participamus,
1583 1436 1681 1476 nec
1703 1419 1919 1490 aliquod
1951 1418 2029 1473 eis
2055 1420 2107 1473 in

512 1513 597 1569 his
619 1523 841 1585 propter
867 1529 1001 1584 quas
1023 1517 1389 1586 Iacrymantur
1402 1514 1605 1579 causis,
1630 1514 1934 1583 praebemus
1964 1511 2114 1566 auxi-

514 1606 692 1662 lium?
726 1607 907 1677 Neque
952 1608 1097 1661 enim
1129 1608 1354 1662 ﬂetuum
1406 1617 1719 1662 nostrorum
1752 1606 1896 1661 Deus
1942 1603 2111 1659 infru-

513 1709 766 1755 ctuosum
796 1699 997 1770 quierit
1028 1700 1313 1755 humorem
1346 1717 1359 1765 ;
1392 1699 1486 1755 sed
1517 1700 1643 1769 quia
1674 1699 1929 1770 lacrymae
1957 1696 2109 1751 dolo-

2203 495 2501 559 serraverit,
2528 494 2803 561 o/fenderit
2829 503 3000 548 autem
3030 494 3081 547 in
3107 510 3229 558 uno,
3260 497 3428 564 factus
3476 503 3551 547 est
3582 496 3810 547 omnium

2205 602 2322 640 reus
2353 586 2506 656 (Jac.
2550 603 2609 650 ll,
2644 584 2771 658 10).
2805 586 2979 641 Adam
3027 587 3172 640 enim
3229 587 3403 641 semel
3457 589 3724 656 peccavit,
3756 596 3814 641 et

2207 688 2455 733 mortuus
2489 689 2595 733 est.
2642 679 2709 733 Et
2742 688 2797 732 tu
2840 688 2892 732 te
2938 677 3124 733 vivere
3172 694 3333 748 posse
3365 679 3645 734 existimas
3675 678 3810 733 illud

2208 783 2353 838 saepe
2395 768 2747 823 committens
2796 767 2941 837 quod
2988 769 3179 832 alium,
3234 768 3359 822 dum
3407 769 3576 824 semel
3622 784 3815 839 perpe-

2210 871 2430 926 trasset,
2462 862 2800 917 occidit?An
2824 862 3030 932 grande
3055 862 3204 917 illum
3231 863 3575 919 commisisse
3601 864 3813 920 crimen

2212 966 2368 1027 putas
2395 959 2537 1013 unde
2560 958 2760 1012 merito
2786 973 2848 1012 ac
2874 958 3022 1027 juste
3052 958 3340 1013 damnatus
3362 959 3487 1013 est?
3516 958 3813 1016 Videamus

2212 1064 2343 1119 ergo
2370 1050 2497 1120 quid
2523 1050 2731 1106 fecerit.
2757 1052 2956 1106 Contra
2982 1052 3297 1108 mandatum
3317 1052 3386 1108 de
3405 1052 3583 1108 fructu
3603 1054 3813 1110 arboris

2211 1143 2343 1199 edit.
2363 1144 2502 1211 Quid
2523 1160 2652 1215 ergo
2673 1144 2945 1215 ?Pr0pter
2964 1146 3176 1201 arboris
3202 1146 3438 1200 fructum
3466 1147 3612 1202 Deus
3640 1147 3816 1202 homi-

2213 1249 2336 1289 nem
2373 1243 2553 1291 niorte
2583 1238 2829 1290 multavit
2856 1237 2878 1291 ?
2905 1237 3019 1291 Non
3055 1247 3274 1307 pr0pter
3301 1238 3517 1293 arboris
3544 1238 3812 1304 fructum,

2215 1329 2307 1383 sed
2342 1338 2564 1399 prOptet‘
2594 1330 2838 1385 mandati
2881 1342 3274 1400 contemptum.
3322 1333 3462 1401 Ergo
3501 1348 3610 1388 non
3640 1333 3816 1404 agitur

2216 1420 2285 1473 de
2314 1421 2571 1489 qualitate
2603 1423 2835 1490 peccati,
2868 1421 2961 1477 sed
2985 1422 3053 1477 de
3079 1426 3519 1494 transgressione
3550 1425 3813 1479 mandati.

2217 1510 2285 1565 Et
2312 1512 2401 1581 qui
2439 1512 2577 1565 dixit
2619 1512 2748 1566 Adae
2792 1522 2853 1567 ut
2881 1513 2949 1567 de
2994 1514 3209 1567 arboris
3256 1513 3431 1569 fructu
3466 1530 3571 1570 non
3605 1514 3818 1583 ederet,

2217 1603 2331 1675 ipse
2362 1604 2459 1658 tibi
2489 1605 2746 1675 prmcepit
2780 1615 2840 1659 ut
2865 1620 2974 1660 non
3008 1606 3323 1673 maledicas,
3358 1622 3466 1663 non
3512 1610 3817 1679 mentiaris,

2216 1712 2323 1751 non
2352 1698 2629 1765 detrahas,
2661 1713 2761 1753 nec
2789 1698 3149 1754 detrahentes
3177 1700 3489 1767 auscultes;
3510 1710 3570 1755 ut
3595 1702 3820 1757 omnino

513 1791 873 1847 risindieium
906 1799 1053 1859 sunt,
1088 1792 1203 1846 vult
1231 1800 1283 1847 te
1311 1790 1383 1846 ita
1417 1791 1644 1846 alterius
1684 1791 1962 1860 angustias
1988 1804 2111 1844 sen-
2140 1796 2188 1857 Β
2217 1804 2322 1844 non
2364 1789 2541 1859 jures,
2576 1800 2636 1844 ut
2667 1804 2775 1844 non
2807 1791 3193 1861 concupiscas,
3228 1806 3335 1847 non
3391 1792 3658 1860 invideas,
3710 1808 3820 1849 non

514 1885 619 1941 tire
646 1896 703 1940 ut
728 1894 869 1940 tuas.
901 1886 968 1940 Et
998 1884 1273 1956 quomodo
1324 1884 1441 1951 tibi,
1474 1884 1529 1939 in
1579 1884 1669 1938 tali
1698 1882 2048 1937 tribulatione
2067 1882 2113 1936 si

512 1992 685 2043 esses,
718 1978 993 2033 subveniri
1036 1992 1289 2048 cuperes,
1334 1978 1406 2031 ita
1459 1976 1617 2030 alteri
1650 1976 1767 2046 ipse
1796 1974 2108 2040 subvenias,

512 2078 735 2141 propter
748 2070 873 2125 illud
894 2088 905 2123 :
924 2070 1267 2137 Quacumque
1280 2070 1435 2123 vultis
1450 2079 1502 2122 ut
1519 2069 1715 2133 faciant
1732 2068 1870 2122 vobis
1886 2068 2114 2121 homines

513 2164 665 2228 bona,
690 2164 763 2219 ita
790 2173 835 2218 et
856 2181 943 2218 vos
974 2164 1129 2235 facite
1152 2164 1256 2219 illis
1289 2162 1503 2235 (Matth.
1554 2178 1647 2229 vtr,
1686 2161 1797 2234 1'2).
1831 2162 1964 2217 Nam
1988 2177 2110 2217 cum

514 2257 681 2311 ﬂente
707 2256 862 2323 ﬂere,
888 2261 934 2311 si
958 2257 1117 2323 nihil,
1144 2272 1266 2312 cum
1296 2256 1469 2327 possis
1500 2255 1652 2312 ﬂenti
1682 2255 1957 2321 conferre,
1982 2270 2114 2310 con-

514 2349 682 2416 feras,
711 2349 1170 2413 subsannationis,
1197 2364 1303 2403 non
1338 2349 1558 2417 pietatis
1595 2347 1851 2402 indicium
1882 2358 1985 2401 est.
2020 2346 2115 2401 De-

514 2442 677 2513 nique
706 2442 955 2498 Salvator
997 2453 1184 2497 noster
1213 2457 1336 2498 cum
1366 2442 1531 2496 Maria
1579 2452 1634 2496 et
1686 2441 1893 2495 Martha
1926 2440 2114 2494 Lazari

512 2535 793 2589 sororibus
813 2533 982 2599 ﬂevit,
1015 2544 1068 2589 et
1095 2535 1376 2590 immensa:
1425 2534 1823 2589 misericordiae
1862 2533 2113 2588 aﬂ'ectum

512 2630 876 2701 lacryuiarum
906 2630 1308 2685 contestatione
1350 2629 1689 2683 monstravit.
1722 2628 1783 2682 Et
1833 2643 1979 2683 verte
2011 2629 2116 2697 pie-

511 2724 645 2778 tatis
668 2725 864 2778 indicia
888 2739 1013 2778 mox
1041 2739 1206 2793 opera
1236 2724 1529 2780 subsecuta
1550 2734 1695 2786 sunt,
1732 2738 1856 2778 cum
1887 2723 2116 2777 suscita-

513 2825 599 2870 tus
619 2816 873 2883 Lazarus,
906 2816 1061 2886 eujus
1092 2832 1253 2872 causa
1288 2818 1543 2887 lacrymae
1568 2816 1886 2881 funduntur,
1911 2816 2115 2870 sorori-

511 2906 611 2962 bus
643 2906 669 2945 δ
702 2907 857 2963 vivus
885 2908 1151 2963 redditur.
1177 2910 1245 2963 Et
1274 2909 1375 2963 hoc
1401 2910 1499 2963 fuit
1521 2910 1607 2977 pie
1626 2908 1755 2963 ﬂere
1778 2924 1899 2963 cum
1930 2907 2114 2962 ﬂenti-

509 3000 630 3067 bus,
664 3003 1009 3057 occasionem
1060 3001 1221 3055 ﬂetus
1246 3000 1486 3056 auferre.
1521 3011 1542 3039 ο
1572 3000 1679 3056 Sed
1722 3000 1844 3070 quis
1873 2997 2115 3069 potens?

509 3094 741 3165 inquies.
772 3095 877 3151 Sed
904 3111 1003 3151 nec
1040 3095 1135 3150 tibi
1161 3096 1365 3166 aliquid
1420 3095 1759 3165 impossibile
1787 3097 2107 3165 imperatur.

508 3187 759 3257 Implevit
789 3188 972 3242 omnia
995 3190 1083 3258 qui
1118 3189 1263 3258 quod
1294 3190 1467 3257 potuit
1493 3187 1641 3243 fecit.

577 3278 692 3333 V'Il.
747 3279 876 3345 Sed,
934 3291 989 3333 ut
1049 3280 1233 3335 dicere
1281 3295 1647 3348 coeperamus,
1698 3294 1806 3334 non
1862 3278 2113 3333 sufficere

505 3370 817 3427 Christiano
844 3387 872 3424 a
908 3371 1069 3426 malis
1101 3386 1160 3425 se
1187 3371 1489 3437 abstinere,
1521 3371 1623 3425 nisi
1652 3374 1815 3427 etiam
1845 3371 2113 3425 bonorum

505 3479 735 3534 Opertttlt
767 3464 943 3520 ofticia
994 3464 1307 3534 perfecerit,
1343 3466 1441 3520 illo
1487 3465 1569 3519 vel
1602 3465 1842 3519 maxime
1870 3466 2115 3520 testimo-

510 3557 601 3611 nio
638 3558 1051 3627 comprobatur,
1084 3574 1190 3628 quo
1232 3558 1597 3613 comminatur
1631 3559 1898 3613 Dominus
1925 3560 2113 3614 interni

510 3649 649 3721 ignis
673 3665 797 3705 reos
823 3650 938 3705 fore
956 3651 1067 3721 qui,
1093 3651 1346 3721 quamvis
1372 3652 1495 3705 mali
1523 3650 1658 3705 nihil
1683 3653 1982 3721 gesserint,
2009 3670 2113 3708 non

508 3740 740 3797 fecerint
766 3758 930 3797 omne
967 3743 1111 3812 quod
1161 3743 1365 3799 bonum
1400 3754 1503 3807 est,
1537 3744 1725 3797 dicens
1754 3760 1767 3796 :
1802 3742 1943 3798 Tunc
1990 3745 2116 3799 dicit

506 3832 621 3888 Rex
646 3833 727 3887 his
765 3836 853 3906 qui
892 3836 960 3888 ad
985 3836 1250 3889 sinistram
1280 3844 1397 3889 sunt
1422 3852 1440 3890 :
1480 3834 1739 3889 Discedite
1767 3853 1797 3889 a
1826 3853 1925 3902 me,
1959 3837 2117 3892 male-

506 3927 653 3990 dicti,
681 3928 733 3981 in
773 3929 944 3998 ignem
971 3937 1241 3994 ceternum,
1275 3944 1424 3998 quem
1451 3930 1760 3998 prwparavit
1792 3926 1946 3982 Pater
1976 3946 2116 3982 meus

506 4019 712 4073 diabolo
757 4028 804 4073 et
832 4018 1032 4090 angelis
1073 4022 1205 4089 ejus.
1242 4018 1452 4073 Esurivi
1482 4022 1639 4086 enim,
1681 4030 1727 4074 et
1758 4038 1861 4074 non
1902 4022 2117 4075 dedistis

504 4112 633 4165 mihi
660 4112 993 4175 manducare,
1038 4119 1095 4167 et
1137 4113 1343 4180 reliqua
1378 4110 1614 4181 (Matth.
1664 4127 1792 4172 xxv.
1825 4110 1887 4165 41
1918 4111 1960 4182 ).
1999 4112 2112 4166 Νοιι

504 4203 663 4268 dixit,
690 4199 947 4256 Discedite
975 4221 1005 4255 a
1034 4220 1133 4269 me,
1160 4202 1444 4267 maledicti,
1471 4204 1592 4273 quia
1622 4204 1975 4270 homicidium,
1994 4205 2116 4274 quia

504 4298 842 4361 adulterium,
891 4306 983 4352 aut
1012 4299 1135 4368 quia
1182 4302 1324 4366 furta
1355 4297 1590 4367 fecistis;
1622 4296 1648 4335 τί
1691 4300 1783 4353 sed
1816 4300 1944 4369 quia
1974 4300 2115 4356 bona

506 4406 613 4445 non
659 4389 927 4455 fecerunt,
976 4390 1441 4447 condemnamur.
1475 4390 1543 4445 Hi
1586 4393 1811 4447 teternis
1850 4394 2115 4463 gehennae

503 4480 786 4551 suppliciis
804 4481 1151 4547 addicuntur,
1179 4495 1283 4535 non
1307 4482 1433 4552 quia
1460 4497 1581 4550 qua:
1600 4483 1875 4552 prohibita
1902 4484 2115 4540 fuerant

2216 1881 2291 1936 sis
2318 1881 2553 1951 tepidus,
2584 1898 2694 1936 non
2717 1884 2794 1937 sis
2817 1898 3038 1950 avarus,
3072 1892 3129 1937 ut
3152 1884 3285 1938 nulli
3313 1885 3515 1939 malum
3547 1902 3642 1955 pro
3675 1887 3821 1944 malo

2215 1973 2431 2039 reddas,
2466 1984 2523 2028 ut
2551 1989 2650 2044 pro
2672 1974 3136 2030 calumniantibus
3161 1984 3217 2031 et
3247 1978 3689 2045 persecutoribus
3715 1981 3822 2035 tuis

2216 2083 2371 2134 ores;
2407 2079 2464 2123 ut
2491 2071 2822 2140 percutienti
2855 2069 3153 2137 maxillam,
3191 2072 3420 2125 alteram
3447 2072 3727 2141 praebeas;
3764 2082 3824 2127 ut

2215 2161 2268 2215 in
2295 2160 2505 2231 judicio
2537 2162 2783 2217 saeculari
2815 2178 2922 2217 non
2952 2163 3154 2233 litiges;
3182 2172 3242 2218 ut
3269 2164 3312 2217 si
3343 2166 3466 2234 quis
3492 2174 3578 2217 tua
3605 2164 3823 2221 auferre

2216 2254 2467 2319 voluerit,
2502 2264 2786 2323 gratanter
2821 2258 3105 2322 remittas;
3139 2265 3200 2310 ut
3247 2270 3347 2311 nec
3392 2256 3689 2312 iracundia:
3722 2270 3823 2312 nec

2217 2347 2317 2401 zeli
2348 2348 2536 2401 livoris
2569 2347 2767 2401 malum
2804 2348 2948 2400 intra
2992 2360 3182 2416 pectus
3209 2348 3491 2415 admittas,
3521 2363 3578 2401 ut
3613 2349 3819 2403 crimen

2218 2440 2459 2494 avaritia:
2488 2440 2677 2510 fugias,
2714 2450 2773 2494 ut
2802 2441 2981 2495 omnis
3008 2440 3286 2510 jac1antitc
3314 2456 3380 2495 ac
3406 2441 3675 2511 superbia:
3704 2456 3821 2495 ma-

2220 2533 2326 2586 lum
2354 2548 2571 2598 caveas,
2605 2543 2658 2587 et
2689 2533 2913 2601 humilis
2942 2548 3005 2587 ac
3035 2534 3184 2587 mitis
3220 2534 3425 2590 Christi
3459 2535 3709 2605 exemplo
3740 2534 3821 2589 vi-

2218 2642 2344 2692 vas;
2380 2628 2647 2681 malorum
2678 2627 2957 2682 consortia
2984 2628 3034 2681 in
3069 2638 3280 2682 tantum
3314 2628 3585 2694 devitans,
3614 2638 3673 2683 ut
3699 2644 3819 2684 cum

2219 2718 2642 2776 fornicatoribus
2671 2732 2763 2775 aut
2785 2720 2985 2785 avaris,
3014 2732 3106 2774 aut
3132 2721 3591 2777 maledicentibus
3621 2731 3719 2776 aut
3741 2722 3823 2776 in-

2219 2815 2378 2882 vidis,
2405 2824 2501 2869 aut
2524 2815 2986 2870 dctrectatoribus
3016 2824 3111 2869 aut
3132 2816 3388 2881 ebriosis,
3416 2825 3512 2869 aut
3535 2816 3821 2886 rapacibus

2218 2909 2397 2962 cibum
2433 2925 2539 2963 non
2578 2909 2781 2978 capias.
2815 2908 2989 2976 Quem
3016 2908 3061 2962 si
3101 2910 3153 2963 in
3184 2910 3366 2979 aliquo
3397 2912 3819 2979 contempseris,

2218 3004 2263 3059 si
2294 3004 2707 3073 pepercitAdte,
2727 3015 2911 3074 parcet
2941 3014 2995 3058 et
3021 3005 3161 3058 tibi?
3190 3003 3358 3057 Immo
3392 3004 3468 3058 illi
3500 3005 3671 3073 magis
3701 3020 3823 3073 par-

2218 3096 2450 3149 cendum
2480 3097 2674 3161 fuerat,
2706 3097 2796 3164 qui
2828 3096 3005 3149 adhuc
3038 3095 3188 3148 rudis
3219 3106 3273 3148 et
3305 3096 3560 3149 novellus
3596 3105 3735 3161 erat,
3768 3104 3825 3152 et

2135 3183 2179 3246 C
2213 3188 2414 3243 nullius
2464 3196 2591 3242 ante
2646 3186 2923 3256 peccantis
2974 3194 3029 3241 et
3086 3196 3312 3255 pr0pter
3344 3196 3627 3256 peccatum
3661 3203 3821 3243 suum

2218 3280 2504 3335 morientis
2531 3280 2848 3334 trahebatur
2888 3279 3163 3347 exemplo.
3198 3278 3317 3332 Tibi
3362 3294 3494 3334 vero
3524 3288 3645 3349 post
3675 3289 3823 3336 tanta

2217 3371 2565 3436 documenta,
2600 3380 2721 3440 post
2752 3371 2947 3441 legem,
2984 3380 3105 3440 post
3135 3370 3451 3440 prephetas,
3482 3382 3599 3440 post
3648 3372 3826 3427 Evan-

2216 3465 2381 3535 gelia,
2401 3470 2523 3530 post
2545 3462 2823 3532 apostolos
2859 3463 2904 3517 si
2928 3462 3254 3533 delinquere
3270 3463 3533 3529 volueris,
3552 3464 3826 3535 quomodo

2202 3557 2492 3628 indulgeri
2528 3558 2702 3626 possit
2728 3556 2943 3625 ignoro.

2289 3648 2425 3703 Vill.
2468 3648 2549 3703 An
2580 3649 2674 3703 tibi
2708 3648 2775 3704 de
2806 3649 3135 3719 virginitatis
3168 3650 3526 3719 pra'rogativa
3556 3649 3779 3719 plaudes
3801 3652 3827 3706 l

2220 3744 2494 3799 Memento
2540 3743 2712 3797 Adam
2754 3753 2808 3797 et
2857 3744 3020 3797 Evam
3068 3741 3308 3812 virgines
3357 3742 3676 3811 deliquisse,
3723 3757 3828 3799 nec

2218 3836 2586 3906 integritatem
2635 3834 2884 3903 corporis
2916 3834 3185 3904 profuisse
3234 3834 3605 3902 peccantibus.
3660 3834 3823 3905 Virgo

2219 3944 2338 3997 qua:
2371 3934 2581 3997 peccat,
2615 3926 2762 3991 Evm,
2796 3942 2903 3979 non
2939 3925 3125 3979 Mariae
3153 3926 3519 3996 comparanda
3553 3934 3655 3980 est.
3707 3926 3824 3982 Non

2219 4036 2479 4091 negamus
2520 4021 2573 4074 in
2627 4020 2881 4089 prmsenti
2932 4029 3180 4089 tempore
3222 4020 3521 4074 remedium
3556 4016 3825 4090 postulen-

2219 4114 2345 4177 tim;
2379 4112 2472 4166 sed
2506 4114 2785 4166 hortamur
2816 4111 2985 4181 magis
3030 4111 3311 4180 prtemium
3341 4127 3561 4182 sperare
3613 4113 3824 4168 debere

2217 4220 2379 4274 quam
2412 4202 2646 4259 veniam.
2680 4202 2861 4273 Turpe
2892 4214 2975 4256 est
3014 4203 3158 4256 enim
3192 4203 3379 4257 delicti
3435 4204 3827 4272 indulgentiam

2218 4297 2496 4367 postulare
2544 4310 2666 4364 qua!
2714 4298 2945 4363 palmam
2994 4295 3324 4364 virginitatis
3370 4304 3722 4363 exspectant,
3775 4305 3831 4351 et

2220 4391 2469 4443 illicitum
2518 4387 2721 4457 aliquid
2774 4388 3059 4442 incurrere
3110 4402 3231 4456 qua:
3279 4402 3338 4441 se
3388 4397 3553 4441 etiam
3602 4404 3630 4442 a
3666 4389 3829 4444 licitis

2217 4491 2619 4538 eastraverunt.
2668 4481 2901 4535 Licitum
2942 4480 3141 4550 quippe
3190 4491 3271 4535 est
3304 4483 3635 4535 matrimonii
3687 4483 3828 4538 inire

506 4577 875 4642 admisissent,
901 4578 995 4633 sed
1026 4578 1150 4643 quia
1184 4594 1304 4649 qua:
1339 4587 1609 4647 prteeepta
1642 4578 1855 4634 fuerant
1886 4580 2115 4650 implere
2144 4565 2191 4624 D
2220 4578 2580 4632 conscirtium.
2603 4578 2670 4631 Et
2698 4586 2751 4629 ut
2771 4576 3055 4630 laudanda:
3087 4582 3351 4645 suntquaa
3373 4586 3599 4644 propter
3618 4576 3828 4632 Christi

505 4670 823 4726 noluerunt.
852 4670 1006 4726 Unde
1027 4670 1420 4726 advertendum
1446 4682 1523 4725 est
1547 4687 1711 4741 quam
1737 4688 1887 4741 spem
1913 4673 2113 4728 habere

507 4764 724 4833 possint
751 4766 841 4834 qui
877 4763 1056 4818 adhuc
1086 4763 1287 4832 aliquid
1321 4778 1510 4817 eorum
1545 4764 1749 4818 faciunt
1778 4780 1897 4834 quae
1928 4766 2114 4835 prohi-

507 4856 735 4920 bentur,
764 4872 886 4910 cum
910 4859 1075 4909 etiam
1106 4856 1183 4908 illi
1210 4855 1289 4909 rei
1316 4856 1426 4909 sint
1456 4857 1546 4924 qui
1580 4871 1688 4909 non
1716 4856 1960 4911 fecerunt
1990 4872 2113 4927 qua:

501 4947 784 5018 iubentur.
817 4948 956 5002 Nolo
984 4948 1127 5003 enim
1164 4947 1256 5001 tibi
1285 4947 1337 5001 in
1365 4946 1470 5003 hoc
1503 4948 1824 5016 blandiaris,
1856 4950 1897 5003 si
1928 4949 2102 5020 aliqua

577 5099 604 5127 ει
634 5088 826 5161 Neque
855 5100 909 5143 ut
938 5089 1124 5143 solum.
1165 5087 1294 5158 ch.
1346 5103 1467 5143 cum
1502 5088 1674 5143 Holst.
1716 5086 1894 5159 Neque
1939 5090 2105 5143 solum

506 5170 583 5216 ut.
607 5160 674 5215 Et
699 5166 858 5229 paulo
886 5172 1013 5215 ante
1032 5162 1307 5220 spoliatum
1335 5176 1432 5228 pro
1470 5162 1722 5230 spoliatos
1753 5176 1771 5213 :
1802 5171 1856 5213 ut
1880 5176 2107 5232 respon-

505 5234 633 5287 deat
658 5234 923 5300 Superiori
958 5234 1073 5286 Voci
1104 5234 1364 5285 vestitum.

577 5303 605 5342 b
658 5303 811 5357 Vivus
854 5303 1109 5357 redditur.
1174 5301 1332 5355 Vivus
1378 5302 1580 5356 omittit
1626 5302 1803 5356 Holst.

507 5376 795 5432 redundat.
831 5376 1003 5429 Antea
1037 5390 1272 5443 namque
1303 5375 1580 5427 suscitatus
1614 5376 1862 5427 habetur.

579 5458 601 5486 ε
648 5446 754 5501 Sed
783 5448 895 5514 quis
924 5447 1148 5515 potens?
1179 5447 1397 5515 inquies.
1450 5444 1553 5498 Sed
1589 5460 1705 5515 nec.
1747 5444 1951 5507 llulst.,
2006 5446 2111 5499 Sed

503 5520 651 5590 quasi
671 5513 871 5586 potens,
897 5513 1117 5590 inquies,
1148 5513 1287 5585 fecit.
1329 5513 1513 5590 Verum
1538 5530 1625 5566 nec
1649 5514 1770 5590 tibi,
1792 5516 2102 5590 etc._Q_uatu

489 5585 1056 5661 'qttidetnlectimiein
1102 5588 1189 5661 hic
1239 5588 1629 5661 restituendam
1661 5586 1846 5661 nullus
1892 5587 2101 5661 dubito.

577 5660 603 5699 ἀ
649 5660 754 5715 Sed
794 5661 915 5729 quia
954 5663 1103 5711 bona.
1152 5658 1299 5729 Ante
1325 5656 1439 5709 haec
1466 5658 1635 5729 verba
1678 5657 1916 5729 legemus
1965 5657 2105 5725 apud

506 5728 843 5785 llolstenium
870 5748 883 5783 :
916 5747 1017 5782 non
1042 5730 1177 5783 enim
1217 5728 1336 5794 quia
1366 5728 1559 5781 malum
1588 5728 1848 5797 fecissent,
1880 5730 1968 5783 sed
1988 5734 2108 5796 quia

506 5803 697 5859 bonum
716 5815 817 5853 non
840 5799 1090 5870 fecerant,
1111 5811 1217 5857 etc.
1237 5798 1364 5855 Hinc
1384 5814 1516 5856 vero
1536 5800 1920 5870 imprudenter
1941 5801 2107 5857 fuisse

1862 5303 1927 5357 Et
1979 5318 2110 5358 sane

2217 4686 2456 4724 amorem
2480 4679 2537 4725 et
2564 4671 2804 4724 caelestis
2818 4669 2969 4739 regni
2999 4668 3227 4737 gloriam
3258 4669 3510 4738 copulam
3535 4680 3828 4740 eontemp-

2215 4772 2407 4819 sciunt
2456 4764 2793 4834 nuptiarum,
2857 4765 2927 4816 ita
2988 4762 3315 4817 damnanda:
3367 4780 3474 4817 non
3525 4776 3652 4818 sunt
3705 4780 3831 4832 qua:

2217 4866 2444 4928 prepler
2478 4867 2500 4893 ε
2550 4855 2964 4911 1ιιςοιιιιιιοηῑίιυ
3013 4857 3371 4925 voluptatem,
3423 4858 3661 4910 nonduin
3715 4857 3829 4913 Deo

2213 4950 2446 5014 devotte,
2478 4949 2723 5003 remedio
2769 4948 3073 5017 apostolico
3122 4949 3450 5004 abutuntur.
3505 4948 3525 4986 ί
3571 4950 3737 5021 Ergo,
3770 4960 3830 5005 ut

2215 5090 2414 5145 omissa
2447 5090 2498 5143 in
2530 5087 2833 5156 exemplari
2880 5086 3174 5142 Baluziano
3203 5089 3433 5143 suadent
3471 5106 3592 5160 (ιιιειι
3621 5106 3743 5145 mox
3776 5092 3828 5147 in

2218 5163 2464 5215 eamdem
2497 5164 2824 5215 Sententiam
2860 5170 3156 5215 occurrunt
3186 5179 3198 5213 :
3234 5178 3334 5214 non
3358 5163 3479 5232 quia
3507 5179 3621 5232 quw
3648 5160 3830 5231 prohi-

2217 5233 2419 5287 bita....
2452 5232 2541 5285 sed
2569 5236 2711 5295 quia,
2734 5241 2842 5285 etc.

2293 5315 2315 5341 ε
2358 5304 2776 5357 Incontiuentiw.
2806 5306 2897 5359 Sic
2925 5312 3071 5358 recte
3110 5304 3297 5359 Baluz.
3332 5302 3603 5373 Corrupto
3647 5304 3827 5361 Holst.

2220 5388 2548 5427 mnocmtiw.

2297 5445 2315 5481 ί
2362 5444 2526 5516 Ergo,
2559 5454 2611 5497 ul
2646 5446 2756 5500 dim.
2800 5445 3044 5501 Pessime
3076 5445 3322 5518 Clericus
3351 5464 3363 5499 :
3398 5447 3561 5518 Ergo,
3596 5456 3649 5499 ut
3692 5448 3832 5501 dixi-

2210 5533 2345 5577 mus,
2377 5532 2490 5585 quw
2518 5520 2777 5571 connubia
2800 5520 2961 5575 licita.
2989 5530 3039 5569 ut
3061 5516 3265 5580 illtcita,
3300 5516 3563 5582 spernunt.
3604 5522 3831 5589 ejusmo-

2210 5589 2263 5640 di
2293 5599 2461 5642 uutem
2490 5590 2534 5643 si
2560 5592 2749 5652 iurent,
2778 5591 2821 5643 si
2847 5589 3181 5651 maledicunt,
3208 5604 3250 5640 st
3292 5589 3510 5657 cupidus
3538 5591 3589 5641 in
3616 5592 3829 5655 ahenis,

2211 5660 2255 5712 si
2303 5659 2627 5715 detruhrnles
2659 5661 2943 5730 probantur
2970 5661 3173 5718 audire,
3224 5658 3269 5709 si
3308 5660 3503 5713 malum
3548 5677 3641 5731 pro
3690 5660 3830 5714 malo

2209 5732 2449 5799 reddant,
2471 5734 2513 5785 si
2543 5734 2773 5786 avaritia:
2797 5732 2849 5785 in
2882 5731 3103 5800 propriis
3144 5733 3407 5785 incurrant
3439 5734 3651 5799 crimen,
3682 5744 3788 5788 etc.
