4172 6182
330 270 442 330 233

1162 270 1387 333 EPIST.
1431 269 1477 330 ll
1516 271 1714 333 SULP.
1755 270 2040 344 SEVERI,
2080 273 2174 332 AD
2213 269 2544 334 SOROREM
2583 272 2793 333 SUAM.

3541 281 3650 340 254

329 387 596 451 diximus,
648 401 771 458 quae
816 385 1090 444 connubia
1121 388 1406 452 deserunt,
1458 404 1564 444 non
1607 390 1794 445 illicita
1839 390 1938 446 sed
1966 389 2537 460 Acumqueomuium
2556 388 2926 444 membrorum
2950 386 3652 463 sanctiﬁcationepttrgata,

328 480 482 538 licita
503 493 788 550 spernunt.
821 481 1100 552 Ejusmodi
1131 493 1312 537 autem
1343 483 1392 537 si
1414 484 1621 552 jurent,
1649 485 1691 537 si
1717 485 1940 539 maledi-

331 585 486 640 cant,
523 576 566 629 si
601 575 908 642 detrahant,
936 576 984 630 si
1013 575 1365 632 detrahentes
1400 578 1699 646 probantur
1729 579 1939 646 audire,

331 670 378 724 si
410 670 612 724 malum
646 685 744 740 pro
770 671 914 725 malo
943 672 1196 734 reddantl
1230 674 1274 725 si
1304 671 1619 740 cupiditatis
1667 674 1720 725 in
1749 667 1941 728 alienis

331 765 424 820 vel
455 767 697 818 avaritia!
730 765 783 820 in
810 765 1048 836 propriis
1079 766 1362 820 incurrant
1389 767 1622 832 crimen,
1656 766 1699 818 si
1743 765 1867 832 zeli,
1899 767 1943 820 si

331 856 524 912 livoris
547 872 752 912 venena
779 856 1120 926 possideant,
1141 859 1185 913 si
1213 868 1405 913 eontra
1430 857 1622 928 legalia
1646 866 1701 913 et
1721 866 1943 928 aposto-

332 949 434 1005 lica
484 949 732 1004 instituta
790 950 1056 1006 indecens
1104 951 1313 1021 aliquid
1361 961 1454 1005 aut
1506 951 1799 1020 loquantur
1851 959 1944 1006 aut

330 1045 598 1112 cogitent,
619 1043 665 1096 si
694 1043 747 1096 in
766 1056 932 1097 carne
955 1043 1198 1112 placendi
1221 1043 1402 1097 Studia
1413 1057 1535 1096 com
1546 1052 1648 1110 plac
1667 1053 1721 1098 et
1737 1054 1948 1098 ornata:

330 1135 656 1205 procedant,
703 1143 758 1191 et
785 1135 891 1189 alia
937 1150 1057 1205 qua:
1088 1135 1205 1190 ﬁeri
1251 1135 1434 1189 solent
1479 1135 1674 1192 illicite
1701 1137 1941 1202 faciant;

332 1230 458 1300 quid
493 1230 741 1297 proderit
772 1232 855 1285 eis
879 1229 1158 1299 sprevisse
1187 1229 1330 1299 quod
1379 1231 1552 1294 llcuit,
1600 1244 1654 1286 et
1681 1245 1944 1287 exercere

334 1319 476 1390 quod
508 1336 614 1374 non
649 1321 816 1374 licet?
845 1319 903 1375 Si
934 1319 1014 1373 vis
1046 1320 1308 1389 prodesse
1342 1322 1439 1375 tibi
1463 1322 1608 1390 quod
1641 1321 1790 1376 licita
1813 1337 1947 1376 con-

336 1413 622 1480 tempsisd,
661 1411 784 1467 vide
815 1427 883 1466 ne
912 1412 1040 1483 quid
1063 1427 1255 1468 eorum
1280 1429 1400 1482 quin
1431 1429 1538 1469 non
1567 1415 1728 1470 licent
1753 1415 1943 1471 facias.

340 1509 570 1567 Stultum
618 1520 705 1564 est
730 1510 878 1563 enim
928 1510 1177 1564 timuisse
1213 1509 1361 1580 quod
1393 1511 1577 1564 minus
1612 1520 1719 1574 est,
1752 1518 1809 1564 et
1839 1527 1943 1565 non

337 1605 530 1658 timere
557 1603 702 1672 quod
743 1602 916 1672 majus
961 1611 1086 1667 est;
1139 1612 1232 1656 aut
1272 1602 1342 1655 ab
1391 1601 1460 1655 iis
1490 1618 1600 1654 non
1635 1601 1796 1655 vitari
1825 1617 1947 1670 qua:

335 1699 722 1768 prohibentur,
747 1705 773 1733 ⁸
795 1712 916 1767 qua:
941 1695 1514 1766 subterfugerintqua:
1542 1696 1941 1750 conceduntur.

2044 494 2100 539 et
2153 484 2329 555 lingua
2365 483 2738 538 tantummodo
2787 491 3000 553 peccet,
3034 493 3128 538 aut
3158 484 3524 554 blaSphemet,
3557 500 3654 543 aut

2045 578 2417 632 testimOnium
2445 575 2642 630 falsum
2671 575 2816 630 dicat
2845 592 2860 638 ;
2892 576 3151 646 numquid
3186 577 3497 633 liherabunt
3534 596 3651 634 ont-

2046 672 2133 726 nia
2167 673 2410 726 membra
2455 687 2651 735 unum,
2702 686 2768 724 an
2804 680 3030 740 prapter
3064 686 3228 726 unum
3257 672 3652 742 judicabuntur

2047 775 2101 819 et
2117 765 2358 819 etctcra?
2387 766 2527 835 Ergo
2549 765 2592 818 si
2627 779 2727 818 nec
2755 765 2986 818 aliorum
3007 766 3379 821 membrorum
3406 768 3653 823 sanctifi-

2047 858 2188 913 catio
2219 857 2482 928 proderit,
2512 873 2636 912 cum
2668 857 2720 912 in
2753 872 2862 912 uno
2890 859 2960 912 sit
2987 859 3211 924 vitium;
3245 873 3453 930 quanto
3481 861 3652 932 magis

2048 951 2091 1005 si
2131 950 2471 1005 diversorum
2525 950 2731 1017 ﬂagitio
2783 961 3128 1018 peccatorum
3161 952 3346 1006 omnia
3391 967 3649 1008 corrum-

2050 1052 2266 1114 pantur,
2301 1046 2461 1098 unius
2489 1042 2622 1096 nihil
2655 1041 2907 1112 proficiet
2938 1044 3261 1113 integritas!

2119 1138 2188 1192 Χ.
2233 1138 2386 1193 Unde
2412 1152 2598 1208 quzcso
2627 1146 2702 1202 te,
2729 1137 2902 1206 virgo,
2930 1151 2997 1191 ne
3026 1137 3078 1190 in
3113 1138 3229 1191 sola
3254 1138 3350 1192 tibi
3395 1140 3653 1208 pudicitia

2051 1231 2384 1298 blandiaris,
2416 1246 2593 1300 neque
2623 1231 2676 1283 in
2711 1231 2870 1282 unius
2912 1231 3141 1284 membri
3176 1231 3487 1302 integritate
3516 1250 3653 1290 con—

2051 1327 2218 1391 fidas;
2263 1325 2358 1380 sed
2389 1324 2690 1380 secundum
2743 1325 3062 1392 ApOstolum
3096 1325 3198 1378 soli
3233 1325 3343 1380 lteo
3386 1342 3652 1384 conserva

2049 1422 2293 1491 corporis
2343 1421 2709 1474 sanctitatem.
2759 1419 2953 1473 Munda
2995 1420 3063 1471 ab
3093 1421 3350 1474 omnibus
3396 1421 3653 1491 inquina-

2051 1514 2248 1568 mentis
2271 1523 2461 1581 caput;
2490 1512 2613 1582 quia
2656 1512 2862 1567 crimen
2892 1523 2975 1566 est
3003 1512 3160 1578 illud,
3190 1523 3316 1584 post
3345 1513 3658 1572 chrismatis

2051 1605 2573 1670 sanctilicatiouem,
2621 1613 2713 1658 aut
2757 1605 2904 1660 croci
2960 1614 3051 1658 aut
3093 1606 3318 1660 alterius
3364 1607 3658 1676 cujuslibet

2053 1701 2308 1769 pigtnenti
2347 1700 2467 1752 l'uco
2498 1697 2583 1752 vel
2635 1697 2859 1766 pulvere
2904 1698 3213 1760 Sordidari,
3246 1711 3338 1753 aut
3383 1716 3519 1754 auro
3565 1709 3661 1756 aut

337 1791 479 1847 Dicit
504 1793 652 1846 enim
688 1791 1018 1860 Apostolus:
1047 1789 1279 1860 Innupta
1317 1792 1506 1860 cogitat
1535 1805 1650 1859 qua:
1693 1789 1783 1841 Dei
1807 1797 1947 1854 sunt,
1983 1797 2029 1857 Β
2053 1793 2284 1862 gemmis
2327 1791 2417 1844 vel
2449 1792 2841 1860 cujuscumque
2891 1798 3130 1846 terrente
3159 1804 3426 1847 crealurat
3455 1795 3658 1863 spe-cie.

338 1885 592 1955 quomodo
639 1884 842 1954 placeat
884 1880 1016 1949 Deo,
1041 1890 1100 1935 ut
1133 1883 1200 1934 sit
1230 1892 1407 1934 sancta
1438 1897 1655 1950 corpore
1683 1888 1732 1932 et
1759 1880 1946 1940 spiritu

341 1978 396 2049 (l
422 1978 542 2032 Cor.
594 1993 686 2044 vu,
721 1976 790 2032 54
808 1979 850 2047 ).
887 1975 1015 2042 Qua:
1061 1975 1157 2029 Dei
1184 1983 1324 2038 sunt,
1357 1974 1550 2044 inquit,
1582 1974 1812 2046 cogitat;
1841 1987 1947 2026 non

339 2087 458 2140 qum
490 2071 702 2134 saeculi,
743 2085 851 2123 non
884 2084 1005 2140 quzc
1051 2068 1357 2132 hominum,
1392 2068 1487 2120 sed
1527 2081 1647 2135 qua:
1695 2064 1791 2118 Dei
1823 2071 1951 2118 sunt

343 2173 571 2234 COgtlal.
614 2163 743 2230 Qua:
788 2169 916 2216 sunt
957 2177 1088 2232 ergo
1131 2161 1391 2215 Domini?
1424 2159 1565 2214 Dicit
1611 2158 1946 2228 Apostolus:

350 2244 692 2324 Qutecumque
723 2263 918 2319 sancta,
951 2271 1285 2326 qutccumque
1322 2254 1590 2315 amabilia,
1618 2269 1953 2323 qua'cum'jue

345 2348 492 2404 bona:
537 2349 713 2419 famte,
761 2351 807 2402 si
860 2365 962 2419 qua
1010 2349 1193 2411 virtus,
1247 2349 1291 2401 si
1341 2364 1445 2418 qua
1497 2347 1610 2400 laus
1659 2345 1954 2412 disciplina:

346 2441 367 2515 (
394 2442 632 2514 Philipp.
667 2459 739 2508 tv,
768 2441 868 2513 8),
901 2443 998 2496 ista
1023 2449 1154 2495 sunt
1175 2440 1416 2506 Domini,
1446 2456 1567 2508 quae
1588 2449 1795 2494 sancta:
1826 2454 1954 2495 vere

344 2538 662 2606 apostolicae
685 2535 926 2605 virgines
946 2533 1036 2588 die
1065 2544 1340 2604 noctuque
1370 2531 1708 2588 meditantur
1722 2540 1778 2586 et
1803 2532 1954 2601 cogi.

349 2638 478 2685 tant.
509 2630 607 2684 Dci
635 2639 721 2684 est
747 2629 911 2683 etiam
937 2643 1170 2699 regnum
1195 2626 1485 2691 caelorum,
1515 2625 1734 2680 Domini
1759 2637 1843 2680 est
1871 2639 1956 2680 te.

346 2724 620 2779 surrectio
676 2733 1042 2787 mortuorum,
1103 2721 1316 2776 Domini
1380 2731 1466 2776 est
1529 2718 1959 2774 immortalitatis

346 2816 682 2886 incorruptio
707 2833 722 2882 ;
749 2815 776 2854 δ
809 2817 1022 2870 Domini
1051 2823 1138 2871 est
1163 2815 1428 2886 splendor
1458 2813 1614 2878 solis,
1639 2814 1730 2883 qui
1753 2811 1959 2866 sanctis

348 2912 723 2982 promittitur:
769 2910 987 2965 Domini
1018 2920 1147 2970 sunt
1177 2909 1366 2978 plures
1411 2909 1604 2964 iterum
1639 2909 1691 2961 in
1721 2907 1961 2963 cmlesti-

349 3003 452 3058 bus
497 3008 826 3071 mansiones,
886 3003 1098 3057 Domini
1150 3013 1234 3058 est
1288 3002 1497 3058 fructus
1550 3001 1859 3072 trigesimus
1905 3010 1962 3055 et

350 3097 721 3165 sesagesimus
747 3105 803 3150 et
832 3097 1184 3150 centesimus.
1219 3093 1348 3149 Haec
1377 3095 1643 3164 cogitant,
1676 3108 1726 3147 et
1761 3092 1962 3162 quibus

2051 1883 2286 1940 Grandis
2312 1883 2513 1953 quippe
2539 1883 2735 1936 divinae
2769 1884 2958 1953 gratia:
2987 1887 3319 1940 contumelia
3365 1898 3469 1949 est,
3505 1903 3662 1942 inun-

2052 1979 2177 2033 dant
2226 1986 2282 2031 et
2327 1976 2608 2030 saecularis
2639 1977 2943 2030 ornamenti
2979 1977 3248 2046 pradatio.
3283 1979 3476 2032 Munda
3512 1981 3661 2035 fron-

2055 2079 2201 2134 tem,
2236 2078 2294 2123 ut
2341 2068 2579 2122 humana
2631 2084 2740 2122 non
2789 2068 2970 2122 divina
3027 2085 3190 2138 opera
3238 2070 3564 2135 erubescat.
3611 2081 3668 2127 et

2055 2161 2200 2216 illam
2252 2161 2628 2216 confusionem
2661 2160 2888 2228 recipiat
2917 2175 3041 2230 quae
3072 2177 3180 2216 non
3215 2175 3496 2230 peccatum
3517 2208 3529 2229 ,
3566 2165 3665 2221 sed

2059 2255 2154 2310 Dei
2179 2255 2408 2326 gratiam
2439 2253 2894 2323 parit,Scriptura
2921 2254 3102 2308 divina
3131 2253 3344 2311 dicente
3374 2274 3388 2310 :
3418 2257 3506 2311 Est
3538 2273 3665 2312 con-

2058 2348 2194 2419 fusio
2225 2347 2490 2400 adducens
2519 2356 2818 2417 peccatum,
2851 2355 2922 2398 est
2960 2349 3200 2417 confusio
3239 2349 3502 2404 adducens
3542 2368 3659 2421 gra—

2059 2440 2184 2493 tiam
2217 2438 2312 2492 Dei
2344 2437 2533 2509 (Ecclt'.
2565 2454 2639 2504 tv,
2683 2438 2806 2505 25).
2859 2438 3057 2492 Munda
3109 2441 3334 2507 collum,
3384 2442 3402 2480 ί
3455 2455 3510 2497 ut
3559 2460 3666 2498 non

2059 2547 2194 2587 auro
2227 2543 2374 2586 texta
2401 2532 2616 2600 capillis
2646 2539 2828 2601 portet
2863 2547 3128 2600 suspensa
3162 2536 3410 2601 monilia,
3443 2535 3535 2590 sed
3567 2552 3668 2606 po-

2060 2626 2168 2680 tius
2201 2626 2292 2679 illa
2319 2634 2639 2679 ornamenta
2667 2624 3014 2680 circumferat
3044 2625 3112 2680 de
3145 2627 3340 2696 quibus
3387 2629 3670 2698 Scriptura

2061 2718 2225 2773 dicit:
2253 2717 2618 2772 Misericordia
2635 2728 2683 2771 et
2708 2719 2835 2788 ﬁdes
2858 2735 2959 2772 non
2984 2720 3222 2788 deﬁcient
3246 2740 3277 2775 a
3299 2734 3347 2776 te
3369 2740 3386 2776 :
3409 2725 3668 2796 suspende

2062 2827 2232 2868 autem
2281 2813 2372 2866 illa
2400 2814 2455 2866 in
2491 2813 2629 2866 collo
2668 2823 2753 2866 tuo
2783 2813 2969 2885 (Prov.
3006 2829 3085 2878 ιιι,
3117 2815 3198 2885 5).
3234 2815 3424 2871 Munda
3459 2821 3669 2884 oculos,

2063 2907 2190 2963 dum
2229 2922 2326 2962 eos
2354 2907 2423 2960 ab
2450 2907 2597 2960 omm
2622 2905 3066 2974 concupiscentia
3101 2907 3368 2974 retrahis,
3395 2919 3449 2963 et
3480 2911 3550 2961 ab
3584 2911 3670 2964 in-

2066 2999 2202 3055 tuitu
2251 3015 2548 3072 pauperum
2595 3015 2889 3069 numquam
2933 2998 3172 3064 avertis,
3206 3009 3260 3053 et
3306 3000 3374 3053 ab
3417 3003 3671 3057 omnibus

2065 3094 2203 3149 fucis
2237 3095 2441 3150 liberos
2474 3104 2498 3142 ς
2522 3094 2589 3148 ad
2631 3109 2692 3148 ea
2723 3109 2843 3164 quae
2873 3108 2900 3146 a
2935 3093 3047 3148 Deo
3082 3101 3208 3148 sunt
3236 3093 3372 3147 facta
3405 3096 3669 3152 custodis.

349 3191 557 3259 possint
585 3189 847 3258 operibus
881 3188 1181 3256 promereri
1228 3202 1348 3257 qua:
1381 3185 1599 3240 Domini
1627 3197 1773 3246 sunt,
1814 3185 1957 3254 cogi~
1991 3186 2036 3250 C
2068 3187 2262 3241 Munda
2307 3188 2544 3256 linguam
2578 3203 2605 3240 a
2637 3184 2940 3250 mendacio,
2979 3186 3102 3252 quia
3151 3203 3208 3240 os
3250 3187 3390 3257 quod
3430 3189 3675 3242 mentitur

354 3294 488 3339 lant.
520 3283 736 3337 Domini
759 3293 842 3337 est
857 3283 1024 3338 etiam
1045 3283 1131 3337 lex
1149 3283 1276 3336 novi
1300 3289 1356 3336 et
1373 3279 1578 3336 veteris
1590 3277 1959 3344 Testatnenti,

352 3381 405 3436 in
447 3381 646 3449 quibus
698 3389 718 3416 ο
770 3379 890 3448 ejus
942 3378 1117 3448 elogia
1169 3384 1352 3432 sancta
1398 3376 1666 3445 refulgent
1701 3394 1714 3430 :
1744 3390 1863 3445 qua:
1915 3372 1963 3427 si

351 3473 600 3542 virgines
628 3471 745 3526 sine
775 3470 1190 3526 intermissione
1219 3471 1572 3534 meditantur,
1599 3484 1720 3538 qua:
1743 3464 1962 3522 Domini

355 3574 491 3621 sunt
521 3567 784 3630 cogitant,
811 3573 867 3618 et
892 3565 1150 3632 impletur
1179 3564 1232 3617 in
1260 3565 1344 3618 eis
1372 3563 1751 3632 propheticum
1782 3559 1913 3614 illud
1945 3577 1958 3614 :

356 3655 724 3711 Fundamenta
748 3669 936 3710 teterna
957 3673 1113 3727 super
1143 3666 1333 3710 terram
1360 3654 1607 3720 solidata,
1638 3663 1688 3706 et
1716 3653 1964 3706 mandata

283 3763 288 3765 ‘
352 3750 569 3806 Domini
600 3750 654 3804 in
675 3751 826 3804 corde
851 3750 1089 3804 ntulieris
1116 3758 1306 3802 sancta:
1333 3745 1534 3821 (Et-cli.
1564 3762 1718 3811 XXVI,
1746 3745 1871 3815 ⁸24).

425 3846 519 3902 ιχ.
562 3845 844 3915 Sequitur,
869 3845 1127 3912 quomodo
1154 3845 1356 3914 placeat
1391 3840 1520 3894 Deo.
1550 3840 1685 3906 Deo,
1715 3840 1958 3908 inquam,

360 3956 466 3996 non
514 3941 848 3996 hominibus.
880 3937 949 3993 Ut
988 3945 1166 3992 sancta
1192 3953 1405 4007 corpore
1442 3936 1510 3989 sit
1537 3944 1582 3989 et
1607 3933 1820 4001 spiritu.
1843 3930 1962 3986 Non

363 4034 519 4100 dixit,
555 4042 609 4087 ut
650 4033 716 4087 sit
747 4040 928 4086 sancta
954 4029 1182 4085 membro
1211 4038 1298 4081 aut
1330 4043 1546 4096 corpore
1573 4034 1794 4088 tantunt,
1841 4023 1961 4090 sed,

364 4137 416 4180 ut
458 4127 523 4180 sit
550 4134 728 4180 sancta
755 4139 974 4195 corpore
1014 4130 1062 4176 et
1090 4122 1298 4194 spiritu.
1327 4119 1628 4175 Membrum
1681 4117 1824 4172 enim
1859 4130 1965 4170 una

362 4221 607 4291 corporis
658 4235 783 4290 pars
829 4227 935 4287 est,
988 4233 1190 4288 corpus
1241 4231 1374 4272 vero
1413 4216 1658 4270 omnium
1699 4227 1965 4284 compago

363 4315 756 4372 membrorum.
804 4313 937 4368 Cum
971 4328 1102 4384 ergo
1146 4312 1281 4367 dicit
1328 4320 1384 4365 ut
1426 4311 1489 4366 sit
1520 4317 1698 4364 sancta
1727 4325 1963 4380 corpore,

363 4409 614 4465 omnibus
646 4407 908 4463 membris
954 4403 981 4442 (1
1028 4422 1146 4461 eam
1180 4403 1510 4460 sanctificari
1543 4404 1748 4459 debere
1801 4413 1969 4457 testa-

364 4510 480 4557 tur:
509 4504 634 4572 quia
666 4516 772 4556 non
797 4499 1044 4571 proderit
1066 4499 1762 4554 sancttlicatiocaiterorum
1794 4511 1967 4551 mem-

2070 3282 2256 3336 occidit
2301 3283 2530 3334 animum
2577 3278 2734 3352 (Sap.
2773 3295 2816 3340 ι,
2855 3279 2978 3349 ll);
3010 3295 3038 3332 a
3066 3278 3428 3348 delraCIione,
3463 3296 3491 3334 a
3519 3281 3674 3351 jura-

2067 3385 2276 3439 mento,
2310 3375 2378 3430 ab
2405 3375 2739 3434 adulatione,
2774 3388 2802 3426 a
2829 3373 3088 3443 perjurio.
3119 3373 3256 3429 Nolo
3284 3387 3675 3445 praeposterum

2067 3472 2314 3526 ordinem
2343 3481 2499 3539 putes
2521 3468 2665 3538 quod
2696 3467 2844 3536 prius
2867 3481 2895 3519 a
2916 3467 3232 3535 juramento
3255 3483 3416 3538 quam
3441 3484 3471 3522 a
3499 3471 3679 3539 perju-

2066 3565 2149 3618 rio
2181 3565 2418 3633 linguam
2452 3561 2562 3616 dixi
2595 3561 2800 3615 debere
2829 3562 3079 3615 mundari
3117 3578 3128 3614 :
3165 3561 3292 3631 quia
3333 3573 3461 3618 tunc
3492 3563 3679 3634 perju-

2055 3657 2208 3710 ‘rium
2235 3654 2446 3709 facilius
2465 3653 2712 3722 effugies,
2734 3653 2779 3706 si
2810 3654 2863 3706 in
2897 3665 3012 3707 toto
3038 3669 3144 3709 non
3172 3654 3347 3722 jures.
3382 3656 3680 3726 lniploatur

2067 3745 2096 3784 ιι
2127 3749 2181 3802 in
2217 3757 2268 3802 te
2302 3747 2393 3800 illa
2432 3745 2706 3800 sententia
2743 3763 2756 3798 :
2788 3745 2982 3800 Cohibe
3011 3749 3246 3818 linguam
3275 3759 3419 3800 tuam
3447 3768 3476 3801 (ι
3500 3751 3640 3803 malo
3661 3797 3676 3818 ,

2066 3848 2116 3894 et
2134 3839 2272 3893 labia
2297 3848 2385 3890 tua
2410 3855 2472 3891 ne
2495 3839 2778 3906 loquantur
2809 3839 2985 3890 dolum
3021 3836 3197 3909 (Psal.
3244 3855 3414 3905 χχιιι,
3448 3843 3559 3914 14).
3611 3844 3682 3898 Et

2067 3948 2281 3988 memor
2308 3941 2430 3986 esto
2474 3929 2710 3986 dicentis
2756 3929 3005 3998 Apostoli
3050 3950 3063 3986 :
3108 3930 3405 3988 Bcnedicite
3433 3946 3479 3988 et
3521 3935 3684 3991 nolite

2066 4025 2375 4080 maledicere
2402 4023 2581 4095 (Rom.
2615 4039 2714 4088 xu,
2752 4023 2869 4090 M).
2903 4023 3011 4080 Sed
3045 4033 3099 4079 et
3130 4023 3261 4080 iilud
3293 4023 3542 4083 crebrius
3574 4045 3676 4085 re—

2069 4118 2300 4175 cordare
2327 4135 2338 4171 :
2369 4116 2553 4170 Videte
2575 4133 2636 4170 ne
2656 4117 2772 4187 quis
2795 4117 2988 4170 malum
3011 4132 3103 4186 pro
3128 4117 3264 4170 malo
3285 4118 3472 4172 reddat
3493 4121 3677 4190 alicui,

2070 4227 2232 4280 neque
2268 4210 2607 4264 maledictum
2653 4225 2745 4277 pro
2782 4208 3092 4273 maledicto;
3124 4209 3214 4262 sed
3245 4225 3270 4263 e
3297 4214 3561 4266 contrario
3593 4216 3677 4267 be-

2071 4306 2382 4369 nedicentes,
2416 4306 2538 4375 quia
2577 4304 2630 4356 in
2677 4304 2774 4357 hoc
2805 4305 2971 4357 vocati
3005 4304 3127 4358 estis
3173 4315 3227 4356 ut
3271 4304 3676 4363 benedictionem

2071 4398 2394 4454 haereditatis
2416 4397 2727 4469 possideatis
2751 4396 2792 4467 (l
2821 4394 2938 4449 Pet.
2967 4411 3044 4460 ιιι,
3071 4395 3147 4466 9).
3181 4395 3251 4449 Ει
3277 4396 3408 4451 illud
3436 4416 3448 4450 :
3475 4397 3537 4454 Si
3566 4401 3681 4469 quis

2073 4505 2245 4548 autem
2293 4493 2442 4546 verba
2488 4508 2593 4545 non
2637 4489 2854 4558 o/fendit
2901 4492 3157 4561 fratrem,
3189 4489 3273 4544 hic
3301 4496 3560 4564 perfectus
3609 4507 3686 4550 est

363 4594 609 4660 brorum,
638 4593 686 4648 si
715 4593 1032 4648 inveniatur
1059 4591 1147 4647 vel
1177 4594 1228 4646 in
1255 4605 1361 4646 uno
1386 4592 1685 4658 corruptio.
1712 4588 1830 4643 Non
1864 4591 1970 4644 erit
1996 4582 2050 4642 D
2077 4587 2217 4659 (Jac.
2248 4603 2327 4652 ut,
2352 4586 2437 4657 2).
2479 4584 2643 4640 Nefas
2673 4593 2758 4639 est
2785 4584 2929 4639 enim
2960 4592 3021 4636 ut
3049 4582 3189 4636 labia
3224 4585 3308 4637 illa
3338 4587 3536 4654 quibus
3570 4586 3680 4640 Do-

365 4697 548 4742 sancta
578 4703 832 4758 corpore,
863 4689 1007 4760 quod
1043 4704 1109 4744 ex
1136 4689 1392 4743 omnibus
1418 4693 1636 4742 eoostat
1676 4685 1958 4749 membris,

365 4796 484 4852 qum
515 4783 597 4836 vel
629 4783 788 4837 unius
821 4783 984 4837 fuerit
1014 4781 1461 4852 coinquinatiOne
1493 4781 1722 4850 polluta.
1770 4779 1877 4834 Sed
1908 4786 1969 4833 ut

367 4875 507 4944 quod
531 4874 654 4930 dico
675 4875 1018 4931 manifestius
1039 4873 1338 4932 etlucidius
1363 4873 1533 4944 ﬁat,_°
1561 4884 1699 4940 esto,
1725 4875 1795 4928 sit
1820 4889 1969 4944 quae-

441 5065 464 5091 η
508 5055 636 5121 Qua:
679 5055 894 5123 subterf.
927 5053 1124 5119 llolst.,
1159 5055 1204 5107 si
1240 5054 1458 5122 subterf.
1502 5054 1623 5108 Mox
1676 5052 1808 5107 ibid.
1844 5060 1967 5122 post

370 5127 613 5198 Apostuli
649 5128 834 5192 verba,
867 5127 1126 5180 nonnulla
1160 5127 1480 5196 interpolata
1508 5137 1821 5198 noscuntur.

439 5198 466 5236 δ
511 5199 716 5252 Domini
756 5211 826 5252 est
870 5199 1115 5265 splendor
1142 5199 1284 5262 solis,
1307 5194 1422 5265 qui,
1459 5208 1568 5252 etc.
1601 5198 1755 5262 Apud
1788 5194 1963 5249 Cleri-

371 5283 488 5325 cunt
519 5271 684 5325 lectio
712 5273 850 5324 male
875 5275 1217 5337 interponeta
1241 5279 1290 5323 et
1326 5269 1582 5323 mendosa
1615 5286 1628 5320 :
1665 5267 1870 5319 Domini
1891 5275 1967 5319 est

371 5345 636 5409 splendor,
655 5345 778 5394 solis
800 5357 911 5405 quia
931 5344 1120 5393 sanctis
1144 5342 1530 5409 promittuntur.
1560 5339 1666 5393 Res
1693 5339 1802 5390 tit-it
1821 5340 1965 5390 enim

372 5425 560 5466 auctor
587 5417 652 5467 ad
689 5412 874 5466 Matth.
903 5427 1016 5470 xm.
1053 5414 1122 5465 43
1147 5452 1158 5465 .
1193 5409 1340 5466 Tunc
1371 5414 1504 5484 jttsti
1537 5411 1806 5483 fulgebunt
1833 5409 1966 5463 sicut

375 5487 450 5538 sol
483 5487 534 5538 in
566 5501 723 5554 regno
751 5485 914 5553 patris
943 5499 1140 5536 eorum.

412 5628 424 5639 _
448 5567 469 5594 ο
511 5555 574 5609 In
607 5552 792 5628 quibus
827 5559 964 5628 ejus.
1001 5555 1128 5624 la'g.
1162 5569 1285 5610 cmn
1319 5553 1521 5619 l-lolst.,
1560 5555 1615 5607 in
1647 5552 1831 5624 quibus
1861 5565 1978 5608 oms

447 5646 512 5681 IS.

375 5644 647 5753 ejlllsoE'tm
685 5707 850 5753 sanet.
886 5697 1019 5752 Male
1048 5698 1218 5763 Cler.,
1243 5701 1360 5771 jam
1404 5705 1571 5752 sanet.
1607 5697 1728 5752 Mox
1775 5696 1977 5763 Holst.,

374 5770 443 5825 Et
457 5773 572 5843 jam
604 5787 706 5824 non
739 5773 833 5824 erit
861 5779 1040 5824 sancta
1070 5770 1308 5843 corpore.

450 5853 472 5881 ε’
513 5842 666 5906 Esto,
693 5845 760 5896 sit
802 5842 1336 5910 quiecumqueJJler.
1385 5855 1669 5914 perperam
1702 5856 1802 5913 pro
1831 5854 1984 5897 more

665 5940 949 6002 Ρλοηοι..
1002 5938 1147 6000 XX.

2071 4684 2277 4740 minnm
2310 4681 2612 4746 conﬁteris,
2640 4693 2824 4750 rogas,
2855 4678 3144 4732 benedicis
3169 4686 3225 4733 et
3252 4678 3479 4742 laudas;
3514 4681 3684 4736 alicu-

2069 4778 2158 4849 jus
2191 4777 2504 4847 pollnantur
2537 4773 2700 4834 sorde
2731 4771 2960 4843 peccati.
2988 4771 3186 4828 Nescio
3209 4789 3312 4843 qua
3337 4775 3682 4833 conscientia

2075 4887 2140 4928 ea
2167 4872 2350 4942 lingua
2395 4870 2515 4940 quis
2561 4868 2852 4923 Dominum
2883 4875 3078 4937 rogat,
3110 4881 3214 4937 qua
3255 4877 3348 4921 aut
3390 4870 3674 4938 mentitur,

2074 5064 2173 5104 suo
2201 5065 2213 5100 :
2239 5060 2572 5121 quwcumqtte
2600 5045 2688 5100 sit.
2723 5042 2931 5121 omisso
2961 5053 3090 5100 esto.
3116 5043 3187 5099 Et
3213 5059 3339 5100 mox
3367 5064 3381 5102 :
3408 5045 3549 5121 Ergo
3572 5053 3680 5107 sine

2075 5115 2370 5175 aliorum...
2403 5119 2610 5183 Quanto
2635 5115 2820 5185 magis.

2153 5191 2170 5228 l‘
2219 5191 2286 5245 ut
2316 5207 2415 5243 non
2447 5204 2579 5240 auro
2608 5197 2810 5262 texta...
2861 5188 3096 5240 monilia.
3127 5186 3272 5243 Cler.
3303 5203 3558 5262 corrupte
3587 5214 3600 5250 :
3626 5207 3683 5251 ut

2075 5281 2179 5318 non
2209 5279 2368 5315 aurea
2407 5262 2590 5314 testula
2628 5259 2837 5317 capillis
2873 5270 3040 5333 portet
3065 5270 3115 5333 et
3146 5277 3393 5333 suspensa
3438 5259 3676 5320 monilia.

2078 5337 2201 5389 Mox
2232 5334 2431 5399 l-lolst.,
2459 5332 2716 5400 suspende
2746 5339 2915 5385 autem
2936 5331 3032 5385 illa
3053 5332 3106 5385 in
3129 5331 3281 5386 corde
3311 5337 3446 5389 velut
3472 5341 3526 5390 in
3545 5338 3681 5391 collo

2077 5417 2185 5461 “l0.

2157 5489 2182 5525 tt
2227 5477 2308 5532 Ad
2336 5493 2396 5531 ea
2421 5491 2537 5547 qua?
2562 5492 2594 5528 a
2642 5473 2748 5529 Deo
2776 5483 2895 5547 sunt
2928 5477 3064 5545 facta
3093 5477 3343 5530 custodis.
3389 5475 3465 5529 ita
3495 5493 3682 5533 exem‘

2082 5552 2202 5622 plar
2230 5545 2600 5622 Balttzianttttt.
2636 5547 2778 5622 quod
2810 5545 2959 5602 Cler.
3003 5549 3289 5622 exseripsit
3323 5549 3518 5600 ittlidtts
3547 5567 3570 5622 ,ε
3617 5551 3686 5604 ad

2083 5618 2141 5678 ὲα
2166 5639 2281 5693 qnte
2327 5621 2590 5693 Deirisunt
2633 5620 2783 5693 factis
2834 5619 3083 5693 custodis.
3129 5618 3236 5672 Sed
3282 5623 3448 5693 magis
3506 5619 3689 5689 placet

2089 5690 2396 5764 ltttjihtttodi
2434 5692 2695 5764 l-lolsteuii
2729 5691 2919 5764 lectio;
2954 5703 3000 5764 et
3031 5690 3092 5743 ab
3115 5690 3366 5764 omnibus
3398 5692 3531 5764 fucis
3563 5693 3691 5748 libe-

2088 5759 2197 5830 ros,
2228 5782 2288 5818 ea
2308 5779 2422 5834 qua:
2445 5781 2474 5815 (ι
2506 5761 2614 5814 Deo
2644 5761 2766 5834 [acri
2794 5771 2912 5834 sunt
2937 5761 3234 5813 sinceritate
3260 5759 3545 5819 custodias.

2165 5836 2194 5874 ιι
2232 5835 2300 5890 In
2321 5831 2400 5889 te.
2426 5834 2553 5890 llaec
2583 5833 2782 5887 omittit
2809 5831 2956 5887 Cler.

3161 5923 3202 5986 8
