  <div class='ocr_page' id='page_1' title='image "/cluster/home/n/w/nwhite01/storage/ocr_20150623/20/hvd.32044096580469/123.png"; bbox 0 0 4270 6176; ppageno 0'>
   <div class='ocr_carea' id='block_1_1' title="bbox 551 206 663 270">
    <p class='ocr_par' dir='ltr' id='par_1_1' title="bbox 551 206 663 270">
     <span class='ocr_line' id='line_1_1' title="bbox 551 206 663 270; baseline 0 0"><span class='ocrx_word' id='word_1_1' title='bbox 551 206 663 270; x_wconf 61' lang='lat'><strong>$85</strong></span> 
     </span>
    </p>
   </div>
   <div class='ocr_carea' id='block_1_2' title="bbox 1488 199 2890 265">
    <p class='ocr_par' dir='ltr' id='par_1_2' title="bbox 1488 199 2890 265">
     <span class='ocr_line' id='line_1_2' title="bbox 1488 199 2890 265; baseline -0.003 -1"><span class='ocrx_word' id='word_1_2' title='bbox 1488 202 1836 264; x_wconf 75' lang='lat' dir='ltr'><strong>APPENDlX</strong></span> <span class='ocrx_word' id='word_1_3' title='bbox 1875 203 1968 260; x_wconf 84' lang='lat' dir='ltr'><strong>AD</strong></span> <span class='ocrx_word' id='word_1_4' title='bbox 2007 202 2238 262; x_wconf 73' lang='lat' dir='ltr'><strong>OPERA</strong></span> <span class='ocrx_word' id='word_1_5' title='bbox 2281 202 2576 264; x_wconf 82' lang='lat' dir='ltr'><strong>SULPlCll</strong></span> <span class='ocrx_word' id='word_1_6' title='bbox 2612 199 2890 265; x_wconf 77' lang='lat' dir='ltr'><strong>SEVERI.</strong></span> 
     </span>
    </p>
   </div>
   <div class='ocr_carea' id='block_1_3' title="bbox 3753 197 3858 267">
    <p class='ocr_par' dir='ltr' id='par_1_3' title="bbox 3753 197 3858 267">
     <span class='ocr_line' id='line_1_3' title="bbox 3753 197 3858 267; baseline -0.019 -1"><span class='ocrx_word' id='word_1_7' title='bbox 3753 197 3858 267; x_wconf 65' lang='lat'><strong>250</strong></span> 
     </span>
    </p>
   </div>
   <div class='ocr_carea' id='block_1_4' title="bbox 552 316 3857 394">
    <p class='ocr_par' dir='ltr' id='par_1_4' title="bbox 552 316 3857 394">
     <span class='ocr_line' id='line_1_4' title="bbox 552 316 3857 394; baseline 0.001 -18"><span class='ocrx_word' id='word_1_8' title='bbox 552 329 644 376; x_wconf 88' lang='lat' dir='ltr'><strong>ant</strong></span> <span class='ocrx_word' id='word_1_9' title='bbox 692 317 990 386; x_wconf 72' lang='lat' dir='ltr'><strong>maledicit,</strong></span> <span class='ocrx_word' id='word_1_10' title='bbox 1035 327 1131 376; x_wconf 86' lang='lat' dir='ltr'><strong>aut</strong></span> <span class='ocrx_word' id='word_1_11' title='bbox 1173 316 1434 374; x_wconf 83' lang='lat' dir='ltr'><strong>detrahit.</strong></span> <span class='ocrx_word' id='word_1_12' title='bbox 1482 317 1649 372; x_wconf 87' lang='lat' dir='ltr'><strong>Labia</strong></span> <span class='ocrx_word' id='word_1_13' title='bbox 1699 325 1888 374; x_wconf 87' lang='lat' dir='ltr'><strong>sancta</strong></span> <span class='ocrx_word' id='word_1_14' title='bbox 1931 318 2150 373; x_wconf 80' lang='lat' dir='ltr'><strong>exaudit</strong></span> <span class='ocrx_word' id='word_1_15' title='bbox 2180 327 2231 387; x_wconf 76' lang='grc' dir='ltr'><strong>Α</strong></span> <span class='ocrx_word' id='word_1_16' title='bbox 2257 336 2343 374; x_wconf 82' lang='lat' dir='ltr'><strong>nes</strong></span> <span class='ocrx_word' id='word_1_17' title='bbox 2369 321 2505 374; x_wconf 87' lang='lat' dir='ltr'><strong>enim</strong></span> <span class='ocrx_word' id='word_1_18' title='bbox 2532 328 2966 391; x_wconf 80' lang='lat' dir='ltr'><strong>permanserunt;</strong></span> <span class='ocrx_word' id='word_1_19' title='bbox 2993 319 3048 374; x_wconf 79' lang='lat' dir='ltr'><strong>hi</strong></span> <span class='ocrx_word' id='word_1_20' title='bbox 3078 330 3366 392; x_wconf 81' lang='lat' dir='ltr'><strong>sequuntur</strong></span> <span class='ocrx_word' id='word_1_21' title='bbox 3391 337 3581 394; x_wconf 86' lang='lat' dir='ltr'><strong>agnum</strong></span> <span class='ocrx_word' id='word_1_22' title='bbox 3604 339 3857 394; x_wconf 84' lang='lat' dir='ltr'><strong>quocum-</strong></span> 
     </span>
    </p>
   </div>
   <div class='ocr_carea' id='block_1_5' title="bbox 563 410 2149 482">
    <p class='ocr_par' dir='ltr' id='par_1_5' title="bbox 563 410 2149 482">
     <span class='ocr_line' id='line_1_5' title="bbox 563 410 2149 482; baseline -0.003 -12"><span class='ocrx_word' id='word_1_23' title='bbox 563 414 854 478; x_wconf 88' lang='lat' dir='ltr'><strong>Domiuus,</strong></span> <span class='ocrx_word' id='word_1_24' title='bbox 900 425 954 468; x_wconf 87' lang='lat' dir='ltr'><strong>et</strong></span> <span class='ocrx_word' id='word_1_25' title='bbox 998 412 1130 482; x_wconf 83' lang='lat' dir='ltr'><strong>ipsis</strong></span> <span class='ocrx_word' id='word_1_26' title='bbox 1161 410 1350 465; x_wconf 90' lang='lat' dir='ltr'><strong>annuit</strong></span> <span class='ocrx_word' id='word_1_27' title='bbox 1378 410 1486 463; x_wconf 91' lang='lat' dir='ltr'><strong>cito</strong></span> <span class='ocrx_word' id='word_1_28' title='bbox 1517 410 1772 480; x_wconf 85' lang='lat' dir='ltr'><strong>precibus</strong></span> <span class='ocrx_word' id='word_1_29' title='bbox 1801 425 1939 481; x_wconf 87' lang='lat' dir='ltr'><strong>quas</strong></span> <span class='ocrx_word' id='word_1_30' title='bbox 1968 410 2149 480; x_wconf 83' lang='lat' dir='ltr'><strong>lingua</strong></span> 
     </span>
    </p>
   </div>
   <div class='ocr_carea' id='block_1_6' title="bbox 554 504 2151 578">
    <p class='ocr_par' dir='ltr' id='par_1_6' title="bbox 554 504 2151 578">
     <span class='ocr_line' id='line_1_6' title="bbox 554 504 2151 578; baseline -0.004 -12"><span class='ocrx_word' id='word_1_31' title='bbox 554 511 904 566; x_wconf 88' lang='lat' dir='ltr'><strong>immaculata</strong></span> <span class='ocrx_word' id='word_1_32' title='bbox 933 517 959 546; x_wconf 69' lang='grc' dir='ltr'><strong><em>α</em></strong></span> <span class='ocrx_word' id='word_1_33' title='bbox 988 508 1324 578; x_wconf 89' lang='lat' dir='ltr'><strong>pronuntiat.</strong></span> <span class='ocrx_word' id='word_1_34' title='bbox 1372 504 1572 560; x_wconf 84' lang='lat' dir='ltr'><strong>Munda</strong></span> <span class='ocrx_word' id='word_1_35' title='bbox 1618 520 1780 562; x_wconf 81' lang='lat' dir='ltr'><strong>aures</strong></span> <span class='ocrx_word' id='word_1_36' title='bbox 1801 546 1815 571; x_wconf 94' lang='lat'><strong>,</strong></span> <span class='ocrx_word' id='word_1_37' title='bbox 1847 515 1908 560; x_wconf 89' lang='lat' dir='ltr'><strong>ut</strong></span> <span class='ocrx_word' id='word_1_38' title='bbox 1932 505 2151 560; x_wconf 89' lang='lat' dir='ltr'><strong>nonnisi</strong></span> 
     </span>
    </p>
   </div>
   <div class='ocr_carea' id='block_1_7' title="bbox 554 599 2153 670">
    <p class='ocr_par' dir='ltr' id='par_1_7' title="bbox 554 599 2153 670">
     <span class='ocr_line' id='line_1_7' title="bbox 554 599 2153 670; baseline -0.003 -10"><span class='ocrx_word' id='word_1_39' title='bbox 554 605 900 660; x_wconf 90' lang='lat' dir='ltr'><strong>sermonibus</strong></span> <span class='ocrx_word' id='word_1_40' title='bbox 947 601 1152 657; x_wconf 85' lang='lat' dir='ltr'><strong>sanctis</strong></span> <span class='ocrx_word' id='word_1_41' title='bbox 1199 610 1254 655; x_wconf 87' lang='lat' dir='ltr'><strong>et</strong></span> <span class='ocrx_word' id='word_1_42' title='bbox 1295 601 1454 656; x_wconf 88' lang='lat' dir='ltr'><strong>seriis</strong></span> <span class='ocrx_word' id='word_1_43' title='bbox 1493 599 1731 656; x_wconf 87' lang='lat' dir='ltr'><strong>auditum</strong></span> <span class='ocrx_word' id='word_1_44' title='bbox 1763 600 2058 670; x_wconf 70' lang='lat' dir='ltr'><strong>prmbeant,</strong></span> <span class='ocrx_word' id='word_1_45' title='bbox 2092 608 2153 655; x_wconf 91' lang='lat' dir='ltr'><strong>ut</strong></span> 
     </span>
    </p>
   </div>
   <div class='ocr_carea' id='block_1_8' title="bbox 552 693 2149 764">
    <p class='ocr_par' dir='ltr' id='par_1_8' title="bbox 552 693 2149 764">
     <span class='ocr_line' id='line_1_8' title="bbox 552 693 2149 764; baseline -0.004 -9"><span class='ocrx_word' id='word_1_46' title='bbox 552 712 847 762; x_wconf 75' lang='lat' dir='ltr'><strong>numquam</strong></span> <span class='ocrx_word' id='word_1_47' title='bbox 883 695 1118 749; x_wconf 75' lang='lat' dir='ltr'><strong>obscena</strong></span> <span class='ocrx_word' id='word_1_48' title='bbox 1161 702 1255 747; x_wconf 88' lang='lat' dir='ltr'><strong>aut</strong></span> <span class='ocrx_word' id='word_1_49' title='bbox 1297 693 1474 764; x_wconf 89' lang='lat' dir='ltr'><strong>turpia</strong></span> <span class='ocrx_word' id='word_1_50' title='bbox 1519 702 1613 747; x_wconf 87' lang='lat' dir='ltr'><strong>aut</strong></span> <span class='ocrx_word' id='word_1_51' title='bbox 1656 695 1939 747; x_wconf 78' lang='lat' dir='ltr'><strong>saecularia</strong></span> <span class='ocrx_word' id='word_1_52' title='bbox 1986 693 2149 748; x_wconf 85' lang='lat' dir='ltr'><strong>verba</strong></span> 
     </span>
    </p>
   </div>
   <div class='ocr_carea' id='block_1_9' title="bbox 550 787 2146 861">
    <p class='ocr_par' dir='ltr' id='par_1_9' title="bbox 550 787 2146 861">
     <span class='ocr_line' id='line_1_9' title="bbox 550 787 2146 861; baseline -0.005 -13"><span class='ocrx_word' id='word_1_53' title='bbox 550 794 875 861; x_wconf 84' lang='lat' dir='ltr'><strong>suscipiant,</strong></span> <span class='ocrx_word' id='word_1_54' title='bbox 908 799 1001 844; x_wconf 88' lang='lat' dir='ltr'><strong>aut</strong></span> <span class='ocrx_word' id='word_1_55' title='bbox 1030 804 1136 844; x_wconf 91' lang='lat' dir='ltr'><strong>non</strong></span> <span class='ocrx_word' id='word_1_56' title='bbox 1160 788 1393 857; x_wconf 90' lang='lat' dir='ltr'><strong>aliquem</strong></span> <span class='ocrx_word' id='word_1_57' title='bbox 1421 787 1490 842; x_wconf 87' lang='lat' dir='ltr'><strong>de</strong></span> <span class='ocrx_word' id='word_1_58' title='bbox 1516 789 1690 842; x_wconf 87' lang='lat' dir='ltr'><strong>altero</strong></span> <span class='ocrx_word' id='word_1_59' title='bbox 1717 787 1943 841; x_wconf 85' lang='lat' dir='ltr'><strong>audiant</strong></span> <span class='ocrx_word' id='word_1_60' title='bbox 1963 787 2146 841; x_wconf 89' lang='lat' dir='ltr'><strong>detra-</strong></span> 
     </span>
    </p>
   </div>
   <div class='ocr_carea' id='block_1_10' title="bbox 551 879 2149 952">
    <p class='ocr_par' dir='ltr' id='par_1_10' title="bbox 551 879 2149 952">
     <span class='ocr_line' id='line_1_10' title="bbox 551 879 2149 952; baseline -0.005 -12"><span class='ocrx_word' id='word_1_61' title='bbox 551 885 797 949; x_wconf 74' lang='lat' dir='ltr'><strong>hentem,</strong></span> <span class='ocrx_word' id='word_1_62' title='bbox 833 891 1057 952; x_wconf 73' lang='lat' dir='ltr'><strong>projiter</strong></span> <span class='ocrx_word' id='word_1_63' title='bbox 1084 880 1211 935; x_wconf 89' lang='lat' dir='ltr'><strong>illud</strong></span> <span class='ocrx_word' id='word_1_64' title='bbox 1235 880 1377 950; x_wconf 73' lang='lat' dir='ltr'><strong>quiod</strong></span> <span class='ocrx_word' id='word_1_65' title='bbox 1398 881 1659 948; x_wconf 87' lang='lat' dir='ltr'><strong>scriptum</strong></span> <span class='ocrx_word' id='word_1_66' title='bbox 1691 886 1780 933; x_wconf 89' lang='lat' dir='ltr'><strong>est</strong></span> <span class='ocrx_word' id='word_1_67' title='bbox 1803 896 1817 932; x_wconf 87' lang='lat'><strong>:</strong></span> <span class='ocrx_word' id='word_1_68' title='bbox 1844 879 1969 950; x_wconf 68' lang='grc' dir='ltr'><strong>δορὶ</strong></span> <span class='ocrx_word' id='word_1_69' title='bbox 2001 893 2149 932; x_wconf 78' lang='lat' dir='ltr'><strong>aures</strong></span> 
     </span>
    </p>
   </div>
   <div class='ocr_carea' id='block_1_11' title="bbox 549 969 2145 1047">
    <p class='ocr_par' dir='ltr' id='par_1_11' title="bbox 549 969 2145 1047">
     <span class='ocr_line' id='line_1_11' title="bbox 549 969 2145 1047; baseline -0.005 -15"><span class='ocrx_word' id='word_1_70' title='bbox 549 987 668 1032; x_wconf 85' lang='lat' dir='ltr'><strong>tuas</strong></span> <span class='ocrx_word' id='word_1_71' title='bbox 696 977 880 1047; x_wconf 78' lang='lat' dir='ltr'><strong>spinis,</strong></span> <span class='ocrx_word' id='word_1_72' title='bbox 922 983 972 1030; x_wconf 83' lang='lat' dir='ltr'><strong>ct</strong></span> <span class='ocrx_word' id='word_1_73' title='bbox 1017 973 1128 1028; x_wconf 78' lang='lat' dir='ltr'><strong>noti</strong></span> <span class='ocrx_word' id='word_1_74' title='bbox 1169 973 1354 1026; x_wconf 85' lang='lat' dir='ltr'><strong>audire</strong></span> <span class='ocrx_word' id='word_1_75' title='bbox 1395 973 1630 1045; x_wconf 79' lang='lat' dir='ltr'><strong>linguam</strong></span> <span class='ocrx_word' id='word_1_76' title='bbox 1678 987 1896 1040; x_wconf 77' lang='lat' dir='ltr'><strong>nequam</strong></span> <span class='ocrx_word' id='word_1_77' title='bbox 1953 969 2145 1041; x_wconf 81' lang='lat' dir='ltr'><strong>(Eccti.</strong></span> 
     </span>
    </p>
   </div>
   <div class='ocr_carea' id='block_1_12' title="bbox 547 1063 2148 1140">
    <p class='ocr_par' dir='ltr' id='par_1_12' title="bbox 547 1063 2148 1140">
     <span class='ocr_line' id='line_1_12' title="bbox 547 1063 2148 1140; baseline -0.006 -12"><span class='ocrx_word' id='word_1_78' title='bbox 547 1086 738 1133; x_wconf 81' lang='lat' dir='ltr'><strong>xxvtu,</strong></span> <span class='ocrx_word' id='word_1_79' title='bbox 766 1069 890 1140; x_wconf 68' lang='lat'><strong>28);</strong></span> <span class='ocrx_word' id='word_1_80' title='bbox 926 1079 983 1122; x_wconf 90' lang='lat' dir='ltr'><strong>ut</strong></span> <span class='ocrx_word' id='word_1_81' title='bbox 1011 1084 1136 1123; x_wconf 90' lang='lat' dir='ltr'><strong>cum</strong></span> <span class='ocrx_word' id='word_1_82' title='bbox 1160 1082 1226 1122; x_wconf 92' lang='lat' dir='ltr'><strong>eo</strong></span> <span class='ocrx_word' id='word_1_83' title='bbox 1257 1065 1458 1121; x_wconf 85' lang='lat' dir='ltr'><strong>habere</strong></span> <span class='ocrx_word' id='word_1_84' title='bbox 1483 1077 1692 1135; x_wconf 67' lang='lat' dir='ltr'><strong>partem</strong></span> <span class='ocrx_word' id='word_1_85' title='bbox 1722 1063 1919 1134; x_wconf 76' lang='lat' dir='ltr'><strong>possis,</strong></span> <span class='ocrx_word' id='word_1_86' title='bbox 1948 1065 2016 1117; x_wconf 90' lang='lat' dir='ltr'><strong>de</strong></span> <span class='ocrx_word' id='word_1_87' title='bbox 2042 1078 2148 1132; x_wconf 90' lang='lat' dir='ltr'><strong>quo</strong></span> 
     </span>
    </p>
   </div>
   <div class='ocr_carea' id='block_1_13' title="bbox 546 1154 2145 1232">
    <p class='ocr_par' dir='ltr' id='par_1_13' title="bbox 546 1154 2145 1232">
     <span class='ocr_line' id='line_1_13' title="bbox 546 1154 2145 1232; baseline -0.006 -14"><span class='ocrx_word' id='word_1_88' title='bbox 546 1163 770 1230; x_wconf 84' lang='lat' dir='ltr'><strong>dicitur,</strong></span> <span class='ocrx_word' id='word_1_89' title='bbox 799 1162 1044 1232; x_wconf 86' lang='lat' dir='ltr'><strong>quoniam</strong></span> <span class='ocrx_word' id='word_1_90' title='bbox 1066 1160 1246 1214; x_wconf 77' lang='lat' dir='ltr'><strong>auditu</strong></span> <span class='ocrx_word' id='word_1_91' title='bbox 1273 1167 1320 1213; x_wconf 85' lang='lat' dir='ltr'><strong>et</strong></span> <span class='ocrx_word' id='word_1_92' title='bbox 1346 1161 1455 1212; x_wconf 82' lang='lat' dir='ltr'><strong>visu</strong></span> <span class='ocrx_word' id='word_1_93' title='bbox 1470 1160 1647 1228; x_wconf 80' lang='lat' dir='ltr'><strong>justus</strong></span> <span class='ocrx_word' id='word_1_94' title='bbox 1673 1165 1783 1211; x_wconf 84' lang='lat' dir='ltr'><strong>erat</strong></span> <span class='ocrx_word' id='word_1_95' title='bbox 1815 1156 1880 1226; x_wconf 87' lang='lat' dir='ltr'><strong>(ll</strong></span> <span class='ocrx_word' id='word_1_96' title='bbox 1914 1154 2054 1209; x_wconf 89' lang='lat' dir='ltr'><strong>Petr.</strong></span> <span class='ocrx_word' id='word_1_97' title='bbox 2086 1170 2145 1220; x_wconf 88' lang='grc' dir='ltr'><strong>ιι,</strong></span> 
     </span>
    </p>
   </div>
   <div class='ocr_carea' id='block_1_14' title="bbox 544 1248 2143 1329">
    <p class='ocr_par' dir='ltr' id='par_1_14' title="bbox 544 1248 2143 1329">
     <span class='ocr_line' id='line_1_14' title="bbox 544 1248 2143 1329; baseline -0.008 -14"><span class='ocrx_word' id='word_1_98' title='bbox 544 1257 623 1329; x_wconf 87' lang='lat'><strong>8).</strong></span> <span class='ocrx_word' id='word_1_99' title='bbox 674 1260 777 1312; x_wconf 87' lang='lat' dir='ltr'><strong>hoc</strong></span> <span class='ocrx_word' id='word_1_100' title='bbox 824 1266 939 1323; x_wconf 91' lang='lat' dir='ltr'><strong>est,</strong></span> <span class='ocrx_word' id='word_1_101' title='bbox 989 1270 1088 1310; x_wconf 90' lang='lat' dir='ltr'><strong>nec</strong></span> <span class='ocrx_word' id='word_1_102' title='bbox 1134 1255 1356 1308; x_wconf 89' lang='lat' dir='ltr'><strong>auribus</strong></span> <span class='ocrx_word' id='word_1_103' title='bbox 1408 1267 1507 1306; x_wconf 89' lang='lat' dir='ltr'><strong>nec</strong></span> <span class='ocrx_word' id='word_1_104' title='bbox 1555 1252 1730 1306; x_wconf 88' lang='lat' dir='ltr'><strong>oculis</strong></span> <span class='ocrx_word' id='word_1_105' title='bbox 1775 1248 2143 1318; x_wconf 86' lang='lat' dir='ltr'><strong>delinquebat.</strong></span> 
     </span>
    </p>
   </div>
   <div class='ocr_carea' id='block_1_15' title="bbox 542 1339 2146 1413">
    <p class='ocr_par' dir='ltr' id='par_1_15' title="bbox 542 1339 2146 1413">
     <span class='ocr_line' id='line_1_15' title="bbox 542 1339 2146 1413; baseline -0.009 -7"><span class='ocrx_word' id='word_1_106' title='bbox 542 1350 740 1407; x_wconf 86' lang='lat' dir='ltr'><strong>Munda</strong></span> <span class='ocrx_word' id='word_1_107' title='bbox 780 1363 972 1402; x_wconf 87' lang='lat' dir='ltr'><strong>manus</strong></span> <span class='ocrx_word' id='word_1_108' title='bbox 997 1389 1012 1413; x_wconf 96' lang='lat'><strong>,</strong></span> <span class='ocrx_word' id='word_1_109' title='bbox 1047 1362 1108 1400; x_wconf 88' lang='lat' dir='ltr'><strong>ne</strong></span> <span class='ocrx_word' id='word_1_110' title='bbox 1140 1353 1386 1412; x_wconf 74' lang='lat' dir='ltr'><strong>porrecta:</strong></span> <span class='ocrx_word' id='word_1_111' title='bbox 1413 1345 1478 1396; x_wconf 86' lang='lat' dir='ltr'><strong>ad</strong></span> <span class='ocrx_word' id='word_1_112' title='bbox 1507 1341 1870 1412; x_wconf 85' lang='lat' dir='ltr'><strong>accipiendum</strong></span> <span class='ocrx_word' id='word_1_113' title='bbox 1913 1343 2052 1405; x_wconf 85' lang='lat' dir='ltr'><strong>sint,</strong></span> <span class='ocrx_word' id='word_1_114' title='bbox 2077 1339 2146 1392; x_wconf 86' lang='lat' dir='ltr'><strong>ad</strong></span> 
     </span>
    </p>
   </div>
   <div class='ocr_carea' id='block_1_16' title="bbox 541 1431 2146 1506">
    <p class='ocr_par' dir='ltr' id='par_1_16' title="bbox 541 1431 2146 1506">
     <span class='ocr_line' id='line_1_16' title="bbox 541 1431 2146 1506; baseline -0.007 -11"><span class='ocrx_word' id='word_1_115' title='bbox 541 1441 775 1496; x_wconf 83' lang='lat' dir='ltr'><strong>dandum</strong></span> <span class='ocrx_word' id='word_1_116' title='bbox 797 1448 967 1493; x_wconf 85' lang='lat' dir='ltr'><strong>autem</strong></span> <span class='ocrx_word' id='word_1_117' title='bbox 989 1437 1217 1490; x_wconf 75' lang='lat' dir='ltr'><strong>collecta:</strong></span> <span class='ocrx_word' id='word_1_118' title='bbox 1247 1434 1437 1506; x_wconf 75' lang='lat' dir='ltr'><strong>(Eccli.</strong></span> <span class='ocrx_word' id='word_1_119' title='bbox 1463 1451 1532 1496; x_wconf 79' lang='lat' dir='ltr'><strong>iv,</strong></span> <span class='ocrx_word' id='word_1_120' title='bbox 1560 1435 1694 1502; x_wconf 79' lang='lat'><strong>56);</strong></span> <span class='ocrx_word' id='word_1_121' title='bbox 1725 1448 1823 1487; x_wconf 90' lang='lat' dir='ltr'><strong>nec</strong></span> <span class='ocrx_word' id='word_1_122' title='bbox 1844 1432 1912 1486; x_wconf 89' lang='lat' dir='ltr'><strong>ad</strong></span> <span class='ocrx_word' id='word_1_123' title='bbox 1943 1431 2146 1486; x_wconf 83' lang='lat' dir='ltr'><strong>ferien-</strong></span> 
     </span>
    </p>
   </div>
   <div class='ocr_carea' id='block_1_17' title="bbox 541 1522 2146 1602">
    <p class='ocr_par' dir='ltr' id='par_1_17' title="bbox 541 1522 2146 1602">
     <span class='ocr_line' id='line_1_17' title="bbox 541 1522 2146 1602; baseline -0.009 -12"><span class='ocrx_word' id='word_1_124' title='bbox 541 1534 669 1590; x_wconf 88' lang='lat' dir='ltr'><strong>dum</strong></span> <span class='ocrx_word' id='word_1_125' title='bbox 704 1541 924 1602; x_wconf 79' lang='lat' dir='ltr'><strong>paratae,</strong></span> <span class='ocrx_word' id='word_1_126' title='bbox 957 1529 1051 1584; x_wconf 85' lang='lat' dir='ltr'><strong>sed</strong></span> <span class='ocrx_word' id='word_1_127' title='bbox 1081 1528 1150 1581; x_wconf 88' lang='lat' dir='ltr'><strong>ad</strong></span> <span class='ocrx_word' id='word_1_128' title='bbox 1190 1531 1368 1581; x_wconf 89' lang='lat' dir='ltr'><strong>omnia</strong></span> <span class='ocrx_word' id='word_1_129' title='bbox 1414 1523 1804 1580; x_wconf 73' lang='lat' dir='ltr'><strong>misericordia:</strong></span> <span class='ocrx_word' id='word_1_130' title='bbox 1835 1532 1889 1577; x_wconf 90' lang='lat' dir='ltr'><strong>ct</strong></span> <span class='ocrx_word' id='word_1_131' title='bbox 1930 1522 2146 1591; x_wconf 86' lang='lat' dir='ltr'><strong>pietatis</strong></span> 
     </span>
    </p>
   </div>
   <div class='ocr_carea' id='block_1_18' title="bbox 540 1618 2142 1699">
    <p class='ocr_par' dir='ltr' id='par_1_18' title="bbox 540 1618 2142 1699">
     <span class='ocr_line' id='line_1_18' title="bbox 540 1618 2142 1699; baseline -0.009 -17"><span class='ocrx_word' id='word_1_132' title='bbox 540 1642 707 1699; x_wconf 82' lang='lat' dir='ltr'><strong>opera</strong></span> <span class='ocrx_word' id='word_1_133' title='bbox 757 1625 893 1681; x_wconf 86' lang='lat' dir='ltr'><strong>satis</strong></span> <span class='ocrx_word' id='word_1_134' title='bbox 938 1633 1226 1692; x_wconf 67' lang='lat' dir='ltr'><strong>promptae.</strong></span> <span class='ocrx_word' id='word_1_135' title='bbox 1284 1619 1480 1675; x_wconf 81' lang='lat' dir='ltr'><strong>Munda</strong></span> <span class='ocrx_word' id='word_1_136' title='bbox 1530 1620 1717 1688; x_wconf 87' lang='lat' dir='ltr'><strong>pedes,</strong></span> <span class='ocrx_word' id='word_1_137' title='bbox 1769 1634 1837 1672; x_wconf 89' lang='lat' dir='ltr'><strong>ne</strong></span> <span class='ocrx_word' id='word_1_138' title='bbox 1877 1618 2041 1672; x_wconf 83' lang='lat' dir='ltr'><strong>latam</strong></span> <span class='ocrx_word' id='word_1_139' title='bbox 2086 1624 2142 1671; x_wconf 90' lang='lat' dir='ltr'><strong>et</strong></span> 
     </span>
    </p>
   </div>
   <div class='ocr_carea' id='block_1_19' title="bbox 541 1710 2142 1791">
    <p class='ocr_par' dir='ltr' id='par_1_19' title="bbox 541 1710 2142 1791">
     <span class='ocr_line' id='line_1_19' title="bbox 541 1710 2142 1791; baseline -0.009 -15"><span class='ocrx_word' id='word_1_140' title='bbox 541 1721 838 1791; x_wconf 67' lang='lat' dir='ltr'><strong>spatiOsam</strong></span> <span class='ocrx_word' id='word_1_141' title='bbox 867 1719 1008 1774; x_wconf 85' lang='lat' dir='ltr'><strong>viam</strong></span> <span class='ocrx_word' id='word_1_142' title='bbox 1043 1724 1270 1784; x_wconf 82' lang='lat' dir='ltr'><strong>pergant</strong></span> <span class='ocrx_word' id='word_1_143' title='bbox 1311 1729 1430 1782; x_wconf 63' lang='lat' dir='ltr'><strong>(pia:</strong></span> <span class='ocrx_word' id='word_1_144' title='bbox 1455 1712 1604 1765; x_wconf 89' lang='lat' dir='ltr'><strong>ducit</strong></span> <span class='ocrx_word' id='word_1_145' title='bbox 1634 1710 1701 1765; x_wconf 89' lang='lat' dir='ltr'><strong>ad</strong></span> <span class='ocrx_word' id='word_1_146' title='bbox 1734 1710 2018 1779; x_wconf 87' lang='lat' dir='ltr'><strong>splendida</strong></span> <span class='ocrx_word' id='word_1_147' title='bbox 2041 1724 2142 1763; x_wconf 80' lang='lat' dir='ltr'><strong>sae-</strong></span> 
     </span>
    </p>
   </div>
   <div class='ocr_carea' id='block_1_20' title="bbox 2254 415 3856 487">
    <p class='ocr_par' dir='ltr' id='par_1_20' title="bbox 2254 415 3856 487">
     <span class='ocr_line' id='line_1_20' title="bbox 2254 415 3856 487; baseline 0.004 -20"><span class='ocrx_word' id='word_1_148' title='bbox 2254 431 2353 484; x_wconf 88' lang='lat' dir='ltr'><strong>que</strong></span> <span class='ocrx_word' id='word_1_149' title='bbox 2392 416 2506 468; x_wconf 88' lang='lat' dir='ltr'><strong>ierit</strong></span> <span class='ocrx_word' id='word_1_150' title='bbox 2532 415 2717 487; x_wconf 79' lang='lat' dir='ltr'><strong>(Apoc.</strong></span> <span class='ocrx_word' id='word_1_151' title='bbox 2753 431 2862 482; x_wconf 76' lang='lat' dir='ltr'><strong>XIV,</strong></span> <span class='ocrx_word' id='word_1_152' title='bbox 2888 415 2967 487; x_wconf 75' lang='lat'><strong>4),</strong></span> <span class='ocrx_word' id='word_1_153' title='bbox 2993 417 3251 471; x_wconf 78' lang='lat' dir='ltr'><strong>attentius</strong></span> <span class='ocrx_word' id='word_1_154' title='bbox 3298 418 3646 473; x_wconf 87' lang='lat' dir='ltr'><strong>considerare</strong></span> <span class='ocrx_word' id='word_1_155' title='bbox 3687 419 3856 473; x_wconf 89' lang='lat' dir='ltr'><strong>debe-</strong></span> 
     </span>
    </p>
   </div>
   <div class='ocr_carea' id='block_1_21' title="bbox 2255 510 3862 582">
    <p class='ocr_par' dir='ltr' id='par_1_21' title="bbox 2255 510 3862 582">
     <span class='ocr_line' id='line_1_21' title="bbox 2255 510 3862 582; baseline 0.002 -20"><span class='ocrx_word' id='word_1_156' title='bbox 2255 523 2398 574; x_wconf 91' lang='lat' dir='ltr'><strong>mus,</strong></span> <span class='ocrx_word' id='word_1_157' title='bbox 2429 521 2480 564; x_wconf 90' lang='lat' dir='ltr'><strong>et</strong></span> <span class='ocrx_word' id='word_1_158' title='bbox 2503 510 2944 566; x_wconf 88' lang='lat' dir='ltr'><strong>animadvertere</strong></span> <span class='ocrx_word' id='word_1_159' title='bbox 2969 511 3012 566; x_wconf 87' lang='lat' dir='ltr'><strong>si</strong></span> <span class='ocrx_word' id='word_1_160' title='bbox 3054 512 3227 565; x_wconf 89' lang='lat' dir='ltr'><strong>solius</strong></span> <span class='ocrx_word' id='word_1_161' title='bbox 3259 512 3586 582; x_wconf 79' lang='lat' dir='ltr'><strong>integritatis</strong></span> <span class='ocrx_word' id='word_1_162' title='bbox 3615 527 3676 565; x_wconf 88' lang='lat' dir='ltr'><strong>ac</strong></span> <span class='ocrx_word' id='word_1_163' title='bbox 3705 511 3862 581; x_wconf 86' lang='lat' dir='ltr'><strong>pudi-</strong></span> 
     </span>
    </p>
   </div>
   <div class='ocr_carea' id='block_1_22' title="bbox 2253 602 3860 674">
    <p class='ocr_par' dir='ltr' id='par_1_22' title="bbox 2253 602 3860 674">
     <span class='ocr_line' id='line_1_22' title="bbox 2253 602 3860 674; baseline 0.004 -20"><span class='ocrx_word' id='word_1_164' title='bbox 2253 602 2394 654; x_wconf 69' lang='lat' dir='ltr'><strong>citia:</strong></span> <span class='ocrx_word' id='word_1_165' title='bbox 2426 604 2626 656; x_wconf 84' lang='lat' dir='ltr'><strong>merito</strong></span> <span class='ocrx_word' id='word_1_166' title='bbox 2648 603 2734 656; x_wconf 88' lang='lat' dir='ltr'><strong>isti</strong></span> <span class='ocrx_word' id='word_1_167' title='bbox 2763 605 2947 658; x_wconf 88' lang='lat' dir='ltr'><strong>divino</strong></span> <span class='ocrx_word' id='word_1_168' title='bbox 2976 604 3257 658; x_wconf 91' lang='lat' dir='ltr'><strong>comitatui</strong></span> <span class='ocrx_word' id='word_1_169' title='bbox 3305 605 3654 672; x_wconf 86' lang='lat' dir='ltr'><strong>eopnlentur,</strong></span> <span class='ocrx_word' id='word_1_170' title='bbox 3687 616 3738 658; x_wconf 86' lang='lat' dir='ltr'><strong>et</strong></span> <span class='ocrx_word' id='word_1_171' title='bbox 3764 620 3860 674; x_wconf 88' lang='lat' dir='ltr'><strong>per</strong></span> 
     </span>
    </p>
   </div>
   <div class='ocr_carea' id='block_1_23' title="bbox 2253 693 3858 762">
    <p class='ocr_par' dir='ltr' id='par_1_23' title="bbox 2253 693 3858 762">
     <span class='ocr_line' id='line_1_23' title="bbox 2253 693 3858 762; baseline 0.001 -16"><span class='ocrx_word' id='word_1_172' title='bbox 2253 693 2436 748; x_wconf 87' lang='lat' dir='ltr'><strong>omnia</strong></span> <span class='ocrx_word' id='word_1_173' title='bbox 2479 695 2743 748; x_wconf 76' lang='lat' dir='ltr'><strong>etelorum</strong></span> <span class='ocrx_word' id='word_1_174' title='bbox 2796 696 3147 749; x_wconf 87' lang='lat' dir='ltr'><strong>tabernacula</strong></span> <span class='ocrx_word' id='word_1_175' title='bbox 3197 696 3541 762; x_wconf 86' lang='lat' dir='ltr'><strong>discurrant,</strong></span> <span class='ocrx_word' id='word_1_176' title='bbox 3573 711 3638 749; x_wconf 85' lang='lat' dir='ltr'><strong>an</strong></span> <span class='ocrx_word' id='word_1_177' title='bbox 3671 706 3724 750; x_wconf 91' lang='lat' dir='ltr'><strong>et</strong></span> <span class='ocrx_word' id='word_1_178' title='bbox 3755 696 3858 749; x_wconf 85' lang='lat' dir='ltr'><strong>alia</strong></span> 
     </span>
    </p>
   </div>
   <div class='ocr_carea' id='block_1_24' title="bbox 2252 779 3860 858">
    <p class='ocr_par' dir='ltr' id='par_1_24' title="bbox 2252 779 3860 858">
     <span class='ocr_line' id='line_1_24' title="bbox 2252 779 3860 858; baseline 0.001 -15"><span class='ocrx_word' id='word_1_179' title='bbox 2252 788 2363 843; x_wconf 89' lang='lat' dir='ltr'><strong>sint</strong></span> <span class='ocrx_word' id='word_1_180' title='bbox 2409 788 2605 858; x_wconf 84' lang='lat' dir='ltr'><strong>quibus</strong></span> <span class='ocrx_word' id='word_1_181' title='bbox 2655 788 2908 858; x_wconf 85' lang='lat' dir='ltr'><strong>adjuncta</strong></span> <span class='ocrx_word' id='word_1_182' title='bbox 2955 789 3238 858; x_wconf 70' lang='lat' dir='ltr'><strong>virginitas</strong></span> <span class='ocrx_word' id='word_1_183' title='bbox 3293 779 3454 844; x_wconf 71' lang='lat' dir='ltr'><strong>tanta:</strong></span> <span class='ocrx_word' id='word_1_184' title='bbox 3507 788 3860 844; x_wconf 86' lang='lat' dir='ltr'><strong>beatitudinis</strong></span> 
     </span>
    </p>
   </div>
   <div class='ocr_carea' id='block_1_25' title="bbox 2250 881 3861 952">
    <p class='ocr_par' dir='ltr' id='par_1_25' title="bbox 2250 881 3861 952">
     <span class='ocr_line' id='line_1_25' title="bbox 2250 881 3861 952; baseline 0 -18"><span class='ocrx_word' id='word_1_185' title='bbox 2250 881 2480 951; x_wconf 76' lang='lat' dir='ltr'><strong>gloriam</strong></span> <span class='ocrx_word' id='word_1_186' title='bbox 2503 889 2894 951; x_wconf 80' lang='lat' dir='ltr'><strong>consequatur.</strong></span> <span class='ocrx_word' id='word_1_187' title='bbox 2923 881 3028 935; x_wconf 88' lang='lat' dir='ltr'><strong>Sed</strong></span> <span class='ocrx_word' id='word_1_188' title='bbox 3053 882 3200 935; x_wconf 78' lang='lat' dir='ltr'><strong>unde</strong></span> <span class='ocrx_word' id='word_1_189' title='bbox 3224 883 3326 937; x_wconf 91' lang='lat' dir='ltr'><strong>hoe</strong></span> <span class='ocrx_word' id='word_1_190' title='bbox 3354 881 3499 936; x_wconf 88' lang='lat' dir='ltr'><strong>scire</strong></span> <span class='ocrx_word' id='word_1_191' title='bbox 3531 881 3861 952; x_wconf 86' lang='lat' dir='ltr'><strong>poterimus?</strong></span> 
     </span>
    </p>
   </div>
   <div class='ocr_carea' id='block_1_26' title="bbox 2252 974 3858 1045">
    <p class='ocr_par' dir='ltr' id='par_1_26' title="bbox 2252 974 3858 1045">
     <span class='ocr_line' id='line_1_26' title="bbox 2252 974 3858 1045; baseline 0 -16"><span class='ocrx_word' id='word_1_192' title='bbox 2252 976 2328 1029; x_wconf 88' lang='lat' dir='ltr'><strong>De</strong></span> <span class='ocrx_word' id='word_1_193' title='bbox 2362 976 2734 1045; x_wconf 83' lang='lat' dir='ltr'><strong>sequentibus,</strong></span> <span class='ocrx_word' id='word_1_194' title='bbox 2785 975 2885 1029; x_wconf 88' lang='lat' dir='ltr'><strong>nisi</strong></span> <span class='ocrx_word' id='word_1_195' title='bbox 2914 974 3092 1038; x_wconf 83' lang='lat' dir='ltr'><strong>fallor,</strong></span> <span class='ocrx_word' id='word_1_196' title='bbox 3126 975 3177 1029; x_wconf 91' lang='lat' dir='ltr'><strong>in</strong></span> <span class='ocrx_word' id='word_1_197' title='bbox 3210 975 3403 1045; x_wconf 82' lang='lat' dir='ltr'><strong>quibus</strong></span> <span class='ocrx_word' id='word_1_198' title='bbox 3435 977 3697 1045; x_wconf 86' lang='lat' dir='ltr'><strong>scriptum</strong></span> <span class='ocrx_word' id='word_1_199' title='bbox 3731 983 3858 1030; x_wconf 86' lang='lat' dir='ltr'><strong>est:</strong></span> 
     </span>
    </p>
   </div>
   <div class='ocr_carea' id='block_1_27' title="bbox 2252 1067 3862 1141">
    <p class='ocr_par' dir='ltr' id='par_1_27' title="bbox 2252 1067 3862 1141">
     <span class='ocr_line' id='line_1_27' title="bbox 2252 1067 3862 1141; baseline 0.001 -20"><span class='ocrx_word' id='word_1_200' title='bbox 2252 1067 2327 1121; x_wconf 87' lang='lat' dir='ltr'><strong>Hi</strong></span> <span class='ocrx_word' id='word_1_201' title='bbox 2369 1070 2532 1136; x_wconf 83' lang='lat' dir='ltr'><strong>empti</strong></span> <span class='ocrx_word' id='word_1_202' title='bbox 2559 1079 2676 1122; x_wconf 78' lang='lat' dir='ltr'><strong>sunt</strong></span> <span class='ocrx_word' id='word_1_203' title='bbox 2702 1086 2764 1122; x_wconf 72' lang='lat' dir='ltr'><strong>ex</strong></span> <span class='ocrx_word' id='word_1_204' title='bbox 2789 1070 3026 1122; x_wconf 86' lang='lat' dir='ltr'><strong>omnibus</strong></span> <span class='ocrx_word' id='word_1_205' title='bbox 3057 1070 3300 1139; x_wconf 62' lang='lat' dir='ltr'><strong>primitiae</strong></span> <span class='ocrx_word' id='word_1_206' title='bbox 3331 1069 3436 1122; x_wconf 92' lang='lat' dir='ltr'><strong>Deo</strong></span> <span class='ocrx_word' id='word_1_207' title='bbox 3464 1080 3508 1123; x_wconf 88' lang='lat' dir='ltr'><strong>et</strong></span> <span class='ocrx_word' id='word_1_208' title='bbox 3536 1070 3702 1141; x_wconf 79' lang='lat' dir='ltr'><strong>Agna,</strong></span> <span class='ocrx_word' id='word_1_209' title='bbox 3730 1077 3778 1122; x_wconf 81' lang='lat' dir='ltr'><strong>et</strong></span> <span class='ocrx_word' id='word_1_210' title='bbox 3807 1068 3862 1123; x_wconf 82' lang='lat' dir='ltr'><strong>in</strong></span> 
     </span>
    </p>
   </div>
   <div class='ocr_carea' id='block_1_28' title="bbox 2251 1161 3863 1231">
    <p class='ocr_par' dir='ltr' id='par_1_28' title="bbox 2251 1161 3863 1231">
     <span class='ocr_line' id='line_1_28' title="bbox 2251 1161 3863 1231; baseline 0.001 -18"><span class='ocrx_word' id='word_1_211' title='bbox 2251 1176 2339 1215; x_wconf 89' lang='lat' dir='ltr'><strong>ore</strong></span> <span class='ocrx_word' id='word_1_212' title='bbox 2365 1162 2594 1231; x_wconf 80' lang='lat' dir='ltr'><strong>ipsorum</strong></span> <span class='ocrx_word' id='word_1_213' title='bbox 2617 1177 2717 1215; x_wconf 88' lang='lat' dir='ltr'><strong>non</strong></span> <span class='ocrx_word' id='word_1_214' title='bbox 2740 1173 2813 1215; x_wconf 86' lang='lat' dir='ltr'><strong>est</strong></span> <span class='ocrx_word' id='word_1_215' title='bbox 2841 1163 3102 1215; x_wconf 70' lang='lat' dir='ltr'><strong>inventum</strong></span> <span class='ocrx_word' id='word_1_216' title='bbox 3126 1161 3449 1215; x_wconf 86' lang='lat' dir='ltr'><strong>mendacium</strong></span> <span class='ocrx_word' id='word_1_217' title='bbox 3472 1178 3488 1226; x_wconf 88' lang='lat'><strong>;</strong></span> <span class='ocrx_word' id='word_1_218' title='bbox 3517 1161 3628 1214; x_wconf 80' lang='lat' dir='ltr'><strong>sine</strong></span> <span class='ocrx_word' id='word_1_219' title='bbox 3658 1161 3863 1214; x_wconf 82' lang='lat' dir='ltr'><strong>macula</strong></span> 
     </span>
    </p>
   </div>
   <div class='ocr_carea' id='block_1_29' title="bbox 2249 1254 3860 1327">
    <p class='ocr_par' dir='ltr' id='par_1_29' title="bbox 2249 1254 3860 1327">
     <span class='ocr_line' id='line_1_29' title="bbox 2249 1254 3860 1327; baseline -0.001 -17"><span class='ocrx_word' id='word_1_220' title='bbox 2249 1265 2371 1310; x_wconf 77' lang='lat' dir='ltr'><strong>sunt</strong></span> <span class='ocrx_word' id='word_1_221' title='bbox 2418 1266 2534 1309; x_wconf 89' lang='lat' dir='ltr'><strong>ante</strong></span> <span class='ocrx_word' id='word_1_222' title='bbox 2587 1258 2829 1310; x_wconf 77' lang='lat' dir='ltr'><strong>thronum</strong></span> <span class='ocrx_word' id='word_1_223' title='bbox 2874 1255 2974 1310; x_wconf 79' lang='lat' dir='ltr'><strong>Dei</strong></span> <span class='ocrx_word' id='word_1_224' title='bbox 3023 1255 3268 1327; x_wconf 84' lang='lat' dir='ltr'><strong>(Ibid.).</strong></span> <span class='ocrx_word' id='word_1_225' title='bbox 3314 1255 3479 1310; x_wconf 83' lang='lat' dir='ltr'><strong>Vides</strong></span> <span class='ocrx_word' id='word_1_226' title='bbox 3533 1271 3666 1321; x_wconf 73' lang='lat' dir='ltr'><strong>ergo</strong></span> <span class='ocrx_word' id='word_1_227' title='bbox 3716 1254 3860 1324; x_wconf 80' lang='lat' dir='ltr'><strong>quod</strong></span> 
     </span>
    </p>
   </div>
   <div class='ocr_carea' id='block_1_30' title="bbox 2253 1349 3861 1406">
    <p class='ocr_par' dir='ltr' id='par_1_30' title="bbox 2253 1349 3861 1406">
     <span class='ocr_line' id='line_1_30' title="bbox 2253 1349 3861 1406; baseline 0 -4"><span class='ocrx_word' id='word_1_228' title='bbox 2253 1365 2360 1403; x_wconf 88' lang='lat' dir='ltr'><strong>non</strong></span> <span class='ocrx_word' id='word_1_229' title='bbox 2393 1351 2444 1402; x_wconf 90' lang='lat' dir='ltr'><strong>in</strong></span> <span class='ocrx_word' id='word_1_230' title='bbox 2481 1367 2588 1404; x_wconf 88' lang='lat' dir='ltr'><strong>uno</strong></span> <span class='ocrx_word' id='word_1_231' title='bbox 2613 1349 2639 1388; x_wconf 72' lang='grc' dir='ltr'>δ</span> <span class='ocrx_word' id='word_1_232' title='bbox 2668 1361 2876 1404; x_wconf 89' lang='lat' dir='ltr'><strong>tantum</strong></span> <span class='ocrx_word' id='word_1_233' title='bbox 2926 1352 3170 1406; x_wconf 85' lang='lat' dir='ltr'><strong>membro</strong></span> <span class='ocrx_word' id='word_1_234' title='bbox 3212 1349 3501 1402; x_wconf 86' lang='lat' dir='ltr'><strong>dominicis</strong></span> <span class='ocrx_word' id='word_1_235' title='bbox 3547 1350 3861 1403; x_wconf 77' lang='lat' dir='ltr'><strong>refrt-antur</strong></span> 
     </span>
    </p>
   </div>
   <div class='ocr_carea' id='block_1_31' title="bbox 2250 1442 3858 1515">
    <p class='ocr_par' dir='ltr' id='par_1_31' title="bbox 2250 1442 3858 1515">
     <span class='ocr_line' id='line_1_31' title="bbox 2250 1442 3858 1515; baseline -0.001 -19"><span class='ocrx_word' id='word_1_236' title='bbox 2250 1445 2522 1498; x_wconf 76' lang='lat' dir='ltr'><strong>inluerere</strong></span> <span class='ocrx_word' id='word_1_237' title='bbox 2567 1445 2812 1515; x_wconf 82' lang='lat' dir='ltr'><strong>veStigiis</strong></span> <span class='ocrx_word' id='word_1_238' title='bbox 2839 1487 2853 1511; x_wconf 95' lang='lat'><strong>,</strong></span> <span class='ocrx_word' id='word_1_239' title='bbox 2881 1444 2974 1498; x_wconf 80' lang='lat' dir='ltr'><strong>srd</strong></span> <span class='ocrx_word' id='word_1_240' title='bbox 3010 1445 3082 1498; x_wconf 90' lang='lat' dir='ltr'><strong>illi</strong></span> <span class='ocrx_word' id='word_1_241' title='bbox 3117 1444 3206 1513; x_wconf 91' lang='lat' dir='ltr'><strong>qui</strong></span> <span class='ocrx_word' id='word_1_242' title='bbox 3247 1452 3450 1512; x_wconf 75' lang='lat' dir='ltr'><strong>pra-ter</strong></span> <span class='ocrx_word' id='word_1_243' title='bbox 3491 1442 3858 1512; x_wconf 77' lang='lat' dir='ltr'><strong>virginitatem</strong></span> 
     </span>
    </p>
   </div>
   <div class='ocr_carea' id='block_1_32' title="bbox 2249 1535 3859 1607">
    <p class='ocr_par' dir='ltr' id='par_1_32' title="bbox 2249 1535 3859 1607">
     <span class='ocr_line' id='line_1_32' title="bbox 2249 1535 3859 1607; baseline -0.001 -17"><span class='ocrx_word' id='word_1_244' title='bbox 2249 1538 2319 1591; x_wconf 85' lang='lat' dir='ltr'><strong>ab</strong></span> <span class='ocrx_word' id='word_1_245' title='bbox 2355 1538 2501 1591; x_wconf 90' lang='lat' dir='ltr'><strong>omni</strong></span> <span class='ocrx_word' id='word_1_246' title='bbox 2534 1538 2861 1607; x_wconf 81' lang='lat' dir='ltr'><strong>Cogitationc</strong></span> <span class='ocrx_word' id='word_1_247' title='bbox 2892 1538 3096 1605; x_wconf 80' lang='lat' dir='ltr'><strong>peccati</strong></span> <span class='ocrx_word' id='word_1_248' title='bbox 3134 1537 3538 1590; x_wconf 88' lang='lat' dir='ltr'><strong>innnaculatam</strong></span> <span class='ocrx_word' id='word_1_249' title='bbox 3589 1535 3859 1603; x_wconf 67' lang='lat' dir='ltr'><strong>gesserint</strong></span> 
     </span>
    </p>
   </div>
   <div class='ocr_carea' id='block_1_33' title="bbox 2251 1626 3861 1697">
    <p class='ocr_par' dir='ltr' id='par_1_33' title="bbox 2251 1626 3861 1697">
     <span class='ocr_line' id='line_1_33' title="bbox 2251 1626 3861 1697; baseline -0.002 -15"><span class='ocrx_word' id='word_1_250' title='bbox 2251 1631 2438 1684; x_wconf 84' lang='lat' dir='ltr'><strong>vitam.</strong></span> <span class='ocrx_word' id='word_1_251' title='bbox 2470 1630 2680 1685; x_wconf 84' lang='lat' dir='ltr'><strong>Idcirco</strong></span> <span class='ocrx_word' id='word_1_252' title='bbox 2709 1629 2794 1684; x_wconf 90' lang='lat' dir='ltr'><strong>vel</strong></span> <span class='ocrx_word' id='word_1_253' title='bbox 2823 1630 3058 1683; x_wconf 85' lang='lat' dir='ltr'><strong>maxime</strong></span> <span class='ocrx_word' id='word_1_254' title='bbox 3097 1629 3248 1697; x_wconf 79' lang='lat' dir='ltr'><strong>virgo</strong></span> <span class='ocrx_word' id='word_1_255' title='bbox 3284 1626 3502 1696; x_wconf 82' lang='lat' dir='ltr'><strong>nuptias</strong></span> <span class='ocrx_word' id='word_1_256' title='bbox 3532 1634 3775 1695; x_wconf 78' lang='lat' dir='ltr'><strong>spernat,</strong></span> <span class='ocrx_word' id='word_1_257' title='bbox 3802 1632 3861 1678; x_wconf 89' lang='lat' dir='ltr'><strong>ut</strong></span> 
     </span>
    </p>
   </div>
   <div class='ocr_carea' id='block_1_34' title="bbox 2252 1718 3858 1791">
    <p class='ocr_par' dir='ltr' id='par_1_34' title="bbox 2252 1718 3858 1791">
     <span class='ocr_line' id='line_1_34' title="bbox 2252 1718 3858 1791; baseline -0.001 -17"><span class='ocrx_word' id='word_1_258' title='bbox 2252 1722 2379 1775; x_wconf 89' lang='lat' dir='ltr'><strong>dum</strong></span> <span class='ocrx_word' id='word_1_259' title='bbox 2413 1724 2659 1777; x_wconf 82' lang='lat' dir='ltr'><strong>securior</strong></span> <span class='ocrx_word' id='word_1_260' title='bbox 2689 1730 2796 1788; x_wconf 85' lang='lat' dir='ltr'><strong>est,</strong></span> <span class='ocrx_word' id='word_1_261' title='bbox 2830 1722 3064 1786; x_wconf 77' lang='lat' dir='ltr'><strong>facilius,</strong></span> <span class='ocrx_word' id='word_1_262' title='bbox 3097 1721 3239 1791; x_wconf 91' lang='lat' dir='ltr'><strong>quod</strong></span> <span class='ocrx_word' id='word_1_263' title='bbox 3270 1722 3437 1774; x_wconf 89' lang='lat' dir='ltr'><strong>etiam</strong></span> <span class='ocrx_word' id='word_1_264' title='bbox 3467 1736 3495 1772; x_wconf 91' lang='lat' dir='ltr'><strong>a</strong></span> <span class='ocrx_word' id='word_1_265' title='bbox 3527 1718 3858 1773; x_wconf 84' lang='lat' dir='ltr'><strong>nubentibus</strong></span> 
     </span>
    </p>
   </div>
   <div class='ocr_carea' id='block_1_35' title="bbox 538 1797 3855 1884">
    <p class='ocr_par' dir='ltr' id='par_1_35' title="bbox 538 1797 3855 1884">
     <span class='ocr_line' id='line_1_35' title="bbox 538 1797 3855 1884; baseline -0.002 -12"><span class='ocrx_word' id='word_1_266' title='bbox 538 1814 642 1870; x_wconf 79' lang='lat' dir='ltr'><strong>culi</strong></span> <span class='ocrx_word' id='word_1_267' title='bbox 687 1821 741 1865; x_wconf 78' lang='lat' dir='ltr'><strong>et</strong></span> <span class='ocrx_word' id='word_1_268' title='bbox 786 1809 1022 1879; x_wconf 72' lang='lat' dir='ltr'><strong>pretiosa</strong></span> <span class='ocrx_word' id='word_1_269' title='bbox 1063 1805 1338 1868; x_wconf 68' lang='grc' dir='ltr'><strong>υυιινὶνῑίι,</strong></span> <span class='ocrx_word' id='word_1_270' title='bbox 1377 1803 1471 1858; x_wconf 70' lang='lat' dir='ltr'><strong>sed</strong></span> <span class='ocrx_word' id='word_1_271' title='bbox 1514 1802 1581 1855; x_wconf 75' lang='lat' dir='ltr'><strong>ad</strong></span> <span class='ocrx_word' id='word_1_272' title='bbox 1625 1802 1858 1856; x_wconf 80' lang='lat' dir='ltr'><strong>arduum</strong></span> <span class='ocrx_word' id='word_1_273' title='bbox 1893 1801 2062 1871; x_wconf 76' lang='lat' dir='ltr'><strong>magis</strong></span> <span class='ocrx_word' id='word_1_274' title='bbox 2091 1811 2145 1854; x_wconf 87' lang='lat' dir='ltr'><strong>et</strong></span> <span class='ocrx_word' id='word_1_275' title='bbox 2177 1797 2226 1857; x_wconf 94' lang='lat' dir='ltr'><strong>B</strong></span> <span class='ocrx_word' id='word_1_276' title='bbox 2253 1816 2530 1884; x_wconf 70' lang='lat' dir='ltr'><strong>quaritur,</strong></span> <span class='ocrx_word' id='word_1_277' title='bbox 2566 1815 2633 1868; x_wconf 91' lang='lat' dir='ltr'><strong>ab</strong></span> <span class='ocrx_word' id='word_1_278' title='bbox 2665 1816 2811 1868; x_wconf 88' lang='lat' dir='ltr'><strong>omni</strong></span> <span class='ocrx_word' id='word_1_279' title='bbox 2842 1829 2901 1868; x_wconf 90' lang='lat' dir='ltr'><strong>se</strong></span> <span class='ocrx_word' id='word_1_280' title='bbox 2929 1815 3132 1868; x_wconf 78' lang='lat' dir='ltr'><strong>delicto</strong></span> <span class='ocrx_word' id='word_1_281' title='bbox 3178 1813 3470 1878; x_wconf 84' lang='lat' dir='ltr'><strong>custodiat,</strong></span> <span class='ocrx_word' id='word_1_282' title='bbox 3505 1821 3559 1867; x_wconf 89' lang='lat' dir='ltr'><strong>et</strong></span> <span class='ocrx_word' id='word_1_283' title='bbox 3602 1812 3855 1867; x_wconf 84' lang='lat' dir='ltr'><strong>universa</strong></span> 
     </span>
    </p>
   </div>
   <div class='ocr_carea' id='block_1_36' title="bbox 536 1893 2143 1974">
    <p class='ocr_par' dir='ltr' id='par_1_36' title="bbox 536 1893 2143 1974">
     <span class='ocr_line' id='line_1_36' title="bbox 536 1893 2143 1974; baseline -0.009 -14"><span class='ocrx_word' id='word_1_284' title='bbox 536 1915 833 1974; x_wconf 80' lang='lat' dir='ltr'><strong>angustum</strong></span> <span class='ocrx_word' id='word_1_285' title='bbox 873 1899 1194 1970; x_wconf 82' lang='lat' dir='ltr'><strong>gradiantur</strong></span> <span class='ocrx_word' id='word_1_286' title='bbox 1243 1899 1346 1950; x_wconf 84' lang='lat' dir='ltr'><strong>iter</strong></span> <span class='ocrx_word' id='word_1_287' title='bbox 1392 1895 1537 1964; x_wconf 89' lang='lat' dir='ltr'><strong>quod</strong></span> <span class='ocrx_word' id='word_1_288' title='bbox 1587 1894 1763 1948; x_wconf 90' lang='lat' dir='ltr'><strong>tendit</strong></span> <span class='ocrx_word' id='word_1_289' title='bbox 1804 1893 1870 1947; x_wconf 90' lang='lat' dir='ltr'><strong>ad</strong></span> <span class='ocrx_word' id='word_1_290' title='bbox 1913 1894 2143 1957; x_wconf 83' lang='lat' dir='ltr'><strong>coelum;</strong></span> 
     </span>
    </p>
   </div>
   <div class='ocr_carea' id='block_1_37' title="bbox 529 1986 2145 2068">
    <p class='ocr_par' dir='ltr' id='par_1_37' title="bbox 529 1986 2145 2068">
     <span class='ocr_line' id='line_1_37' title="bbox 529 1986 2145 2068; baseline -0.006 -18"><span class='ocrx_word' id='word_1_291' title='bbox 529 1999 657 2068; x_wconf 85' lang='lat' dir='ltr'><strong>quia</strong></span> <span class='ocrx_word' id='word_1_292' title='bbox 690 1995 952 2061; x_wconf 86' lang='lat' dir='ltr'><strong>scriptum</strong></span> <span class='ocrx_word' id='word_1_293' title='bbox 986 2000 1070 2045; x_wconf 91' lang='lat' dir='ltr'><strong>est</strong></span> <span class='ocrx_word' id='word_1_294' title='bbox 1099 2009 1110 2044; x_wconf 87' lang='lat'><strong>:</strong></span> <span class='ocrx_word' id='word_1_295' title='bbox 1137 1988 1246 2042; x_wconf 84' lang='lat' dir='ltr'><strong>lter</strong></span> <span class='ocrx_word' id='word_1_296' title='bbox 1287 1996 1482 2042; x_wconf 80' lang='lat' dir='ltr'><strong>rectam</strong></span> <span class='ocrx_word' id='word_1_297' title='bbox 1526 1987 1683 2056; x_wconf 73' lang='lat' dir='ltr'><strong>facile</strong></span> <span class='ocrx_word' id='word_1_298' title='bbox 1712 1986 1932 2055; x_wconf 75' lang='lat' dir='ltr'><strong>pedibus</strong></span> <span class='ocrx_word' id='word_1_299' title='bbox 1961 1987 2145 2041; x_wconf 73' lang='lat' dir='ltr'><strong>vestris</strong></span> 
     </span>
    </p>
   </div>
   <div class='ocr_carea' id='block_1_38' title="bbox 529 2080 2140 2160">
    <p class='ocr_par' dir='ltr' id='par_1_38' title="bbox 529 2080 2140 2160">
     <span class='ocr_line' id='line_1_38' title="bbox 529 2080 2140 2160; baseline -0.006 -17"><span class='ocrx_word' id='word_1_300' title='bbox 529 2089 724 2160; x_wconf 86' lang='lat' dir='ltr'><strong>(Prov.</strong></span> <span class='ocrx_word' id='word_1_301' title='bbox 753 2103 827 2150; x_wconf 87' lang='lat' dir='ltr'><strong>tv,</strong></span> <span class='ocrx_word' id='word_1_302' title='bbox 852 2087 958 2149; x_wconf 77' lang='lat'><strong>‘26;</strong></span> <span class='ocrx_word' id='word_1_303' title='bbox 995 2083 1128 2139; x_wconf 79' lang='lat' dir='ltr'><strong>Isai.</strong></span> <span class='ocrx_word' id='word_1_304' title='bbox 1162 2097 1291 2146; x_wconf 73' lang='lat' dir='ltr'><strong>Lvu,</strong></span> <span class='ocrx_word' id='word_1_305' title='bbox 1324 2083 1421 2145; x_wconf 74' lang='lat' dir='ltr'><strong>M;</strong></span> <span class='ocrx_word' id='word_1_306' title='bbox 1454 2096 1588 2146; x_wconf 80' lang='lat' dir='ltr'><strong>an,</strong></span> <span class='ocrx_word' id='word_1_307' title='bbox 1621 2081 1731 2152; x_wconf 79' lang='grc'><strong>10).</strong></span> <span class='ocrx_word' id='word_1_308' title='bbox 1765 2080 2015 2150; x_wconf 77' lang='lat' dir='ltr'><strong>Aguosce</strong></span> <span class='ocrx_word' id='word_1_309' title='bbox 2047 2080 2140 2134; x_wconf 88' lang='lat' dir='ltr'><strong>tibi</strong></span> 
     </span>
    </p>
   </div>
   <div class='ocr_carea' id='block_1_39' title="bbox 537 2174 2140 2238">
    <p class='ocr_par' dir='ltr' id='par_1_39' title="bbox 537 2174 2140 2238">
     <span class='ocr_line' id='line_1_39' title="bbox 537 2174 2140 2238; baseline -0.007 -2"><span class='ocrx_word' id='word_1_310' title='bbox 537 2198 568 2236; x_wconf 87' lang='lat' dir='ltr'><strong>a</strong></span> <span class='ocrx_word' id='word_1_311' title='bbox 597 2182 708 2235; x_wconf 84' lang='lat' dir='ltr'><strong>Deo</strong></span> <span class='ocrx_word' id='word_1_312' title='bbox 740 2178 950 2232; x_wconf 89' lang='lat' dir='ltr'><strong>artitice</strong></span> <span class='ocrx_word' id='word_1_313' title='bbox 995 2192 1102 2231; x_wconf 91' lang='lat' dir='ltr'><strong>non</strong></span> <span class='ocrx_word' id='word_1_314' title='bbox 1135 2175 1201 2228; x_wconf 85' lang='lat' dir='ltr'><strong>ad</strong></span> <span class='ocrx_word' id='word_1_315' title='bbox 1231 2175 1390 2238; x_wconf 82' lang='lat' dir='ltr'><strong>vitia,</strong></span> <span class='ocrx_word' id='word_1_316' title='bbox 1425 2174 1517 2227; x_wconf 88' lang='lat' dir='ltr'><strong>sed</strong></span> <span class='ocrx_word' id='word_1_317' title='bbox 1545 2174 1610 2227; x_wconf 89' lang='lat' dir='ltr'><strong>ad</strong></span> <span class='ocrx_word' id='word_1_318' title='bbox 1640 2175 1870 2228; x_wconf 78' lang='lat' dir='ltr'><strong>virtutes</strong></span> <span class='ocrx_word' id='word_1_319' title='bbox 1897 2174 2140 2227; x_wconf 86' lang='lat' dir='ltr'><strong>membra</strong></span> 
     </span>
    </p>
   </div>
   <div class='ocr_carea' id='block_1_40' title="bbox 534 2265 2138 2335">
    <p class='ocr_par' dir='ltr' id='par_1_40' title="bbox 534 2265 2138 2335">
     <span class='ocr_line' id='line_1_40' title="bbox 534 2265 2138 2335; baseline -0.006 -8"><span class='ocrx_word' id='word_1_320' title='bbox 534 2272 802 2335; x_wconf 79' lang='lat' dir='ltr'><strong>formata;</strong></span> <span class='ocrx_word' id='word_1_321' title='bbox 833 2280 887 2324; x_wconf 89' lang='lat' dir='ltr'><strong>et</strong></span> <span class='ocrx_word' id='word_1_322' title='bbox 903 2285 1024 2324; x_wconf 86' lang='lat' dir='ltr'><strong>eum</strong></span> <span class='ocrx_word' id='word_1_323' title='bbox 1049 2267 1338 2322; x_wconf 80' lang='lat' dir='ltr'><strong>universos</strong></span> <span class='ocrx_word' id='word_1_324' title='bbox 1359 2277 1510 2320; x_wconf 82' lang='lat' dir='ltr'><strong>artus</strong></span> <span class='ocrx_word' id='word_1_325' title='bbox 1534 2266 1882 2321; x_wconf 84' lang='lat' dir='ltr'><strong>mundaveris</strong></span> <span class='ocrx_word' id='word_1_326' title='bbox 1903 2265 1970 2318; x_wconf 84' lang='lat' dir='ltr'><strong>ab</strong></span> <span class='ocrx_word' id='word_1_327' title='bbox 1992 2267 2138 2319; x_wconf 88' lang='lat' dir='ltr'><strong>omni</strong></span> 
     </span>
    </p>
   </div>
   <div class='ocr_carea' id='block_1_41' title="bbox 533 2359 2140 2436">
    <p class='ocr_par' dir='ltr' id='par_1_41' title="bbox 533 2359 2140 2436">
     <span class='ocr_line' id='line_1_41' title="bbox 533 2359 2140 2436; baseline -0.006 -12"><span class='ocrx_word' id='word_1_328' title='bbox 533 2369 694 2424; x_wconf 86' lang='lat' dir='ltr'><strong>sorde</strong></span> <span class='ocrx_word' id='word_1_329' title='bbox 723 2367 929 2436; x_wconf 74' lang='lat' dir='ltr'><strong>peet-ati</strong></span> <span class='ocrx_word' id='word_1_330' title='bbox 953 2371 1012 2420; x_wconf 81' lang='lat' dir='ltr'><strong>et</strong></span> <span class='ocrx_word' id='word_1_331' title='bbox 1040 2373 1152 2417; x_wconf 87' lang='lat' dir='ltr'><strong>toto</strong></span> <span class='ocrx_word' id='word_1_332' title='bbox 1175 2362 1342 2415; x_wconf 72' lang='lat' dir='ltr'><strong>literis</strong></span> <span class='ocrx_word' id='word_1_333' title='bbox 1366 2359 1706 2416; x_wconf 82' lang='lat' dir='ltr'><strong>sanctiﬁcata</strong></span> <span class='ocrx_word' id='word_1_334' title='bbox 1734 2373 1985 2429; x_wconf 64' lang='lat' dir='ltr'><strong>carpare,</strong></span> <span class='ocrx_word' id='word_1_335' title='bbox 2015 2372 2140 2414; x_wconf 85' lang='lat' dir='ltr'><strong>tunc</strong></span> 
     </span>
    </p>
   </div>
   <div class='ocr_carea' id='block_1_42' title="bbox 535 2455 2136 2525">
    <p class='ocr_par' dir='ltr' id='par_1_42' title="bbox 535 2455 2136 2525">
     <span class='ocr_line' id='line_1_42' title="bbox 535 2455 2136 2525; baseline -0.006 -9"><span class='ocrx_word' id='word_1_336' title='bbox 535 2462 630 2516; x_wconf 86' lang='lat' dir='ltr'><strong>tibi</strong></span> <span class='ocrx_word' id='word_1_337' title='bbox 661 2461 969 2517; x_wconf 83' lang='lat' dir='ltr'><strong>castitatem</strong></span> <span class='ocrx_word' id='word_1_338' title='bbox 1019 2457 1290 2525; x_wconf 64' lang='lat' dir='ltr'><strong>intelligis</strong></span> <span class='ocrx_word' id='word_1_339' title='bbox 1321 2455 1678 2522; x_wconf 80' lang='lat' dir='ltr'><strong>brol’uturain,</strong></span> <span class='ocrx_word' id='word_1_340' title='bbox 1715 2465 1911 2508; x_wconf 75' lang='lat' dir='ltr'><strong>etcum</strong></span> <span class='ocrx_word' id='word_1_341' title='bbox 1944 2455 2136 2508; x_wconf 86' lang='lat' dir='ltr'><strong>lidueia</strong></span> 
     </span>
    </p>
   </div>
   <div class='ocr_carea' id='block_1_43' title="bbox 532 2551 1430 2629">
    <p class='ocr_par' dir='ltr' id='par_1_43' title="bbox 532 2551 1430 2629">
     <span class='ocr_line' id='line_1_43' title="bbox 532 2551 1430 2629; baseline -0.011 -18"><span class='ocrx_word' id='word_1_342' title='bbox 532 2557 770 2629; x_wconf 81' lang='lat' dir='ltr'><strong>palmam</strong></span> <span class='ocrx_word' id='word_1_343' title='bbox 801 2551 1126 2622; x_wconf 73' lang='lat' dir='ltr'><strong>virginitatis</strong></span> <span class='ocrx_word' id='word_1_344' title='bbox 1155 2559 1430 2618; x_wconf 82' lang='lat' dir='ltr'><strong>exspecta.</strong></span> 
     </span>
    </p>
   </div>
   <div class='ocr_carea' id='block_1_44' title="bbox 605 2643 2134 2715">
    <p class='ocr_par' dir='ltr' id='par_1_44' title="bbox 605 2643 2134 2715">
     <span class='ocr_line' id='line_1_44' title="bbox 605 2643 2134 2715; baseline -0.005 -11"><span class='ocrx_word' id='word_1_345' title='bbox 605 2649 697 2704; x_wconf 67' lang='grc' dir='ltr'><strong>χι.</strong></span> <span class='ocrx_word' id='word_1_346' title='bbox 739 2649 880 2715; x_wconf 81' lang='lat' dir='ltr'><strong>Quid</strong></span> <span class='ocrx_word' id='word_1_347' title='bbox 907 2649 979 2700; x_wconf 90' lang='lat' dir='ltr'><strong>sit</strong></span> <span class='ocrx_word' id='word_1_348' title='bbox 1007 2655 1194 2700; x_wconf 86' lang='lat' dir='ltr'><strong>sancta</strong></span> <span class='ocrx_word' id='word_1_349' title='bbox 1224 2659 1349 2699; x_wconf 88' lang='lat' dir='ltr'><strong>esse</strong></span> <span class='ocrx_word' id='word_1_350' title='bbox 1373 2657 1608 2710; x_wconf 78' lang='lat' dir='ltr'><strong>corpore</strong></span> <span class='ocrx_word' id='word_1_351' title='bbox 1629 2643 1870 2698; x_wconf 75' lang='lat' dir='ltr'><strong>breviter</strong></span> <span class='ocrx_word' id='word_1_352' title='bbox 1894 2643 2134 2712; x_wconf 85' lang='lat' dir='ltr'><strong>quidem,</strong></span> 
     </span>
    </p>
   </div>
   <div class='ocr_carea' id='block_1_45' title="bbox 531 2736 2137 2811">
    <p class='ocr_par' dir='ltr' id='par_1_45' title="bbox 531 2736 2137 2811">
     <span class='ocr_line' id='line_1_45' title="bbox 531 2736 2137 2811; baseline -0.005 -13"><span class='ocrx_word' id='word_1_353' title='bbox 531 2741 627 2800; x_wconf 85' lang='lat' dir='ltr'><strong>sed</strong></span> <span class='ocrx_word' id='word_1_354' title='bbox 655 2743 813 2811; x_wconf 84' lang='lat' dir='ltr'><strong>plene</strong></span> <span class='ocrx_word' id='word_1_355' title='bbox 840 2740 1162 2807; x_wconf 72' lang='lat' dir='ltr'><strong>exposuisse</strong></span> <span class='ocrx_word' id='word_1_356' title='bbox 1194 2754 1278 2791; x_wconf 86' lang='lat' dir='ltr'><strong>me</strong></span> <span class='ocrx_word' id='word_1_357' title='bbox 1305 2737 1562 2790; x_wconf 81' lang='lat' dir='ltr'><strong>arbitror.</strong></span> <span class='ocrx_word' id='word_1_358' title='bbox 1597 2736 1751 2790; x_wconf 81' lang='lat' dir='ltr'><strong>Nunc</strong></span> <span class='ocrx_word' id='word_1_359' title='bbox 1779 2739 1921 2805; x_wconf 76' lang='lat' dir='ltr'><strong>quod</strong></span> <span class='ocrx_word' id='word_1_360' title='bbox 1955 2739 2137 2807; x_wconf 82' lang='lat' dir='ltr'><strong>sequi-</strong></span> 
     </span>
    </p>
   </div>
   <div class='ocr_carea' id='block_1_46' title="bbox 533 2832 2137 2903">
    <p class='ocr_par' dir='ltr' id='par_1_46' title="bbox 533 2832 2137 2903">
     <span class='ocr_line' id='line_1_46' title="bbox 533 2832 2137 2903; baseline -0.004 -10"><span class='ocrx_word' id='word_1_361' title='bbox 533 2845 638 2901; x_wconf 81' lang='lat' dir='ltr'><strong>tur,</strong></span> <span class='ocrx_word' id='word_1_362' title='bbox 672 2846 720 2892; x_wconf 82' lang='lat' dir='ltr'><strong>et</strong></span> <span class='ocrx_word' id='word_1_363' title='bbox 742 2836 953 2903; x_wconf 71' lang='lat' dir='ltr'><strong>spiritu,</strong></span> <span class='ocrx_word' id='word_1_364' title='bbox 975 2849 1140 2888; x_wconf 86' lang='lat' dir='ltr'><strong>nosse</strong></span> <span class='ocrx_word' id='word_1_365' title='bbox 1163 2832 1444 2895; x_wconf 82' lang='lat' dir='ltr'><strong>debemus,</strong></span> <span class='ocrx_word' id='word_1_366' title='bbox 1476 2832 1581 2886; x_wconf 89' lang='lat' dir='ltr'><strong>hoc</strong></span> <span class='ocrx_word' id='word_1_367' title='bbox 1598 2838 1699 2895; x_wconf 79' lang='lat' dir='ltr'><strong>est,</strong></span> <span class='ocrx_word' id='word_1_368' title='bbox 1730 2832 1944 2900; x_wconf 83' lang='lat' dir='ltr'><strong>utquod</strong></span> <span class='ocrx_word' id='word_1_369' title='bbox 1971 2847 2137 2900; x_wconf 85' lang='lat' dir='ltr'><strong>opere</strong></span> 
     </span>
    </p>
   </div>
   <div class='ocr_carea' id='block_1_47' title="bbox 532 2923 2132 2993">
    <p class='ocr_par' dir='ltr' id='par_1_47' title="bbox 532 2923 2132 2993">
     <span class='ocr_line' id='line_1_47' title="bbox 532 2923 2132 2993; baseline -0.004 -9"><span class='ocrx_word' id='word_1_370' title='bbox 532 2932 684 2985; x_wconf 84' lang='lat' dir='ltr'><strong>uetas</strong></span> <span class='ocrx_word' id='word_1_371' title='bbox 713 2937 795 2982; x_wconf 92' lang='lat' dir='ltr'><strong>est</strong></span> <span class='ocrx_word' id='word_1_372' title='bbox 824 2926 962 2990; x_wconf 89' lang='lat' dir='ltr'><strong>lieri,</strong></span> <span class='ocrx_word' id='word_1_373' title='bbox 993 2940 1092 2980; x_wconf 88' lang='lat' dir='ltr'><strong>nec</strong></span> <span class='ocrx_word' id='word_1_374' title='bbox 1132 2923 1462 2993; x_wconf 78' lang='lat' dir='ltr'><strong>cogitatione</strong></span> <span class='ocrx_word' id='word_1_375' title='bbox 1506 2925 1818 2992; x_wconf 85' lang='lat' dir='ltr'><strong>concipere.</strong></span> <span class='ocrx_word' id='word_1_376' title='bbox 1851 2923 1942 2976; x_wconf 84' lang='lat' dir='ltr'><strong>llla</strong></span> <span class='ocrx_word' id='word_1_377' title='bbox 1987 2926 2132 2979; x_wconf 89' lang='lat' dir='ltr'><strong>enim</strong></span> 
     </span>
    </p>
   </div>
   <div class='ocr_carea' id='block_1_48' title="bbox 532 3015 2134 3086">
    <p class='ocr_par' dir='ltr' id='par_1_48' title="bbox 532 3015 2134 3086">
     <span class='ocr_line' id='line_1_48' title="bbox 532 3015 2134 3086; baseline -0.005 -8"><span class='ocrx_word' id='word_1_378' title='bbox 532 3028 956 3079; x_wconf 86' lang='lat' dir='ltr'><strong>cstsanctatam</strong></span> <span class='ocrx_word' id='word_1_379' title='bbox 988 3031 1222 3086; x_wconf 84' lang='lat' dir='ltr'><strong>corpore</strong></span> <span class='ocrx_word' id='word_1_380' title='bbox 1245 3031 1402 3085; x_wconf 86' lang='lat' dir='ltr'><strong>quam</strong></span> <span class='ocrx_word' id='word_1_381' title='bbox 1429 3015 1645 3083; x_wconf 78' lang='lat' dir='ltr'><strong>spiritu,</strong></span> <span class='ocrx_word' id='word_1_382' title='bbox 1680 3031 1797 3084; x_wconf 73' lang='lat' dir='ltr'><strong>qua:</strong></span> <span class='ocrx_word' id='word_1_383' title='bbox 1827 3030 1924 3069; x_wconf 88' lang='lat' dir='ltr'><strong>nec</strong></span> <span class='ocrx_word' id='word_1_384' title='bbox 1951 3027 2134 3070; x_wconf 90' lang='lat' dir='ltr'><strong>mente</strong></span> 
     </span>
    </p>
   </div>
   <div class='ocr_carea' id='block_1_49' title="bbox 531 3107 2134 3179">
    <p class='ocr_par' dir='ltr' id='par_1_49' title="bbox 531 3107 2134 3179">
     <span class='ocr_line' id='line_1_49' title="bbox 531 3107 2134 3179; baseline -0.006 -7"><span class='ocrx_word' id='word_1_385' title='bbox 531 3132 634 3172; x_wconf 83' lang='lat' dir='ltr'><strong>nec</strong></span> <span class='ocrx_word' id='word_1_386' title='bbox 665 3129 830 3168; x_wconf 79' lang='lat' dir='ltr'><strong>carne</strong></span> <span class='ocrx_word' id='word_1_387' title='bbox 861 3109 1162 3179; x_wconf 78' lang='lat' dir='ltr'><strong>delinquit;</strong></span> <span class='ocrx_word' id='word_1_388' title='bbox 1196 3111 1375 3162; x_wconf 82' lang='lat' dir='ltr'><strong>sciens</strong></span> <span class='ocrx_word' id='word_1_389' title='bbox 1406 3107 1548 3161; x_wconf 86' lang='lat' dir='ltr'><strong>enim</strong></span> <span class='ocrx_word' id='word_1_390' title='bbox 1572 3108 1758 3162; x_wconf 87' lang='lat' dir='ltr'><strong>cordis</strong></span> <span class='ocrx_word' id='word_1_391' title='bbox 1785 3121 1907 3161; x_wconf 85' lang='lat' dir='ltr'><strong>esse</strong></span> <span class='ocrx_word' id='word_1_392' title='bbox 1939 3122 2134 3176; x_wconf 82' lang='lat' dir='ltr'><strong>specu-</strong></span> 
     </span>
    </p>
   </div>
   <div class='ocr_carea' id='block_1_50' title="bbox 2251 1904 3854 1976">
    <p class='ocr_par' dir='ltr' id='par_1_50' title="bbox 2251 1904 3854 1976">
     <span class='ocr_line' id='line_1_50' title="bbox 2251 1904 3854 1976; baseline -0.001 -16"><span class='ocrx_word' id='word_1_393' title='bbox 2251 1907 2389 1976; x_wconf 78' lang='lat' dir='ltr'><strong>l&#39;egis</strong></span> <span class='ocrx_word' id='word_1_394' title='bbox 2431 1907 2685 1962; x_wconf 83' lang='lat' dir='ltr'><strong>mandata</strong></span> <span class='ocrx_word' id='word_1_395' title='bbox 2733 1907 2997 1976; x_wconf 81' lang='lat' dir='ltr'><strong>perﬁciat.</strong></span> <span class='ocrx_word' id='word_1_396' title='bbox 3049 1905 3184 1960; x_wconf 87' lang='lat' dir='ltr'><strong>Nam</strong></span> <span class='ocrx_word' id='word_1_397' title='bbox 3231 1906 3276 1959; x_wconf 89' lang='lat' dir='ltr'><strong>si</strong></span> <span class='ocrx_word' id='word_1_398' title='bbox 3331 1921 3436 1958; x_wconf 89' lang='lat' dir='ltr'><strong>non</strong></span> <span class='ocrx_word' id='word_1_399' title='bbox 3489 1904 3674 1969; x_wconf 89' lang='lat' dir='ltr'><strong>nubat,</strong></span> <span class='ocrx_word' id='word_1_400' title='bbox 3707 1913 3762 1958; x_wconf 89' lang='lat' dir='ltr'><strong>et</strong></span> <span class='ocrx_word' id='word_1_401' title='bbox 3791 1918 3854 1958; x_wconf 86' lang='lat' dir='ltr'><strong>ea</strong></span> 
     </span>
    </p>
   </div>
   <div class='ocr_carea' id='block_1_51' title="bbox 2249 1998 3858 2069">
    <p class='ocr_par' dir='ltr' id='par_1_51' title="bbox 2249 1998 3858 2069">
     <span class='ocr_line' id='line_1_51' title="bbox 2249 1998 3858 2069; baseline -0.003 -14"><span class='ocrx_word' id='word_1_402' title='bbox 2249 2001 2606 2056; x_wconf 86' lang='lat' dir='ltr'><strong>nihilominus</strong></span> <span class='ocrx_word' id='word_1_403' title='bbox 2645 2003 2808 2056; x_wconf 78' lang='lat' dir='ltr'><strong>faciat</strong></span> <span class='ocrx_word' id='word_1_404' title='bbox 2835 2017 2862 2054; x_wconf 90' lang='lat' dir='ltr'><strong>a</strong></span> <span class='ocrx_word' id='word_1_405' title='bbox 2892 2000 3089 2069; x_wconf 84' lang='lat' dir='ltr'><strong>quibus</strong></span> <span class='ocrx_word' id='word_1_406' title='bbox 3137 2011 3189 2053; x_wconf 89' lang='lat' dir='ltr'><strong>et</strong></span> <span class='ocrx_word' id='word_1_407' title='bbox 3235 2009 3417 2068; x_wconf 73' lang='lat' dir='ltr'><strong>nupta:</strong></span> <span class='ocrx_word' id='word_1_408' title='bbox 3453 2013 3573 2052; x_wconf 86' lang='lat' dir='ltr'><strong>esse</strong></span> <span class='ocrx_word' id='word_1_409' title='bbox 3596 1998 3858 2066; x_wconf 87' lang='lat' dir='ltr'><strong>jubentur</strong></span> 
     </span>
    </p>
   </div>
   <div class='ocr_carea' id='block_1_52' title="bbox 2247 2089 3853 2164">
    <p class='ocr_par' dir='ltr' id='par_1_52' title="bbox 2247 2089 3853 2164">
     <span class='ocr_line' id='line_1_52' title="bbox 2247 2089 3853 2164; baseline -0.005 -15"><span class='ocrx_word' id='word_1_410' title='bbox 2247 2093 2538 2159; x_wconf 88' lang='lat' dir='ltr'><strong>immunes,</strong></span> <span class='ocrx_word' id='word_1_411' title='bbox 2569 2110 2672 2147; x_wconf 86' lang='lat' dir='ltr'><strong>non</strong></span> <span class='ocrx_word' id='word_1_412' title='bbox 2699 2094 2947 2164; x_wconf 83' lang='lat' dir='ltr'><strong>nupsisse</strong></span> <span class='ocrx_word' id='word_1_413' title='bbox 2969 2092 3095 2162; x_wconf 87' lang='lat' dir='ltr'><strong>quid</strong></span> <span class='ocrx_word' id='word_1_414' title='bbox 3128 2091 3408 2161; x_wconf 84' lang='lat' dir='ltr'><strong>proderit?</strong></span> <span class='ocrx_word' id='word_1_415' title='bbox 3437 2089 3503 2144; x_wconf 83' lang='lat' dir='ltr'><strong>Et</strong></span> <span class='ocrx_word' id='word_1_416' title='bbox 3527 2101 3853 2159; x_wconf 85' lang='lat' dir='ltr'><strong>quamquam</strong></span> 
     </span>
    </p>
   </div>
   <div class='ocr_carea' id='block_1_53' title="bbox 2246 2181 3853 2256">
    <p class='ocr_par' dir='ltr' id='par_1_53' title="bbox 2246 2181 3853 2256">
     <span class='ocr_line' id='line_1_53' title="bbox 2246 2181 3853 2256; baseline -0.005 -14"><span class='ocrx_word' id='word_1_417' title='bbox 2246 2189 2382 2242; x_wconf 87' lang='lat' dir='ltr'><strong>nulli</strong></span> <span class='ocrx_word' id='word_1_418' title='bbox 2433 2189 2856 2242; x_wconf 88' lang='lat' dir='ltr'><strong>christianorum</strong></span> <span class='ocrx_word' id='word_1_419' title='bbox 2909 2202 3134 2256; x_wconf 83' lang='lat' dir='ltr'><strong>peccare</strong></span> <span class='ocrx_word' id='word_1_420' title='bbox 3182 2185 3378 2249; x_wconf 86' lang='lat' dir='ltr'><strong>liceat,</strong></span> <span class='ocrx_word' id='word_1_421' title='bbox 3413 2195 3468 2238; x_wconf 89' lang='lat' dir='ltr'><strong>et</strong></span> <span class='ocrx_word' id='word_1_422' title='bbox 3508 2197 3700 2236; x_wconf 78' lang='lat' dir='ltr'><strong>ouines</strong></span> <span class='ocrx_word' id='word_1_423' title='bbox 3736 2181 3853 2250; x_wconf 87' lang='lat' dir='ltr'><strong>qui-</strong></span> 
     </span>
    </p>
   </div>
   <div class='ocr_carea' id='block_1_54' title="bbox 2247 2278 3848 2349">
    <p class='ocr_par' dir='ltr' id='par_1_54' title="bbox 2247 2278 3848 2349">
     <span class='ocr_line' id='line_1_54' title="bbox 2247 2278 3848 2349; baseline -0.003 -16"><span class='ocrx_word' id='word_1_424' title='bbox 2247 2296 2483 2349; x_wconf 82' lang='lat' dir='ltr'><strong>cumque</strong></span> <span class='ocrx_word' id='word_1_425' title='bbox 2522 2280 2781 2348; x_wconf 76' lang='lat' dir='ltr'><strong>Spirilaiis</strong></span> <span class='ocrx_word' id='word_1_426' title='bbox 2814 2280 3011 2333; x_wconf 79' lang='lat' dir='ltr'><strong>lavacri</strong></span> <span class='ocrx_word' id='word_1_427' title='bbox 3058 2278 3494 2333; x_wconf 72' lang='lat' dir='ltr'><strong>sanctiﬁcatione</strong></span> <span class='ocrx_word' id='word_1_428' title='bbox 3534 2287 3848 2345; x_wconf 80' lang='lat' dir='ltr'><strong>purgantur,</strong></span> 
     </span>
    </p>
   </div>
   <div class='ocr_carea' id='block_1_55' title="bbox 2245 2367 3850 2442">
    <p class='ocr_par' dir='ltr' id='par_1_55' title="bbox 2245 2367 3850 2442">
     <span class='ocr_line' id='line_1_55' title="bbox 2245 2367 3850 2442; baseline -0.003 -15"><span class='ocrx_word' id='word_1_429' title='bbox 2245 2374 2956 2442; x_wconf 79' lang='lat' dir='ltr'><strong>immaculataindeeurrere</strong></span> <span class='ocrx_word' id='word_1_430' title='bbox 2972 2372 3262 2426; x_wconf 76' lang='lat' dir='ltr'><strong>conveniat</strong></span> <span class='ocrx_word' id='word_1_431' title='bbox 3283 2374 3467 2431; x_wconf 85' lang='lat' dir='ltr'><strong>vitam,</strong></span> <span class='ocrx_word' id='word_1_432' title='bbox 3490 2381 3545 2423; x_wconf 91' lang='lat' dir='ltr'><strong>ut</strong></span> <span class='ocrx_word' id='word_1_433' title='bbox 3570 2367 3850 2432; x_wconf 65' lang='lat' dir='ltr'><strong>Et‘CiCSim,</strong></span> 
     </span>
    </p>
   </div>
   <div class='ocr_carea' id='block_1_56' title="bbox 2244 2463 3852 2536">
    <p class='ocr_par' dir='ltr' id='par_1_56' title="bbox 2244 2463 3852 2536">
     <span class='ocr_line' id='line_1_56' title="bbox 2244 2463 3852 2536; baseline -0.004 -16"><span class='ocrx_word' id='word_1_434' title='bbox 2244 2481 2365 2536; x_wconf 77' lang='lat' dir='ltr'><strong>quae</strong></span> <span class='ocrx_word' id='word_1_435' title='bbox 2410 2471 2520 2520; x_wconf 81' lang='lat' dir='ltr'><strong>sine</strong></span> <span class='ocrx_word' id='word_1_436' title='bbox 2567 2469 2795 2530; x_wconf 71' lang='lat' dir='ltr'><strong>macula,</strong></span> <span class='ocrx_word' id='word_1_437' title='bbox 2825 2469 2934 2520; x_wconf 80' lang='lat' dir='ltr'><strong>sine</strong></span> <span class='ocrx_word' id='word_1_438' title='bbox 2972 2480 3122 2534; x_wconf 84' lang='lat' dir='ltr'><strong>ruga,</strong></span> <span class='ocrx_word' id='word_1_439' title='bbox 3157 2466 3265 2517; x_wconf 86' lang='lat' dir='ltr'><strong>sine</strong></span> <span class='ocrx_word' id='word_1_440' title='bbox 3306 2465 3480 2533; x_wconf 82' lang='lat' dir='ltr'><strong>alian</strong></span> <span class='ocrx_word' id='word_1_441' title='bbox 3514 2464 3635 2516; x_wconf 82' lang='lat' dir='ltr'><strong>vitio</strong></span> <span class='ocrx_word' id='word_1_442' title='bbox 3669 2463 3852 2534; x_wconf 78' lang='lat' dir='ltr'><strong>hujus-</strong></span> 
     </span>
    </p>
   </div>
   <div class='ocr_carea' id='block_1_57' title="bbox 2242 2557 3852 2630">
    <p class='ocr_par' dir='ltr' id='par_1_57' title="bbox 2242 2557 3852 2630">
     <span class='ocr_line' id='line_1_57' title="bbox 2242 2557 3852 2630; baseline -0.002 -19"><span class='ocrx_word' id='word_1_443' title='bbox 2242 2561 2384 2612; x_wconf 75' lang='grc' dir='ltr'><strong>πιοάὲ</strong></span> <span class='ocrx_word' id='word_1_444' title='bbox 2415 2575 2536 2613; x_wconf 75' lang='lat' dir='ltr'><strong>esse</strong></span> <span class='ocrx_word' id='word_1_445' title='bbox 2582 2559 2914 2614; x_wconf 57' lang='lat' dir='ltr'><strong>describitur</strong></span> <span class='ocrx_word' id='word_1_446' title='bbox 2941 2559 3158 2630; x_wconf 75' lang='lat' dir='ltr'><strong>(Eplies.</strong></span> <span class='ocrx_word' id='word_1_447' title='bbox 3195 2573 3256 2620; x_wconf 75' lang='grc' dir='ltr'><strong>ν,</strong></span> <span class='ocrx_word' id='word_1_448' title='bbox 3286 2557 3402 2626; x_wconf 68' lang='lat'><strong>97),</strong></span> <span class='ocrx_word' id='word_1_449' title='bbox 3437 2557 3645 2625; x_wconf 83' lang='lat' dir='ltr'><strong>possint</strong></span> <span class='ocrx_word' id='word_1_450' title='bbox 3677 2557 3852 2608; x_wconf 76' lang='lat' dir='ltr'><strong>visce-</strong></span> 
     </span>
    </p>
   </div>
   <div class='ocr_carea' id='block_1_58' title="bbox 2243 2650 3850 2721">
    <p class='ocr_par' dir='ltr' id='par_1_58' title="bbox 2243 2650 3850 2721">
     <span class='ocr_line' id='line_1_58' title="bbox 2243 2650 3850 2721; baseline -0.002 -15"><span class='ocrx_word' id='word_1_451' title='bbox 2243 2654 2394 2707; x_wconf 89' lang='lat' dir='ltr'><strong>ribus</strong></span> <span class='ocrx_word' id='word_1_452' title='bbox 2444 2655 2713 2719; x_wconf 76' lang='lat' dir='ltr'><strong>intiniari;</strong></span> <span class='ocrx_word' id='word_1_453' title='bbox 2745 2655 2916 2707; x_wconf 87' lang='lat' dir='ltr'><strong>multo</strong></span> <span class='ocrx_word' id='word_1_454' title='bbox 2963 2655 3137 2721; x_wconf 66' lang='lat' dir='ltr'><strong>magis</strong></span> <span class='ocrx_word' id='word_1_455' title='bbox 3181 2651 3283 2705; x_wconf 92' lang='lat' dir='ltr'><strong>hoc</strong></span> <span class='ocrx_word' id='word_1_456' title='bbox 3325 2650 3589 2719; x_wconf 82' lang='lat' dir='ltr'><strong>virginem</strong></span> <span class='ocrx_word' id='word_1_457' title='bbox 3623 2651 3850 2717; x_wconf 89' lang='lat' dir='ltr'><strong>implere</strong></span> 
     </span>
    </p>
   </div>
   <div class='ocr_carea' id='block_1_59' title="bbox 2243 2743 3848 2815">
    <p class='ocr_par' dir='ltr' id='par_1_59' title="bbox 2243 2743 3848 2815">
     <span class='ocr_line' id='line_1_59' title="bbox 2243 2743 3848 2815; baseline -0.003 -16"><span class='ocrx_word' id='word_1_458' title='bbox 2243 2759 2470 2800; x_wconf 67' lang='lat' dir='ltr'><strong>&quot;CCt&#39;SSC</strong></span> <span class='ocrx_word' id='word_1_459' title='bbox 2513 2756 2616 2808; x_wconf 83' lang='lat' dir='ltr'><strong>est,</strong></span> <span class='ocrx_word' id='word_1_460' title='bbox 2643 2761 2800 2815; x_wconf 83' lang='lat' dir='ltr'><strong>quam</strong></span> <span class='ocrx_word' id='word_1_461' title='bbox 2845 2761 2944 2799; x_wconf 90' lang='lat' dir='ltr'><strong>nec</strong></span> <span class='ocrx_word' id='word_1_462' title='bbox 2976 2747 3152 2798; x_wconf 86' lang='lat' dir='ltr'><strong>mariti</strong></span> <span class='ocrx_word' id='word_1_463' title='bbox 3187 2759 3284 2797; x_wconf 90' lang='lat' dir='ltr'><strong>nec</strong></span> <span class='ocrx_word' id='word_1_464' title='bbox 3312 2743 3546 2796; x_wconf 82' lang='lat' dir='ltr'><strong>ﬁliorum</strong></span> <span class='ocrx_word' id='word_1_465' title='bbox 3582 2757 3680 2794; x_wconf 87' lang='lat' dir='ltr'><strong>nec</strong></span> <span class='ocrx_word' id='word_1_466' title='bbox 3713 2744 3848 2794; x_wconf 86' lang='lat' dir='ltr'><strong>alte-</strong></span> 
     </span>
    </p>
   </div>
   <div class='ocr_carea' id='block_1_60' title="bbox 2243 2833 3846 2905">
    <p class='ocr_par' dir='ltr' id='par_1_60' title="bbox 2243 2833 3846 2905">
     <span class='ocr_line' id='line_1_60' title="bbox 2243 2833 3846 2905; baseline -0.004 -12"><span class='ocrx_word' id='word_1_467' title='bbox 2243 2840 2358 2894; x_wconf 86' lang='lat' dir='ltr'><strong>rius</strong></span> <span class='ocrx_word' id='word_1_468' title='bbox 2401 2839 2747 2894; x_wconf 68' lang='lat' dir='ltr'><strong>necessitatis</strong></span> <span class='ocrx_word' id='word_1_469' title='bbox 2775 2853 2936 2892; x_wconf 86' lang='lat' dir='ltr'><strong>cansa</strong></span> <span class='ocrx_word' id='word_1_470' title='bbox 2973 2839 3250 2905; x_wconf 76' lang='lat' dir='ltr'><strong>prohibet,</strong></span> <span class='ocrx_word' id='word_1_471' title='bbox 3285 2835 3579 2904; x_wconf 87' lang='lat' dir='ltr'><strong>quominus</strong></span> <span class='ocrx_word' id='word_1_472' title='bbox 3611 2833 3846 2886; x_wconf 82' lang='lat' dir='ltr'><strong>divinam</strong></span> 
     </span>
    </p>
   </div>
   <div class='ocr_carea' id='block_1_61' title="bbox 2241 2927 3849 3005">
    <p class='ocr_par' dir='ltr' id='par_1_61' title="bbox 2241 2927 3849 3005">
     <span class='ocr_line' id='line_1_61' title="bbox 2241 2927 3849 3005; baseline -0.005 -17"><span class='ocrx_word' id='word_1_473' title='bbox 2241 2934 2583 3005; x_wconf 72' lang='lat' dir='ltr'><strong>Scriptorum</strong></span> <span class='ocrx_word' id='word_1_474' title='bbox 2612 2933 2878 3000; x_wconf 83' lang='lat' dir='ltr'><strong>perﬁciat,</strong></span> <span class='ocrx_word' id='word_1_475' title='bbox 2908 2946 3031 2994; x_wconf 89' lang='lat' dir='ltr'><strong>nec,</strong></span> <span class='ocrx_word' id='word_1_476' title='bbox 3067 2933 3109 2983; x_wconf 77' lang='lat' dir='ltr'><strong>si</strong></span> <span class='ocrx_word' id='word_1_477' title='bbox 3141 2945 3241 2999; x_wconf 90' lang='lat' dir='ltr'><strong>qua</strong></span> <span class='ocrx_word' id='word_1_478' title='bbox 3279 2939 3464 2998; x_wconf 73' lang='lat' dir='ltr'><strong>[lCCt‘ei</strong></span> <span class='ocrx_word' id='word_1_479' title='bbox 3484 2970 3497 2994; x_wconf 91' lang='lat'><strong>,</strong></span> <span class='ocrx_word' id='word_1_480' title='bbox 3527 2927 3728 2998; x_wconf 90' lang='lat' dir='ltr'><strong>poterit</strong></span> <span class='ocrx_word' id='word_1_481' title='bbox 3753 2942 3849 2982; x_wconf 81' lang='lat' dir='ltr'><strong>cx-</strong></span> 
     </span>
    </p>
   </div>
   <div class='ocr_carea' id='block_1_62' title="bbox 2240 3027 2790 3082">
    <p class='ocr_par' dir='ltr' id='par_1_62' title="bbox 2240 3027 2790 3082">
     <span class='ocr_line' id='line_1_62' title="bbox 2240 3027 2790 3082; baseline 0.004 -2"><span class='ocrx_word' id='word_1_482' title='bbox 2240 3031 2523 3082; x_wconf 79' lang='lat' dir='ltr'><strong>cus:ili0ne</strong></span> <span class='ocrx_word' id='word_1_483' title='bbox 2548 3027 2790 3082; x_wconf 64' lang='lat' dir='ltr'><strong>tlei&#39;endi.</strong></span> 
     </span>
    </p>
   </div>
   <div class='ocr_carea' id='block_1_63' title="bbox 2312 3113 3848 3188">
    <p class='ocr_par' dir='ltr' id='par_1_63' title="bbox 2312 3113 3848 3188">
     <span class='ocr_line' id='line_1_63' title="bbox 2312 3113 3848 3188; baseline -0.004 -14"><span class='ocrx_word' id='word_1_484' title='bbox 2312 3119 2427 3174; x_wconf 76' lang='grc' dir='ltr'><strong>ΧΠ.</strong></span> <span class='ocrx_word' id='word_1_485' title='bbox 2472 3122 2516 3173; x_wconf 83' lang='grc' dir='ltr'>υ</span> <span class='ocrx_word' id='word_1_486' title='bbox 2543 3120 2715 3188; x_wconf 80' lang='lat' dir='ltr'><strong>virgo,</strong></span> <span class='ocrx_word' id='word_1_487' title='bbox 2744 3131 2898 3171; x_wconf 83' lang='lat' dir='ltr'><strong>serva</strong></span> <span class='ocrx_word' id='word_1_488' title='bbox 2934 3117 3271 3184; x_wconf 68' lang='lat' dir='ltr'><strong>prmiosituin</strong></span> <span class='ocrx_word' id='word_1_489' title='bbox 3303 3115 3397 3168; x_wconf 91' lang='lat' dir='ltr'><strong>tibi</strong></span> <span class='ocrx_word' id='word_1_490' title='bbox 3434 3128 3634 3182; x_wconf 87' lang='lat' dir='ltr'><strong>magno</strong></span> <span class='ocrx_word' id='word_1_491' title='bbox 3659 3113 3848 3181; x_wconf 80' lang='lat' dir='ltr'><strong>praelia</strong></span> 
     </span>
    </p>
   </div>
   <div class='ocr_carea' id='block_1_64' title="bbox 530 3189 3850 3278">
    <p class='ocr_par' dir='ltr' id='par_1_64' title="bbox 530 3189 3850 3278">
     <span class='ocr_line' id='line_1_64' title="bbox 530 3189 3850 3278; baseline -0.002 -10"><span class='ocrx_word' id='word_1_492' title='bbox 530 3209 761 3263; x_wconf 66' lang='lat' dir='ltr'><strong>1310mm</strong></span> <span class='ocrx_word' id='word_1_493' title='bbox 804 3205 1010 3266; x_wconf 64' lang='lat' dir='ltr'><strong>Deum.</strong></span> <span class='ocrx_word' id='word_1_494' title='bbox 1056 3214 1111 3256; x_wconf 73' lang='lat' dir='ltr'><strong>el</strong></span> <span class='ocrx_word' id='word_1_495' title='bbox 1155 3199 1359 3254; x_wconf 61' lang='lat' dir='ltr'><strong>ideirco</strong></span> <span class='ocrx_word' id='word_1_496' title='bbox 1397 3200 1530 3253; x_wconf 64' lang='lat'><strong>5““5</strong></span> <span class='ocrx_word' id='word_1_497' title='bbox 1560 3202 1670 3268; x_wconf 66' lang='grc' dir='ltr'><strong>³8η</strong></span> <span class='ocrx_word' id='word_1_498' title='bbox 1706 3207 1767 3253; x_wconf 76' lang='grc' dir='ltr'>ιη</span> <span class='ocrx_word' id='word_1_499' title='bbox 1797 3199 1940 3252; x_wconf 68' lang='lat' dir='ltr'><strong>omni</strong></span> <span class='ocrx_word' id='word_1_500' title='bbox 1972 3201 2135 3253; x_wconf 69' lang='grc' dir='ltr'><strong>¹¹¹οίῘθ</strong></span> <span class='ocrx_word' id='word_1_501' title='bbox 2166 3189 2210 3251; x_wconf 76' lang='lat' dir='ltr'>C</span> <span class='ocrx_word' id='word_1_502' title='bbox 2243 3211 2594 3266; x_wconf 77' lang='lat' dir='ltr'><strong>destinatum.</strong></span> <span class='ocrx_word' id='word_1_503' title='bbox 2620 3211 2884 3264; x_wconf 71' lang='lat' dir='ltr'><strong>Pra&#39;clara</strong></span> <span class='ocrx_word' id='word_1_504' title='bbox 2917 3219 3000 3264; x_wconf 77' lang='lat' dir='ltr'><strong>est</strong></span> <span class='ocrx_word' id='word_1_505' title='bbox 3028 3209 3168 3278; x_wconf 82' lang='lat' dir='ltr'><strong>apud</strong></span> <span class='ocrx_word' id='word_1_506' title='bbox 3194 3209 3481 3261; x_wconf 82' lang='lat' dir='ltr'><strong>Dominum</strong></span> <span class='ocrx_word' id='word_1_507' title='bbox 3516 3207 3850 3275; x_wconf 80' lang='lat' dir='ltr'><strong>virginitatis</strong></span> 
     </span>
    </p>
   </div>
   <div class='ocr_carea' id='block_1_65' title="bbox 532 3290 2137 3360">
    <p class='ocr_par' dir='ltr' id='par_1_65' title="bbox 532 3290 2137 3360">
     <span class='ocr_line' id='line_1_65' title="bbox 532 3290 2137 3360; baseline -0.007 -4"><span class='ocrx_word' id='word_1_508' title='bbox 532 3301 698 3358; x_wconf 84' lang='lat' dir='ltr'><strong>etiam</strong></span> <span class='ocrx_word' id='word_1_509' title='bbox 725 3298 966 3351; x_wconf 88' lang='lat' dir='ltr'><strong>animum</strong></span> <span class='ocrx_word' id='word_1_510' title='bbox 1011 3307 1134 3348; x_wconf 91' lang='lat' dir='ltr'><strong>cum</strong></span> <span class='ocrx_word' id='word_1_511' title='bbox 1165 3307 1396 3360; x_wconf 79' lang='lat' dir='ltr'><strong>corpore</strong></span> <span class='ocrx_word' id='word_1_512' title='bbox 1427 3290 1686 3345; x_wconf 88' lang='lat' dir='ltr'><strong>mundtun</strong></span> <span class='ocrx_word' id='word_1_513' title='bbox 1727 3291 1922 3345; x_wconf 83' lang='lat' dir='ltr'><strong>habeat</strong></span> <span class='ocrx_word' id='word_1_514' title='bbox 1951 3307 1980 3345; x_wconf 89' lang='lat' dir='ltr'><strong>a</strong></span> <span class='ocrx_word' id='word_1_515' title='bbox 2012 3307 2137 3360; x_wconf 88' lang='lat' dir='ltr'><strong>pec-</strong></span> 
     </span>
    </p>
   </div>
   <div class='ocr_carea' id='block_1_66' title="bbox 531 3382 2136 3458">
    <p class='ocr_par' dir='ltr' id='par_1_66' title="bbox 531 3382 2136 3458">
     <span class='ocr_line' id='line_1_66' title="bbox 531 3382 2136 3458; baseline -0.006 -10"><span class='ocrx_word' id='word_1_516' title='bbox 531 3401 687 3458; x_wconf 86' lang='lat' dir='ltr'><strong>cato,</strong></span> <span class='ocrx_word' id='word_1_517' title='bbox 717 3388 903 3444; x_wconf 85' lang='lat' dir='ltr'><strong>sciens</strong></span> <span class='ocrx_word' id='word_1_518' title='bbox 949 3387 1213 3455; x_wconf 87' lang='lat' dir='ltr'><strong>scriptum</strong></span> <span class='ocrx_word' id='word_1_519' title='bbox 1253 3399 1375 3439; x_wconf 72' lang='lat' dir='ltr'><strong>esse</strong></span> <span class='ocrx_word' id='word_1_520' title='bbox 1404 3400 1416 3437; x_wconf 92' lang='lat'>:</span> <span class='ocrx_word' id='word_1_521' title='bbox 1445 3382 1606 3437; x_wconf 84' lang='lat' dir='ltr'><strong>Omni</strong></span> <span class='ocrx_word' id='word_1_522' title='bbox 1654 3385 1887 3438; x_wconf 80' lang='lat' dir='ltr'><strong>custodia</strong></span> <span class='ocrx_word' id='word_1_523' title='bbox 1935 3387 2136 3438; x_wconf 76' lang='lat' dir='ltr'><strong>custodi</strong></span> 
     </span>
    </p>
   </div>
   <div class='ocr_carea' id='block_1_67' title="bbox 533 3476 2136 3551">
    <p class='ocr_par' dir='ltr' id='par_1_67' title="bbox 533 3476 2136 3551">
     <span class='ocr_line' id='line_1_67' title="bbox 533 3476 2136 3551; baseline -0.004 -11"><span class='ocrx_word' id='word_1_524' title='bbox 533 3501 620 3540; x_wconf 84' lang='lat' dir='ltr'><strong>cor</strong></span> <span class='ocrx_word' id='word_1_525' title='bbox 643 3494 790 3537; x_wconf 86' lang='lat' dir='ltr'><strong>tuum</strong></span> <span class='ocrx_word' id='word_1_526' title='bbox 818 3480 997 3551; x_wconf 82' lang='lat' dir='ltr'><strong>(Prov.</strong></span> <span class='ocrx_word' id='word_1_527' title='bbox 1027 3496 1098 3543; x_wconf 86' lang='lat' dir='ltr'><strong>iv,</strong></span> <span class='ocrx_word' id='word_1_528' title='bbox 1129 3479 1242 3546; x_wconf 70' lang='lat'><strong>‘25).</strong></span> <span class='ocrx_word' id='word_1_529' title='bbox 1282 3479 1378 3534; x_wconf 81' lang='lat' dir='ltr'><strong>Et:</strong></span> <span class='ocrx_word' id='word_1_530' title='bbox 1407 3476 1494 3531; x_wconf 84' lang='lat' dir='ltr'><strong>Ita</strong></span> <span class='ocrx_word' id='word_1_531' title='bbox 1521 3477 1660 3532; x_wconf 86' lang='lat' dir='ltr'><strong>enim</strong></span> <span class='ocrx_word' id='word_1_532' title='bbox 1687 3479 1854 3548; x_wconf 82' lang='lat' dir='ltr'><strong>diligit</strong></span> <span class='ocrx_word' id='word_1_533' title='bbox 1881 3477 2136 3533; x_wconf 78' lang='lat' dir='ltr'><strong>Dominus</strong></span> 
     </span>
    </p>
   </div>
   <div class='ocr_carea' id='block_1_68' title="bbox 530 3570 2132 3642">
    <p class='ocr_par' dir='ltr' id='par_1_68' title="bbox 530 3570 2132 3642">
     <span class='ocr_line' id='line_1_68' title="bbox 530 3570 2132 3642; baseline -0.004 -12"><span class='ocrx_word' id='word_1_534' title='bbox 530 3585 713 3631; x_wconf 82' lang='lat' dir='ltr'><strong>sancta</strong></span> <span class='ocrx_word' id='word_1_535' title='bbox 739 3574 919 3636; x_wconf 82' lang='lat' dir='ltr'><strong>corda,</strong></span> <span class='ocrx_word' id='word_1_536' title='bbox 950 3573 1145 3642; x_wconf 72' lang='lat' dir='ltr'><strong>accepti</strong></span> <span class='ocrx_word' id='word_1_537' title='bbox 1174 3580 1293 3624; x_wconf 83' lang='lat' dir='ltr'><strong>sunt</strong></span> <span class='ocrx_word' id='word_1_538' title='bbox 1325 3579 1492 3623; x_wconf 83' lang='lat' dir='ltr'><strong>autent</strong></span> <span class='ocrx_word' id='word_1_539' title='bbox 1521 3572 1565 3624; x_wconf 89' lang='lat' dir='ltr'><strong>ei</strong></span> <span class='ocrx_word' id='word_1_540' title='bbox 1589 3570 1913 3625; x_wconf 81' lang='lat' dir='ltr'><strong>intmnculati</strong></span> <span class='ocrx_word' id='word_1_541' title='bbox 1945 3570 2132 3640; x_wconf 80' lang='lat' dir='ltr'><strong>(Prov.</strong></span> 
     </span>
    </p>
   </div>
   <div class='ocr_carea' id='block_1_69' title="bbox 533 3662 2136 3737">
    <p class='ocr_par' dir='ltr' id='par_1_69' title="bbox 533 3662 2136 3737">
     <span class='ocr_line' id='line_1_69' title="bbox 533 3662 2136 3737; baseline -0.006 -12"><span class='ocrx_word' id='word_1_542' title='bbox 533 3687 608 3736; x_wconf 71' lang='grc' dir='ltr'><strong>χι,</strong></span> <span class='ocrx_word' id='word_1_543' title='bbox 637 3669 756 3737; x_wconf 72' lang='grc' dir='ltr'>ειυ).</span> <span class='ocrx_word' id='word_1_544' title='bbox 790 3667 859 3721; x_wconf 81' lang='grc' dir='ltr'><strong>ΕΙ.</strong></span> <span class='ocrx_word' id='word_1_545' title='bbox 884 3665 1014 3719; x_wconf 84' lang='lat' dir='ltr'><strong>alibi</strong></span> <span class='ocrx_word' id='word_1_546' title='bbox 1060 3684 1072 3718; x_wconf 86' lang='lat'><strong>:</strong></span> <span class='ocrx_word' id='word_1_547' title='bbox 1117 3662 1265 3717; x_wconf 81' lang='lat' dir='ltr'><strong>Beati</strong></span> <span class='ocrx_word' id='word_1_548' title='bbox 1307 3663 1498 3716; x_wconf 83' lang='lat' dir='ltr'><strong>mundo</strong></span> <span class='ocrx_word' id='word_1_549' title='bbox 1536 3663 1709 3727; x_wconf 79' lang='lat' dir='ltr'><strong>corde,</strong></span> <span class='ocrx_word' id='word_1_550' title='bbox 1741 3664 1986 3733; x_wconf 86' lang='lat' dir='ltr'><strong>quoniam</strong></span> <span class='ocrx_word' id='word_1_551' title='bbox 2034 3665 2136 3730; x_wconf 78' lang='lat' dir='ltr'><strong>ipsi</strong></span> 
     </span>
    </p>
   </div>
   <div class='ocr_carea' id='block_1_70' title="bbox 533 3755 2136 3830">
    <p class='ocr_par' dir='ltr' id='par_1_70' title="bbox 533 3755 2136 3830">
     <span class='ocr_line' id='line_1_70' title="bbox 533 3755 2136 3830; baseline -0.006 -12"><span class='ocrx_word' id='word_1_552' title='bbox 533 3761 701 3818; x_wconf 84' lang='lat' dir='ltr'><strong>Deum</strong></span> <span class='ocrx_word' id='word_1_553' title='bbox 728 3762 968 3814; x_wconf 83' lang='lat' dir='ltr'><strong>videbunt</strong></span> <span class='ocrx_word' id='word_1_554' title='bbox 998 3757 1216 3830; x_wconf 82' lang='lat' dir='ltr'><strong>(Matth.</strong></span> <span class='ocrx_word' id='word_1_555' title='bbox 1245 3773 1300 3820; x_wconf 90' lang='lat' dir='ltr'><strong>v,</strong></span> <span class='ocrx_word' id='word_1_556' title='bbox 1330 3756 1406 3826; x_wconf 91' lang='lat'><strong>8).</strong></span> <span class='ocrx_word' id='word_1_557' title='bbox 1442 3756 1597 3821; x_wconf 80' lang='lat' dir='ltr'><strong>Quod</strong></span> <span class='ocrx_word' id='word_1_558' title='bbox 1625 3755 1693 3810; x_wconf 88' lang='lat' dir='ltr'><strong>de</strong></span> <span class='ocrx_word' id='word_1_559' title='bbox 1718 3757 1828 3810; x_wconf 85' lang='lat' dir='ltr'><strong>illis</strong></span> <span class='ocrx_word' id='word_1_560' title='bbox 1857 3755 1964 3810; x_wconf 80' lang='lat' dir='ltr'><strong>diei</strong></span> <span class='ocrx_word' id='word_1_561' title='bbox 1990 3756 2136 3812; x_wconf 86' lang='lat' dir='ltr'><strong>arbi-</strong></span> 
     </span>
    </p>
   </div>
   <div class='ocr_carea' id='block_1_71' title="bbox 532 3847 2138 3924">
    <p class='ocr_par' dir='ltr' id='par_1_71' title="bbox 532 3847 2138 3924">
     <span class='ocr_line' id='line_1_71' title="bbox 532 3847 2138 3924; baseline -0.005 -12"><span class='ocrx_word' id='word_1_562' title='bbox 532 3866 670 3920; x_wconf 77' lang='lat' dir='ltr'><strong>tror,</strong></span> <span class='ocrx_word' id='word_1_563' title='bbox 703 3868 842 3924; x_wconf 91' lang='lat' dir='ltr'><strong>quos</strong></span> <span class='ocrx_word' id='word_1_564' title='bbox 876 3850 1212 3906; x_wconf 83' lang='lat' dir='ltr'><strong>conscientia</strong></span> <span class='ocrx_word' id='word_1_565' title='bbox 1258 3849 1309 3902; x_wconf 91' lang='lat' dir='ltr'><strong>in</strong></span> <span class='ocrx_word' id='word_1_566' title='bbox 1341 3848 1486 3902; x_wconf 89' lang='lat' dir='ltr'><strong>nulla</strong></span> <span class='ocrx_word' id='word_1_567' title='bbox 1521 3847 1799 3916; x_wconf 75' lang='lat' dir='ltr'><strong>redarguit</strong></span> <span class='ocrx_word' id='word_1_568' title='bbox 1825 3848 1979 3918; x_wconf 76' lang='lat' dir='ltr'><strong>culpa</strong></span> <span class='ocrx_word' id='word_1_569' title='bbox 2012 3864 2138 3918; x_wconf 88' lang='lat' dir='ltr'><strong>pec-</strong></span> 
     </span>
    </p>
   </div>
   <div class='ocr_carea' id='block_1_72' title="bbox 532 3940 2198 4011">
    <p class='ocr_par' dir='ltr' id='par_1_72' title="bbox 532 3940 2198 4011">
     <span class='ocr_line' id='line_1_72' title="bbox 532 3940 2198 4011; baseline -0.005 -8"><span class='ocrx_word' id='word_1_570' title='bbox 532 3948 638 4003; x_wconf 90' lang='lat' dir='ltr'><strong>cati</strong></span> <span class='ocrx_word' id='word_1_571' title='bbox 659 3963 673 4011; x_wconf 90' lang='lat'><strong>;</strong></span> <span class='ocrx_word' id='word_1_572' title='bbox 697 3946 765 3999; x_wconf 89' lang='lat' dir='ltr'><strong>de</strong></span> <span class='ocrx_word' id='word_1_573' title='bbox 793 3943 996 4010; x_wconf 85' lang='lat' dir='ltr'><strong>quibus</strong></span> <span class='ocrx_word' id='word_1_574' title='bbox 1023 3949 1078 3994; x_wconf 87' lang='lat' dir='ltr'><strong>et</strong></span> <span class='ocrx_word' id='word_1_575' title='bbox 1105 3942 1370 3996; x_wconf 76' lang='lat' dir='ltr'><strong>Joannem</strong></span> <span class='ocrx_word' id='word_1_576' title='bbox 1399 3943 1450 3994; x_wconf 90' lang='lat' dir='ltr'><strong>in</strong></span> <span class='ocrx_word' id='word_1_577' title='bbox 1478 3940 1715 4009; x_wconf 57' lang='lat' dir='ltr'><strong>epistola.</strong></span> <span class='ocrx_word' id='word_1_578' title='bbox 1737 3941 1940 3996; x_wconf 78' lang='lat' dir='ltr'><strong>dixisse</strong></span> <span class='ocrx_word' id='word_1_579' title='bbox 1967 3957 2093 3996; x_wconf 87' lang='lat' dir='ltr'><strong>reor</strong></span> <span class='ocrx_word' id='word_1_580' title='bbox 2119 3960 2134 3994; x_wconf 87' lang='lat'><strong>:</strong></span> <span class='ocrx_word' id='word_1_581' title='bbox 2184 3963 2198 3980; x_wconf 71' lang='grc' dir='ltr'><strong><em>ο</em></strong></span> 
     </span>
    </p>
   </div>
   <div class='ocr_carea' id='block_1_73' title="bbox 536 4033 2136 4105">
    <p class='ocr_par' dir='ltr' id='par_1_73' title="bbox 536 4033 2136 4105">
     <span class='ocr_line' id='line_1_73' title="bbox 536 4033 2136 4105; baseline -0.006 -9"><span class='ocrx_word' id='word_1_582' title='bbox 536 4041 598 4096; x_wconf 87' lang='lat' dir='ltr'><strong>Si</strong></span> <span class='ocrx_word' id='word_1_583' title='bbox 630 4055 716 4092; x_wconf 88' lang='lat' dir='ltr'><strong>cor</strong></span> <span class='ocrx_word' id='word_1_584' title='bbox 747 4046 978 4091; x_wconf 85' lang='lat' dir='ltr'><strong>nostrum</strong></span> <span class='ocrx_word' id='word_1_585' title='bbox 1008 4051 1217 4088; x_wconf 80' lang='lat' dir='ltr'><strong>nosnon</strong></span> <span class='ocrx_word' id='word_1_586' title='bbox 1241 4033 1592 4105; x_wconf 71' lang='lat' dir='ltr'><strong>reprehendit,</strong></span> <span class='ocrx_word' id='word_1_587' title='bbox 1615 4033 1860 4102; x_wconf 80' lang='lat' dir='ltr'><strong>fiduciam</strong></span> <span class='ocrx_word' id='word_1_588' title='bbox 1890 4034 2136 4087; x_wconf 79' lang='lat' dir='ltr'><strong>habemus</strong></span> 
     </span>
    </p>
   </div>
   <div class='ocr_carea' id='block_1_74' title="bbox 535 4125 2136 4196">
    <p class='ocr_par' dir='ltr' id='par_1_74' title="bbox 535 4125 2136 4196">
     <span class='ocr_line' id='line_1_74' title="bbox 535 4125 2136 4196; baseline -0.005 -8"><span class='ocrx_word' id='word_1_589' title='bbox 535 4130 604 4188; x_wconf 82' lang='lat' dir='ltr'><strong>ad</strong></span> <span class='ocrx_word' id='word_1_590' title='bbox 640 4128 837 4191; x_wconf 85' lang='lat' dir='ltr'><strong>Deum;</strong></span> <span class='ocrx_word' id='word_1_591' title='bbox 871 4136 920 4182; x_wconf 89' lang='lat' dir='ltr'><strong>et</strong></span> <span class='ocrx_word' id='word_1_592' title='bbox 965 4141 1296 4196; x_wconf 66' lang='lat' dir='ltr'><strong>quaecumque</strong></span> <span class='ocrx_word' id='word_1_593' title='bbox 1323 4127 1620 4196; x_wconf 81' lang='lat' dir='ltr'><strong>petierimus</strong></span> <span class='ocrx_word' id='word_1_594' title='bbox 1648 4125 1960 4194; x_wconf 76' lang='lat' dir='ltr'><strong>accipiemus</strong></span> <span class='ocrx_word' id='word_1_595' title='bbox 1989 4127 2052 4180; x_wconf 82' lang='lat' dir='ltr'><strong>ab</strong></span> <span class='ocrx_word' id='word_1_596' title='bbox 2077 4144 2136 4180; x_wconf 88' lang='lat' dir='ltr'><strong>eo</strong></span> 
     </span>
    </p>
   </div>
   <div class='ocr_carea' id='block_1_75' title="bbox 536 4216 2132 4295">
    <p class='ocr_par' dir='ltr' id='par_1_75' title="bbox 536 4216 2132 4295">
     <span class='ocr_line' id='line_1_75' title="bbox 536 4216 2132 4295; baseline -0.002 -18"><span class='ocrx_word' id='word_1_597' title='bbox 536 4220 770 4295; x_wconf 88' lang='lat' dir='ltr'><strong>(lJoan.</strong></span> <span class='ocrx_word' id='word_1_598' title='bbox 803 4218 1032 4288; x_wconf 75' lang='lat' dir='ltr'><strong>ut,‘21).</strong></span> <span class='ocrx_word' id='word_1_599' title='bbox 1077 4216 1212 4270; x_wconf 86' lang='lat' dir='ltr'><strong>Nolo</strong></span> <span class='ocrx_word' id='word_1_600' title='bbox 1261 4216 1538 4271; x_wconf 77' lang='lat' dir='ltr'><strong>existimes</strong></span> <span class='ocrx_word' id='word_1_601' title='bbox 1587 4227 1637 4271; x_wconf 90' lang='lat' dir='ltr'><strong>te</strong></span> <span class='ocrx_word' id='word_1_602' title='bbox 1685 4219 1889 4285; x_wconf 88' lang='lat' dir='ltr'><strong>peccati</strong></span> <span class='ocrx_word' id='word_1_603' title='bbox 1929 4220 2132 4274; x_wconf 88' lang='lat' dir='ltr'><strong>crimen</strong></span> 
     </span>
    </p>
   </div>
   <div class='ocr_carea' id='block_1_76' title="bbox 537 4311 2136 4388">
    <p class='ocr_par' dir='ltr' id='par_1_76' title="bbox 537 4311 2136 4388">
     <span class='ocr_line' id='line_1_76' title="bbox 537 4311 2136 4388; baseline -0.001 -17"><span class='ocrx_word' id='word_1_604' title='bbox 537 4315 764 4388; x_wconf 82' lang='lat' dir='ltr'><strong>fugisse,</strong></span> <span class='ocrx_word' id='word_1_605' title='bbox 809 4314 854 4368; x_wconf 90' lang='lat' dir='ltr'><strong>si</strong></span> <span class='ocrx_word' id='word_1_606' title='bbox 899 4313 1232 4366; x_wconf 87' lang='lat' dir='ltr'><strong>voluntatem</strong></span> <span class='ocrx_word' id='word_1_607' title='bbox 1279 4326 1385 4365; x_wconf 90' lang='lat' dir='ltr'><strong>non</strong></span> <span class='ocrx_word' id='word_1_608' title='bbox 1435 4323 1690 4381; x_wconf 88' lang='lat' dir='ltr'><strong>sequatur</strong></span> <span class='ocrx_word' id='word_1_609' title='bbox 1733 4311 1981 4377; x_wconf 82' lang='lat' dir='ltr'><strong>effectus,</strong></span> <span class='ocrx_word' id='word_1_610' title='bbox 2009 4330 2136 4370; x_wconf 89' lang='lat' dir='ltr'><strong>eum</strong></span> 
     </span>
    </p>
   </div>
   <div class='ocr_carea' id='block_1_77' title="bbox 537 4403 2139 4480">
    <p class='ocr_par' dir='ltr' id='par_1_77' title="bbox 537 4403 2139 4480">
     <span class='ocr_line' id='line_1_77' title="bbox 537 4403 2139 4480; baseline -0.004 -12"><span class='ocrx_word' id='word_1_611' title='bbox 537 4412 798 4480; x_wconf 88' lang='lat' dir='ltr'><strong>scriptum</strong></span> <span class='ocrx_word' id='word_1_612' title='bbox 832 4407 937 4462; x_wconf 90' lang='lat' dir='ltr'><strong>sit:</strong></span> <span class='ocrx_word' id='word_1_613' title='bbox 964 4406 1280 4474; x_wconf 80' lang='lat' dir='ltr'><strong>Quicumque</strong></span> <span class='ocrx_word' id='word_1_614' title='bbox 1319 4405 1504 4458; x_wconf 82' lang='lat' dir='ltr'><strong>viderit</strong></span> <span class='ocrx_word' id='word_1_615' title='bbox 1540 4403 1806 4458; x_wconf 84' lang='lat' dir='ltr'><strong>mulierem</strong></span> <span class='ocrx_word' id='word_1_616' title='bbox 1845 4408 1912 4458; x_wconf 86' lang='lat' dir='ltr'><strong>ad</strong></span> <span class='ocrx_word' id='word_1_617' title='bbox 1948 4423 2139 4462; x_wconf 84' lang='lat' dir='ltr'><strong>concu-</strong></span> 
     </span>
    </p>
   </div>
   <div class='ocr_carea' id='block_1_78' title="bbox 539 4502 2134 4578">
    <p class='ocr_par' dir='ltr' id='par_1_78' title="bbox 539 4502 2134 4578">
     <span class='ocr_line' id='line_1_78' title="bbox 539 4502 2134 4578; baseline -0.002 -17"><span class='ocrx_word' id='word_1_618' title='bbox 539 4506 858 4578; x_wconf 78' lang='lat' dir='ltr'><strong>piscendum,</strong></span> <span class='ocrx_word' id='word_1_619' title='bbox 876 4506 992 4577; x_wconf 86' lang='lat' dir='ltr'><strong>jam</strong></span> <span class='ocrx_word' id='word_1_620' title='bbox 1019 4503 1304 4555; x_wconf 75' lang='lat' dir='ltr'><strong>mmchatus</strong></span> <span class='ocrx_word' id='word_1_621' title='bbox 1331 4511 1408 4553; x_wconf 84' lang='lat' dir='ltr'><strong>est</strong></span> <span class='ocrx_word' id='word_1_622' title='bbox 1440 4518 1552 4554; x_wconf 88' lang='lat' dir='ltr'><strong>eam</strong></span> <span class='ocrx_word' id='word_1_623' title='bbox 1577 4502 1629 4554; x_wconf 91' lang='lat' dir='ltr'><strong>in</strong></span> <span class='ocrx_word' id='word_1_624' title='bbox 1655 4502 1810 4555; x_wconf 82' lang='lat' dir='ltr'><strong>corde</strong></span> <span class='ocrx_word' id='word_1_625' title='bbox 1830 4519 1924 4555; x_wconf 83' lang='lat' dir='ltr'><strong>suo</strong></span> <span class='ocrx_word' id='word_1_626' title='bbox 1955 4503 2134 4574; x_wconf 71' lang='lat' dir='ltr'><strong>(Matt.</strong></span> 
     </span>
    </p>
   </div>
   <div class='ocr_carea' id='block_1_79' title="bbox 2240 3307 3851 3374">
    <p class='ocr_par' dir='ltr' id='par_1_79' title="bbox 2240 3307 3851 3374">
     <span class='ocr_line' id='line_1_79' title="bbox 2240 3307 3851 3374; baseline 0 -16"><span class='ocrx_word' id='word_1_627' title='bbox 2240 3319 2293 3360; x_wconf 87' lang='lat' dir='ltr'><strong>rt</strong></span> <span class='ocrx_word' id='word_1_628' title='bbox 2329 3307 2602 3374; x_wconf 56' lang='lat' dir='ltr'><strong>pudicitia:</strong></span> <span class='ocrx_word' id='word_1_629' title='bbox 2631 3308 2822 3372; x_wconf 83' lang='lat' dir='ltr'><strong>virtus,</strong></span> <span class='ocrx_word' id='word_1_630' title='bbox 2850 3307 2893 3360; x_wconf 89' lang='lat' dir='ltr'><strong>si</strong></span> <span class='ocrx_word' id='word_1_631' title='bbox 2922 3323 3027 3360; x_wconf 86' lang='lat' dir='ltr'><strong>non</strong></span> <span class='ocrx_word' id='word_1_632' title='bbox 3057 3308 3177 3359; x_wconf 91' lang='lat' dir='ltr'><strong>aliis</strong></span> <span class='ocrx_word' id='word_1_633' title='bbox 3201 3315 3549 3372; x_wconf 67' lang='lat' dir='ltr'><strong>[tt‘CCﬂlOI‘Ulll</strong></span> <span class='ocrx_word' id='word_1_634' title='bbox 3579 3315 3632 3359; x_wconf 84' lang='lat' dir='ltr'><strong>et</strong></span> <span class='ocrx_word' id='word_1_635' title='bbox 3667 3319 3851 3358; x_wconf 84' lang='lat' dir='ltr'><strong>macu-</strong></span> 
     </span>
    </p>
   </div>
   <div class='ocr_carea' id='block_1_80' title="bbox 2241 3397 3845 3468">
    <p class='ocr_par' dir='ltr' id='par_1_80' title="bbox 2241 3397 3845 3468">
     <span class='ocr_line' id='line_1_80' title="bbox 2241 3397 3845 3468; baseline -0.001 -16"><span class='ocrx_word' id='word_1_636' title='bbox 2241 3399 2413 3452; x_wconf 84' lang='lat' dir='ltr'><strong>larum</strong></span> <span class='ocrx_word' id='word_1_637' title='bbox 2460 3397 2707 3468; x_wconf 83' lang='lat' dir='ltr'><strong>lapsibus</strong></span> <span class='ocrx_word' id='word_1_638' title='bbox 2750 3399 3077 3452; x_wconf 85' lang='lat' dir='ltr'><strong>inlirmetur.</strong></span> <span class='ocrx_word' id='word_1_639' title='bbox 3119 3397 3370 3466; x_wconf 76' lang='lat' dir='ltr'><strong>Agnosce</strong></span> <span class='ocrx_word' id='word_1_640' title='bbox 3421 3403 3619 3450; x_wconf 78' lang='lat' dir='ltr'><strong>statum</strong></span> <span class='ocrx_word' id='word_1_641' title='bbox 3673 3402 3845 3462; x_wconf 87' lang='lat' dir='ltr'><strong>tuum,</strong></span> 
     </span>
    </p>
   </div>
   <div class='ocr_carea' id='block_1_81' title="bbox 2240 3481 3846 3562">
    <p class='ocr_par' dir='ltr' id='par_1_81' title="bbox 2240 3481 3846 3562">
     <span class='ocr_line' id='line_1_81' title="bbox 2240 3481 3846 3562; baseline -0.001 -18"><span class='ocrx_word' id='word_1_642' title='bbox 2240 3505 2476 3562; x_wconf 48' lang='lat' dir='ltr'><strong>agnosce</strong></span> <span class='ocrx_word' id='word_1_643' title='bbox 2518 3492 2718 3555; x_wconf 78' lang='lat' dir='ltr'><strong>locant,</strong></span> <span class='ocrx_word' id='word_1_644' title='bbox 2749 3481 2986 3561; x_wconf 80' lang='lat' dir='ltr'><strong>agnosce</strong></span> <span class='ocrx_word' id='word_1_645' title='bbox 3013 3489 3369 3558; x_wconf 82' lang='lat' dir='ltr'><strong>propositum.</strong></span> <span class='ocrx_word' id='word_1_646' title='bbox 3401 3487 3602 3542; x_wconf 80' lang='lat' dir='ltr'><strong>Chriin</strong></span> <span class='ocrx_word' id='word_1_647' title='bbox 3647 3503 3846 3558; x_wconf 63' lang='lat' dir='ltr'><strong>sponsa</strong></span> 
     </span>
    </p>
   </div>
   <div class='ocr_carea' id='block_1_82' title="bbox 2242 3583 3848 3656">
    <p class='ocr_par' dir='ltr' id='par_1_82' title="bbox 2242 3583 3848 3656">
     <span class='ocr_line' id='line_1_82' title="bbox 2242 3583 3848 3656; baseline -0.005 -14"><span class='ocrx_word' id='word_1_648' title='bbox 2242 3588 2462 3642; x_wconf 80' lang='lat' dir='ltr'><strong>diceris.</strong></span> <span class='ocrx_word' id='word_1_649' title='bbox 2516 3585 2652 3642; x_wconf 88' lang='lat' dir='ltr'><strong>Vide</strong></span> <span class='ocrx_word' id='word_1_650' title='bbox 2683 3602 2751 3640; x_wconf 88' lang='lat' dir='ltr'><strong>ne</strong></span> <span class='ocrx_word' id='word_1_651' title='bbox 2800 3587 2928 3656; x_wconf 87' lang='lat' dir='ltr'><strong>quid</strong></span> <span class='ocrx_word' id='word_1_652' title='bbox 2964 3585 3243 3654; x_wconf 85' lang='lat' dir='ltr'><strong>indignum</strong></span> <span class='ocrx_word' id='word_1_653' title='bbox 3293 3584 3341 3636; x_wconf 85' lang='lat' dir='ltr'><strong>ei</strong></span> <span class='ocrx_word' id='word_1_654' title='bbox 3390 3584 3474 3636; x_wconf 89' lang='lat' dir='ltr'><strong>cui</strong></span> <span class='ocrx_word' id='word_1_655' title='bbox 3521 3583 3848 3651; x_wconf 71' lang='lat' dir='ltr'><strong>desponsata</strong></span> 
     </span>
    </p>
   </div>
   <div class='ocr_carea' id='block_1_83' title="bbox 2241 3673 3849 3746">
    <p class='ocr_par' dir='ltr' id='par_1_83' title="bbox 2241 3673 3849 3746">
     <span class='ocr_line' id='line_1_83' title="bbox 2241 3673 3849 3746; baseline -0.002 -14"><span class='ocrx_word' id='word_1_656' title='bbox 2241 3681 2444 3736; x_wconf 84' lang='lat' dir='ltr'><strong>videris</strong></span> <span class='ocrx_word' id='word_1_657' title='bbox 2475 3680 2746 3734; x_wconf 84' lang='lat' dir='ltr'><strong>admittas.</strong></span> <span class='ocrx_word' id='word_1_658' title='bbox 2775 3677 2895 3733; x_wconf 88' lang='lat' dir='ltr'><strong>Cito</strong></span> <span class='ocrx_word' id='word_1_659' title='bbox 2942 3677 3148 3732; x_wconf 88' lang='lat' dir='ltr'><strong>scribet</strong></span> <span class='ocrx_word' id='word_1_660' title='bbox 3181 3678 3488 3746; x_wconf 86' lang='lat' dir='ltr'><strong>repudium,</strong></span> <span class='ocrx_word' id='word_1_661' title='bbox 3520 3676 3564 3728; x_wconf 88' lang='lat' dir='ltr'><strong>si</strong></span> <span class='ocrx_word' id='word_1_662' title='bbox 3599 3675 3650 3728; x_wconf 90' lang='lat' dir='ltr'><strong>in</strong></span> <span class='ocrx_word' id='word_1_663' title='bbox 3679 3683 3730 3727; x_wconf 92' lang='lat' dir='ltr'><strong>te</strong></span> <span class='ocrx_word' id='word_1_664' title='bbox 3757 3673 3849 3728; x_wconf 80' lang='lat' dir='ltr'><strong>vel</strong></span> 
     </span>
    </p>
   </div>
   <div class='ocr_carea' id='block_1_84' title="bbox 2244 3765 3851 3837">
    <p class='ocr_par' dir='ltr' id='par_1_84' title="bbox 2244 3765 3851 3837">
     <span class='ocr_line' id='line_1_84' title="bbox 2244 3765 3851 3837; baseline -0.006 -9"><span class='ocrx_word' id='word_1_665' title='bbox 2244 3789 2412 3828; x_wconf 89' lang='lat' dir='ltr'><strong>unum</strong></span> <span class='ocrx_word' id='word_1_666' title='bbox 2455 3773 2649 3826; x_wconf 83' lang='lat' dir='ltr'><strong>viderit</strong></span> <span class='ocrx_word' id='word_1_667' title='bbox 2690 3769 3042 3826; x_wconf 89' lang='lat' dir='ltr'><strong>adulterium.</strong></span> <span class='ocrx_word' id='word_1_668' title='bbox 3075 3770 3439 3837; x_wconf 73' lang='lat' dir='ltr'><strong>Qua-cumque</strong></span> <span class='ocrx_word' id='word_1_669' title='bbox 3481 3781 3615 3837; x_wconf 83' lang='lat' dir='ltr'><strong>ergo</strong></span> <span class='ocrx_word' id='word_1_670' title='bbox 3660 3765 3851 3819; x_wconf 80' lang='lat' dir='ltr'><strong>huma-</strong></span> 
     </span>
    </p>
   </div>
   <div class='ocr_carea' id='block_1_85' title="bbox 2245 3859 3848 3934">
    <p class='ocr_par' dir='ltr' id='par_1_85' title="bbox 2245 3859 3848 3934">
     <span class='ocr_line' id='line_1_85' title="bbox 2245 3859 3848 3934; baseline -0.006 -15"><span class='ocrx_word' id='word_1_671' title='bbox 2245 3881 2438 3920; x_wconf 90' lang='lat' dir='ltr'><strong>norum</strong></span> <span class='ocrx_word' id='word_1_672' title='bbox 2469 3866 2872 3934; x_wconf 78' lang='lat' dir='ltr'><strong>Sponsaliorum</strong></span> <span class='ocrx_word' id='word_1_673' title='bbox 2897 3861 3218 3932; x_wconf 75' lang='lat' dir='ltr'><strong>pignoribus</strong></span> <span class='ocrx_word' id='word_1_674' title='bbox 3243 3871 3264 3899; x_wconf 76' lang='grc' dir='ltr'><strong>ο</strong></span> <span class='ocrx_word' id='word_1_675' title='bbox 3285 3860 3630 3922; x_wconf 81' lang='lat' dir='ltr'><strong>obarrhatur,</strong></span> <span class='ocrx_word' id='word_1_676' title='bbox 3664 3859 3848 3912; x_wconf 75' lang='lat' dir='ltr'><strong>Statim</strong></span> 
     </span>
    </p>
   </div>
   <div class='ocr_carea' id='block_1_86' title="bbox 2244 3948 3850 4018">
    <p class='ocr_par' dir='ltr' id='par_1_86' title="bbox 2244 3948 3850 4018">
     <span class='ocr_line' id='line_1_86' title="bbox 2244 3948 3850 4018; baseline -0.005 -8"><span class='ocrx_word' id='word_1_677' title='bbox 2244 3973 2273 4010; x_wconf 90' lang='lat' dir='ltr'><strong>a</strong></span> <span class='ocrx_word' id='word_1_678' title='bbox 2295 3956 2630 4016; x_wconf 71' lang='lat' dir='ltr'><strong>domesticis,</strong></span> <span class='ocrx_word' id='word_1_679' title='bbox 2649 3973 2675 4007; x_wconf 91' lang='lat' dir='ltr'><strong>a</strong></span> <span class='ocrx_word' id='word_1_680' title='bbox 2703 3954 3086 4018; x_wconf 81' lang='lat' dir='ltr'><strong>familiaribus,</strong></span> <span class='ocrx_word' id='word_1_681' title='bbox 3106 3954 3172 4006; x_wconf 79' lang='lat' dir='ltr'><strong>ab</strong></span> <span class='ocrx_word' id='word_1_682' title='bbox 3197 3953 3386 4006; x_wconf 75' lang='lat' dir='ltr'><strong>amicis</strong></span> <span class='ocrx_word' id='word_1_683' title='bbox 3413 3951 3596 4018; x_wconf 89' lang='lat' dir='ltr'><strong>sponsi</strong></span> <span class='ocrx_word' id='word_1_684' title='bbox 3621 3948 3850 4002; x_wconf 71' lang='grc' dir='ltr'><strong>εινιῑίρίιε</strong></span> 
     </span>
    </p>
   </div>
   <div class='ocr_carea' id='block_1_87' title="bbox 2243 4039 3852 4117">
    <p class='ocr_par' dir='ltr' id='par_1_87' title="bbox 2243 4039 3852 4117">
     <span class='ocr_line' id='line_1_87' title="bbox 2243 4039 3852 4117; baseline -0.006 -16"><span class='ocrx_word' id='word_1_685' title='bbox 2243 4062 2308 4101; x_wconf 87' lang='lat' dir='ltr'><strong>ac</strong></span> <span class='ocrx_word' id='word_1_686' title='bbox 2334 4048 2624 4117; x_wconf 80' lang='lat' dir='ltr'><strong>diligenter</strong></span> <span class='ocrx_word' id='word_1_687' title='bbox 2654 4046 2889 4117; x_wconf 85' lang='lat' dir='ltr'><strong>requirit</strong></span> <span class='ocrx_word' id='word_1_688' title='bbox 2913 4056 2966 4101; x_wconf 89' lang='lat' dir='ltr'><strong>et</strong></span> <span class='ocrx_word' id='word_1_689' title='bbox 2997 4044 3228 4099; x_wconf 77' lang='lat' dir='ltr'><strong>servulis</strong></span> <span class='ocrx_word' id='word_1_690' title='bbox 3255 4085 3268 4106; x_wconf 91' lang='lat'><strong>,</strong></span> <span class='ocrx_word' id='word_1_691' title='bbox 3302 4043 3492 4112; x_wconf 77' lang='lat' dir='ltr'><strong>quales</strong></span> <span class='ocrx_word' id='word_1_692' title='bbox 3512 4042 3727 4111; x_wconf 87' lang='lat' dir='ltr'><strong>juvenis</strong></span> <span class='ocrx_word' id='word_1_693' title='bbox 3757 4039 3852 4092; x_wconf 89' lang='lat' dir='ltr'><strong>ha-</strong></span> 
     </span>
    </p>
   </div>
   <div class='ocr_carea' id='block_1_88' title="bbox 2244 4133 3845 4208">
    <p class='ocr_par' dir='ltr' id='par_1_88' title="bbox 2244 4133 3845 4208">
     <span class='ocr_line' id='line_1_88' title="bbox 2244 4133 3845 4208; baseline -0.009 -12"><span class='ocrx_word' id='word_1_694' title='bbox 2244 4141 2374 4196; x_wconf 84' lang='lat' dir='ltr'><strong>heat</strong></span> <span class='ocrx_word' id='word_1_695' title='bbox 2403 4156 2606 4205; x_wconf 83' lang='lat' dir='ltr'><strong>mores,</strong></span> <span class='ocrx_word' id='word_1_696' title='bbox 2638 4140 2765 4208; x_wconf 90' lang='lat' dir='ltr'><strong>quid</strong></span> <span class='ocrx_word' id='word_1_697' title='bbox 2814 4137 3154 4208; x_wconf 86' lang='lat' dir='ltr'><strong>potissimum</strong></span> <span class='ocrx_word' id='word_1_698' title='bbox 3188 4135 3397 4203; x_wconf 80' lang='lat' dir='ltr'><strong>diligat,</strong></span> <span class='ocrx_word' id='word_1_699' title='bbox 3426 4133 3554 4203; x_wconf 81' lang='lat' dir='ltr'><strong>quid</strong></span> <span class='ocrx_word' id='word_1_700' title='bbox 3587 4133 3845 4198; x_wconf 83' lang='lat' dir='ltr'><strong>accipiat,</strong></span> 
     </span>
    </p>
   </div>
   <div class='ocr_carea' id='block_1_89' title="bbox 2245 4227 3850 4302">
    <p class='ocr_par' dir='ltr' id='par_1_89' title="bbox 2245 4227 3850 4302">
     <span class='ocr_line' id='line_1_89' title="bbox 2245 4227 3850 4302; baseline -0.004 -17"><span class='ocrx_word' id='word_1_701' title='bbox 2245 4251 2354 4302; x_wconf 77' lang='lat' dir='ltr'><strong>quo</strong></span> <span class='ocrx_word' id='word_1_702' title='bbox 2400 4249 2496 4288; x_wconf 88' lang='lat' dir='ltr'><strong>usu</strong></span> <span class='ocrx_word' id='word_1_703' title='bbox 2551 4234 2728 4296; x_wconf 83' lang='lat' dir='ltr'><strong>vivat,</strong></span> <span class='ocrx_word' id='word_1_704' title='bbox 2759 4248 2862 4302; x_wconf 82' lang='lat' dir='ltr'><strong>qua</strong></span> <span class='ocrx_word' id='word_1_705' title='bbox 2909 4247 2969 4287; x_wconf 91' lang='lat' dir='ltr'><strong>se</strong></span> <span class='ocrx_word' id='word_1_706' title='bbox 2995 4229 3392 4286; x_wconf 76' lang='lat' dir='ltr'><strong>consuetudine</strong></span> <span class='ocrx_word' id='word_1_707' title='bbox 3440 4237 3610 4296; x_wconf 76' lang='lat' dir='ltr'><strong>regat,</strong></span> <span class='ocrx_word' id='word_1_708' title='bbox 3654 4227 3850 4295; x_wconf 86' lang='lat' dir='ltr'><strong>quibus</strong></span> 
     </span>
    </p>
   </div>
   <div class='ocr_carea' id='block_1_90' title="bbox 2249 4318 3850 4394">
    <p class='ocr_par' dir='ltr' id='par_1_90' title="bbox 2249 4318 3850 4394">
     <span class='ocr_line' id='line_1_90' title="bbox 2249 4318 3850 4394; baseline -0.006 -13"><span class='ocrx_word' id='word_1_709' title='bbox 2249 4335 2432 4381; x_wconf 79' lang='lat' dir='ltr'><strong>utatur</strong></span> <span class='ocrx_word' id='word_1_710' title='bbox 2462 4325 2715 4394; x_wconf 78' lang='lat' dir='ltr'><strong>dapibus,</strong></span> <span class='ocrx_word' id='word_1_711' title='bbox 2745 4326 2798 4379; x_wconf 92' lang='lat' dir='ltr'><strong>in</strong></span> <span class='ocrx_word' id='word_1_712' title='bbox 2845 4323 3042 4394; x_wconf 89' lang='lat' dir='ltr'><strong>quibus</strong></span> <span class='ocrx_word' id='word_1_713' title='bbox 3074 4322 3312 4375; x_wconf 87' lang='lat' dir='ltr'><strong>maxime</strong></span> <span class='ocrx_word' id='word_1_714' title='bbox 3357 4319 3521 4374; x_wconf 92' lang='lat' dir='ltr'><strong>rebus</strong></span> <span class='ocrx_word' id='word_1_715' title='bbox 3548 4318 3850 4372; x_wconf 88' lang='lat' dir='ltr'><strong>delectetur</strong></span> 
     </span>
    </p>
   </div>
   <div class='ocr_carea' id='block_1_91' title="bbox 2246 4410 3851 4489">
    <p class='ocr_par' dir='ltr' id='par_1_91' title="bbox 2246 4410 3851 4489">
     <span class='ocr_line' id='line_1_91' title="bbox 2246 4410 3851 4489; baseline -0.007 -15"><span class='ocrx_word' id='word_1_716' title='bbox 2246 4430 2295 4474; x_wconf 91' lang='lat' dir='ltr'><strong>et</strong></span> <span class='ocrx_word' id='word_1_717' title='bbox 2331 4420 2583 4489; x_wconf 85' lang='lat' dir='ltr'><strong>gaudeat.</strong></span> <span class='ocrx_word' id='word_1_718' title='bbox 2619 4420 2748 4486; x_wconf 79' lang='lat' dir='ltr'><strong>Quae</strong></span> <span class='ocrx_word' id='word_1_719' title='bbox 2790 4433 2910 4471; x_wconf 88' lang='lat' dir='ltr'><strong>cum</strong></span> <span class='ocrx_word' id='word_1_720' title='bbox 2957 4415 3231 4477; x_wconf 81' lang='lat' dir='ltr'><strong>didicerit,</strong></span> <span class='ocrx_word' id='word_1_721' title='bbox 3275 4413 3346 4466; x_wconf 89' lang='lat' dir='ltr'><strong>ita</strong></span> <span class='ocrx_word' id='word_1_722' title='bbox 3396 4428 3456 4466; x_wconf 86' lang='lat' dir='ltr'><strong>se</strong></span> <span class='ocrx_word' id='word_1_723' title='bbox 3504 4411 3556 4464; x_wconf 86' lang='lat' dir='ltr'><strong>in</strong></span> <span class='ocrx_word' id='word_1_724' title='bbox 3595 4410 3851 4464; x_wconf 86' lang='lat' dir='ltr'><strong>omnibus</strong></span> 
     </span>
    </p>
   </div>
   <div class='ocr_carea' id='block_1_92' title="bbox 2250 4503 3850 4585">
    <p class='ocr_par' dir='ltr' id='par_1_92' title="bbox 2250 4503 3850 4585">
     <span class='ocr_line' id='line_1_92' title="bbox 2250 4503 3850 4585; baseline -0.008 -17"><span class='ocrx_word' id='word_1_725' title='bbox 2250 4523 2513 4585; x_wconf 88' lang='lat' dir='ltr'><strong>temperat</strong></span> <span class='ocrx_word' id='word_1_726' title='bbox 2560 4523 2616 4567; x_wconf 89' lang='lat' dir='ltr'><strong>ut</strong></span> <span class='ocrx_word' id='word_1_727' title='bbox 2655 4513 2839 4583; x_wconf 65' lang='lat' dir='ltr'><strong>sponsi</strong></span> <span class='ocrx_word' id='word_1_728' title='bbox 2873 4511 3116 4564; x_wconf 90' lang='lat' dir='ltr'><strong>moribus</strong></span> <span class='ocrx_word' id='word_1_729' title='bbox 3159 4522 3316 4561; x_wconf 80' lang='lat' dir='ltr'><strong>suum</strong></span> <span class='ocrx_word' id='word_1_730' title='bbox 3359 4503 3719 4574; x_wconf 88' lang='lat' dir='ltr'><strong>obsequium,</strong></span> <span class='ocrx_word' id='word_1_731' title='bbox 3751 4518 3850 4557; x_wconf 90' lang='lat' dir='ltr'><strong>sua</strong></span> 
     </span>
    </p>
   </div>
   <div class='ocr_carea' id='block_1_93' title="bbox 539 4583 2141 4676">
    <p class='ocr_par' dir='ltr' id='par_1_93' title="bbox 539 4583 2132 4671">
     <span class='ocr_line' id='line_1_93' title="bbox 539 4583 2132 4671; baseline -0.002 -16"><span class='ocrx_word' id='word_1_732' title='bbox 539 4616 594 4667; x_wconf 87' lang='lat' dir='ltr'><strong>v,</strong></span> <span class='ocrx_word' id='word_1_733' title='bbox 624 4597 740 4671; x_wconf 67' lang='lat'><strong>28).</strong></span> <span class='ocrx_word' id='word_1_734' title='bbox 764 4596 843 4653; x_wconf 80' lang='lat' dir='ltr'><strong>Ne</strong></span> <span class='ocrx_word' id='word_1_735' title='bbox 869 4597 1018 4650; x_wconf 85' lang='lat' dir='ltr'><strong>dicas</strong></span> <span class='ocrx_word' id='word_1_736' title='bbox 1044 4583 1326 4664; x_wconf 56' lang='lat' dir='ltr'><strong>{Cogitavi</strong></span> <span class='ocrx_word' id='word_1_737' title='bbox 1356 4594 1569 4662; x_wconf 82' lang='lat' dir='ltr'><strong>quidem</strong></span> <span class='ocrx_word' id='word_1_738' title='bbox 1589 4635 1603 4661; x_wconf 93' lang='lat'><strong>,</strong></span> <span class='ocrx_word' id='word_1_739' title='bbox 1628 4596 1722 4649; x_wconf 88' lang='lat' dir='ltr'><strong>sed</strong></span> <span class='ocrx_word' id='word_1_740' title='bbox 1755 4613 1860 4650; x_wconf 90' lang='lat' dir='ltr'><strong>non</strong></span> <span class='ocrx_word' id='word_1_741' title='bbox 1896 4598 2091 4664; x_wconf 81' lang='lat' dir='ltr'><strong>perfeci</strong></span> <span class='ocrx_word' id='word_1_742' title='bbox 2120 4617 2132 4662; x_wconf 90' lang='lat'><strong>;</strong></span> 
     </span>
    </p>
   </div>
   <div class='ocr_carea' id='block_1_94' title="bbox 2246 4583 3852 4676">
    <p class='ocr_par' dir='ltr' id='par_1_94' title="bbox 2246 4583 3852 4676">
     <span class='ocr_line' id='line_1_94' title="bbox 2246 4583 3852 4676; baseline -0.006 -17"><span class='ocrx_word' id='word_1_743' title='bbox 2246 4583 2578 4676; x_wconf 82' lang='lat' dir='ltr'><strong>jucunditas,</strong></span> <span class='ocrx_word' id='word_1_744' title='bbox 2609 4620 2703 4658; x_wconf 88' lang='lat' dir='ltr'><strong>sua</strong></span> <span class='ocrx_word' id='word_1_745' title='bbox 2729 4603 2976 4670; x_wconf 86' lang='lat' dir='ltr'><strong>dilectio,</strong></span> <span class='ocrx_word' id='word_1_746' title='bbox 3001 4617 3098 4656; x_wconf 91' lang='lat' dir='ltr'><strong>sua</strong></span> <span class='ocrx_word' id='word_1_747' title='bbox 3119 4601 3422 4669; x_wconf 82' lang='lat' dir='ltr'><strong>diligentia,</strong></span> <span class='ocrx_word' id='word_1_748' title='bbox 3452 4614 3547 4654; x_wconf 90' lang='lat' dir='ltr'><strong>sua</strong></span> <span class='ocrx_word' id='word_1_749' title='bbox 3582 4598 3688 4650; x_wconf 87' lang='lat' dir='ltr'><strong>vita</strong></span> <span class='ocrx_word' id='word_1_750' title='bbox 3719 4611 3852 4650; x_wconf 79' lang='lat' dir='ltr'><strong>con-</strong></span> 
     </span>
    </p>
   </div>
   <div class='ocr_carea' id='block_1_95' title="bbox 538 4687 2136 4765">
    <p class='ocr_par' dir='ltr' id='par_1_95' title="bbox 538 4687 2136 4765">
     <span class='ocr_line' id='line_1_95' title="bbox 538 4687 2136 4765; baseline -0.009 -15"><span class='ocrx_word' id='word_1_751' title='bbox 538 4692 794 4765; x_wconf 81' lang='lat' dir='ltr'><strong>qUOniam</strong></span> <span class='ocrx_word' id='word_1_752' title='bbox 835 4689 998 4745; x_wconf 89' lang='lat' dir='ltr'><strong>etiam</strong></span> <span class='ocrx_word' id='word_1_753' title='bbox 1039 4687 1428 4755; x_wconf 77' lang='lat' dir='ltr'><strong>concupis‘t‘ere</strong></span> <span class='ocrx_word' id='word_1_754' title='bbox 1479 4687 1628 4741; x_wconf 74' lang='lat' dir='ltr'><strong>nefas</strong></span> <span class='ocrx_word' id='word_1_755' title='bbox 1669 4697 1784 4753; x_wconf 84' lang='lat' dir='ltr'><strong>est,</strong></span> <span class='ocrx_word' id='word_1_756' title='bbox 1828 4690 1971 4759; x_wconf 86' lang='lat' dir='ltr'><strong>quod</strong></span> <span class='ocrx_word' id='word_1_757' title='bbox 2020 4692 2136 4748; x_wconf 68' lang='lat' dir='ltr'><strong>ﬁeri</strong></span> 
     </span>
    </p>
   </div>
   <div class='ocr_carea' id='block_1_96' title="bbox 540 4778 2133 4851">
    <p class='ocr_par' dir='ltr' id='par_1_96' title="bbox 540 4778 2133 4851">
     <span class='ocr_line' id='line_1_96' title="bbox 540 4778 2133 4851; baseline -0.001 -12"><span class='ocrx_word' id='word_1_758' title='bbox 540 4787 746 4840; x_wconf 90' lang='lat' dir='ltr'><strong>crimen</strong></span> <span class='ocrx_word' id='word_1_759' title='bbox 779 4793 882 4837; x_wconf 89' lang='lat' dir='ltr'><strong>cst.</strong></span> <span class='ocrx_word' id='word_1_760' title='bbox 917 4779 1068 4835; x_wconf 90' lang='lat' dir='ltr'><strong>Unde</strong></span> <span class='ocrx_word' id='word_1_761' title='bbox 1100 4789 1153 4831; x_wconf 83' lang='lat' dir='ltr'><strong>et</strong></span> <span class='ocrx_word' id='word_1_762' title='bbox 1179 4778 1368 4834; x_wconf 83' lang='lat' dir='ltr'><strong>beatus</strong></span> <span class='ocrx_word' id='word_1_763' title='bbox 1415 4778 1607 4833; x_wconf 86' lang='lat' dir='ltr'><strong>Petrus</strong></span> <span class='ocrx_word' id='word_1_764' title='bbox 1639 4783 1884 4851; x_wconf 78' lang='lat' dir='ltr'><strong>praecipit</strong></span> <span class='ocrx_word' id='word_1_765' title='bbox 1907 4784 2133 4840; x_wconf 87' lang='lat' dir='ltr'><strong>dicens:</strong></span> 
     </span>
    </p>
   </div>
   <div class='ocr_carea' id='block_1_97' title="bbox 541 4870 2134 4945">
    <p class='ocr_par' dir='ltr' id='par_1_97' title="bbox 541 4870 2134 4945">
     <span class='ocr_line' id='line_1_97' title="bbox 541 4870 2134 4945; baseline -0.003 -14"><span class='ocrx_word' id='word_1_766' title='bbox 541 4877 753 4932; x_wconf 77' lang='lat' dir='ltr'><strong>Animas</strong></span> <span class='ocrx_word' id='word_1_767' title='bbox 783 4885 976 4928; x_wconf 75' lang='lat' dir='ltr'><strong>vestras</strong></span> <span class='ocrx_word' id='word_1_768' title='bbox 1003 4872 1283 4942; x_wconf 80' lang='lat' dir='ltr'><strong>castiﬁcate</strong></span> <span class='ocrx_word' id='word_1_769' title='bbox 1313 4872 1356 4939; x_wconf 88' lang='grc' dir='ltr'><strong>(Ι</strong></span> <span class='ocrx_word' id='word_1_770' title='bbox 1385 4870 1498 4926; x_wconf 86' lang='lat' dir='ltr'><strong>Pet.</strong></span> <span class='ocrx_word' id='word_1_771' title='bbox 1528 4889 1566 4940; x_wconf 85' lang='grc' dir='ltr'>ι,</span> <span class='ocrx_word' id='word_1_772' title='bbox 1590 4873 1704 4945; x_wconf 67' lang='lat'><strong>22).</strong></span> <span class='ocrx_word' id='word_1_773' title='bbox 1735 4876 1836 4944; x_wconf 83' lang='lat' dir='ltr'><strong>Qui</strong></span> <span class='ocrx_word' id='word_1_774' title='bbox 1865 4878 1907 4931; x_wconf 89' lang='lat' dir='ltr'><strong>si</strong></span> <span class='ocrx_word' id='word_1_775' title='bbox 1936 4881 2134 4934; x_wconf 75' lang='lat' dir='ltr'><strong>nouam</strong></span> 
     </span>
    </p>
   </div>
   <div class='ocr_carea' id='block_1_98' title="bbox 541 4964 2134 5035">
    <p class='ocr_par' dir='ltr' id='par_1_98' title="bbox 541 4964 2134 5035">
     <span class='ocr_line' id='line_1_98' title="bbox 541 4964 2134 5035; baseline 0.001 -9"><span class='ocrx_word' id='word_1_776' title='bbox 541 4970 735 5028; x_wconf 74' lang='lat' dir='ltr'><strong>anima:</strong></span> <span class='ocrx_word' id='word_1_777' title='bbox 763 4964 1260 5035; x_wconf 87' lang='lat' dir='ltr'><strong>constuprationem</strong></span> <span class='ocrx_word' id='word_1_778' title='bbox 1301 4976 1522 5028; x_wconf 89' lang='lat' dir='ltr'><strong>nosset,</strong></span> <span class='ocrx_word' id='word_1_779' title='bbox 1557 4982 1657 5022; x_wconf 90' lang='lat' dir='ltr'><strong>nec</strong></span> <span class='ocrx_word' id='word_1_780' title='bbox 1683 4970 1970 5026; x_wconf 87' lang='lat' dir='ltr'><strong>castilicari</strong></span> <span class='ocrx_word' id='word_1_781' title='bbox 2014 4990 2134 5028; x_wconf 87' lang='lat' dir='ltr'><strong>eam</strong></span> 
     </span>
    </p>
   </div>
   <div class='ocr_carea' id='block_1_99' title="bbox 540 5057 2138 5130">
    <p class='ocr_par' dir='ltr' id='par_1_99' title="bbox 540 5057 2138 5130">
     <span class='ocr_line' id='line_1_99' title="bbox 540 5057 2138 5130; baseline -0.009 -11"><span class='ocrx_word' id='word_1_782' title='bbox 540 5061 923 5118; x_wconf 86' lang='lat' dir='ltr'><strong>desiderasset.</strong></span> <span class='ocrx_word' id='word_1_783' title='bbox 956 5057 1064 5112; x_wconf 92' lang='lat' dir='ltr'><strong>Sed</strong></span> <span class='ocrx_word' id='word_1_784' title='bbox 1091 5067 1144 5111; x_wconf 89' lang='lat' dir='ltr'><strong>et</strong></span> <span class='ocrx_word' id='word_1_785' title='bbox 1167 5057 1317 5110; x_wconf 91' lang='lat' dir='ltr'><strong>illum</strong></span> <span class='ocrx_word' id='word_1_786' title='bbox 1353 5058 1526 5113; x_wconf 89' lang='lat' dir='ltr'><strong>locum</strong></span> <span class='ocrx_word' id='word_1_787' title='bbox 1553 5075 1661 5130; x_wconf 88' lang='lat' dir='ltr'><strong>quo</strong></span> <span class='ocrx_word' id='word_1_788' title='bbox 1684 5066 1997 5121; x_wconf 68' lang='lat' dir='ltr'><strong>continetur</strong></span> <span class='ocrx_word' id='word_1_789' title='bbox 2024 5087 2035 5120; x_wconf 68' lang='grc' dir='ltr'><strong>ε</strong></span> <span class='ocrx_word' id='word_1_790' title='bbox 2067 5067 2138 5121; x_wconf 74' lang='grc' dir='ltr'><strong>Ηε</strong></span> 
     </span>
    </p>
   </div>
   <div class='ocr_carea' id='block_1_100' title="bbox 538 5148 2134 5235">
    <p class='ocr_par' dir='ltr' id='par_1_100' title="bbox 538 5148 2134 5235">
     <span class='ocr_line' id='line_1_100' title="bbox 538 5148 2134 5235; baseline -0.004 -25"><span class='ocrx_word' id='word_1_791' title='bbox 538 5163 656 5211; x_wconf 80' lang='lat' dir='ltr'><strong>sunt</strong></span> <span class='ocrx_word' id='word_1_792' title='bbox 679 5153 766 5223; x_wconf 88' lang='lat' dir='ltr'><strong>qui</strong></span> <span class='ocrx_word' id='word_1_793' title='bbox 793 5167 848 5207; x_wconf 83' lang='lat' dir='ltr'><strong>se</strong></span> <span class='ocrx_word' id='word_1_794' title='bbox 876 5167 988 5204; x_wconf 86' lang='lat' dir='ltr'><strong>cum</strong></span> <span class='ocrx_word' id='word_1_795' title='bbox 1017 5148 1316 5204; x_wconf 81' lang='lat' dir='ltr'><strong>mulieribus</strong></span> <span class='ocrx_word' id='word_1_796' title='bbox 1341 5165 1440 5204; x_wconf 91' lang='lat' dir='ltr'><strong>non</strong></span> <span class='ocrx_word' id='word_1_797' title='bbox 1469 5153 1948 5222; x_wconf 82' lang='lat' dir='ltr'><strong>coinquinaverunt,</strong></span> <span class='ocrx_word' id='word_1_798' title='bbox 1982 5161 2134 5235; x_wconf 76' lang='lat' dir='ltr'><strong>virgi.</strong></span> 
     </span>
    </p>
   </div>
   <div class='ocr_carea' id='block_1_101' title="bbox 613 5303 2127 5375">
    <p class='ocr_par' dir='ltr' id='par_1_101' title="bbox 613 5303 2127 5375">
     <span class='ocr_line' id='line_1_101' title="bbox 613 5303 2127 5375; baseline 0.007 -15"><span class='ocrx_word' id='word_1_799' title='bbox 613 5319 639 5348; x_wconf 68' lang='grc' dir='ltr'>α</span> <span class='ocrx_word' id='word_1_800' title='bbox 681 5305 1009 5361; x_wconf 83' lang='lat' dir='ltr'><strong>Pronuntiat.</strong></span> <span class='ocrx_word' id='word_1_801' title='bbox 1038 5303 1251 5358; x_wconf 88' lang='lat' dir='ltr'><strong>Clerico</strong></span> <span class='ocrx_word' id='word_1_802' title='bbox 1282 5306 1457 5375; x_wconf 86' lang='lat' dir='ltr'><strong>magis</strong></span> <span class='ocrx_word' id='word_1_803' title='bbox 1489 5307 1686 5374; x_wconf 89' lang='lat' dir='ltr'><strong>placuit</strong></span> <span class='ocrx_word' id='word_1_804' title='bbox 1711 5314 1930 5366; x_wconf 81' lang='lat' dir='ltr'><strong>nuntiat.</strong></span> <span class='ocrx_word' id='word_1_805' title='bbox 1960 5314 2127 5371; x_wconf 84' lang='lat' dir='ltr'><strong>Paulo</strong></span> 
     </span>
    </p>
   </div>
   <div class='ocr_carea' id='block_1_102' title="bbox 541 5376 2120 5454">
    <p class='ocr_par' dir='ltr' id='par_1_102' title="bbox 541 5376 2120 5454">
     <span class='ocr_line' id='line_1_102' title="bbox 541 5376 2120 5454; baseline -0.015 -17"><span class='ocrx_word' id='word_1_806' title='bbox 541 5392 664 5454; x_wconf 87' lang='lat' dir='ltr'><strong>post</strong></span> <span class='ocrx_word' id='word_1_807' title='bbox 693 5381 832 5454; x_wconf 83' lang='lat' dir='ltr'><strong>idem</strong></span> <span class='ocrx_word' id='word_1_808' title='bbox 879 5376 1182 5454; x_wconf 71' lang='lat' dir='ltr'><strong>rescribere</strong></span> <span class='ocrx_word' id='word_1_809' title='bbox 1233 5378 1443 5454; x_wconf 67' lang='lat' dir='ltr'><strong>iiiziltiit_</strong></span> <span class='ocrx_word' id='word_1_810' title='bbox 1463 5395 1616 5454; x_wconf 67' lang='lat' dir='ltr'><strong>serui.</strong></span> <span class='ocrx_word' id='word_1_811' title='bbox 1672 5383 1862 5452; x_wconf 61' lang='lat' dir='ltr'><strong>smmis</strong></span> <span class='ocrx_word' id='word_1_812' title='bbox 1893 5395 1941 5439; x_wconf 69' lang='grc' dir='ltr'>ει</span> <span class='ocrx_word' id='word_1_813' title='bbox 1969 5389 2120 5454; x_wconf 51' lang='lat' dir='ltr'><strong>gms,</strong></span> 
     </span>
    </p>
   </div>
   <div class='ocr_carea' id='block_1_103' title="bbox 540 5445 2128 5521">
    <p class='ocr_par' dir='ltr' id='par_1_103' title="bbox 540 5445 2128 5521">
     <span class='ocr_line' id='line_1_103' title="bbox 540 5445 2128 5521; baseline -0.006 -13"><span class='ocrx_word' id='word_1_814' title='bbox 540 5445 700 5509; x_wconf 77' lang='lat' dir='ltr'><strong>secus</strong></span> <span class='ocrx_word' id='word_1_815' title='bbox 731 5451 889 5520; x_wconf 86' lang='lat' dir='ltr'><strong>atque</strong></span> <span class='ocrx_word' id='word_1_816' title='bbox 916 5447 1080 5521; x_wconf 82' lang='lat' dir='ltr'><strong>habet</strong></span> <span class='ocrx_word' id='word_1_817' title='bbox 1106 5447 1382 5514; x_wconf 78' lang='lat' dir='ltr'><strong>exemplar</strong></span> <span class='ocrx_word' id='word_1_818' title='bbox 1411 5445 1777 5515; x_wconf 79' lang='lat' dir='ltr'><strong>Baluziauuut,</strong></span> <span class='ocrx_word' id='word_1_819' title='bbox 1803 5454 1943 5521; x_wconf 75' lang='lat' dir='ltr'><strong>quod</strong></span> <span class='ocrx_word' id='word_1_820' title='bbox 1971 5445 2128 5512; x_wconf 55' lang='lat' dir='ltr'><strong>&quot;om;</strong></span> 
     </span>
    </p>
   </div>
   <div class='ocr_carea' id='block_1_104' title="bbox 541 5519 2122 5588">
    <p class='ocr_par' dir='ltr' id='par_1_104' title="bbox 541 5519 2122 5588">
     <span class='ocr_line' id='line_1_104' title="bbox 541 5519 2122 5588; baseline 0 -10"><span class='ocrx_word' id='word_1_821' title='bbox 541 5519 920 5588; x_wconf 66' lang='lat' dir='ltr'><strong>repraesentat.</strong></span> <span class='ocrx_word' id='word_1_822' title='bbox 975 5519 1120 5588; x_wconf 81' lang='lat' dir='ltr'><strong>lianc</strong></span> <span class='ocrx_word' id='word_1_823' title='bbox 1180 5528 1359 5572; x_wconf 85' lang='lat' dir='ltr'><strong>tamen</strong></span> <span class='ocrx_word' id='word_1_824' title='bbox 1412 5523 1767 5584; x_wconf 64' lang='lat' dir='ltr'><strong>posteriori-eiu</strong></span> <span class='ocrx_word' id='word_1_825' title='bbox 1822 5519 2122 5584; x_wconf 77' lang='lat' dir='ltr'><strong>lectionem</strong></span> 
     </span>
    </p>
   </div>
   <div class='ocr_carea' id='block_1_105' title="bbox 540 5585 2124 5656">
    <p class='ocr_par' dir='ltr' id='par_1_105' title="bbox 540 5585 2124 5656">
     <span class='ocr_line' id='line_1_105' title="bbox 540 5585 2124 5656; baseline 0 -11"><span class='ocrx_word' id='word_1_826' title='bbox 540 5585 782 5655; x_wconf 77' lang='lat' dir='ltr'><strong>exhibet,</strong></span> <span class='ocrx_word' id='word_1_827' title='bbox 831 5591 991 5644; x_wconf 83' lang='lat' dir='ltr'><strong>etiam</strong></span> <span class='ocrx_word' id='word_1_828' title='bbox 1039 5585 1208 5643; x_wconf 84' lang='lat' dir='ltr'><strong>ll&#39;olst.</strong></span> <span class='ocrx_word' id='word_1_829' title='bbox 1259 5590 1377 5642; x_wconf 74' lang='lat' dir='ltr'><strong>Mox</strong></span> <span class='ocrx_word' id='word_1_830' title='bbox 1430 5606 1556 5643; x_wconf 74' lang='lat' dir='ltr'><strong>vero</strong></span> <span class='ocrx_word' id='word_1_831' title='bbox 1590 5595 1786 5646; x_wconf 82' lang='lat' dir='ltr'><strong>iterum</strong></span> <span class='ocrx_word' id='word_1_832' title='bbox 1826 5593 1969 5652; x_wconf 85' lang='lat' dir='ltr'><strong>Cler.</strong></span> <span class='ocrx_word' id='word_1_833' title='bbox 2001 5616 2124 5656; x_wconf 77' lang='lat' dir='ltr'><strong>cum</strong></span> 
     </span>
    </p>
   </div>
   <div class='ocr_carea' id='block_1_106' title="bbox 542 5660 2011 5735">
    <p class='ocr_par' dir='ltr' id='par_1_106' title="bbox 542 5660 2011 5735">
     <span class='ocr_line' id='line_1_106' title="bbox 542 5660 2011 5735; baseline 0.001 -19"><span class='ocrx_word' id='word_1_834' title='bbox 542 5663 714 5735; x_wconf 72' lang='lat' dir='ltr'><strong>Holst.</strong></span> <span class='ocrx_word' id='word_1_835' title='bbox 733 5707 747 5728; x_wconf 88' lang='lat'><strong>,</strong></span> <span class='ocrx_word' id='word_1_836' title='bbox 777 5673 863 5712; x_wconf 86' lang='lat' dir='ltr'><strong>aut</strong></span> <span class='ocrx_word' id='word_1_837' title='bbox 895 5663 1114 5726; x_wconf 71' lang='lat' dir='ltr'><strong>aliquem</strong></span> <span class='ocrx_word' id='word_1_838' title='bbox 1140 5660 1200 5711; x_wconf 87' lang='lat' dir='ltr'><strong>de</strong></span> <span class='ocrx_word' id='word_1_839' title='bbox 1231 5660 1390 5735; x_wconf 84' lang='lat' dir='ltr'><strong>altero</strong></span> <span class='ocrx_word' id='word_1_840' title='bbox 1417 5662 1629 5735; x_wconf 71' lang='lat' dir='ltr'><strong>audiant</strong></span> <span class='ocrx_word' id='word_1_841' title='bbox 1664 5664 2011 5735; x_wconf 73' lang='lat' dir='ltr'><strong>derogantem.</strong></span> 
     </span>
    </p>
   </div>
   <div class='ocr_carea' id='block_1_107' title="bbox 613 5731 2125 5813">
    <p class='ocr_par' dir='ltr' id='par_1_107' title="bbox 613 5731 2125 5813">
     <span class='ocr_line' id='line_1_107' title="bbox 613 5731 2125 5813; baseline 0.019 -44"><span class='ocrx_word' id='word_1_842' title='bbox 613 5732 641 5769; x_wconf 90' lang='lat' dir='ltr'><strong>b</strong></span> <span class='ocrx_word' id='word_1_843' title='bbox 686 5731 748 5784; x_wconf 73' lang='lat' dir='ltr'><strong>In</strong></span> <span class='ocrx_word' id='word_1_844' title='bbox 794 5746 894 5782; x_wconf 78' lang='lat' dir='ltr'><strong>uno</strong></span> <span class='ocrx_word' id='word_1_845' title='bbox 932 5740 1128 5783; x_wconf 54' lang='lat' dir='ltr'><strong>mtuum</strong></span> <span class='ocrx_word' id='word_1_846' title='bbox 1159 5734 1402 5787; x_wconf 74' lang='lat' dir='ltr'><strong>membro.</strong></span> <span class='ocrx_word' id='word_1_847' title='bbox 1445 5731 1588 5786; x_wconf 84' lang='lat' dir='ltr'><strong>Cler.</strong></span> <span class='ocrx_word' id='word_1_848' title='bbox 1612 5773 1627 5796; x_wconf 76' lang='lat'><strong>,</strong></span> <span class='ocrx_word' id='word_1_849' title='bbox 1665 5734 1729 5790; x_wconf 86' lang='lat' dir='ltr'><strong>In</strong></span> <span class='ocrx_word' id='word_1_850' title='bbox 1758 5731 1861 5792; x_wconf 68' lang='lat' dir='ltr'><strong>uno</strong></span> <span class='ocrx_word' id='word_1_851' title='bbox 1902 5744 2125 5813; x_wconf 83' lang='lat' dir='ltr'><strong>virgines</strong></span> 
     </span>
    </p>
   </div>
   <div class='ocr_carea' id='block_1_108' title="bbox 2248 4691 3851 4768">
    <p class='ocr_par' dir='ltr' id='par_1_108' title="bbox 2248 4691 3851 4768">
     <span class='ocr_line' id='line_1_108' title="bbox 2248 4691 3851 4768; baseline -0.009 -12"><span class='ocrx_word' id='word_1_852' title='bbox 2248 4701 2458 4756; x_wconf 85' lang='lat' dir='ltr'><strong>cordet.</strong></span> <span class='ocrx_word' id='word_1_853' title='bbox 2489 4699 2516 4736; x_wconf 72' lang='grc' dir='ltr'><em>ά</em></span> <span class='ocrx_word' id='word_1_854' title='bbox 2547 4701 2612 4754; x_wconf 77' lang='lat' dir='ltr'><strong>Et</strong></span> <span class='ocrx_word' id='word_1_855' title='bbox 2643 4712 2698 4754; x_wconf 91' lang='lat' dir='ltr'><strong>tu</strong></span> <span class='ocrx_word' id='word_1_856' title='bbox 2728 4714 2944 4768; x_wconf 84' lang='lat' dir='ltr'><strong>quoque.</strong></span> <span class='ocrx_word' id='word_1_857' title='bbox 2983 4713 3104 4768; x_wconf 71' lang='lat' dir='ltr'><strong>quin</strong></span> <span class='ocrx_word' id='word_1_858' title='bbox 3141 4696 3416 4750; x_wconf 87' lang='lat' dir='ltr'><strong>Christmn</strong></span> <span class='ocrx_word' id='word_1_859' title='bbox 3466 4707 3724 4762; x_wconf 87' lang='lat' dir='ltr'><strong>sp0usum</strong></span> <span class='ocrx_word' id='word_1_860' title='bbox 3756 4691 3851 4745; x_wconf 82' lang='lat' dir='ltr'><strong>ha-</strong></span> 
     </span>
    </p>
   </div>
   <div class='ocr_carea' id='block_1_109' title="bbox 2254 4784 3850 4860">
    <p class='ocr_par' dir='ltr' id='par_1_109' title="bbox 2254 4784 3850 4860">
     <span class='ocr_line' id='line_1_109' title="bbox 2254 4784 3850 4860; baseline -0.008 -11"><span class='ocrx_word' id='word_1_861' title='bbox 2254 4797 2372 4860; x_wconf 86' lang='lat' dir='ltr'><strong>bes,</strong></span> <span class='ocrx_word' id='word_1_862' title='bbox 2419 4810 2448 4847; x_wconf 89' lang='lat' dir='ltr'><strong>a</strong></span> <span class='ocrx_word' id='word_1_863' title='bbox 2479 4794 2824 4857; x_wconf 85' lang='lat' dir='ltr'><strong>domesticis,</strong></span> <span class='ocrx_word' id='word_1_864' title='bbox 2859 4801 2915 4845; x_wconf 80' lang='lat' dir='ltr'><strong>et</strong></span> <span class='ocrx_word' id='word_1_865' title='bbox 2957 4791 3315 4846; x_wconf 73' lang='lat' dir='ltr'><strong>familiaribus</strong></span> <span class='ocrx_word' id='word_1_866' title='bbox 3363 4789 3502 4856; x_wconf 85' lang='lat' dir='ltr'><strong>ejus,</strong></span> <span class='ocrx_word' id='word_1_867' title='bbox 3546 4785 3731 4854; x_wconf 83' lang='lat' dir='ltr'><strong>sponsi</strong></span> <span class='ocrx_word' id='word_1_868' title='bbox 3775 4784 3850 4838; x_wconf 78' lang='lat' dir='ltr'><strong>tui</strong></span> 
     </span>
    </p>
   </div>
   <div class='ocr_carea' id='block_1_110' title="bbox 2253 4877 3846 4956">
    <p class='ocr_par' dir='ltr' id='par_1_110' title="bbox 2253 4877 3846 4956">
     <span class='ocr_line' id='line_1_110' title="bbox 2253 4877 3846 4956; baseline -0.006 -16"><span class='ocrx_word' id='word_1_869' title='bbox 2253 4902 2432 4941; x_wconf 90' lang='lat' dir='ltr'><strong>mores</strong></span> <span class='ocrx_word' id='word_1_870' title='bbox 2477 4887 2788 4956; x_wconf 86' lang='lat' dir='ltr'><strong>interroga,</strong></span> <span class='ocrx_word' id='word_1_871' title='bbox 2818 4897 2870 4939; x_wconf 89' lang='lat' dir='ltr'><strong>ct</strong></span> <span class='ocrx_word' id='word_1_872' title='bbox 2910 4893 3131 4940; x_wconf 78' lang='lat' dir='ltr'><strong>strenue</strong></span> <span class='ocrx_word' id='word_1_873' title='bbox 3175 4899 3237 4937; x_wconf 89' lang='lat' dir='ltr'><strong>ac</strong></span> <span class='ocrx_word' id='word_1_874' title='bbox 3276 4881 3508 4935; x_wconf 89' lang='lat' dir='ltr'><strong>solerter</strong></span> <span class='ocrx_word' id='word_1_875' title='bbox 3554 4877 3768 4947; x_wconf 89' lang='lat' dir='ltr'><strong>inquire</strong></span> <span class='ocrx_word' id='word_1_876' title='bbox 3794 4877 3846 4930; x_wconf 91' lang='lat' dir='ltr'><strong>in</strong></span> 
     </span>
    </p>
   </div>
   <div class='ocr_carea' id='block_1_111' title="bbox 2251 4967 3848 5048">
    <p class='ocr_par' dir='ltr' id='par_1_111' title="bbox 2251 4967 3848 5048">
     <span class='ocr_line' id='line_1_111' title="bbox 2251 4967 3848 5048; baseline -0.008 -17"><span class='ocrx_word' id='word_1_877' title='bbox 2251 4979 2448 5048; x_wconf 88' lang='lat' dir='ltr'><strong>quibus</strong></span> <span class='ocrx_word' id='word_1_878' title='bbox 2485 4977 2760 5048; x_wconf 54' lang='lat' dir='ltr'><strong>praecipue</strong></span> <span class='ocrx_word' id='word_1_879' title='bbox 2800 4976 3124 5040; x_wconf 89' lang='lat' dir='ltr'><strong>delectatur,</strong></span> <span class='ocrx_word' id='word_1_880' title='bbox 3157 4975 3371 5043; x_wconf 86' lang='lat' dir='ltr'><strong>qualem</strong></span> <span class='ocrx_word' id='word_1_881' title='bbox 3409 4973 3459 5024; x_wconf 91' lang='lat' dir='ltr'><strong>in</strong></span> <span class='ocrx_word' id='word_1_882' title='bbox 3495 4980 3545 5024; x_wconf 90' lang='lat' dir='ltr'><strong>te</strong></span> <span class='ocrx_word' id='word_1_883' title='bbox 3574 4967 3848 5038; x_wconf 84' lang='lat' dir='ltr'><strong>composi-</strong></span> 
     </span>
    </p>
   </div>
   <div class='ocr_carea' id='block_1_112' title="bbox 2254 5061 3847 5140">
    <p class='ocr_par' dir='ltr' id='par_1_112' title="bbox 2254 5061 3847 5140">
     <span class='ocr_line' id='line_1_112' title="bbox 2254 5061 3847 5140; baseline -0.008 -14"><span class='ocrx_word' id='word_1_884' title='bbox 2254 5073 2455 5126; x_wconf 90' lang='lat' dir='ltr'><strong>tionem</strong></span> <span class='ocrx_word' id='word_1_885' title='bbox 2501 5071 2730 5125; x_wconf 83' lang='lat' dir='ltr'><strong>vestinm</strong></span> <span class='ocrx_word' id='word_1_886' title='bbox 2771 5070 2978 5140; x_wconf 79' lang='lat' dir='ltr'><strong>diligat.</strong></span> <span class='ocrx_word' id='word_1_887' title='bbox 3026 5069 3177 5124; x_wconf 89' lang='lat' dir='ltr'><strong>Dicat</strong></span> <span class='ocrx_word' id='word_1_888' title='bbox 3207 5067 3301 5120; x_wconf 91' lang='lat' dir='ltr'><strong>tibi</strong></span> <span class='ocrx_word' id='word_1_889' title='bbox 3334 5065 3453 5134; x_wconf 82' lang='lat' dir='ltr'><strong>ejus</strong></span> <span class='ocrx_word' id='word_1_890' title='bbox 3486 5061 3847 5117; x_wconf 81' lang='lat' dir='ltr'><strong>f.uuiliarissi-</strong></span> 
     </span>
    </p>
   </div>
   <div class='ocr_carea' id='block_1_113' title="bbox 2254 5152 3852 5233">
    <p class='ocr_par' dir='ltr' id='par_1_113' title="bbox 2254 5152 3852 5233">
     <span class='ocr_line' id='line_1_113' title="bbox 2254 5152 3852 5233; baseline -0.006 -17"><span class='ocrx_word' id='word_1_891' title='bbox 2254 5179 2376 5218; x_wconf 88' lang='lat' dir='ltr'><strong>mus</strong></span> <span class='ocrx_word' id='word_1_892' title='bbox 2409 5164 2617 5225; x_wconf 83' lang='lat' dir='ltr'><strong>Petrus,</strong></span> <span class='ocrx_word' id='word_1_893' title='bbox 2655 5164 2746 5233; x_wconf 85' lang='lat' dir='ltr'><strong>qui</strong></span> <span class='ocrx_word' id='word_1_894' title='bbox 2777 5178 2878 5217; x_wconf 72' lang='lat' dir='ltr'><strong>ure</strong></span> <span class='ocrx_word' id='word_1_895' title='bbox 2909 5164 3090 5232; x_wconf 86' lang='lat' dir='ltr'><strong>nuptis</strong></span> <span class='ocrx_word' id='word_1_896' title='bbox 3117 5161 3331 5231; x_wconf 89' lang='lat' dir='ltr'><strong>quidem</strong></span> <span class='ocrx_word' id='word_1_897' title='bbox 3365 5157 3728 5228; x_wconf 75' lang='lat' dir='ltr'><strong>corporalem,</strong></span> <span class='ocrx_word' id='word_1_898' title='bbox 3755 5152 3852 5208; x_wconf 86' lang='lat' dir='ltr'><strong>sed</strong></span> 
     </span>
    </p>
   </div>
   <div class='ocr_carea' id='block_1_114' title="bbox 2240 5315 3849 5391">
    <p class='ocr_par' dir='ltr' id='par_1_114' title="bbox 2240 5315 3849 5391">
     <span class='ocr_line' id='line_1_114' title="bbox 2240 5315 3849 5391; baseline -0.002 -17"><span class='ocrx_word' id='word_1_899' title='bbox 2240 5333 2281 5374; x_wconf 66' lang='grc' dir='ltr'>ι.</span> <span class='ocrx_word' id='word_1_900' title='bbox 2311 5339 2381 5374; x_wconf 83' lang='grc' dir='ltr'>ιιι.</span> <span class='ocrx_word' id='word_1_901' title='bbox 2414 5321 2518 5376; x_wconf 88' lang='lat' dir='ltr'><strong>Sed</strong></span> <span class='ocrx_word' id='word_1_902' title='bbox 2554 5323 2932 5391; x_wconf 86' lang='lat' dir='ltr'><strong>importunein</strong></span> <span class='ocrx_word' id='word_1_903' title='bbox 2956 5334 3159 5376; x_wconf 77' lang='lat' dir='ltr'><strong>textum</strong></span> <span class='ocrx_word' id='word_1_904' title='bbox 3190 5319 3320 5375; x_wconf 89' lang='lat' dir='ltr'><strong>illud</strong></span> <span class='ocrx_word' id='word_1_905' title='bbox 3344 5319 3583 5388; x_wconf 82' lang='lat' dir='ltr'><strong>virgines.</strong></span> <span class='ocrx_word' id='word_1_906' title='bbox 3609 5315 3849 5391; x_wconf 81' lang='lat' dir='ltr'><strong>Verbum</strong></span> 
     </span>
    </p>
   </div>
   <div class='ocr_carea' id='block_1_115' title="bbox 2237 5387 3851 5464">
    <p class='ocr_par' dir='ltr' id='par_1_115' title="bbox 2237 5387 3851 5464">
     <span class='ocr_line' id='line_1_115' title="bbox 2237 5387 3851 5464; baseline -0.001 -18"><span class='ocrx_word' id='word_1_907' title='bbox 2237 5394 2390 5446; x_wconf 80' lang='lat' dir='ltr'><strong>eiiim</strong></span> <span class='ocrx_word' id='word_1_908' title='bbox 2441 5387 2735 5464; x_wconf 76' lang='lat' dir='ltr'><strong>refcrantur</strong></span> <span class='ocrx_word' id='word_1_909' title='bbox 2773 5395 2915 5463; x_wconf 88' lang='lat' dir='ltr'><strong>quod</strong></span> <span class='ocrx_word' id='word_1_910' title='bbox 2959 5397 3240 5464; x_wconf 87' lang='lat' dir='ltr'><strong>sequitur,</strong></span> <span class='ocrx_word' id='word_1_911' title='bbox 3272 5392 3337 5445; x_wconf 87' lang='lat' dir='ltr'><strong>ad</strong></span> <span class='ocrx_word' id='word_1_912' title='bbox 3385 5387 3485 5464; x_wconf 84' lang='lat' dir='ltr'><strong>eos</strong></span> <span class='ocrx_word' id='word_1_913' title='bbox 3529 5387 3746 5455; x_wconf 72' lang='lat' dir='ltr'><strong>respicit</strong></span> <span class='ocrx_word' id='word_1_914' title='bbox 3781 5390 3851 5444; x_wconf 82' lang='lat' dir='ltr'><strong>de</strong></span> 
     </span>
    </p>
   </div>
   <div class='ocr_carea' id='block_1_116' title="bbox 2238 5463 3738 5535">
    <p class='ocr_par' dir='ltr' id='par_1_116' title="bbox 2238 5463 3738 5535">
     <span class='ocr_line' id='line_1_116' title="bbox 2238 5463 3738 5535; baseline -0.001 -22"><span class='ocrx_word' id='word_1_915' title='bbox 2238 5464 2440 5533; x_wconf 81' lang='lat' dir='ltr'><strong>quibus</strong></span> <span class='ocrx_word' id='word_1_916' title='bbox 2475 5463 2712 5535; x_wconf 84' lang='lat' dir='ltr'><strong>tequitur</strong></span> <span class='ocrx_word' id='word_1_917' title='bbox 2745 5463 3056 5533; x_wconf 71' lang='lat' dir='ltr'><strong>pra-cedens</strong></span> <span class='ocrx_word' id='word_1_918' title='bbox 3081 5475 3259 5518; x_wconf 86' lang='lat' dir='ltr'><strong>textus</strong></span> <span class='ocrx_word' id='word_1_919' title='bbox 3291 5463 3738 5534; x_wconf 78' lang='lat' dir='ltr'><strong>Apocalypticus.</strong></span> 
     </span>
    </p>
   </div>
   <div class='ocr_carea' id='block_1_117' title="bbox 2321 5535 3348 5595">
    <p class='ocr_par' dir='ltr' id='par_1_117' title="bbox 2321 5535 3348 5595">
     <span class='ocr_line' id='line_1_117' title="bbox 2321 5535 3348 5595; baseline -0.002 -7"><span class='ocrx_word' id='word_1_920' title='bbox 2321 5547 2341 5572; x_wconf 71' lang='grc' dir='ltr'><strong>ο</strong></span> <span class='ocrx_word' id='word_1_921' title='bbox 2389 5535 2724 5590; x_wconf 86' lang='lat' dir='ltr'><strong>Obarrhatur.</strong></span> <span class='ocrx_word' id='word_1_922' title='bbox 2763 5538 2957 5595; x_wconf 80' lang='lat' dir='ltr'><strong>llolst.,</strong></span> <span class='ocrx_word' id='word_1_923' title='bbox 2989 5535 3348 5589; x_wconf 81' lang='lat' dir='ltr'><strong>subarrhatur.</strong></span> 
     </span>
    </p>
   </div>
   <div class='ocr_carea' id='block_1_118' title="bbox 2315 5601 3845 5677">
    <p class='ocr_par' dir='ltr' id='par_1_118' title="bbox 2315 5601 3845 5677">
     <span class='ocr_line' id='line_1_118' title="bbox 2315 5601 3845 5677; baseline -0.003 -17"><span class='ocrx_word' id='word_1_924' title='bbox 2315 5603 2342 5641; x_wconf 71' lang='grc' dir='ltr'>ά</span> <span class='ocrx_word' id='word_1_925' title='bbox 2383 5605 2450 5661; x_wconf 83' lang='lat' dir='ltr'><strong>Et</strong></span> <span class='ocrx_word' id='word_1_926' title='bbox 2489 5618 2542 5660; x_wconf 86' lang='lat' dir='ltr'><strong>tu</strong></span> <span class='ocrx_word' id='word_1_927' title='bbox 2579 5625 2773 5677; x_wconf 87' lang='lat' dir='ltr'><strong>quoque</strong></span> <span class='ocrx_word' id='word_1_928' title='bbox 2803 5625 2932 5676; x_wconf 72' lang='lat' dir='ltr'><strong>ante.</strong></span> <span class='ocrx_word' id='word_1_929' title='bbox 2971 5608 3269 5677; x_wconf 54' lang='lat' dir='ltr'><strong>llelativtim</strong></span> <span class='ocrx_word' id='word_1_930' title='bbox 3307 5622 3423 5675; x_wconf 73' lang='lat' dir='ltr'><strong>qua:</strong></span> <span class='ocrx_word' id='word_1_931' title='bbox 3462 5605 3666 5677; x_wconf 73' lang='lat' dir='ltr'><strong>omittit</strong></span> <span class='ocrx_word' id='word_1_932' title='bbox 3698 5601 3845 5658; x_wconf 71' lang='grc' dir='ltr'>Ωιι-ι’.</span> 
     </span>
    </p>
   </div>
   <div class='ocr_carea' id='block_1_119' title="bbox 2238 5674 3851 5746">
    <p class='ocr_par' dir='ltr' id='par_1_119' title="bbox 2238 5674 3851 5746">
     <span class='ocr_line' id='line_1_119' title="bbox 2238 5674 3851 5746; baseline -0.002 -16"><span class='ocrx_word' id='word_1_933' title='bbox 2238 5687 2294 5730; x_wconf 88' lang='lat' dir='ltr'><strong>et</strong></span> <span class='ocrx_word' id='word_1_934' title='bbox 2326 5677 2405 5731; x_wconf 88' lang='lat' dir='ltr'><strong>sie</strong></span> <span class='ocrx_word' id='word_1_935' title='bbox 2435 5674 2734 5745; x_wconf 72' lang='lat' dir='ltr'><strong>improvide</strong></span> <span class='ocrx_word' id='word_1_936' title='bbox 2759 5674 2934 5732; x_wconf 84' lang='lat' dir='ltr'><strong>locum</strong></span> <span class='ocrx_word' id='word_1_937' title='bbox 2960 5679 3114 5732; x_wconf 77' lang='lat' dir='ltr'><strong>ell‘ert</strong></span> <span class='ocrx_word' id='word_1_938' title='bbox 3140 5695 3152 5730; x_wconf 91' lang='lat'>:</span> <span class='ocrx_word' id='word_1_939' title='bbox 3180 5675 3247 5731; x_wconf 85' lang='lat' dir='ltr'><strong>Et</strong></span> <span class='ocrx_word' id='word_1_940' title='bbox 3275 5674 3334 5730; x_wconf 79' lang='lat' dir='ltr'><strong>tu</strong></span> <span class='ocrx_word' id='word_1_941' title='bbox 3359 5692 3562 5746; x_wconf 79' lang='lat' dir='ltr'><strong>quoque</strong></span> <span class='ocrx_word' id='word_1_942' title='bbox 3583 5674 3851 5730; x_wconf 79' lang='lat' dir='ltr'><strong>Christum</strong></span> 
     </span>
    </p>
   </div>
   <div class='ocr_carea' id='block_1_120' title="bbox 2241 5750 3028 5815">
    <p class='ocr_par' dir='ltr' id='par_1_120' title="bbox 2241 5750 3028 5815">
     <span class='ocr_line' id='line_1_120' title="bbox 2241 5750 3028 5815; baseline 0.003 -15"><span class='ocrx_word' id='word_1_943' title='bbox 2241 5764 2493 5815; x_wconf 76' lang='lat' dir='ltr'><strong>sponsum</strong></span> <span class='ocrx_word' id='word_1_944' title='bbox 2524 5750 2696 5804; x_wconf 81' lang='lat' dir='ltr'><strong>habes.</strong></span> <span class='ocrx_word' id='word_1_945' title='bbox 2733 5751 2774 5803; x_wconf 81' lang='grc' dir='ltr'><em>Α</em></span> <span class='ocrx_word' id='word_1_946' title='bbox 2809 5751 3028 5804; x_wconf 80' lang='lat' dir='ltr'><strong>doiuest.</strong></span> 
     </span>
    </p>
   </div>
  </div>
