4270 6176
311 206 418 266 3'51

1155 200 1372 261 EPlST.
1419 203 1464 262 ιι
1505 201 1698 265 sum».
1745 201 2038 271 SEVERI,
2079 175 2536 265 ao'soaoasn
2573 204 2785 265 ausu.

311 313 618 383 spiritalem
669 313 933 384 permittit
976 323 1250 380 ornatum,
1280 313 1420 369 sicut
1465 313 1519 368 in
1549 312 1792 386 Epistola
1825 329 1920 370 sua
1950 316 2003 376 Α
2029 315 2368 386 spiritalibus
2404 317 2746 372 emundetur.
2790 316 2947 372 Nulla
2979 319 3036 373 in
3083 333 3142 373 ea
3191 319 3443 384 malitiae,
3479 322 3625 376 nulla

310 407 544 462 scribit:
574 406 821 462 Mulieres
868 407 1108 462 similiter
1153 406 1396 477 subjectw
1438 406 1559 461 viris
1611 407 1746 472 suis;
1791 417 1844 460 ut
1877 409 1922 461 si

310 504 402 574 qui
443 521 548 558 non
591 504 806 558 credunt
847 504 1019 568 verbo,
1052 519 1143 574 per
1170 503 1445 557 mulierum
1485 504 1923 558 conversationem

311 605 424 652 sine
461 600 610 653 verba
651 598 934 668 lucriﬁant,
982 597 1366 652 considerantes
1415 597 1695 664 intimare
1729 607 1923 650 castam

311 692 746 746 conversationem
788 701 1002 745 vestram
1039 707 1057 743 :
1088 706 1309 760 quarunt
1355 690 1422 744 sit
1463 705 1565 743 non
1609 689 1924 744 extrinsecus

312 783 652 853 capillatum,
685 790 776 836 aut
801 781 1139 836 circumdatio
1168 781 1304 845 auri,
1341 791 1430 835 aut
1453 780 1742 836 indumenti
1772 782 1925 836 vesti-

314 887 600 931 mentorum
629 864 820 939 cultus,
850 875 937 930 sed
969 877 1057 946 qui
1078 875 1359 930 absconsus
1384 885 1460 930 est
1484 875 1659 930 cordis
1686 874 1838 929 homo
1870 876 1923 928 in

309 968 806 1036 incorruptibilitate
845 968 1007 1037 quieti
1048 978 1098 1022 et
1143 968 1358 1022 modesti
1384 969 1622 1036 spiritus,
1646 968 1732 1036 qui
1768 976 1840 1021 est
1871 967 1926 1021 in

312 1074 592 1133 conspectu
623 1061 723 1116 Dei
750 1060 986 1127 locuples
1011 1061 1052 1134 (Ι
1090 1060 1208 1116 Pet.
1238 1078 1317 1127 ιιι,
1355 1060 1492 1131 1-4).
1527 1062 1677 1115 Dicat
1709 1073 1756 1115 et
1785 1062 1925 1116 alius

315 1156 601 1227 apostolus
636 1155 833 1210 beatus
862 1154 1064 1208 Paulus
1089 1155 1177 1224 qui
1209 1154 1275 1208 ad
1305 1153 1649 1208 Timotheum
1680 1153 1926 1207 scribens

316 1250 567 1306 eamdem
616 1249 856 1304 ﬁdelium
910 1247 1236 1304 feminarum
1266 1248 1607 1318 disciplinam
1651 1257 1923 1303 testatur:

320 1340 572 1396 Mulieres
603 1340 845 1394 similiter
874 1341 928 1393 in
955 1337 1132 1394 habitu
1159 1351 1364 1402 ornato,
1393 1357 1508 1393 cum
1539 1340 1841 1393 verecundia
1883 1349 1929 1392 et

317 1434 594 1490 sobrietate
621 1442 864 1488 ornantes
891 1450 963 1499 se,
994 1449 1095 1486 non
1124 1437 1174 1486 in
1203 1434 1353 1487 tortis
1382 1433 1633 1498 crinibus,
1657 1442 1745 1486 aut
1775 1449 1924 1498 auro,

319 1536 412 1579 aut
440 1526 758 1597 margaritis,
783 1533 876 1578 aut
900 1534 1031 1578 reste
1061 1525 1322 1597 pretiosa;
1351 1524 1441 1578 sed
1469 1525 1607 1593 quod
1640 1523 1780 1576 decet
1811 1539 1928 1577 mu-

321 1621 492 1685 lieres,
525 1619 878 1687 promittentes
922 1619 1212 1672 castitatem
1241 1634 1332 1688 per
1371 1615 1556 1669 bertam
1587 1616 1930 1670 con-versutio-

325 1730 436 1768 nem
466 1711 512 1784 (1
547 1711 682 1767 Tim.
717 1727 774 1775 ιι,
810 1710 865 1775 9,
898 1710 1012 1781 10).

393 1806 535 1863 XIII.
579 1806 684 1862 Sed
718 1804 948 1860 forsitan
998 1804 1173 1860 dicis:
1201 1804 1311 1860 Cur
1342 1804 1459 1858 [nec
1503 1804 1739 1874 apostoli
1771 1804 1935 1873 virgi-

327 1900 487 1956 nibus
517 1915 625 1953 ιιοιι
666 1898 992 1968 jusserunt?
1021 1898 1156 1964 Quia
1188 1913 1292 1952 non
1325 1898 1698 1952 necessarium
1726 1896 1939 1966 judica-

326 1995 491 2056 bant;
521 2009 587 2048 ne
615 1993 736 2047 talis
766 1992 1066 2063 virginibus
1112 1992 1469 2047 commonitio
1516 1992 1699 2060 potius
1746 1989 1938 2059 injuria

329 2105 493 2160 quam
543 2088 853 2144 emendatio
901 2086 1198 2142 videretur.
1235 2085 1342 2140 Sed
1393 2100 1495 2140 nec
1539 2100 1635 2140 eas
1684 2099 1938 2154 umquam

335 2191 502 2236 tanta:
545 2180 864 2234 temeritatis
919 2177 1037 2233 fore
1085 2176 1482 2242 credidissent,
1513 2185 1570 2230 ut
1609 2191 1710 2232 ncc
1759 2174 1942 2244 nuptis

331 2273 554 2346 quidem
617 2286 876 2327 concessa
933 2270 1174 2327 carnalia
1244 2277 1568 2325 ornamenta
1619 2279 1672 2324 et
1723 2279 1941 2324 terrena

333 2375 758 2439 pra-smnercnt.
796 2365 1006 2420 Revera
1036 2379 1235 2419 ornare
1263 2379 1322 2419 se
1345 2372 1400 2418 ct.
1429 2379 1764 2434 compellere
1787 2364 1944 2433 virgo

335 2462 522 2518 debet.
575 2460 709 2516 Nam
742 2459 1016 2529 quomodo
1049 2473 1251 2527 s;onso
1300 2474 1398 2512 suo
1453 2459 1667 2527 placere
1719 2457 1943 2527 poterit,

339 2554 442 2610 nisi
473 2553 776 2618 composita
807 2561 861 2606 et
888 2561 1077 2606 ornata
1107 2550 1476 2622 processerit?
1497 2549 1733 2604 Ornetur
1763 2551 1942 2619 plane,

341 2645 436 2700 sed
480 2642 838 2699 interioribus
885 2643 1258 2708 ornamentis,
1297 2650 1347 2697 et
1385 2641 1789 2712 'spiritualiter,
1840 2657 1945 2697 non

343 2736 727 2808 corporaliter,
763 2745 1154 2804 componatur;
1188 2734 1314 2804 quia
1369 2735 1628 2790 Dominus
1674 2751 1778 2786 non
1828 2749 1950 2788 cor-

347 2831 516 2902 poris,
549 2830 644 2885 sed
680 2828 878 2884 anima:
914 2827 1168 2883 decorem
1219 2829 1270 2882 in
1325 2828 1412 2882 illa
1460 2828 1755 2883 desiderat.
1810 2829 1951 2897 Ergo

346 2936 402 2982 et
431 2935 488 2980 tu
513 2938 874 2996 quaecumque
904 2921 1142 2978 animam
1173 2932 1317 2976 tuam
1347 2937 1374 2974 a
1411 2923 1518 2976 Deo
1543 2921 1692 2992 diligi
1723 2930 1776 2976 et
1797 2920 1955 2975 inha-

347 3017 510 3073 bitari
556 3016 902 3087 concupiscis
925 3057 941 3084 ,
975 3016 1125 3071 omni
1157 3031 1274 3071 eam
1322 3015 1603 3086 diligentia
1637 3024 1662 3051 ει
1699 3030 1852 3070 come
1897 3024 1951 3068 et

2026 407 2134 463 doli
2164 409 2371 465 macula
2405 410 2761 479 relinquatur.
2798 411 2863 464 Et
2891 426 2956 466 ne
2977 412 3196 481 quando
3219 413 3360 468 male
3385 413 3628 468 redoleat

2025 501 2194 557 odore
2245 504 2483 572 peccati,
2535 514 2814 573 unguento
2860 502 3200 560 suavissima:
3249 506 3533 576 sapientiai
3573 517 3629 561 et

2023 597 2266 652 scientiae
2301 598 2671 666 perfundatur.

2097 690 2236 747 XIV.
2270 690 2588 761 llujusmodi
2623 691 2762 746 Deus
2789 691 2982 790 quaerit
3011 700 3281 758 ornatum,
3308 701 3362 747 et
3386 691 3623 746 animam

2028 781 2208 836 taliter
2256 783 2613 852 compositam
2671 781 3030 853 concupiscit.
3097 784 3368 840 Memento
3423 795 3472 839 te
3530 785 3627 846 Dei

2028 872 2194 930 filiam
2227 874 2358 942 dici,
2390 874 2687 931 secundum
2709 874 3034 941 illudzAudi,
3069 873 3204 944 ﬁlia,
3233 885 3284 930 et
3306 876 3422 931 vide
3446 872 3625 947 (Psal.

2029 985 2172 1034 κων,
2199 967 2310 1038 Η).
2354 967 2460 1023 Sed
2489 978 2543 1022 et
2577 978 2628 1022 ιιι
2658 968 2796 1036 ipsa,
2831 969 3282 1039 quotiescumque
3323 970 3491 1024 Deum
3541 985 3633 1038 pa-

2029 1072 2168 1118 trem
2215 1063 2488 1128 nominas,
2525 1060 2620 1116 Dei
2652 1069 2704 1116 te
2735 1060 2904 1116 filiam
2951 1077 3072 1116 esse
3127 1062 3367 1118 testaris.
3420 1063 3562 1132 Ergo
3590 1061 3638 1116 si

2032 1160 2139 1213 lilia
2165 1158 2266 1213 Dei
2295 1174 2376 1223 es,
2400 1158 2523 1212 vide
2553 1176 2618 1211 ne
2649 1158 2774 1228 quid
2803 1173 2992 1212 eorum
3019 1157 3184 1212 facias
3209 1174 3328 1226 quae
3358 1159 3468 1212 Deo
3495 1159 3636 1227 patri

2029 1253 2331 1320 incongrua
2364 1258 2516 1317 sunt;
2553 1251 2647 1302 sed
2689 1265 2787 1320 age
2815 1250 2998 1304 omnia
3047 1249 3201 1318 quasi
3236 1250 3342 1303 lilia
3390 1250 3503 1303 Dei.
3531 1248 3638 1304 Cu-

2031 1358 2234 1414 gnosce
2261 1341 2538 1412 quomodo
2581 1342 2743 1410 hujus
2773 1357 2830 1396 se
2859 1343 3044 1396 saeculi
3077 1341 3341 1396 nobilium
3387 1342 3511 1396 filiae
3547 1357 3642 1411 ge-

2034 1446 2175 1503 rant,
2205 1436 2398 1506 quibus
2429 1443 2749 1489 assuescant
2778 1434 3023 1489 moribus
3048 1475 3062 1498 ,
3096 1433 3362 1512 quibusve
3387 1448 3447 1488 se
3477 1431 3645 1487 disci-

2035 1530 2199 1599 plinis
2253 1528 2562 1582 instituant.
2614 1526 2784 1584 Tanta
2835 1527 2885 1581 in
2937 1525 3260 1597 quibusdam
3310 1524 3645 1580 verecundia

2035 1631 2140 1688 cst,
2163 1627 2312 1676 tanta
2337 1619 2598 1688 gravitas,
2628 1629 2772 1672 tanta
2797 1618 3083 1683 modestia,
3115 1628 3172 1672 ut
3197 1627 3524 1674 cancrorum
3550 1616 3646 1672 ho-

1965 1712 2011 1770 B
2040 1716 2242 1769 tninnm
2279 1715 2440 1768 ritum
2467 1714 2660 1768 intuitu
2697 1713 2943 1768 humana:
2967 1712 3322 1783 ingenuitatis
3349 1711 3642 1772 excedant,

2046 1807 2062 1844 τ
2098 1818 2151 1862 et
2180 1822 2523 1877 nequaquam
2552 1805 2797 1861 honestis
2824 1807 3142 1876 parentibus
3169 1807 3284 1860 suis
3313 1821 3407 1875 per
3437 1805 3650 1875 lapsum

2042 1918 2197 1956 suum
2232 1901 2470 1954 infamiae
2523 1910 2706 1954 notam
2739 1900 2990 1964 innrant,
3023 1898 3253 1953 alteram
3284 1899 3386 1952 sibi
3416 1899 3648 1968 quodam

2043 1994 2206 2050 modo
2256 1995 2397 2048 inter
2429 1992 2680 2048 homines
2730 1991 3145 2048 consuetudinis
3190 1990 3451 2045 facientes
3495 1997 3653 2045 natu-

2044 2103 2183 2143 ram.
2225 2089 2287 2141 Et
2321 2097 2373 2141 ιιι
2405 2101 2541 2156 ergo
2584 2085 2850 2156 originem
2886 2094 3030 2140 tuam
3075 2085 3310 2153 respice,
3341 2099 3516 2154 genus
3563 2083 3651 2139 in-

2046 2192 2233 2245 tuere,
2271 2181 2496 2250 gloriam
2532 2179 2833 2234 nobilitatis
2878 2179 3124 2233 adverte.
3180 2180 3430 2247 Aguosee
3464 2187 3514 2231 te
3548 2192 3654 2232 non

2049 2273 2287 2327 hominis
2326 2281 2534 2326 tantum
2584 2285 2742 2331 88:8.
2777 2270 2872 2325 sed
2920 2281 2973 2324 et
3022 2269 3120 2324 Dei
3155 2269 3340 2334 liliatn,
3379 2280 3434 2324 et
3463 2269 3662 2323 divina:

2048 2364 2349 2419 nativitatis
2381 2362 2665 2424 nobilitate
2697 2361 3032 2417 decoratam.
3089 2361 3163 2415 lta
3197 2373 3248 2415 te
3277 2361 3480 2417 exhibe
3511 2372 3567 2415 ut
3597 2361 3653 2416 in

2049 2469 2102 2515 te
2129 2460 2374 2515 ccelestis
2425 2458 2682 2512 nativitas
2717 2468 2918 2527 pateat,
2953 2465 3008 2512 et
3040 2467 3092 2510 ut
3133 2457 3440 2526 ingenuitas
3468 2457 3658 2512 divina

2049 2555 2338 2610 clarescat.
2371 2551 2454 2607 Sit
2481 2552 2536 2606 in
2567 2559 2620 2605 te
2651 2566 2787 2606 nova
2828 2551 3091 2620 gravitas,
3125 2550 3387 2606 honestas
3420 2551 3661 2605 admira—

2051 2645 2200 2711 bilis,
2231 2646 2497 2714 stnpenda
2530 2642 2883 2707 verecundia,
2916 2643 3047 2698 mira
3079 2645 3354 2712 patientia,
3385 2645 3665 2713 virginalis

2053 2740 2326 2804 incessus,
2363 2747 2417 2792 et
2443 2746 2468 2784 ε
2497 2752 2641 2790 νει-ιιι
2667 2736 2941 2805 pudicitise
2967 2736 3209 2799 habitus,
3239 2752 3420 2792 sermo
3443 2753 3663 2808 semper

2055 2831 2335 2887 modestus
2357 2841 2410 2884 et
2433 2847 2532 2886 suo
2561 2830 2612 2883 in
2644 2837 2886 2898 tempore
2915 2829 3308 2898 proferendus;
3341 2839 3398 2886 ut
3417 2832 3666 2901 quisquis

2055 2933 2108 2980 te
2154 2923 2350 2978 viderit
2395 2921 2699 2976 admiretur
2730 2931 2783 2974 et
2813 2920 2960 2974 dicat
2987 2937 2997 2972 :
3023 2919 3155 2987 Qua:
3199 2919 3314 2974 haec
3345 2935 3484 2974 nova
3517 2920 3664 2975 inter

2057 3017 2306 3071 homines
2337 3014 2621 3086 gravitatis
2653 3011 2912 3084 patientia
2959 3025 3036 3067 εει
3057 3051 3074 3079 ,
3103 3028 3222 3082 qua:
3253 3012 3476 3081 pudoris
3508 3028 3664 3066 vere-

347 3109 720 3180 spiritualibus
755 3109 1086 3163 indumentis
1117 3123 1343 3162 exorna.
1379 3106 1526 3161 Nihil
1557 3108 1606 3162 in
1637 3122 1698 3162 ea
1729 3107 1950 3162 indeco-
1978 3097 2024 3160 C
2055 3109 2286 3175 cundia,
2320 3123 2440 3178 qua:
2491 3106 2794 3162 honestatis
2837 3103 3100 3161 modestia
3124 3147 3139 3169 ,
3172 3122 3292 3175 qua:
3342 3105 3664 3160 maturitas?

346 3219 488 3268 rum,
519 3203 654 3258 nihil
684 3201 887 3258 ftedum
915 3201 1593 3272 appareat.‘Resplendeat
1623 3217 1758 3256 auro
1785 3203 1946 3273 justi-

345 3295 456 3362 tize,
476 3305 531 3351 et
558 3296 788 3365 gemmis
819 3294 1086 3366 refulgeat
1110 3295 1440 3360 sanctitatis,
1469 3304 1524 3350 et
1552 3295 1949 3364 pretiosissimo

347 3390 647 3460 margarita
672 3389 947 3459 pudicitia:
977 3397 1231 3445 coruscet
1256 3406 1268 3442 :
1295 3387 1322 3426 δ
1356 3404 1452 3456 pro
1477 3388 1638 3460 bysso
1663 3398 1718 3444 et
1746 3391 1945 3458 serico,

346 3481 745 3537 misericordiae
771 3490 825 3536 et
853 3482 1071 3552 pietatis
1111 3481 1288 3536 tunica
1333 3482 1616 3547 vestiatur,
1647 3484 1944 3538 secundum

347 3575 495 3646 quod
528 3573 788 3642 scriptum
816 3585 895 3628 est
920 3592 934 3629 τ
961 3572 1174 3628 Induite
1210 3589 1294 3627 vos
1320 3589 1443 3644 ergo
1467 3573 1601 3634 sicut
1645 3575 1792 3628 electi
1830 3575 1944 3640 Dei,

343 3667 515 3722 sancti
541 3676 592 3720 et
622 3665 816 3729 dilecti,
846 3670 1039 3720 viscera
1085 3666 1474 3730 misericorditv,
1515 3676 1535 3703 ε
1561 3666 1942 3736 benignitatem,

345 3759 718 3824 humilitatem,
745 3768 853 3815 etc.
907 3759 1126 3829 (Coloss.
1162 3776 1244 3828 nt,
1279 3760 1387 3830 12).
1418 3760 1534 3815 Non
1578 3775 1814 3816 cerussae
1855 3771 1950 3817 aut

344 3852 570 3908 alterius
615 3852 877 3923 pigmenti
926 3853 1180 3906 decorem
1222 3860 1450 3920 qumrat,
1483 3852 1575 3907 sed
1623 3853 1947 3909 innocentiae

349 3947 826 4018 simplicitatisque
850 3945 1147 4001 candorem
1177 3947 1397 4011 habeat,
1431 3961 1645 4001 roseum
1678 3963 1944 4005 Verecuu-

346 4039 452 4095 dize
473 4040 715 4095 eolorem
744 4035 773 4076 ει
801 4050 854 4094 et
883 4039 1146 4108 pudorem
1179 4037 1395 4092 ruboris
1421 4038 1748 4109 pudorisque
1775 4040 1950 4110 possi-

345 4135 491 4190 deat.
528 4145 550 4171 ε
578 4133 832 4190 Caelestis
859 4132 1112 4187 abluatur
1133 4134 1278 4188 nitro
1306 4133 1592 4199 doctrinae,
1615 4145 1670 4190 et
1699 4136 1956 4193 lumentis

416 4258 442 4288 ι
457 4248 634 4303 Come.
655 4246 742 4302 Sic
760 4255 907 4301 recte
921 4246 1102 4300 Baluz.
1115 4245 1310 4306 llolst.,
1335 4262 1599 4306 compone.
1625 4246 1759 4300 Male
1777 4246 1922 4303 Cler.
1934 4290 1946 4312 ,

347 4323 579 4391 compte;
613 4320 698 4389 qui
725 4318 885 4387 paulo
905 4326 1030 4372 ante
1059 4317 1500 4391 scribit/tabitari
1520 4335 1620 4391 pro
1647 4320 1943 4373 inhabitari.

420 4389 598 4445 h'Pro
635 4391 784 4462 bysso
816 4400 862 4443 et
887 4395 1054 4462 serico
1093 4389 1478 4442 misericordite.
1519 4389 1645 4444 [ire
1696 4392 1944 4445 incautus

350 4461 828 4530 exscriptor’apnd
867 4461 1138 4515 Clericum
1175 4461 1377 4514 omisit.
1413 4463 1543 4527 Qua:
1588 4477 1717 4514 vero
1758 4463 1940 4516 statim

351 4547 396 4590 et
425 4535 630 4605 pietatis
658 4536 834 4586 tunica
863 4533 1126 4605 vestiatur,
1159 4532 1348 4585 vitiose
1379 4533 1517 4600 apud
1548 4531 1820 4586 Baluzium
1857 4549 1941 4587 re-

2058 3207 2174 3262 Non
2205 3215 2292 3264 est
2323 3207 2423 3262 ista
2462 3205 2694 3260 humana
2725 3206 3028 3270 institutio,
3062 3221 3161 3261 nec
3201 3205 3492 3276 disciplina
3518 3221 3662 3261 mor-

2057 3299 2200 3354 talis.
2233 3298 2472 3354 Cteleste
2507 3297 2636 3350 mihi
2667 3296 2874 3366 aliquid
2905 3295 2958 3352 in
2994 3307 3212 3352 terreno
3237 3313 3471 3368 corpore
3501 3298 3665 3353 reful-

2053 3403 2166 3464 get.
2225 3393 2362 3447 Puto
2409 3391 2552 3460 quod
2607 3390 2814 3446 habitet
2862 3390 2916 3444 in
2972 3391 3293 3462 quibusdam
3351 3391 3665 3449 hominibus

2060 3484 2226 3540 Deus.
2263 3483 2328 3538 Et
2369 3499 2492 3537 cum
2527 3490 2579 3536 te
2607 3481 2828 3536 hﬁliam
2877 3479 3081 3538 Christi
3133 3499 3256 3538 esse
3303 3486 3622 3553 cognoverit
3649 3527 3662 3546 .

2057 3577 2250 3645 majori
2293 3583 2518 3645 stupore
2561 3573 2870 3638 tenebitur,
2905 3587 2959 3629 et
2986 3575 3189 3645 cogitet
3238 3577 3413 3646 qualis
3460 3578 3550 3632 ille
3593 3579 3666 3632 sit

2060 3670 2320 3724 Dominus
2350 3668 2505 3737 cujus
2536 3667 2659 3721 talis
2693 3666 2889 3721 ancilla
2921 3677 3024 3721 est.

2130 3760 2248 3816 XV.
2305 3760 2362 3815 Si
2395 3760 2472 3815 vis
2515 3773 2648 3829 ergo
2701 3758 2908 3812 habere
2959 3768 3169 3828 partem
3225 3774 3350 3812 cum
3393 3757 3616 3812 Christo
3648 3801 3662 3823 ,

2057 3855 2258 3910 ChriSti
2291 3852 2391 3908 tibi
2417 3851 2674 3920 exemplo
2700 3850 2990 3905 vivendum
3015 3859 3120 3916 est,
3153 3851 3243 3921 qui
3274 3851 3344 3906 ab
3370 3851 3517 3906 omni
3549 3866 3662 3905 ma-

2055 3949 2170 4004 litia
2198 3959 2250 4004 et
2280 3945 2520 4017 nequitia
2555 3947 2627 4000 ita
2668 3945 2770 3999 fuit
2811 3954 3148 4011 extraneus,
3197 3955 3252 4000 ut
3291 3961 3393 4001 nec
3422 3945 3661 4000 inimicis

2056 4045 2274 4115 quidem
2320 4044 2494 4097 vicem
2553 4039 2826 4105 redderet,
2877 4039 3004 4108 qttin
3061 4040 3238 4108 potius
3277 4049 3333 4094 et
3381 4055 3480 4108 pro
3525 4038 3660 4108 ipsis

2072 4136 2085 4173 ί
2122 4145 2324 4192 oraret.
2357 4135 2492 4191 Nolo
2521 4135 2666 4189 enim
2697 4142 2750 4186 ιιι
2780 4148 2874 4187 eas
2903 4131 3113 4186 animas
3144 4132 3481 4187 Christianas
3513 4134 3658 4188 exis-

2060 4249 2118 4304 ln
2152 4245 2696 4320 Hieronymolnudati
2726 4243 2951 4320 Victorii
2976 4245 3010 4299 Ι.
3033 4260 3108 4306 c.,
3133 4245 3453 4320 iuramentis.
3471 4245 3651 4300 Malim

2059 4328 2235 4376 tamen
2256 4314 2376 4374 cuni
2398 4319 2587 4373 eodem
2631 4317 2905 4371 Cotclerio
2933 4314 3192 4380 lenientis,
3225 4317 3365 4385 quod
3397 4329 3450 4372 et
3483 4321 3653 4386 magis

2054 4392 2263 4446 aCt't’Jiil
2287 4393 2432 4445 edito
2454 4389 2761 4444 Buluziano.
2784 4387 2902 4440 Mox
2925 4387 3329 4458 ineuduseapud
3345 4389 3648 4445 Clericum:

2057 4463 2249 4517 Nullus
2279 4464 2331 4516 in
2363 4479 2418 4516 eo
2450 4458 2608 4526 tnal.;
2641 4470 2694 4513 et
2723 4461 2880 4528 paulo
2914 4468 3036 4525 post
3071 4479 3082 4512 :
3116 4459 3221 4512 Sed
3248 4471 3290 4513 et
3323 4465 3399 4514 tui
3419 4463 3551 4526 ipsa.

2132 4534 2148 4573 ί
2202 4535 2267 4588 Et
2319 4547 2757 4599 nequaquam”...
2793 4533 3060 4599 facientes.
3095 4530 3224 4585 Jure
3263 4533 3350 4585 hic
3387 4535 3642 4590 mendum

352 4577 515 4677 peiita
541 4615 668 4660 ante
698 4605 787 4658 illa
815 4621 907 4668 pro
934 4577 1258 4677 bysso,'ctc.,
1305 4577 1688 4672 prmieriimus,
1722 4605 1940 4661 llolste-
1968 4577 2022 4636 D
2048 4577 2354 4675 suspicatus
2373 4577 2457 4659 e'st
2482 4577 2741 4677 alericus.
2767 4577 2910 4672 [iege
2939 4604 3102 4672 igitur
3131 4618 3252 4656 cum
3281 4577 3647 4668 ιιυιὲιῖῖἔῖἱὶὲ

352 4674 571 4732 itianutn
598 4677 878 4740 exemplar
904 4674 1094 4728 socuti.

429 4760 450 4785 ε
493 4748 886 4822 Benignitatem.
912 4744 1037 4822 _Gr.,
1069 4746 1431 4822 χρηστὸῖητα.
1480 4746 1584 4822 Sed
1618 4747 1776 4822 Cler._
1797 4748 1940 4822 boni-

353 4829 504 4874 tatem
551 4816 798 4882 intrusit;
831 4816 927 4887 qui
963 4827 1020 4872 et
1065 4816 1186 4871 mox
1232 4835 1244 4871 :
1288 4816 1407 4870 Non
1453 4820 1685 4871 decorem
1725 4820 1938 4873 alterius

350 4892 598 4963 pigmenti
627 4900 853 4958 quierat;
885 4887 1084 4963 vnculis
1111 4904 1326 4963 cerasi-te
1346 4896 1431 4941 aut
1468 4906 1556 4954 ιιι’.ι
1581 4890 1864 4963 tertniSsis.

426 4960 451 4999 ά
497 4963 559 5015 Et
589 4963 836 5030 pudorem
866 4959 1069 5014 ruboris
1101 4961 1410 5028 pudorisque
1451 4962 1726 5028 possident.
1771 4961 1858 5014 Sic
1889 4971 1943 5014 ct

353 5037 492 5102 apud
527 5035 750 5088 Hieron.
783 5031 1001 5086 Mai-iani
1035 5032 1254 5085 Victorii
1295 5043 1420 5084 tum.
1451 5031 1544 5092 IX,
1589 5049 1709 5100 pag.
1878 5033 1940 5085 ll.

356 5105 461 5163 Sed
493 5105 774 5171 legendum
804 5120 925 5156 cum
957 5103 1154 5167 llolst.,
1179 5113 1221 5156 et
1255 5119 1569 5169 purpureum
1597 5121 1637 5154 r.
1667 5121 1716 5173 ρ.
1747 5120 1798 5169 p.

431 5187 454 5215 ο
497 5177 724 5231 (.‘telestis
755 5175 998 5229 abluatur
1032 5175 1167 5227 nitro
1197 5174 1465 5230 doctrinm.
1501 5182 1547 5227 et
1576 5171 1834 5227 (umentis.
1869 5171 1943 5227 Ita

357 5250 510 5304 unica
529 5248 912 5304 edit'ioBahtzii
944 5263 1070 5300 ann.
1093 5247 1253 5308 1678,
1290 5245 1508 5299 Miscell.
1541 5247 1630 5300 lib.
1662 5261 1701 5310 ι,
1738 5263 1787 5312 p.
1818 5244 1944 5310 549,

355 5335 514 5389 quam
549 5335 662 5384 pne
689 5322 858 5373 oculis
889 5317 1063 5372 haben
1095 5335 1107 5371 :
1135 5327 1194 5370 ut
1241 5318 1464 5382 prmnde
1512 5320 1691 5389 mirari
1722 5319 1945 5389 subeat,

357 5387 411 5446 in
439 5393 633 5447 eadem
663 5392 903 5444 editione
933 5392 1129 5451 legisse
1165 5390 1494 5442 (.Zotelerinnt
1535 5388 1764 5442 Monum.
1801 5387 1944 5441 Eccl.

361 5461 451 5516 Gr.
487 5476 619 5517 toni.
654 5463 718 5522 ll,
749 5479 866 5532 pag.
915 5461 1042 5523 541,
1073 5465 1314 5514 abutatur
1345 5474 1388 5513 et
1415 5461 1649 5513 lamentis
1679 5476 1695 5513 :
1726 5461 1868 5528 quod
1895 5469 1944 5532 et

360 5533 555 5602 legisse
583 5536 897 5604 perhibetur
923 5533 1192 5588 Clericus.
1222 5533 1355 5584 llinc
1385 5546 1723 5587 vernansam
1751 5531 1950 5604 arripit

360 5601 504 5660 idem
533 5601 839 5660 (Jutelerius
881 5605 1207 5674 ctmjtciendi
1237 5605 1520 5671 legendum
1549 5601 1946 5674 esserablualur

359 5684 410 5732 et
430 5679 683 5734 lamentis.
710 5675 977 5738 Caeterum
991 5673 1170 5730 ιιηιει.
1203 5675 1367 5730 hath
1389 5673 1580 5728 δαίωιὶ
1598 5685 1644 5728 et
1673 5673 1947 5738 lamentis;

361 5746 504 5818 quod
535 5749 806 5817 posterius
833 5748 1008 5802 minus
1031 5744 1610 5818 fortecongroit-lerho
1624 5749 1946 5804 emendetur.

2048 4695 2270 4749 quant...
2301 4679 2553 4749 studeant
2571 4675 2756 4749 facere.

2122 4759 2145 4796 s
2180 4746 2616 4815 Verwpudicitiw.
2643 4743 3084 4810 Pi-rperamCler.
3106 4745 3494 4815 vita’pudicitim
3514 4766 3646 4806 non-

2049 4821 2317 4886 nullisque
2339 4814 2649 4885 interjectis
2681 4834 2694 4870 :
2731 4815 2851 4868 Non
2877 4824 2952 4870 est
2982 4814 3328 4872 ista-humana
3356 4818 3640 4878 institutio-

2051 4909 2112 4946 ne
2133 4892 2405 4958 disciplina
2425 4887 2676 4941 mortalis.

2127 4960 2152 4998 h
2181 4957 2375 5014 Filium
2407 4959 2620 5011 Christi.
2666 4958 2755 5014 Sic
2794 4959 2920 5011 item
2964 4957 3128 5013 habet
3161 4959 3384 5015 Hieron.
3421 4963 3647 5020 Viam.“

2055 5043 2180 5088 tom.
2213 5037 2303 5085 cit.
2333 5049 2384 5098 p.
2412 5032 2481 5086 56
2514 5034 2564 5081 h.
2584 5029 2782 5084 Verum
2809 5047 2870 5082 ex
2903 5029 3083 5084 ilolst.
3109 5033 3339 5084 emenda
3388 5039 3644 5102 famulam

2054 5103 2268 5160 Christi.
2296 5103 2710 5178 Restitutionent
2745 5103 3090 5178 confirmant,
3115 5119 3234 5178 qua:
3261 5119 3380 5158 tnov
3408 5123 3649 5178 sequun-

2057 5187 2143 5232 tur
2172 5193 2183 5228 :
2225 5176 2391 5244 qualis
2419 5174 2482 5226 sit
2509 5173 2596 5227 ille
2625 5171 2896 5229 Dominus.
2925 5177 3074 5244 cujus
3103 5176 3220 5227 talis
3245 5191 3469 5234 ANCILLA
3490 5171 3595 5234 est.

2137 5247 2150 5284 ἱ
2184 5247 2388 5301 ()mret.
2417 5245 2587 5307 Cler.,
2619 5244 2828 5316 rogabat
2857 5261 2874 5298 :
2902 5249 2990 5313 qui
3021 5255 3074 5298 et
3104 5263 3224 5298 mox
3256 5248 3426 5304 edidit
3449 5258 3660 5303 contra

2059 5319 2140 5375 sui
2173 5318 2499 5385 exemplaris
2535 5317 2692 5370 fidem
2721 5333 2732 5368 :
2767 5328 2868 5369 toto
2891 5319 3044 5369 corde
3084 5319 3438 5385 conscientia,
3472 5328 3681 5374 eorum

2052 5390 2151 5444 Dei
2193 5392 2480 5445 testimonio
2509 5405 2524 5442 :
2553 5405 2673 5441 t‘lllll
2710 5399 2886 5441 tamen
2916 5391 3129 5462 optime
3154 5405 3211 5442 se
3257 5393 3447 5444 haheat
3477 5386 3698 5462 eclitip

2052 5462 2376 5526 Balnziana;
2405 5462 2636 5520 scilicet,
2668 5471 2771 5512 toto
2800 5459 2954 5514 corde
2979 5470 3024 5512 et
3057 5462 3472 5516 conscientia...
3505 5459 3714 5513 testi-

2053 5537 2226 5588 monia
2352 5549 2523 5586 (erant
2554 5531 2684 5593 Deo,
2714 5540 2822 5585 etc.
2853 5531 3250 5598 Rescripsisset
3285 5535 3376 5586 ille
3408 5533 3647 5585 saltv!"
3667 5587 3682 5598 _
3705 5559 3733 5578 ι-

2056 5587 2122 5660 uti
2145 5587 2308 5660 habet
2333 5603 2596 5658 llolstetrii
2628 5587 2925 5670 eietnplar.
2963 5587 3308 5670 ubi'legitnr:
3343 5614 3448 5657 toto
3493 5587 3755 5654 corde

2057 5684 2103 5732 et
2131 5677 2442 5732 conscientia
2471 5691 2645 5728 coram
2670 5672 2762 5726 Dei
2787 5672 3102 5724 testimonio.
