4270 6176
512 266 619 322 259

1502 262 1850 321 APPENDIX
1890 262 1981 319 AD
2019 259 2250 320 OPERA
2290 257 2486 318 SULP.
2529 256 2801 317 SEVERI.

3722 260 3832 320 2‘0

516 383 683 437 times
708 394 853 446 esse,
883 394 1005 452 quae
1035 388 1131 435 aut
1176 379 1377 434 fratres
1427 388 1522 433 aut
1568 395 1795 435 sorores
1846 394 1952 435 non
2002 378 2124 433 dico
2149 382 2197 441 Α
2229 377 2337 431 illis
2367 377 2417 431 in
2452 376 2755 432 minoribus
2800 374 3099 447 prteferant
3141 388 3278 446 quos
3312 374 3412 432 sibi
3445 376 3497 430 in
3529 376 3827 446 majoribus

516 478 775 538 oderunt,
808 475 903 529 sed
950 491 1068 544 qua:
1101 474 1384 545 proximos
1415 480 1529 527 toto
1556 472 1722 527 corde
1752 484 1805 526 et
1837 474 2123 527 conscien-

514 569 603 622 tia:
632 583 817 622 eoram
848 568 956 620 Deo
990 566 1304 621 teSIimonio
1334 581 1441 619 non
1482 564 1749 635 diligunt,
1782 579 1901 619 cum
1932 554 2119 619 Chris-

510 661 677 715 tianis
703 658 908 713 Christi
939 658 1295 713 similitudine
1328 658 1579 713 inimicos
1609 660 1769 712 etiam
1803 672 1988 713 amare
2017 672 2115 713 ne-

510 768 667 809 cesse
698 755 789 807 sit.
821 752 875 806 Si
919 763 1234 807 sanctorum
1267 753 1422 821 cupis
1454 751 1655 807 habere
1692 754 2054 815 consortium,
2085 765 2115 803 a

508 846 735 902 malitia:
761 854 815 899 et
848 845 1107 915 nequitia:
1129 844 1365 909 curitatu
1416 855 1605 914 pectus
1653 847 1911 899 emnnda.
1943 843 2117 898 Nemo

511 946 565 993 te
590 938 1007 1004 circumveniat,
1031 952 1192 992 nemo
1217 939 1391 992 fallaci
1412 952 1669 991 sermone
1694 937 1941 991 seducat.
1972 934 2118 989 Nou-

507 1034 616 1090 nisi
657 1044 878 1088 sanctos
901 1044 954 1087 et
1006 1032 1186 1102 justos
1217 1042 1272 1087 et
1316 1033 1595 1102 simplices
1635 1040 1691 1085 et
1718 1032 2038 1086 innocentes
2062 1037 2120 1082 et

502 1143 671 1197 puros
701 1128 942 1182 caelestis
969 1127 1091 1179 aula
1124 1134 1148 1161 ει
1180 1126 1439 1194 siisciptet
1471 1142 1484 1177 :
1520 1124 1730 1179 nullum
1766 1123 1907 1194 apud
1942 1122 1985 1176 D
2006 1138 2114 1175 tum

503 1219 687 1275 locum
724 1219 888 1273 habet
925 1220 1152 1272 malitia.
1184 1218 1269 1273 Ah
1299 1218 1447 1272 omni
1474 1216 1712 1287 nequitia
1735 1217 1935 1269 ctdulo
1961 1231 2115 1268 mutt-

506 1312 637 1367 dum
668 1327 792 1368 esSe
825 1326 1052 1367 necesse
1080 1322 1160 1364 est
1192 1310 1285 1381 qui
1314 1312 1707 1379 cupiti-eguere
1724 1323 1846 1362 cum
1870 1308 2110 1361 Christo.

509 1405 660 1460 Nihil
710 1415 819 1459 tam
863 1406 1236 1469 contrarium,
1286 1403 1415 1457 nihil
1469 1412 1575 1457 tam
1623 1402 1963 1458 exsecrabile
2005 1401 2115 1454 Deo

508 1514 670 1569 quam
697 1500 930 1569 aliquem
957 1498 1158 1563 odisse,
1204 1498 1435 1553 alterum
1467 1498 1609 1553 velle
1640 1497 1724 1549 vel
1755 1495 1957 1551 laedere
1983 1511 1997 1559 ;
2028 1494 2113 1549 ni-

505 1590 580 1645 hil
613 1602 719 1645 tam
772 1590 1053 1659 probabile
1099 1605 1263 1659 quam
1290 1606 1482 1643 omnes
1530 1604 1741 1643 amare.
1789 1588 1944 1656 Quod
1973 1587 2114 1641 Pro-

501 1684 665 1753 pheta
701 1683 1037 1751 proSpiciens
1063 1692 1294 1737 testatur
1324 1683 1516 1737 dicens
1552 1699 1565 1734 ;
1611 1684 1709 1749 Qui
1749 1681 1969 1751 diligitis
2006 1679 2115 1735 Do-

505 1779 721 1842 minum,
753 1777 893 1832 adite
921 1776 1471 1842 malumlPsal.xcvt,
1504 1777 1614 1847 10).

581 1870 719 1925 XVI.
757 1871 888 1925 Vide
912 1887 980 1926 ne
1006 1873 1247 1940 aliquam
1281 1872 1574 1926 humanam
1608 1870 1837 1940 gloriam
1875 1869 2073 1939 diligas
2098 1912 2113 1935 ,

507 1964 538 2003 Β
569 1982 637 2021 ne
668 1974 723 2021 et
754 1978 840 2019 tua
876 1966 1057 2035 pertio
1090 1970 1235 2021 inter
1265 1968 1389 2019 illos
1411 1976 1756 2035 eomputetnr
1778 1965 1973 2035 quibus
1996 1965 2115 2019 dic-

506 2067 621 2112 tum
652 2066 735 2111 est
760 2074 773 2110 :
807 2057 1077 2125 Quomodo
1110 2075 1195 2110 vos
1216 2061 1425 2127 potestis
1454 2059 1676 2121 credere,
1700 2058 1920 2130 gloriam
1946 2058 2013 2110 ad
2035 2058 2114 2111 in-

2222 485 2386 540 pares
2440 475 2729 535 sentiant,
2780 478 2835 524 et
2882 471 3035 537 quasi
3086 468 3225 524 infra
3268 484 3328 525 se
3362 472 3567 540 positos
3598 473 3649 525 in
3679 480 3825 527 terra

2218 563 2553 627 existiment,
2582 580 2716 634 quos
2753 562 2857 619 sibi
2885 564 2937 616 in
2971 563 3287 617 ctelestibus
3317 564 3556 633 aequales
3581 565 3829 621 credide-

2225 665 2373 711 runt.
2407 657 2487 712 Tu
2514 667 2721 723 autem,
2751 672 3109 728 quaecumque
3142 655 3347 711 Christi
3380 673 3485 711 non
3511 658 3696 713 sa-culi
3722 659 3831 713 vir-

2218 765 2287 820 go
2316 766 2395 813 es.
2427 766 2645 805 onmem
2680 758 2966 820 pra-sentis
2990 752 3114 804 vitae
3141 752 3374 820 gloriam
3408 751 3564 822 fuge,
3598 760 3661 807 ut
3702 767 3823 808 eam

2222 860 2344 913 qua:
2374 846 2425 897 iu
2458 844 2638 898 futuro
2668 846 3003 913 promittitur
3027 848 3405 916 roosequaris.

2293 936 2453 990 XVII.
2488 935 2915 991 Contentionum
2965 940 3130 993 verba
3166 947 3223 993 et
3264 940 3630 996 animositatis
3658 956 3824 998 causa
3898 1004 3913 1014 ⁸

2220 1028 2398 1093 evita,
2447 1029 2846 1085 diScordiarum
2906 1047 3122 1101 quoque
3173 1041 3229 1087 ct
3280 1033 3452 1087 litium
3505 1035 3825 1089 occasiones

2219 1122 2560 1193 subterfugc.
2594 1123 2726 1176 Nam
2753 1123 2798 1178 si
2818 1124 2972 1191 juxta
2998 1124 3246 1193 ApOSlDll
3277 1124 3579 1180 doctrinam
3607 1143 3821 1182 servum

2221 1216 2432 1269 Domini
2458 1216 2678 1287 litigare
2710 1233 2819 1269 non
2851 1228 3091 1285 Oportet,
3124 1226 3331 1287 quanto
3379 1219 3549 1287 magis
3593 1220 3684 1273 Dei
3730 1236 3827 1274 an-

2219 1309 2400 1362 cillam
2437 1325 2451 1374 ;
2493 1310 2650 1379 cujus
2672 1325 2779 1377 quo
2809 1320 2831 1347 θ
2858 1309 3221 1365 verecundior
3263 1323 3339 1366 cst
3375 1326 3565 1375 setius,
3611 1312 3825 1369 animus

2214 1402 2375 1457 debet
2398 1419 2519 1458 e~se
2544 1404 2846 1458 modestior
2873 1406 2885 1458 !
2908 1404 3173 1475 Linguam
3202 1420 3228 1458 a
3255 1405 3575 1475 maliloquio
3604 1406 3819 1473 cohibe,

2218 1508 2274 1554 et
2303 1500 2383 1553 0ri
2413 1510 2504 1553 tuo
2538 1498 2721 1554 frenos
2745 1500 2877 1570 legis
2907 1502 3123 1568 impone
3153 1517 3167 1566 ;
3212 1508 3269 1555 et
3310 1510 3437 1555 tunc
3474 1501 3517 1553 si
3562 1500 3701 1555 forte
3743 1501 3823 1556 lo-

2218 1590 2406 1657 quaris
2428 1592 2646 1658 quando
2676 1602 2858 1645 tacere
2893 1600 3209 1661 peccatum,
3256 1606 3386 1645 cave
3419 1607 3484 1646 ne
3514 1592 3638 1661 quid
3672 1592 3821 1663 quod

2218 1682 2271 1736 in
2305 1682 2786 1753 reprehensionem
2812 1684 2993 1738 veniat
3039 1685 3209 1739 dicas.
3254 1683 3418 1753 Lapis
3462 1685 3694 1740 emissus
3735 1694 3821 1740 est

2215 1789 2400 1828 sermo
2431 1774 2676 1843 prolatus
2704 1792 2717 1827 :
2749 1788 3084 1845 quapropter
3130 1776 3222 1829 diu
3254 1784 3544 1843 antequam
3574 1777 3817 1847 protera-

2218 1877 2303 1923 tur
2330 1870 2653 1939 cogitandus
2697 1880 2800 1925 est.
2848 1870 3011 1925 Beata
3063 1873 3265 1941 quippe
3306 1871 3445 1925 labia
3491 1883 3663 1933 sunt,
3698 1890 3820 1943 qua:

2217 1976 2511 2031 numquam
2565 1963 2708 2032 quod
2757 1977 3014 2017 remeare
3061 1962 3237 2018 velint
3280 1962 3555 2018 emittunt.
3601 1964 3819 2019 Pudicm

2218 2054 2419 2109 mentis
2447 2070 2629 2109 sermo
2655 2056 2819 2110 debet
2845 2071 2968 2110 esse
2999 2056 3246 2124 pudicus,
3282 2058 3370 2127 qui
3411 2056 3644 2113 aedificet
3673 2074 3819 2113 sem-

504 2153 664 2206 vicem
692 2159 975 2221 qmerentes
1004 2150 1183 2221 (Joan.
1210 2168 1261 2217 ν,
1282 2150 1417 2221 4t)?
1449 2160 1501 2206 et
1530 2153 1597 2205 de
1630 2153 1828 2221 quibus
1861 2168 1953 2219 per
1980 2151 2111 2205 Pro-
2141 2186 2188 2247 Β
2217 2166 2317 2222 per
2345 2151 2519 2223 magis
2548 2167 2709 2221 quam
2738 2151 3033 2217 aliquando
3062 2152 3305 2205 destruat
3349 2151 3631 2208 audientes
3662 2195 3677 2217 ,
3733 2168 3821 2209 se-

505 2245 728 2316 phetam
760 2242 960 2298 dicitur
992 2262 1005 2297 :
1057 2245 1203 2315 Auge
1236 2255 1258 2281 α
1306 2246 1377 2299 eis
1411 2246 1567 2306 mala,
1597 2261 1727 2315 auge
1752 2245 1892 2298 mula
1913 2246 2107 2313 glorio-

504 2338 577 2391 sis
608 2334 931 2409 terersai.
964 2336 1333 2403 xxv1,15.sec.
1356 2338 1548 2410 LXX).
1581 2338 2108 2409 EtzConfuuduulur

512 2432 936 2503 agloriﬁcatione
957 2440 1146 2496 vestra,
1174 2440 1222 2486 et
1244 2432 1307 2485 ab
1340 2433 1618 2503 opprobrio
1636 2434 1687 2486 in
1704 2442 1983 2499 conspectu
2002 2433 2109 2488 Do-

509 2527 639 2579 mini
663 2526 881 2596 (Jerem.
911 2542 1007 2591 xu,
1043 2527 1134 2593 15,
1164 2543 1267 2580 sec.
1295 2526 1484 2597 LXX).
1519 2526 1656 2581 Nolo
1684 2531 1829 2582 enim
1865 2529 1986 2582 illas
2021 2544 2108 2584 re—

507 2620 706 2690 spicias
729 2636 849 2691 qua:
867 2619 1053 2675 saeculi
1079 2637 1185 2675 non
1203 2622 1407 2675 Christi
1431 2633 1557 2676 sunt
1582 2622 1844 2693 virgines,
1868 2638 1969 2677 nec
1988 2638 2109 2693 qua:

506 2716 778 2786 propo~iti
805 2723 885 2771 sui
915 2726 969 2772 et
1000 2715 1360 2785 professionis
1391 2717 1744 2773 immemores
1775 2718 2017 2786 gaudent
2056 2717 2108 2771 in

503 2807 743 2874 deliciis,
778 2809 1048 2878 inopibus
1078 2808 1518 2871 delectautur,et
1542 2825 1823 2879 corporeae
1857 2810 2112 2863 nobilita-

501 2901 574 2956 tis
606 2902 658 2955 in
690 2902 903 2972 origine
930 2903 1276 2971 gloriantur;
1304 2918 1425 2973 qure
1456 2903 1503 2957 si
1533 2920 1629 2973 pro
1661 2919 1817 2958 certo
1844 2904 1938 2959 Dei
1969 2904 2112 2960 tilias

509 3010 571 3053 se
598 3012 721 3054 esse
767 2996 1081 3065 crederent,
1127 3013 1424 3067 numquam
1478 3010 1600 3068 post
1642 2998 1858 3053 divinos
1907 3000 2114 3053 natales

506 3092 850 3147 nobilitatem
884 3091 1290 3147 admirarentur
1319 3095 1632 3153 humanam.
1677 3107 1774 3147 nec
1805 3092 2111 3161 gloriaren-

507 3190 598 3237 tur
630 3184 682 3237 iti
718 3193 872 3251 patre
899 3184 1145 3251 quolibet
1173 3184 1464 3251 li0uorato,
1503 3186 1546 3237 si
1590 3194 1797 3254 patrem
1842 3183 2010 3237 Deum
2054 3198 2114 3239 se

508 3276 717 3332 habere
736 3276 1005 3330 sentirent
1032 3273 1079 3327 ,ιι
1106 3276 1246 3344 Quid
1290 3277 1420 3342 tibi,
1454 3290 1488 3331 ο
1518 3277 1685 3330 stulta
1712 3318 1726 3340 ,
1764 3276 2028 3331 blandiris
2060 3284 2117 3332 et

510 3369 820 3437 complaces
847 3369 871 3421 ἶ
901 3368 1047 3422 Duos
1076 3367 1327 3423 homines
1348 3369 1398 3422 in
1421 3368 1650 3422 exordio
1678 3368 1803 3423 fecit
1834 3368 2001 3432 Deus,
2047 3384 2113 3423 ex

510 3463 709 3534 quibus
739 3462 908 3518 totius
936 3462 1155 3516 humani
1187 3463 1407 3533 generis
1451 3462 1586 3516 silva
1622 3461 1929 3517 descendit.
1960 3462 2117 3515 Mun-

2216 2246 2452 2301 cundmn
2502 2245 2643 2315 quod
2694 2246 2955 2314 przecepit
3004 2244 3301 2310 Atosmlus
3346 2244 3534 2299 dicens
3580 2263 3593 2297 :
3638 2245 3818 2301 (huius

2212 2354 2376 2392 sermo
2443 2340 2610 2391 malus
2653 2337 2715 2389 de
2763 2354 2851 2391 ore
2915 2344 3081 2391 vestro
3138 2353 3241 2391 non
3288 2337 3569 2406 procedat;
3622 2337 3712 2391 sed
3770 2338 3818 2391 si

2212 2434 2324 2503 quis
2349 2432 2511 2486 bonus
2539 2440 2613 2485 est
2643 2432 2712 2484 ad
2753 2432 3150 2499 aediﬁcationem
3178 2431 3326 2501 ﬁdei,
3370 2440 3425 2483 ut
3470 2431 3553 2483 det
3592 2431 3815 2502 gratiam

2214 2523 2540 2577 audientibus
2564 2522 2784 2594 (Ephes.
2810 2539 2883 2583 tv,
2923 2523 3041 2592 29).
3088 2522 3332 2576 Pretiosa
3365 2522 3475 2575 Deo
3515 2522 3691 2591 lingua
3730 2528 3815 2574 est

2214 2632 2334 2687 qua:
2363 2635 2468 2671 non
2495 2616 2597 2670 nisi
2623 2618 2689 2670 de
2711 2616 2913 2669 divinis
2933 2616 3095 2670 rebus
3115 2616 3263 2669 novit
3286 2615 3449 2669 verba
3471 2625 3810 2679 construere,

2216 2718 2271 2764 et
2297 2720 2543 2763 sanctum
2571 2725 2632 2763 os
2660 2708 2807 2763 unde
2836 2710 3077 2764 coalesna
3116 2723 3331 2778 semper
3374 2708 3588 2778 eloquia
3627 2707 3811 2776 profe-

2216 2811 2430 2856 runtur.
2490 2801 2811 2855 Absentium
2872 2802 3268 2856 obttectatores
3325 2802 3480 2871 quasi
3548 2800 3814 2870 malignos

2218 2893 2520 2963 Scriptura:
2550 2894 2875 2949 auctoritate
2898 2894 3147 2959 deterre;
3179 2895 3298 2964 quia
3323 2895 3487 2949 etiam
3532 2893 3635 2948 hoc
3672 2894 3814 2947 inter

2217 2988 2438 3056 perfecti
2500 2986 2735 3041 hominis
2794 2987 3019 3041 virtutes
3079 2986 3351 3056 Propheta
3420 2992 3816 3041 commemorat

2219 3078 2390 3149 (Psal.
2427 3095 2536 3143 xxv,
2563 3080 2639 3147 4),
2670 3080 2715 3133 si
2745 3090 2871 3135 ante
2902 3090 3257 3150 conspecmm
3282 3078 3412 3151 justi
3440 3079 3706 3148 malignus
3747 3077 3814 3133 ad

2219 3172 2444 3226 nihilum
2478 3172 2801 3238 deducatur,
2835 3174 2924 3241 qui
2956 3183 3145 3227 centra
3179 3173 3483 3242 proximum
3533 3188 3638 3226 non
3687 3188 3815 3243 pro-

2216 3265 2393 3321 banda
2424 3266 2731 3335 protulerit.
2765 3265 2883 3321 Non
2916 3267 3042 3321 licet
3076 3266 3171 3320 tibi
3200 3266 3425 3321 alterius
3457 3266 3817 3335 vituperatio-

2219 3376 2343 3415 nem
2376 3360 2643 3430 patieuter
2666 3360 2877 3425 audire,
2900 3360 3024 3428 quia
3076 3376 3175 3414 nec
3199 3360 3268 3413 ah
3302 3360 3426 3414 aliis
3448 3371 3604 3430 Optas
3645 3361 3818 3431 recipi

2217 3459 2387 3506 tuatn.
2419 3451 2682 3521 lnjustnm
2706 3452 2907 3523 quippe
2937 3460 3023 3505 est
3065 3451 3326 3522 quidquid
3370 3461 3561 3505 contra
3615 3450 3817 3507 Christi

511 3558 710 3611 danam
739 3557 1081 3612 nobilitatem
1110 3572 1217 3612 non
1248 3566 1457 3612 natura:
1488 3557 1715 3626 aquilas
1747 3564 1988 3625 prastat,
2018 3554 2115 3609 sed
2144 3570 2191 3633 ρ
2223 3544 2577 3615 Evangelium
2598 3546 2764 3611 venit,
2790 3545 2831 3598 Si
2861 3544 3016 3599 alteri
3040 3544 3185 3615 quod
3217 3545 3313 3598 ιίΙιί
3338 3545 3405 3600 ab
3429 3544 3538 3599 alio
3564 3545 3677 3600 lieri
3700 3560 3814 3599 mo-

510 3650 827 3719 cupiditatis
866 3649 1132 3714 ambitio;
1201 3658 1256 3704 et
1310 3650 1455 3703 nulla
1503 3650 1646 3703 inter
1700 3663 1795 3703 eos
1845 3648 2116 3703 discretio

510 3754 692 3817 potest
718 3760 841 3801 esse
871 3761 1010 3813 quos
1063 3744 1321 3800 nativitas
1372 3743 1613 3799 secunda
1666 3742 1971 3811 generavit,
2018 3756 2118 3812 per

512 3853 673 3909 quam
710 3847 817 3893 tam
846 3838 1001 3892 dives
1027 3852 1185 3906 quam
1221 3852 1426 3905 pauper
1453 3878 1467 3902 ,
1492 3844 1601 3890 tam
1637 3835 1776 3891 liber
1804 3851 1966 3905 quam
2001 3850 2119 3890 ser-

504 3947 630 3990 vus.
660 3942 768 3985 tam
800 3931 1000 3985 nobilis
1037 3945 1198 4001 quam
1230 3930 1509 3999 ignobilis,
1547 3930 1637 3984 Dei
1664 3928 1901 3983 efficitur
1932 3928 2073 3982 filius
2097 3968 2113 3994 ,

515 4032 575 4078 et
602 4032 815 4078 terrena
837 4022 1093 4076 nobilitas
1132 4022 1423 4091 splendore
1448 4021 1688 4076 caelestis
1717 4021 1906 4091 gloria:
1930 4020 2120 4074 adum-

513 4118 720 4171 bratur.
749 4115 1025 4184 Nusquam
1054 4116 1279 4169 omnino
1302 4115 1732 4185 jamcomparet,
1760 4114 1890 4169 dum
1916 4113 2008 4181 qtti
2033 4128 2117 4168 re-

512 4221 599 4266 tro
629 4212 681 4265 in
713 4210 1063 4266 smeularibus
1116 4210 1414 4265 honoribus
1460 4210 1698 4277 impares
1736 4208 1978 4271 fuerant,
2013 4223 2118 4262 ca:-

517 4307 639 4361 lesti
668 4306 865 4360 divinze
894 4306 1085 4376 gloria:
1127 4304 1415 4359 nobilitate
1455 4306 1765 4358 vestiuntur
1806 4301 2119 4373 aequaliter.

519 4399 713 4455 Nullus
744 4398 818 4453 ibi
843 4398 954 4468 jam
986 4398 1340 4468 ignobilitatis
1380 4397 1537 4451 locus
1573 4406 1658 4450 est
1691 4412 1705 4460 ;
1732 4410 1832 4450 nec
1883 4394 2125 4464 degener

523 4492 811 4562 quisquam
843 4501 927 4546 est
956 4506 1115 4559 quem
1143 4489 1343 4545 divina!
1374 4489 1671 4543 nativitatis
1707 4488 2015 4543 sublimitas
2038 4502 2127 4542 or-

526 4595 640 4648 nat,
674 4583 777 4639 nisi
801 4582 944 4652 apud
966 4583 1089 4638 illos
1118 4584 1208 4653 qui
1244 4597 1348 4637 non
1376 4590 1567 4652 putant
1598 4580 1849 4635 humanis
1877 4579 2122 4635 caelestia

522 4678 908 4751 praeponenda.
944 4678 1053 4733 Aut
1080 4678 1123 4733 si
1150 4685 1360 4748 putant,
1391 4691 1553 4747 quam
1579 4690 1777 4730 vanum
1808 4682 1893 4731 est
1920 4683 1973 4729 ut
2004 4686 2126 4727 sese

2219 3641 2418 3696 lestum
2441 3649 2543 3705 est,
2595 3641 2820 3710 patiaris
2866 3638 3072 3694 inferri.
3114 3639 3374 3707 Linguam
3422 3647 3569 3693 tuam
3600 3653 3819 3709 semper

2221 3733 2290 3789 de
2320 3735 2475 3789 bonis
2503 3734 2651 3803 loqui
2682 3747 2959 3799 assuesce,
2993 3742 3047 3787 et
3077 3732 3321 3787 auditum
3351 3742 3499 3785 tuum
3532 3730 3703 3800 magis
3747 3732 3817 3786 ad

2222 3828 2488 3882 bonorum
2520 3826 2731 3881 laudem
2762 3841 2921 3896 quam
2945 3825 3011 3879 ad
3049 3825 3314 3879 malorum
3358 3826 3816 3896 vituperatiOnem

2219 3918 2592 3975 accommoda.
2624 3916 2756 3973 Vide
2788 3927 2845 3971 ut
2868 3917 3049 3971 omnia
3098 3932 3453 3987 quaecumque
3498 3917 3637 3971 bene
3683 3914 3819 3971 facis

2223 4023 2448 4082 propter
2478 4010 2647 4065 Deum
2676 4011 2861 4077 facias,
2886 4012 3066 4065 sciens
3092 4009 3213 4080 ejus
3236 4010 3315 4065 rei
3348 4019 3550 4064 tantam
3585 4018 3638 4064 te
3664 4025 3694 4063 a
3725 4010 3819 4065 Do-

2221 4106 2372 4160 mino
2400 4115 2743 4171 receptui-am
2772 4119 2893 4158 esse
2926 4104 3257 4168 mercedem,
3283 4118 3443 4173 quam
3466 4107 3585 4173 ejus
3612 4101 3821 4157 timoris

2220 4207 2276 4255 et
2323 4198 2634 4255 dilectiOuis
2684 4213 2847 4253 causa
2906 4196 3219 4267 perfeceris.
3266 4197 3465 4252 Sancta
3497 4197 3671 4266 magis
3698 4210 3821 4252 esse

2224 4310 2386 4365 quam
2435 4292 2607 4347 videri
2651 4292 2850 4357 stude;
2906 4289 3029 4360 quia
3064 4289 3081 4328 ί
3112 4290 3244 4345 nihil
3293 4291 3516 4361 prodest
3565 4289 3823 4344 aestimari

2224 4389 2371 4459 quod
2403 4405 2507 4441 non
2540 4387 2637 4453 sis,
2664 4395 2720 4443 et
2741 4386 2969 4457 duplicis
2985 4386 3189 4458 peccati
3214 4394 3399 4440 reatus
3429 4393 3513 4439 est
3535 4400 3639 4439 non
3663 4382 3825 4438 babe-

2225 4498 2285 4539 re
2309 4481 2454 4551 quod
2485 4480 2745 4546 creditur,
2773 4493 2829 4536 et
2854 4479 2997 4550 quod
3029 4495 3135 4534 non
3167 4479 3369 4534 habeas
3399 4477 3677 4533 simulare.

2303 4574 2491 4630 Χνιιι.
2536 4574 2590 4628 ln
2620 4573 2843 4643 jejuniis
2866 4572 3036 4643 magis
3059 4588 3221 4642 quam
3248 4574 3299 4626 in
3326 4570 3503 4642 epulis
3523 4569 3823 4638 delectare,

2233 4670 2381 4725 illius
2413 4668 2588 4724 vidua:
2615 4682 2828 4724 memor
2855 4682 2975 4737 qua:
3016 4681 3125 4721 non
3154 4664 3471 4721 discedebat
3497 4665 3566 4719 de
3588 4665 3823 4735 templo,

600 4896 625 4923 ἰ
654 4886 931 4957 Suscipiet.
966 4884 1056 4941 Sic
1082 4891 1136 4938 et
1156 4882 1332 4938 Holst.
1359 4882 1425 4936 At
1447 4880 1619 4945 Cler.,
1644 4880 1890 4951 suscipit:
1918 4887 1975 4934 et
1998 4890 2125 4934 mox
2150 4873 2203 4936 Ι)
2230 4873 2502 4929 Slilﬂenda
2528 4872 2653 4928 huic
2681 4874 2802 4928 loco
2830 4873 2883 4927 in
2916 4871 3062 4929 edito
3091 4871 3409 4926 Baluziano.

529 4958 659 5013 nihil
688 4956 1015 5022 exsecrabile,
1045 4957 1247 5009 0mi538
1269 4960 1459 5009 vocula
1494 4964 1616 5005 tam.

596 5060 625 5099 ι)
658 5059 739 5114 Nc
769 5071 813 5113 et
841 5070 929 5112 tua
943 5060 1109 5131 portio
1137 5052 1833 5131 mterillos._Clcr.absone.
1865 5073 1925 5131 ne
1955 5065 2002 5109 et
2033 5055 2126 5110 illa

528 5134 696 5204 portio
732 5133 861 5204 inter
889 5127 991 5185 eos.
1020 5130 1187 5204 Paulo
1212 5141 1332 5204 post
1352 5131 1404 5183 in
1433 5127 1658 5183 Joannis
1690 5139 1838 5183 textu
1870 5129 1974 5197 leg.
2002 5142 2123 5181 cum

536 5205 687 5273 Vulg.
723 5216 777 5255 ct
810 5202 1005 5266 llolst.,
1038 5203 1099 5255 ab
1130 5201 1370 5255 invicem.

601 5316 622 5343 ο
658 5305 801 5370 Auge
830 5304 901 5356 eis
942 5304 1100 5363 mala,
1148 5314 1255 5373 etc.
1294 5300 1498 5373 ηυιςιἹ
1525 5301 1670 5373 Auge
1684 5301 1757 5353 eis
1786 5300 1925 5373 mala
1949 5341 1962 5363 ,
1990 5315 2127 5373 auge

528 5378 666 5431 mala
694 5375 863 5446 gloria
894 5375 935 5427 is
963 5384 1131 5428 teme.
1168 5372 1242 5446 Et?
1260 5372 1388 5446 alibi
1420 5390 1429 5421 :
1458 5371 1851 5446 Cottfutttljntint:
1872 5390 1902 5423 a
1922 5371 2120 5446 gloria-

528 5448 663 5502 tione
685 5440 876 5501 uestra.
919 5446 981 5498 ob
1002 5445 1277 5514 opprobrio
1299 5443 1353 5495 in
1374 5454 1645 5514 conspectu
1679 5440 1791 5493 Dei.
1840 5440 1994 5494 nrt}..-
2038 5444 2119 5492 lo-

526 5536 624 5574 ctts
641 5534 749 5569 sec.
766 5516 907 5570 LXX
924 5510 1097 5569 exstat
1120 5513 1220 5565 lsn.
1250 5528 1397 5587 xs‘vt,
1427 5510 1486 5564 l5
1501 5514 1754 5587 inpacati;
1768 5515 1945 5572 αὐτοῖς
1969 5515 2118 5578 κακὰ,

524 5592 737 5667 πρόσθες
766 5590 896 5643 κακὰ
925 5594 1059 5643 πᾶσι
1079 5593 1181 5645 τοῖς
1226 5582 1455 5647 ἐνδόξοις.
1501 5581 1774 5633 Po'stt-rtnr
1814 5599 1941 5635 Vero
1992 5598 2118 5638 ιιιῃη

517 5676 544 5715 s
564 5656 628 5714 ἔρ.
648 5660 784 5713 LXX
801 5668 1055 5716 occurrit.
1076 5657 1273 5710 Jeretu.
1300 5670 1367 5707 stt
1418 5656 1499 5726 17):
1516 5656 1839 5726 Αἰσχύγθητε
1864 5657 2122 5726 αἰσχυνην

516 5733 619 5803 ἐςπό
646 5735 962 5801 καυχήσεως
1000 5728 1309 5803 ὐμῶνηάπό
1354 5724 1651 5803 ὀγειδισμοῦ
1691 5724 1856 5782 ἔναντι
1881 5724 2112 5803 Διίιὶλὸιον.

2300 4964 2326 5003 ἀ
2344 4969 2482 5032 Quid
2504 4967 2618 5030 tibi,
2639 4984 2668 5019 ο
2691 4968 2870 5028 stulta,
2898 4967 3146 5020 blandiris
3163 4965 3188 5017 ?
3208 4965 3377 5018 llolst.
3402 4963 3540 5028 Quid
3563 4964 3653 5018 tibi
3669 4963 3721 5017 in
3740 4981 3826 5035 ge—

2229 5040 2365 5093 neris
2394 5041 2657 5091 nobilitate
2686 5035 2973 5092 blandiris?
3008 5037 3158 5092 Hanc
3202 5036 3491 5091 leCtionem
3534 5045 3825 5091 contextus

2230 5113 2516 5180 postulare
2550 5110 2783 5165 videtur.

2304 5216 2327 5241 ο
2350 5204 2699 5260 Verecundior
2716 5213 2788 5256 est
2804 5219 2977 5257 sexus.
3008 5201 3172 5257 Deest
3195 5218 3348 5257 sexus
3363 5201 3504 5270 apud
3525 5200 3821 5267 Clericum;

2229 5278 2318 5347 qui
2350 5288 2402 5330 et
2433 5280 2590 5343 paulo
2624 5288 2743 5347 post
2770 5276 2966 5338 habet,
2992 5291 3056 5327 ne
3082 5279 3220 5345 quod
3263 5275 3319 5347 ii_i
3346 5277 3822 5347 reprehensionem,

2229 5344 2432 5401 omissi»
2461 5349 2603 5405 quid.
2629 5346 2746 5401 Mox
2778 5349 2915 5400 idem
2947 5344 3207 5401 mendose
3234 5363 3247 5399 :
3282 5344 3443 5398 Beata
3482 5347 3673 5415 quippe
3696 5346 3829 5399 talia

2228 5435 2325 5487 pro
2355 5419 2509 5473 labia.
2536 5422 2831 5487 l‘aucisque
2856 5418 3062 5487 inturjea
3085 5422 3156 5472 tis
3190 5435 3202 5470 :
3250 5419 3481 5471 destruat
3528 5417 3824 5481 audientes,

2230 5490 2629 5561 Sequeuduni...
2684 5491 2734 5542 in
2754 5489 2940 5542 divinis
2962 5494 3133 5542 rebus.

2305 5586 2322 5623 ί
2362 5585 2511 5639 Nihil
2552 5584 2758 5650 prodest
2794 5586 3038 5637 a'stimori
3087 5582 3221 5653 quod
3255 5599 3355 5635 non
3382 5582 3467 5636 sis.
3501 5581 3651 5635 Cler.
3696 5580 3832 5634 nihil

2226 5659 2469 5712 mstimari
2498 5659 2635 5725 quod
2660 5672 2758 5707 non
2787 5657 2851 5707 sit
2873 5696 2887 5720 ,
2922 5655 3119 5707 omisso
3148 5654 3375 5725 prodest.
3416 5654 3478 5707 Et
3507 5670 3629 5707 nios
3658 5654 3830 5725 simu-

2210 5728 2347 5792 ,lari,
2379 5744 2475 5797 pro
2505 5724 2753 5780 simulare
2776 5742 2794 5778 :
2825 5735 2871 5777 et
2901 5724 3169 5779 decedebat
3194 5740 3292 5794 pro
3313 5726 3627 5780 discedebat.
3656 5724 3834 5779 Paulo

519 5800 700 5869 Atque
738 5797 1045 5868 huiusmodi
1072 5800 1233 5857 lectio
1279 5814 1345 5854 ex
1376 5800 1639 5855 llulstcnti
1680 5797 1981 5869 excitipluri
2020 5813 2110 5852 re-
2138 5848 2198 5870 ,κ
2224 5809 2347 5868 post
2377 5799 2566 5854 talibus
2584 5813 2681 5868 pro
2710 5797 2945 5867 dapibus.
