4172 6182
362 328 463 385 ΞΗ

1298 329 1520 387 EPIST.
1563 329 1631 386 III
1669 330 1867 389 SULP.
1909 331 2187 401 SEVERI,
2230 333 2322 389 AD
2361 333 2739 391 PAULINUM.

3562 341 3671 397 24!

357 443 586 515 jejuniis
615 453 669 498 et
693 444 1031 500 orationibus
1062 445 1174 501 Deo
1201 447 1444 502 serviens
1476 450 1564 503 die
1593 464 1657 503 ac
1676 458 1855 505 nocte.
1889 448 1959 504 Et
1987 452 2033 511 Α
2062 451 2250 520 utique
2281 452 2626 506 sanctitatem
2657 466 2808 507 suam
2833 453 2995 507 etiam
3021 453 3421 524 aliisimpertit,
3448 464 3507 510 ut
3527 458 3673 526 quis-

364 539 411 593 si
445 536 608 592 vidua
661 545 717 591 et
763 537 983 607 quidem
1038 537 1225 594 Judaa
1278 540 1399 594 talis
1424 540 1544 605 fuit,
1574 544 1791 612 qualem
1820 558 1963 598 nunc

363 648 490 690 esse
518 633 780 705 virginem
803 636 1064 689 convenit
1086 635 1290 690 ChriSIi
1315 637 1335 690 ?
1365 635 1573 691 Divina:
1596 639 1767 707 magis
1796 637 1963 693 dilec-

366 726 534 781 tionis
565 728 873 781 convivium
903 728 1089 797 dilige,
1131 739 1183 783 et
1206 729 1545 798 spiritalibus
1574 744 1625 785 te
1656 730 1844 785 Saliari
1869 731 1964 784 da-

364 819 529 889 pibus
558 823 903 891 concupisce.
939 820 1065 875 Illos
1092 824 1271 891 potius
1301 826 1519 893 require
1564 824 1717 879 cilms
1765 824 1961 895 quibus

363 912 543 965 anima
569 913 736 982 magis
766 928 928 982 quam
962 929 1162 984 corpus
1206 914 1464 971 reficitur.
1514 918 1707 972 Carnis
1753 928 1807 973 et
1854 917 1963 972 vini

359 1006 574 1074 species
610 1004 765 1075 quasi
794 1014 819 1069 ll
844 1006 1045 1062 caloris
1096 1007 1333 1063 fomenta
1376 1019 1431 1063 et
1483 1010 1723 1064 libidinis
1762 1010 1957 1065 incita-

362 1107 543 1152 menta
574 1096 719 1168 fuge.
751 1098 819 1153 Et
847 1110 996 1166 tunc,
1017 1101 1061 1154 si
1094 1099 1253 1168 forte,
1276 1101 1401 1155 vino
1429 1104 1625 1173 exiguo
1655 1112 1806 1158 utere
1837 1118 1959 1158 cum

360 1195 626 1249 stomachi
648 1193 841 1249 dolore
869 1196 1036 1249 nimio
1052 1196 1299 1265 corporis
1322 1199 1619 1267 compellat
1650 1198 1958 1253 infirmitas.

364 1284 704 1341 Iracundiam
738 1288 915 1352 vince,
948 1289 1351 1344 animOsitatem
1382 1291 1597 1357 cohibe,
1626 1301 1681 1346 et
1701 1291 1960 1362 quidquid

363 1376 499 1432 illud
532 1380 776 1447 estquod
809 1390 929 1447 post
960 1380 1160 1436 factum
1194 1382 1570 1452 paenitentiam
1598 1383 1838 1454 ingeritb
1864 1399 1961 1455 pro

363 1472 601 1527 maximo
629 1472 893 1538 crimine,
931 1475 1161 1545 proximi
1210 1476 1458 1531 criminis
1495 1477 1959 1534 abominationem

365 1561 595 1617 declina.
641 1564 787 1620 Satis
816 1567 1054 1636 quietam
1088 1578 1142 1623 et
1180 1570 1526 1638 tranquillam
1557 1573 1813 1627 convenit
1836 1586 1959 1628 esse

363 1668 600 1713 mentem
628 1658 697 1713 ab
718 1662 866 1715 omni
900 1663 1303 1729 perturbatione
1332 1664 1529 1719 furoris
1555 1666 1811 1732 alienam,
1837 1682 1959 1735 qum

362 1749 466 1805 Dei
488 1750 852 1807 habitaculum
882 1768 1003 1810 esse
1041 1755 1316 1810 desiderat
1339 1799 1353 1821 ,
1380 1757 1468 1827 qui
1505 1773 1599 1826 per
1628 1757 1954 1828 Prophetam

2068 545 2190 614 quis
2203 560 2270 598 ex
2289 559 2355 598 eo
2379 545 2541 616 digne
2564 547 2886 613 sumpserit,
2915 546 3364 601 sanctificationis
3389 558 3444 602 et
3469 548 3582 618 ipse
3604 548 3677 604 sit

2044 637 2375 706 particeps;
2409 640 2477 691 ita
2512 653 2642 707 ergo
2671 649 2722 692 et
2750 654 2849 707 per
2882 648 2933 693 te
2962 638 3116 709 quasi
3152 654 3244 707 per
3272 639 3509 694 divinam
3539 642 3665 697 hos-

2068 732 2193 785 tiam
2218 732 2622 785 sanctificentur
2643 743 2697 787 et
2725 746 2959 796 (aeterm,
3005 748 3125 788 cum
3165 732 3362 803 quibus
3396 742 3447 787 te
3489 734 3559 787 ita
3607 731 3661 787 in

2066 824 2316 879 omnibus
2343 825 2626 889 exhibeas,
2654 833 2713 880 ut
2735 826 2979 894 quisquis
3008 826 3168 879 \ilattt
3201 836 3345 880 tuam
3368 834 3463 879 aut
3482 825 3669 881 auditu

2066 926 2160 971 aut
2186 921 2301 973 visu
2355 919 2665 989 contigerit,
2710 917 3156 973 sanctificationis
3190 919 3293 973 vim
3325 922 3526 972 sentiat
3550 959 3564 985 ,
3608 925 3666 973 et

2066 1018 2271 1064 tantum
2302 1010 2403 1065 sibi
2454 1010 2716 1080 intelligat
2759 1012 2949 1080 gratia:
2990 1025 3054 1065 ex
3104 1020 3189 1064 tua
3248 1010 3665 1065 conversatione

2066 1101 2405 1165 transfundi,
2430 1112 2490 1156 ut
2512 1102 2639 1156 dntn
2666 1113 2717 1158 te
2743 1102 2941 1157 imitari
2971 1102 3343 1173 concupiscit,
3370 1101 3469 1159 Dei
3490 1101 3662 1158 sacri-

2065 1194 2186 1251 ficio
2216 1207 2270 1253 et
2300 1195 2417 1267 ipse
2443 1198 2514 1253 sit
2539 1199 2751 1270 dignus.

2619 1312 2957 1369 EPISTOLA
3006 1312 3096 1368 III.

2349 1445 2417 1483 AD
2454 1443 2699 1485 SANCTUI
2738 1447 3008 1487 ΡΑυιιΝυκ
3047 1444 3357 1486 εριεεορωι.

2066 1540 2282 1598 Severus
2328 1560 2547 1614 coquum
2591 1547 2744 1599 mittit
2787 1546 2856 1600 ad
2901 1547 3270 1616 prwparandos
3296 1547 3663 1601 monachorum

2673 1638 2813 1693 cibos
2844 1649 3046 1711 aptum.

2139 1762 2161 1788 ο
2194 1752 2483 1822 Postquam
2517 1767 2709 1807 omnes
2738 1769 2768 1808 c
2793 1767 2944 1820 squos
2983 1764 3105 1807 tuos
3141 1753 3390 1823 coquinae
3430 1760 3536 1806 tuae
3576 1768 3662 1807 re-

364 1854 594 1899 teSIatur
620 1855 673 1901 et
696 1848 826 1902 dicit
857 1866 869 1901 :
906 1850 1078 1917 Super
1122 1867 1271 1921 quem
1302 1853 1617 1921 requiescam
1645 1854 1827 1919 alium,
1859 1855 1958 1907 nisi
1989 1851 2034 1911 Β
2063 1847 2339 1901 nuntiasse
2369 1847 2803 1913 coinovi,credo
2830 1848 2952 1917 quia
2982 1847 3403 1917 dedignarentur
3422 1845 3663 1900 officium

360 1956 515 2011 super
545 1942 791 1994 humilem
818 1952 864 1996 et
886 1946 1110 2010 quietum
1130 1952 1178 1997 tt
1200 1956 1497 1998 trementem
1537 1961 1793 2000 sermones
1820 1962 1957 2002 meos

359 2031 514 2101 (Isai.
541 2051 700 2102 vat,
729 2034 833 2105 2)?
874 2038 1125 2091 Omnium
1180 2052 1410 2106 operum
1460 2048 1516 2092 et
1563 2040 1955 2109 cogitationum

358 2135 572 2182 tuarum
604 2132 995 2197 speculatorem
1024 2131 1194 2185 Deum
1225 2131 1471 2197 credere,
1494 2141 1548 2186 et
1571 2148 1700 2187 cave
1731 2148 1797 2187 ne
1828 2132 1954 2202 quid

357 2220 503 2289 quod
533 2221 724 2275 divinis
752 2222 927 2277 oeulis
956 2223 1237 2293 indignum
1270 2225 1381 2292 sit,
1430 2233 1522 2279 aut
1562 2226 1810 2288 Opereris
1861 2233 1957 2279 aut

358 2310 587 2378 cogites.
618 2310 746 2367 Cum
772 2317 1072 2369 oratiooem
1119 2316 1402 2371 celebrare
1438 2318 1751 2385 desideras,
1789 2318 1953 2373 talem

2059 1940 2258 1995 vilibus
2293 1942 2533 2009 praebere
2567 1942 2947 2010 pulmentariis
2982 1960 2993 1994 :
3028 1942 3311 2011 puerulum
3340 1941 3435 1995 tibi
3452 1957 3517 1995 ex
3543 1954 3665 1995 nos-

2059 2042 2137 2088 tra
2172 2032 2421 2087 misimus
2444 2032 2685 2095 officina,
2714 2034 2934 2089 doctum
2960 2035 3094 2088 satis
3119 2036 3410 2105 pallentem
3431 2049 3667 2103 coquere

2057 2123 2232 2179 fabam
2259 2166 2274 2192 ,
2310 2136 2363 2179 et
2386 2124 2652 2195 ignobiles
2690 2126 2843 2181 betas
2879 2140 3035 2182 aceto
3069 2141 3123 2183 et
3149 2129 3272 2197 jure
3303 2128 3549 2194 condire,
3581 2128 3662 2182 vi-

2058 2221 2274 2292 lemque
2297 2223 2497 2292 pultem
2531 2223 2890 2277 esurientium
2936 2222 3184 2278 faucibus
3226 2223 3428 2279 inferre
3474 2238 3663 2278 mona-

2056 2314 2281 2368 chorum
2309 2331 2323 2379 ;
2352 2314 2555 2384 piperis
2580 2316 2821 2369 nescium
2843 2358 2857 2381 ,
2894 2316 3086 2371 laseris
3108 2317 3356 2385 ignarum
3384 2358 3399 2381 ,
3433 2316 3662 2372 familia-

356 2415 410 2459 te
439 2407 640 2461 exhibe
674 2410 822 2477 quasi
853 2424 973 2477 qua!
1002 2408 1076 2463 sis
1100 2424 1221 2464 cum
1262 2410 1369 2464 Deo
1401 2410 1666 2464 locutura.

426 2498 569 2554 XIX.
619 2498 753 2554 Cum
811 2502 1077 2571 psalmum
1121 2502 1281 2566 dicis,
1334 2502 1487 2571 cujus
1517 2502 1683 2557 verba
1716 2503 1955 2573 loquaris

355 2606 612 2663 agnosce,
655 2603 712 2647 et
748 2597 798 2648 in
831 2596 1253 2664 compunctione
1286 2597 1457 2665 magis
1501 2598 1665 2650 animi
1708 2613 1867 2666 quam
1902 2598 1953 2651 in

358 2686 579 2741 tinnula:
626 2687 777 2742 Vocis
816 2688 1104 2744 dulcedine
1145 2690 1439 2745 delectare.
1476 2689 1771 2761 Lacrymas
1808 2690 1952 2745 enim

356 2779 635 2848 psallentis
664 2782 803 2834 Dens
825 2781 1166 2851 magisqnam
1196 2784 1345 2837 vocis
1365 2783 1589 2852 gratiam
1612 2782 1953 2851 Comprobat,

352 2876 492 2930 sient
517 2874 785 2944 PrOplteta
819 2876 948 2932 dicit
981 2894 993 2928 :
1031 2876 1232 2931 Servite
1277 2877 1499 2931 Domino
1535 2880 1586 2932 in
1631 2880 1810 2933 timore
1838 2921 1851 2945 ,
1907 2890 1954 2933 et

355 2980 602 3026 exsatiate
626 2975 674 3027 ei
704 2990 821 3027 cum
848 2986 1067 3029 tremore
1096 2974 1266 3047 (Paul.
1312 2991 1371 3040 tt,
1405 2976 1518 3041 11).
1566 2975 1661 3031 Ubi
1714 2975 1872 3029 timor
1900 2984 1956 3029 et

2056 2423 2169 2462 rem
2198 2410 2423 2479 cymini,
2448 2418 2501 2464 et
2523 2410 2768 2477 apprime
2791 2409 3043 2463 callidum
3082 2409 3263 2464 herbis
3300 2424 3468 2465 suave
3500 2410 3659 2465 redo-

2054 2500 2292 2555 lentibus
2320 2502 2615 2554 clamosum
2663 2516 2857 2572 urgere
2904 2505 3242 2558 mortarium.
3284 2502 3459 2558 Unum
3502 2504 3667 2559 habet

2056 2594 2268 2656 vitium.
2304 2594 2447 2664 quod
2479 2598 2757 2648 hortorum
2802 2596 3042 2649 omnium
3084 2614 3191 2651 non
3229 2607 3309 2651 est
3356 2596 3531 2651 civilis
3561 2597 3663 2650 ini-

2058 2688 2264 2750 micus;
2297 2688 2390 2750 ita,
2424 2687 2467 2740 si
2495 2687 2767 2741 admissus
2806 2687 2989 2755 fuerit,
3022 2690 3267 2758 proxima
3293 2705 3522 2760 qumque
3546 2705 3660 2746 me-

2056 2788 2133 2835 tet
2162 2780 2339 2851 gladio
2366 2823 2380 2846 ,
2414 2796 2514 2835 nec
2555 2782 2957 2836 exsaturahitur
2998 2798 3251 2852 umquam
3284 2784 3430 2837 ciede
3459 2785 3662 2840 malva-

2056 2891 2195 2930 rum.
2249 2875 2301 2927 In
2347 2876 2652 2943 praebendis
2686 2886 2867 2929 autem
2909 2875 3212 2949 sibhlignis
3242 2875 3262 2913 ι
3294 2877 3665 2933 calumniosus

2056 2972 2148 3026 tibi
2176 2986 2280 3025 non
2313 2971 2417 3026 erit
2449 2990 2463 3027 :
2512 2972 2668 3025 olma
2700 2986 2926 3040 qumque
2967 2973 3246 3025 comburct
3275 2987 3290 3035 ;
3323 2980 3509 3035 metet,
3557 2986 3659 3027 nec

356 3066 561 3122 tremor
590 3078 693 3134 est,
720 3068 791 3123 ibi
824 3084 929 3123 non
968 3070 1119 3124 vocis
1148 3070 1312 3124 elatio
1343 3079 1448 3133 est,
1480 3068 1573 3123 sed
1602 3070 1767 3122 animi
1801 3068 1955 3124 ιιι-δί·
2056 3065 2320 3120 dubitabit
2345 3065 2542 3119 inferre
2566 3066 2721 3118 tcctis
2748 3080 2961 3129 manus,
2992 3075 3046 3118 et
3067 3066 3317 3135 antiquos
3348 3080 3561 3120 asseres
3581 3064 3659 3118 la-

355 3158 424 3213 lis
474 3168 528 3215 et
564 3164 865 3233 lacrymosa
911 3172 932 3199 ο
962 3162 1216 3232 dejectio.
1271 3161 1535 3218 Omnibus
1581 3163 1793 3217 actibus
1845 3162 1953 3217 tuis
2057 3159 2207 3213 ribus
2234 3175 2507 3212 amovere.
2562 3158 2715 3212 IIunc
2759 3159 2919 3228 igitur
2956 3173 3077 3212 cum
3112 3157 3198 3211 Itis
3226 3158 3467 3213 litoribus
3496 3170 3661 3229 atque

355 3253 687 3322 diligentiam
722 3256 955 3316 exhibe;
998 3258 1120 3327 qttia
1169 3258 1429 3323 scriptum
1475 3265 1598 3311 est:
1646 3256 1955 3311 Maledictus
1982 3243 2027 3305 C
2062 3252 2356 3307 virtutibus
2391 3253 2673 3315 donatum,
2711 3251 2805 3305 tibi
2832 3269 2937 3305 non
2973 3267 3220 3315 servum,
3256 3251 3349 3306 sed
3376 3267 3473 3322 pro
3502 3267 3663 3308 servo

355 3350 441 3417 qui
459 3351 584 3419 facit
612 3366 767 3417 opera
796 3349 1007 3405 Domini
1034 3350 1345 3421 negligenter
1375 3349 1590 3421 (let-em.
1616 3367 1804 3416 XLVIII,
1837 3351 1951 3423 10).

355 3437 578 3497 Crescat
601 3444 653 3495 in
674 3453 723 3495 te
739 3459 857 3497 cum
880 3445 1037 3497 annis
1058 3446 1250 3515 gratia.
1281 3452 1491 3498 ClesCuI.
1512 3460 1633 3497 cum
1658 3446 1950 3514 tetatejus-

356 3534 498 3597 tilia,
537 3544 591 3584 et
620 3533 755 3587 fides
784 3552 846 3587 eo
871 3535 1169 3604 perleCIior
1191 3536 1438 3590 videatur
1467 3551 1588 3591 esse
1610 3540 1952 3604 quosenior:

356 3628 487 3696 quia
541 3626 800 3683 Dominus
851 3628 1051 3695 .lcsiis,
1107 3631 1199 3697 qui
1248 3630 1405 3682 nobis
1460 3630 1675 3682 vivendi
1732 3629 1954 3698 τιιιιιιιιίι

357 3726 691 3791 exemp'um.
710 3723 1009 3793 proﬁciebat
1034 3738 1138 3777 non
1164 3732 1314 3777 relate
1335 3734 1541 3777 tantum
1556 3737 1839 3793 corporea.
1861 3722 1956 3776 sed

358 3814 617 3883 sapientia
646 3822 695 3866 et
716 3816 887 3886 gratia
919 3816 1151 3883 Spiritali
1182 3858 1197 3881 ,
1230 3832 1406 3869 coram
1438 3813 1548 3868 Deo
1579 3824 1625 3867 et
1666 3815 1958 3869 hominibus

359 3906 510 3975 (an.
537 3923 596 3973 tt,
621 3909 733 3978 52).
761 3908 933 3963 Omne
958 3919 1165 3977 tempus
1199 3912 1248 3961 iu
1282 3924 1389 3978 quo
1436 3918 1488 3964 te
1540 3924 1645 3962 non
1677 3909 1957 3963 meliorem

360 4004 620 4063 senseris.
650 4001 754 4056 hoc
787 4014 839 4057 te
867 4004 1073 4057 mStima
1100 4002 1423 4071 perdidisse.
1468 4003 1803 4070 Conceptum
1851 4003 1959 4056 vir-

361 4094 602 4164 ginitatis
637 4094 972 4164 propositum
1003 4096 1255 4149 adfinem
1289 4110 1459 4158 usque
1490 4110 1751 4149 con-erva
1784 4113 1797 4159 ;
1833 4096 1959 4164 quia

361 4202 466 4241 non
502 4186 789 4239 inchoasse
826 4197 1055 4250 tantum,
1089 4186 1182 4240 sed
1221 4187 1548 4255 perfecisse,
1584 4186 1796 4240 virtutis
1832 4197 1915 4240 est
1944 4226 1959 4247 ,

360 4281 499 4333 sicut
524 4280 573 4332 in
604 4280 892 4349 Evangelio
917 4280 1176 4333 Dominus
1198 4281 1274 4332 ait
1299 4298 1310 4332 :
1340 4278 1438 4343 Qui
1462 4279 1854 4350 perseveraverit
1880 4295 1964 4330 us-

360 4372 526 4442 quein
550 4371 724 4439 ﬁnem,
757 4372 838 4423 hic
868 4371 1039 4423 salvus
1063 4372 1157 4424 erit
1184 4369 1401 4439 (Malm,
1438 4388 1489 4435 κ,
1528 4371 1636 4441 12).
1658 4371 1803 4425 Cave
1833 4386 1965 4440 ergo

363 4478 431 4518 ne
462 4464 713 4531 cuiquam
745 4462 1164 4531 c0ucnpiscendi
1194 4464 1535 4517 occasionem
1571 4461 1799 4525 tribuas,
1832 4479 1969 4532 quo-

365 4559 508 4613 niam
542 4573 775 4627 sponsus
801 4566 925 4611 tntis
950 4558 1087 4611 Deus
1123 4557 1308 4611 zelans
1338 4568 1439 4612 est.
1481 4555 1843 4611 Critninosior
1885 4565 1969 4611 est

2062 3348 2226 3401 filium
2259 3346 2526 3413 cupimus,
2576 3348 2671 3419 qui
2711 3362 2815 3401 non
2850 3347 3129 3403 erubescis
3163 3348 3508 3403 minimorum
3541 3363 3666 3404 esse

2060 3452 2233 3510 pater.
2268 3440 2379 3509 Ego
2438 3440 2532 3493 tihi
2566 3458 2661 3508 pro
2712 3440 2814 3495 hoc
2845 3442 3056 3495 servire
3109 3442 3442 3495 voluissem:
3484 3441 3578 3495 sed
3618 3442 3666 3496 si

2061 3534 2314 3588 Voluittas
2364 3534 2487 3588 laeti
2545 3532 2723 3603 portio
2770 3545 2873 3596 est.
2930 3543 2983 3588 tu
3030 3535 3190 3587 modo
3232 3532 3395 3588 facito
3426 3542 3485 3587 ut
3520 3536 3663 3589 inter

2064 3629 2285 3698 prandia
2315 3644 2607 3697 cmiiasqne
2651 3627 2836 3683 felices
2868 3629 2971 3681 mei
3010 3629 3363 3692 memineris;
3390 3627 3513 3693 quia
3546 3642 3666 3682 rec-

2063 3723 2165 3777 tius
2195 3731 2277 3775 est
2320 3735 2557 3774 vestrum
2595 3735 2715 3775 esse
2755 3720 3081 3789 mancipium
3106 3762 3121 3786 ,
3174 3736 3337 3790 quam
3376 3718 3662 3777 dominum

2061 3826 2403 3873 cancrorum.
2428 3814 2530 3869 Ora
2568 3830 2663 3884 pro
2694 3830 2799 3868 me.

2615 3906 2948 3963 EPISTOIA
2994 3905 3083 3959 IV.

2136 4003 2286 4058 Licet
2318 4002 2567 4055 dominus
2590 4010 2644 4055 et
2671 4015 2961 4068 germanus
2986 4013 3140 4052 mens
3170 3997 3239 4053 de
3272 4006 3456 4052 vestra
3488 3999 3663 4067 petie-

2063 4097 2137 4152 rit
2173 4097 2485 4159 ltonesutte,
2521 4104 2574 4148 ut
2609 4101 2785 4147 tutmn
2822 4092 3003 4147 velitis
3034 4106 3159 4147 esse
3191 4092 3559 4153 tutissimum,
3590 4102 3671 4145 ta-

2066 4206 2189 4245 men
2224 4189 2359 4243 nihil
2393 4189 2472 4241 f'as
2505 4188 2602 4241 fuit
2639 4185 2889 4241 eumdem
2925 4186 3123 4239 litteris
3164 4184 3582 4258 commendare,
3612 4193 3675 4239 ut

2066 4284 2445 4352 conduplicata
2481 4281 2745 4351 petitione
2791 4279 2957 4333 tutior
3006 4276 3277 4331 habeatur
3309 4293 3321 4330 :
3354 4277 3478 4330 huic
3521 4277 3672 4330 enim

2067 4376 2316 4429 nocuerit
2348 4374 2578 4443 puerilis
2619 4372 2783 4433 culpa
2826 4381 2881 4424 et
2924 4386 3082 4423 error
3112 4368 3290 4423 a'tatis
3333 4368 3581 4433 incertae,
3617 4376 3677 4423 ut

2068 4483 2338 4522 annorum
2376 4482 2598 4520 suorum
2632 4464 2784 4519 initia
2820 4463 3152 4525 macularet;
3189 4460 3284 4516 sed
3316 4462 3405 4530 qui
3440 4462 3677 4516 necdum

2073 4564 2240 4616 sciret
2289 4561 2417 4631 quid
2470 4561 2628 4613 bonis
2681 4558 2927 4612 moribus
2975 4558 3293 4619 deberetur,
3346 4570 3513 4626 prope
3559 4555 3681 4610 sine

362 4655 561 4710 Christi
613 4656 855 4711 adultera
896 4673 1054 4726 quam
1121 4658 1319 4711 mariti.
1388 4657 1516 4711 ESiO
1580 4657 1743 4726 igitur
1797 4659 1970 4712 omni-
1998 4633 2052 4693 D
2077 4656 2237 4722 culpa
2270 4654 2515 4719 peccavit
2545 4671 2556 4705 :
2587 4666 2707 4705 nam
2743 4666 2800 4705 se
2828 4650 2915 4703 ubi
2940 4648 3003 4702 ad
3032 4650 3230 4703 bonam
3270 4655 3504 4702 mentem
3540 4661 3678 4701 con-

366 4745 465 4800 bUs
498 4747 667 4801 forma
693 4749 933 4812 vivendi,
979 4758 1098 4803 esto
1142 4748 1471 4816 exemplum.
1516 4748 1769 4803 Praecetle
1813 4757 1869 4803 et
1916 4748 1969 4802 in

364 4850 486 4892 actu
510 4855 650 4909 quos
671 4840 724 4894 iit
750 4841 1017 4894 castitatis
1041 4840 1473 4895 sanctificatione
1500 4841 1808 4907 praecurris.
1847 4839 1966 4893 Vir-

363 4933 544 5002 ginem
579 4944 630 4987 te
665 4936 716 4986 in
742 4934 996 4986 otnnilnts
1024 4934 1241 4988 exhibe.
1276 4933 1418 4988 Nihil
1460 4934 1831 5001 corruptionis
1874 4932 1971 4985 ob-

363 5024 579 5094 iiciatur
606 5025 767 5093 capiti
800 5036 912 5079 tuo.
939 5026 1105 5094 Cujus
1135 5040 1333 5094 corpus
1370 5026 1637 5095 integrum
1667 5034 1773 5087 est.
1799 5024 1867 5079 sit
1891 5024 1973 5078 itt-

368 5117 634 5173 violabilis
658 5118 1023 5172 conversatio.
1052 5117 1117 5172 Et
1141 5120 1423 5187 quoniam,
1468 5126 1526 5172 ut
1544 5118 1597 5171 in
1620 5117 1971 5185 esordioepi-

361 5216 519 5270 stolae
544 5216 751 5286 praefati
778 5232 988 5283 sumus,
1017 5226 1070 5273 te
1097 5216 1192 5272 Dei
1214 5215 1812 5281 sacrificiumdfactam,
1830 5214 1971 5285 quod

442 5388 469 5415 ⁸
501 5377 726 5432 Coloris.
758 5379 905 5433 Cler.
935 5394 1224 5449 perperam
1272 5379 1498 5433 coloris:
1554 5386 1609 5433 et
1644 5377 1811 5448 paulo
1853 5386 1983 5430 ante

370 5449 651 5520 reﬁciatur.
684 5449 803 5505 Mox
837 5467 970 5504 Vero
994 5451 1151 5503 uteris
1171 5466 1270 5514 pro
1304 5458 1465 5504 utere.

445 5521 473 5560 ιι
506 5520 613 5575 Pro
645 5523 869 5575 maximo
899 5523 1135 5575 crimine.
1164 5522 1288 5575 Haec
1318 5522 1698 5574 desiderantur
1725 5520 1776 5573 in
1800 5534 1981 5574 exem-

418 5593 515 5647 lari
579 5593 964 5647 Holsteniano.
1004 5593 1067 5646 Et
1123 5592 1339 5661 quidem
1408 5600 1575 5651 recte,
1636 5603 1686 5642 nt
1748 5590 1980 5643 videtur.

409 5664 501 5718 on
538 5666 701 5727 ll|i(l.,
732 5673 782 5717 et
808 5666 871 5717 ab
907 5664 1047 5717 omni
1072 5665 1299 5733 pt‘rltll'b.
1332 5662 1579 5716 Clericus
1609 5678 1739 5715 vero
1766 5661 1988 5714 itlt'llt‘al

378 5737 582 5804 cap.'50
712 5738 795 5789 liis
828 5737 1006 5811 vurhi~
1034 5754 1045 5787 :
1086 5734 1321 5811 Proximi
1362 5735 1595 5787 criminis
1647 5733 2013 5811 abominatioa

377 5823 497 5860 nem
529 5808 745 5860 declina
780 5825 793 5861 :
827 5808 1058 5867 scilicet.
1087 5808 1396 5869 intvrrutito
1420 5816 1702 5861 contextu.

458 5888 479 5917 ο
517 5876 779 5949 Dejectio.
814 5878 1027 5936 Clerico
1071 5878 1244 5949 magis
1287 5878 1493 5950 placuit
1544 5878 1748 5934 dilectio
1778 5891 1795 5933 .·
1825 5888 1989 5933 sensu

2073 4746 2572 4813 siderationetnqne
2596 4742 2889 4805 cmivertit,
2918 4740 3188 4794 intellexit
3213 4739 3378 4792 vitam
3403 4738 3681 4792 scenicam

2076 4839 2307 4897 Consilio
2338 4839 2567 4892 meliore
2593 4835 2993 4897 damnandam;
3026 4834 3149 4886 huic
3171 4842 3351 4887 antem
3384 4832 3541 4899 plena
3567 4845 3681 4885 non

2078 4943 2264 5002 posset
2295 4930 2519 4985 etenire
2553 4930 2831 4995 purgatio,
2869 4927 2974 4981 ni-i
3005 4925 3309 4980 dixinitatis
3337 4939 3560 4980 accessu
3589 4924 3687 4979 de-

2076 5026 2199 5080 licta
2231 5024 2461 5078 dilueret
2492 5041 2504 5075 :
2535 5026 2578 5075 si
2607 5020 2825 5092 quidem
2863 5018 3161 5074 Catholicae
3190 5015 3476 5087 religionis
3505 5030 3682 5071 reme-

2079 5119 2174 5174 dio
2213 5125 2601 5181 commutatus,
2634 5129 2788 5168 nsum
2836 5112 2940 5169 sibi
2985 5112 3086 5165 loci
3120 5110 3383 5181 turpioris
3434 5110 3680 5180 negavit,

2082 5227 2257 5285 seque
2284 5212 2351 5267 ab
2388 5210 2563 5266 oculis
2592 5208 2948 5279 popularibus
2982 5203 3305 5260 vindicavit.
3335 5212 3361 5251 ε
3387 5199 3599 5258 Domini
3630 5210 3688 5259 ut

2094 5386 2147 5431 et
2180 5372 2508 5439 exemplaris
2536 5372 2765 5427 veritate
2792 5379 3149 5439 repugnante.

2159 5443 2185 5483 ἀ
2227 5433 2460 5499 Factam.
2506 5444 2676 5507 Cler.,
2737 5433 2951 5515 factum:
2982 5441 3051 5497 Et
3096 5455 3246 5507 mox,
3276 5456 3341 5495 ea:
3387 5439 3479 5503 eis,
3518 5433 3696 5495 invito

2086 5529 2371 5575 contextu.

2165 5600 2188 5626 ε’
2224 5589 2527 5659 Postquam,
2575 5597 2688 5642 etc.
2735 5585 2873 5641 IInic
2903 5583 3093 5641 Severi
3122 5582 3368 5654 epistola:
3397 5578 3697 5650 respondet

2091 5661 2350 5715 Paulinus
2382 5664 2541 5728 epist.
2568 5660 2675 5716 93.,

2167 5734 2185 5769 τ
2223 5722 2589 5785 Calumniosus
2647 5731 2755 5783 tibi.
2810 5728 2985 5791 Cler.,
3037 5725 3167 5791 sibi;
3213 5732 3269 5779 et
3313 5722 3477 5794 paulo
3539 5732 3690 5797 post,

2090 5804 2213 5873 quia
2240 5820 2340 5856 non
2367 5802 2646 5864 erubescis,
2678 5801 2957 5873 mendose.
3092 5868 3102 5873 _
3174 5866 3186 5873 _
3257 5865 3270 5873 .
3334 5868 3345 5873 _
3421 5867 3444 5873 _
3520 5869 3531 5873 Α
3626 5857 3695 5873 Δ,

2170 5884 2195 5920 8
2239 5873 2449 5927 Domini
2475 5881 2531 5925 ut
2562 5857 2739 5943 supra.
2768 5870 2908 5927 Cum
2938 5866 3226 5941 inscriptio
3256 5857 3700 5942 bujusjepistoia'
