4270 6176
532 299 639 358 N5

530 433 714 486 supra.
743 415 1028 485 Quomodo
1067 415 1251 484 itaque
1291 423 1346 470 et
1384 414 1587 470 divinat
1619 413 1767 483 leges
1810 423 1865 466 et
1904 411 2134 482 publica;
2163 413 2209 472 A

536 510 698 565 fidele
724 525 944 578 corpus,
987 520 1040 565 et
1080 509 1456 564 satictilicatos
1496 509 1731 572 animos,
1766 522 1874 562 non
1917 506 2140 577 permit-

535 611 656 656 tunt
685 601 1004 656 inhonestos
1036 600 1302 656 exhibere
1330 600 1577 664 delicias,
1603 610 1655 654 et
1688 600 1944 669 vulgares
1975 598 2141 654 edere

537 697 878 766 voluptates;
910 696 1150 750 maxime
1184 710 1307 749 cum
1343 703 1508 749 casttc
1535 693 1846 748 devotionis
1881 691 2142 762 quodam-

537 788 702 845 modo
728 787 976 843 videatur
1008 787 1228 857 injuria,
1262 788 1306 842 si
1337 788 1457 855 quis
1498 801 1656 842 sacro
1690 786 2014 856 baptismate
2055 799 2141 840 re-

540 893 793 943 novatus,
843 883 896 934 in
940 888 1179 935 veterem
1225 880 1502 935 lasciviam
1547 888 1846 934 revocetur
1881 896 1893 931 :
1925 885 2143 948 oportet

541 981 568 1011 ι
601 973 1028 1028 laudabilitatem
1062 983 1300 1028 vestram
1329 972 1486 1028 bonis
1509 971 1697 1028 favere
1727 973 2052 1042 propositis,
2085 982 2166 1025 tit-

539 1067 586 1118 is
617 1064 709 1135 qui
738 1066 1006 1120 benelicio
1033 1065 1128 1120 Dei
1163 1066 1308 1134 pium
1339 1081 1536 1120 munus
1567 1065 1822 1134 indeptus
1847 1075 1954 1129 est,
1982 1064 2034 1118 in
2069 1063 2143 1118 fo-

536 1172 691 1210 veam
736 1157 1059 1212 theatralem
1093 1156 1290 1212 cadere
1333 1173 1439 1211 nou
1483 1168 1731 1228 (δημίων.
1767 1156 2021 1212 Vestrum
2067 1165 2142 1210 ta-

541 1267 666 1304 men
716 1253 963 1305 omnium
1011 1251 1278 1320 judicium
1331 1267 1436 1306 non
1490 1261 1734 1317 recusat,
1784 1252 1828 1305 si
1875 1252 2007 1304 alias
2063 1251 2145 1304 in-

538 1345 780 1416 jungatis
807 1361 1078 1416 congruas
1123 1362 1222 1418 pro
1252 1346 1578 1402 necessitate
1607 1347 1915 1402 communis
1957 1347 2142 1415 patria:

543 1438 875 1495 functiones.

1125 1511 1463 1568 EPISTOLA
1505 1511 1568 1566 V.

1176 1621 1244 1660 AD
1283 1620 1532 1661 SALVIUII.

546 1692 886 1760 Conqueritur
922 1696 1140 1750 rusticos
1171 1697 1445 1767 exagitari,
1471 1698 1694 1766 juraque
1724 1706 1771 1750 et
1802 1695 2146 1762 possessiones

1085 1785 1308 1840 aliorum
1336 1790 1602 1855 usurpari.

625 1895 666 1951 ι.
705 1896 963 1950 Forensis
993 1896 1018 1934 δ
1055 1897 1218 1952 elatio
1249 1897 1348 1952 fori
1393 1896 1558 1952 debet
1597 1897 1988 1952 exercitatione
2036 1897 2148 1951 fer-

554 2002 714 2052 vere;
741 1990 997 2042 convenit
1030 1991 1174 2042 enim
1220 1989 1436 2044 lacertis
1476 1989 1756 2044 industria:
1785 1989 2026 2059 quotidie
2053 1989 2149 2044 de-

551 2079 842 2146 pugnantis
876 2088 1054 2133 motus
1095 2079 1301 2134 habere
1344 2079 1652 2146 terribiles;
1687 2090 1742 2134 at
1781 2095 1902 2135 cum
1952 2096 2152 2136 sonora

551 2167 799 2224 facundia
831 2172 1074 2241 receptui
1107 2172 1329 2235 cecinit,
1363 2172 1494 2226 etin
1525 2173 1703 2228 otiosa
1737 2187 1961 2228 nemora
1988 2184 2152 2244 atque

554 2278 768 2320 animus
816 2264 1119 2320 diversoria
1157 2277 1177 2303 ο
1226 2281 1284 2319 se
1330 2266 1606 2335 migravit,
1659 2265 1906 2320 fremitus
1955 2268 2156 2322 inertes

553 2367 768 2427 oportet
803 2357 1048 2427 abjieiat,
1078 2366 1132 2413 et
1162 2357 1375 2412 desinat
1409 2358 1710 2413 ineflicacia
1741 2357 2007 2412 minitari.
2041 2358 2158 2412 Sci-

555 2464 673 2503 mus
705 2449 907 2505 etenim
941 2449 1270 2520 palmigeros
1311 2450 1520 2519 bijuges
1555 2450 1641 2504 tibi
1670 2466 1699 2506 e
1731 2449 1879 2504 circo
1911 2464 2155 2505 recesse-

550 2543 685 2607 rint,
722 2542 1060 2612 quietissime
1092 2542 1394 2606 stabulari;
1429 2541 1552 2596 illos
1586 2557 1692 2597 non
1721 2541 1870 2613 jugis
1901 2541 2154 2608 formido,

557 2650 663 2688 non
693 2634 958 2704 ambiguie
993 2635 1186 2704 pultare
1225 2635 1548 2700 sollicitant,
1582 2634 1674 2688 sed
1710 2634 1924 2688 demum
1952 2635 2158 2702 pacatis

555 2725 701 2779 afﬁxi
738 2727 1069 2794 praesepibus
1114 2727 1306 2780 timere
1339 2727 1452 2796 jam
1497 2726 1753 2780 nesciunt
1794 2726 2157 2790 hor-latorem,

554 2820 831 2873 seditiosa:
869 2819 1240 2873 contentionis
1275 2819 1454 2872 dulcia
1495 2819 1760 2874 ducentes
1790 2818 2015 2874 oblivia.
2051 2820 2156 2875 Sed

557 2922 610 2964 et
642 2911 927 2982 stipendiis
969 2911 1361 2964 consummati»
1401 2926 1603 2981 tropica
1642 2910 1981 2980 suspendere
2009 2911 2162 2979 juvat

560 3004 785 3058 militem
809 3005 1134 3074 gloritnum,
1166 3015 1220 3058 et
1252 3007 1526 3075 patienter
1555 3020 1749 3074 gerere
1794 3014 2157 3060 senectutem.

631 3101 692 3154 ll.
724 3103 803 3154 An
847 3101 940 3153 tibi
974 3102 1136 3170 igitur
1163 3099 1314 3153 cordi
1341 3101 1408 3154 sit
1450 3099 1751 3152 terrilicarc
1782 3099 2012 3153 miseros
2041 3115 2156 3152 ara-

1495 294 1849 355 APPENDIX
1889 294 1980 349 AD
2017 292 2247 350 ΟΡΕΒΑ
2290 287 2588 348 SULPICII
2627 289 2900 347 SEVERI.

3731 287 3840 344 244

2311 409 2401 464 III.
2432 407 2654 463 Interim
2684 408 2868 462 nescio
2898 405 3175 460 Volusium
3211 403 3362 459 fundi
3392 418 3648 473 umquam
3674 403 3844 459 fuisse

2243 502 2523 557 dominum
2559 518 2569 553 :
2610 499 2655 554 si
2687 499 2906 569 quidem
2951 499 3238 568 Dionysius
3275 497 3450 552 fertur
3475 497 3596 567 ejus
3629 512 3846 564 posses-

2242 595 2412 650 sionis
2441 597 2560 662 jura
2589 607 2862 655 servasse,
2901 605 3077 661 neque
3101 589 3346 645 haeredes
3370 589 3518 644 illius
3545 589 3843 657 defecisse,

2242 685 2332 756 qui
2363 684 2490 740 dttm
2518 684 2747 750 viveret,
2787 684 2863 737 rei
2899 682 3109 735 navalis
3153 681 3203 734 in
3247 680 3511 748 plurimos
3552 679 3850 735 venenalcs

2244 777 2460 832 aculeos
2498 774 2836 829 intendebat.
2875 773 3002 828 Fuit
3048 788 3111 827 ea
3145 779 3470 843 tempestate
3510 772 3849 844 Porphyrius

2243 869 2464 939 quidam
2499 867 2798 921 Zibberino
2828 878 3011 930 satus;
3044 880 3220 934 neque
3262 873 3443 919 tamen
3472 874 3623 920 recte
3651 864 3847 920 Zibbe—

2245 959 2347 1014 riui
2379 959 2518 1012 ﬁlius
2543 956 2873 1012 nominatus.
2906 955 3054 1010 Idem
3085 956 3304 1025 generis
3341 958 3701 1027 qurestionem
3747 957 3849 1012 nti-

2241 1053 2358 1106 litia
2399 1052 2738 1114 convelabat,
2790 1057 2846 1105 et
2887 1059 2942 1104 ut
2984 1050 3182 1104 nubem
3224 1064 3252 1102 a
3295 1050 3474 1104 fronte
3516 1051 3845 1121 repelleret,

2245 1143 2486 1198 officiosa
2506 1144 2676 1214 gratia
2707 1152 2762 1197 et
2785 1143 2921 1198 laetis
2949 1142 3227 1212 obsequiis
3255 1141 3600 1212 fungebatur.
3620 1144 3848 1198 Multum

2246 1252 2458 1292 mecum
2484 1236 2578 1291 fuit
2610 1246 2663 1290 et
2693 1236 2836 1290 domi
2871 1245 2926 1290 et
2956 1237 3006 1288 iu
3043 1234 3186 1300 foro,
3220 1250 3343 1291 eum
3385 1252 3471 1289 me
3501 1247 3554 1291 et
3583 1238 3725 1308 apud
3758 1251 3850 1306 pa-

2248 1335 2388 1382 trem
2435 1325 2758 1389 defensore,
2809 1335 2864 1380 et
2906 1325 3049 1395 apud
3091 1325 3333 1392 judicent
3384 1334 3613 1394 patrono
3652 1329 3850 1396 saepius

2249 1429 2512 1474 uteretur.
2541 1418 2843 1489 Aliquando
2865 1419 3027 1472 etiam
3052 1418 3369 1489 Dionysium
3393 1419 3846 1488 compritnebam,

2247 1513 2391 1583 quod
2424 1513 2728 1584 l’orpliyrio
2758 1528 2865 1567 non
2898 1513 3123 1568 deberet
3163 1513 3359 1584 viginti
3397 1514 3650 1584 jugerum
3683 1528 3847 1570 causa

2250 1607 2578 1661 uavicularia
2603 1607 2780 1678 jurgia
2803 1622 3173 1662 commovere.

2329 1701 2418 1758 IV.
2451 1699 2533 1754 En
2561 1716 2725 1755 causa
2759 1711 2842 1756 est
2867 1716 2964 1756 cur
3005 1701 3234 1771 insignis
3271 1701 3557 1770 prudentia
3590 1710 3681 1755 tua
3721 1702 3854 1756 meis

2177 1806 2223 1865 Β
2255 1795 2534 1849 minitetur
2561 1794 2862 1858 actoribus,
2894 1802 2952 1848 ut
2991 1809 3114 1847 cum
3161 1793 3418 1847 dominus
3469 1793 3573 1848 loci
3608 1807 3713 1847 non
3752 1793 3848 1858 sis,

2261 1889 2461 1957 passitn
2507 1887 2827 1942 colonorum
2876 1901 3120 1942 meorum
3171 1885 3338 1940 facias
3389 1887 3740 1942 mentionem.
3785 1885 3856 1942 At

2257 1981 2300 2034 si
2351 1988 2401 2034 te
2448 1978 2736 2050 Porphyrii
2781 1978 3072 2033 denuntias
3114 1992 3511 2042 successorem,
3552 1977 3570 2016 ί
3601 1979 3853 2047 jugerum

2259 2073 2410 2126 noris
2440 2071 2719 2141 angustias
2749 2084 2818 2125 ne
2844 2069 2912 2124 ab
2943 2084 3053 2124 uno
3083 2070 3298 2140 quidem
3334 2071 3539 2124 cultore
3563 2085 3721 2137 posse
3745 2078 3856 2124 tra-

2257 2168 2423 2232 ctari;
2455 2174 2545 2219 aut
2587 2165 2630 2218 si
2664 2174 2714 2219 te
2745 2179 3042 2218 memorem
3075 2162 3467 2232 custodemque
3509 2163 3743 2232 propriae
3776 2161 3856 2216 di-

2257 2259 2485 2331 gnitatis
2516 2260 2658 2329 piget
2683 2257 2956 2312 hacrcdem
2987 2259 3271 2311 nominare
3295 2256 3616 2328 Porphyrii;
3644 2267 3854 2310 certum

2260 2352 2718 2421 manifestumque
2746 2359 2831 2403 est
2867 2350 3022 2403 illum
3059 2364 3216 2418 posse
3251 2363 3581 2418 prepouere,
3612 2348 3702 2418 qui
3736 2364 3859 2414 pro-

2261 2445 2496 2515 puuendi
2531 2445 2729 2498 habeat
2769 2442 3103 2507 facultatem,
3137 2453 3194 2495 ut
3228 2429 3523 2495 adversum
3555 2453 3650 2494 eos
3689 2454 3856 2509 expc-

2261 2539 2453 2604 riatur,
2487 2537 2576 2606 qui
2609 2535 2742 2589 nihil
2780 2551 2846 2589 ex
2889 2537 3076 2590 eadem
3118 2543 3262 2588 terra
3310 2533 3650 2604 possideant.
3681 2528 3860 2586 Cmte-

2261 2647 2379 2686 rum
2413 2630 2458 2684 si
2483 2629 2771 2696 diligenter
2795 2628 3071 2696 inspicias,
3109 2626 3242 2680 mihi
3277 2627 3616 2696 potissimum
3655 2623 3857 2678 deferri

2263 2733 2440 2795 potest
2472 2723 2700 2778 intentio
2739 2721 3042 2791 repetendi.
3093 2721 3298 2788 Quare,
3340 2720 3560 2774 domine
3600 2717 3858 2787 praedica-

2263 2821 2384 2874 bilis
2424 2820 2612 2883 fratcr,
2651 2819 2905 2888 quiescas
2936 2827 3186 2886 oportet,
3228 2826 3280 2871 et
3317 2831 3527 2871 mecum
3570 2815 3765 2869 redeas
3804 2815 3856 2868 in

2261 2913 2511 2982 gratiam,
2547 2922 2600 2965 et
2625 2911 2689 2963 ad
2727 2912 2996 2980 privatum
3029 2909 3270 2978 digneris
3299 2910 3480 2964 tenire
3503 2906 3855 2976 colloquium.

2267 3004 2513 3068 Desinas,
2544 3017 2750 3072 quaeso,
2785 3002 2987 3056 inertes
3031 3013 3082 3054 et
3111 3001 3359 3069 trepidos
3400 2999 3763 3061 conturbare,
3807 3007 3862 3052 et

2259 3097 2574 3165 jactantiam
2623 3107 2766 3149 tuam
2814 3096 2997 3164 procul
3046 3110 3324 3159 excreta,
3357 3102 3411 3148 et
3443 3095 3729 3149 existimes
3773 3109 3858 3147 me

557 3205 726 3258 ιμιοος,
774 3210 879 3247 non
925 3194 1083 3262 plane
1123 3193 1399 3263 intelligo;
1450 3203 1502 3245 et
1551 3192 1821 3246 ruricolas
1867 3207 2018 3246 meos
2061 3207 2158 3246 cur
2186 3189 2231 3252 C
2266 3189 2432 3244 laetari
2469 3198 2558 3243 tua
2587 3189 2863 3257 superbia,
2899 3203 3004 3246 non
3031 3187 3263 3251 offendi;
3298 3203 3399 3242 nec
3427 3187 3545 3242 duri
3584 3189 3728 3241 enim
3760 3203 3859 3241 nec

558 3288 701 3340 velis
752 3285 1103 3340 exltibitionis
1143 3300 1337 3355 urgere
1380 3284 1690 3346 formidine,
1744 3300 1849 3338 non
1897 3299 2156 3353 agnosco.

557 3382 720 3449 Quasi
751 3397 880 3434 vero
911 3379 1033 3432 illos
1053 3380 1291 3433 nesciam
1321 3379 1560 3433 eousolai
1580 3380 1614 3443 i,
1641 3390 1693 3433 et
1716 3396 1742 3430 a
1772 3394 1967 3448 pavore
1994 3388 2163 3434 retra-

565 3476 718 3532 lieie,
753 3485 804 3527 et
837 3473 1036 3527 docere
1086 3491 1189 3526 non
1232 3481 1438 3526 tantum
1480 3487 1601 3526 esse
1646 3473 1860 3526 timoris
1898 3481 2158 3540 quantum

564 3570 680 3636 ipse
709 3568 1016 3638 pt‘mlendis.
1063 3567 1257 3621 Fateor
1291 3567 1417 3620 dum
1462 3581 1560 3620 nos
1593 3583 1815 3634 catt)le
1859 3567 2160 3634 exciperet,

565 3677 655 3715 me
699 3677 841 3729 saepe
873 3660 897 3697 ά
938 3661 1246 3727 eloquentia
1296 3668 1384 3720 tua
1435 3659 1602 3713 fuisse
1639 3659 2021 3725 conterritum,
2069 3659 2162 3714 sed

565 3752 881 3821 fequeuter
909 3761 964 3805 ut
997 3760 1237 3819 poteram
1275 3751 1514 3805 recidiva
1550 3751 1773 3806 vulnera
1806 3752 2160 3820 reponebam.

566 3844 762 3898 Tecum
789 3861 919 3896 sane
945 3844 1240 3906 condidici,
1265 3858 1375 3913 quo
1399 3845 1522 3909 jure
1544 3843 1746 3908 coloni,
1775 3858 1951 3912 quove
1977 3843 2165 3898 ordine

566 3942 908 4003 repetantur,
951 3934 1036 3986 cui
1077 3942 1354 4002 competat
1399 3933 1562 3996 actio,
1606 3934 1694 3986 cui
1741 3950 1846 3987 non
1892 3943 2168 4004 competat

567 4029 743 4081 exitus
767 4025 1018 4080 actionis.
1038 4025 1480 4091 Volusianenses,
1506 4028 1607 4093 ais,
1637 4039 1687 4082 te
1713 4028 1854 4083 velle
1877 4029 2163 4097 reducere,

568 4136 632 4175 ac
682 4121 994 4190 frequenter
1038 4121 1209 4175 iratus
1253 4122 1555 4192 iugeminas
1591 4130 1642 4176 te
1685 4123 1919 4178 rusticos
1949 4139 2013 4177 ex
2047 4141 2162 4180 mea

564 4215 826 4268 turricula
860 4223 1256 4280 retracturum;
1290 4225 1341 4269 ct
1377 4215 1423 4268 is
1452 4216 1564 4284 qui,
1599 4224 1658 4270 tit
1690 4232 1789 4286 ego
1817 4232 1978 4286 Spero
2005 4228 2166 4291 atque

564 4308 841 4372 desidero,
882 4308 1012 4363 mihi
1046 4309 1268 4379 antiqua
1303 4308 1706 4364 necessitudine
1746 4311 1819 4364 sis
1857 4311 2162 4381 cepulatus,

567 4396 940 4453 confecturum
967 4407 1018 4451 te
1044 4397 1295 4453 homines
1338 4415 1491 4453 meos
1527 4403 1889 4457 conventione
1924 4404 2163 4476 neglecta

569 4499 775 4543 temere
816 4491 1107 4544 minitaris.
1147 4490 1342 4556 Quaero
1383 4489 1448 4544 de
1485 4489 1683 4562 insigni
1727 4493 2011 4562 prudentia
2052 4504 2163 4560 tua,

569 4591 750 4634 utrum
775 4579 863 4648 jus
905 4578 1050 4632 aliud
1085 4569 1325 4635 habeant
1352 4579 1622 4647 advocati,
1654 4582 1800 4637 aliud
1834 4599 1897 4638 ex
1938 4587 2162 4656 togatis,
2195 4569 2247 4628 D

567 4689 635 4727 an
667 4671 812 4726 aliud
843 4688 1058 4743 aequum
1087 4672 1274 4727 Roma:
1306 4682 1410 4738 est,
1449 4683 1472 4710 θ
1504 4674 1647 4727 aliud
1681 4675 1965 4732 Mataritaa.

567 4791 741 4852 desit;
773 4788 836 4841 ad
870 4802 1005 4856 quos
1032 4787 1232 4856 scripta
1259 4787 1349 4849 sit,
1377 4801 1443 4840 ne
1467 4786 1662 4855 Apollo
1684 4788 1901 4856 quidem
1935 4790 2049 4855 ipse
2076 4790 2154 4843 di-

566 4860 763 4914 vinarit
797 4879 808 4914 :
843 4853 943 4912 nisi
974 4853 1115 4928 quod
1148 4857 1465 4926 intelligitur
1491 4853 1713 4911 inissant
1738 4860 1800 4912 ad
1831 4853 2164 4916 Decurioncs

571 4932 800 4996 alicujus
829 4929 1088 4993 civitatis,
1121 4929 1208 4999 qui
1241 4928 1646 4983 adolescentem
1673 4930 1979 4998 quemdam.
2011 4934 2163 4998 Cujus

570 5018 771 5058 nomen
806 5001 958 5054 initio
988 5001 1115 5054 latet
1145 5001 1247 5054 sub
1275 5011 1406 5053 voce
1437 5009 1602 5053 tutum
1633 5016 1752 5070 qua:
1782 4999 1969 5070 procul
2000 5003 2163 5057 dubio

568 5081 822 5140 corrupta
854 5085 935 5129 est
959 5111 974 5136 ,
1009 5074 1060 5125 in
1093 5085 1311 5126 scenam
1355 5071 1583 5125 invitum
1623 5074 2007 5138 retrahebant,
2041 5090 2162 5130 cum

570 5144 699 5214 huic
729 5145 900 5214 sacris
926 5145 1078 5214 aquis
1113 5144 1368 5214 lustg‘atus
1402 5143 1785 5214 renuntiasset,
1821 5145 2059 5202 Orcum,
2096 5175 2165 5186 .-

569 5197 770 5272 bftliito
795 5197 860 5268 an
894 5197 1009 5288 huic
1039 5197 1268 5288 epistola
1300 5199 1368 5266 sit
1397 5213 1572 5268 Severi
1597 5197 1787 5281 nostri,
1814 5197 2166 5288 Cujusstplus

571 5288 705 5343 mihi
741 5289 934 5340 melior
965 5286 1197 5339 videtur.
1231 5289 1394 5338 tiLEn.
1779 5345 1787 5354 .

647 5358 674 5387 ⁸
715 5357 947 5411 Laudab.
999 5365 1232 5410 vestram.
1285 5359 1448 5420 t)ler.,
1494 5356 1702 5409 laudnb.
1751 5364 1893 5410 tu’am
1923 5374 1941 5410 :
1978 5367 2169 5413 contra

570 5431 733 5484 [Idem
766 5429 1118 5494 exemplaris.
1165 5425 1478 5496 locutionem
1525 5429 1795 5496 vulgatam
1839 5429 2168 5483 confirmant

571 5516 694 5574 qum
732 5515 854 5553 mox
897 5508 1236 5567 sequuntur:
1285 5495 1519 5550 Vestrum
1564 5495 1730 5551 tamen
1768 5500 1996 5552 omnium
2024 5502 2168 5572 judi-

566 5575 746 5626 ciumﬁ

639 5642 664 5680 ι)
708 5639 952 5693 Forensis
995 5639 1170 5703 elatio,
1219 5647 1325 5692 etc.
1376 5637 1552 5707 Magis
1581 5638 1692 5694 abit
1720 5640 1831 5694 ltzec
1853 5641 2080 5710 epistola
2129 5659 2156 5696 a

560 5712 705 5780 Btylo
747 5711 943 5774 Seueri,
990 5725 1149 5781 quam
1188 5709 1456 5778 superior.
1494 5710 1762 5766 Praeterea
1801 5709 1898 5766 est
1923 5711 2156 5769 hominis
2215 5759 2226 5774 ,

531 5787 646 5870 qui
679 5781 807 5834 olim
842 5791 1098 5850 patronus
1125 5795 1408 5836 causarum
1440 5781 1638 5848 fuerat,
1666 5789 1724 5838 et
1759 5783 1953 5852 praedia
1989 5784 2156 5841 babe-

2267 3279 2517 3336 inerttditi
2547 3294 2755 3333 sumus.
2786 3279 2992 3334 Saltem
3027 3290 3078 3332 te
3106 3280 3294 3334 mitem
3320 3279 3478 3334 faciat
3515 3279 3856 3335 Maximinus.

2831 3371 3162 3428 EPISTULA
3210 3371 3296 3426 γι.

2337 3463 2454 3520 Alia
2481 3465 2784 3519 animorum
2810 3463 3029 3534 quidem
3067 3465 3200 3518 fides
3229 3474 3283 3522 et
3312 3465 3500 3536 religio
3530 3475 3740 3525 manet;
3765 3463 3858 3518 sed

2267 3559 2382 3613 lucc
2410 3558 2730 3613 declaranda
2765 3569 2846 3611 est
2877 3557 3079 3612 indicio
3124 3557 3447 3623 litterarum,
3495 3568 3553 3612 ut
3579 3557 3861 3612 charitatis

2265 3661 2612 3724 augmentum
2648 3653 2975 3706 salutatione
3014 3663 3340 3707 succrescat.
3378 3652 3530 3706 Sicut
3566 3651 3710 3706 enim
3756 3650 3862 3704 fer-

2268 3747 2378 3801 tilis
2404 3762 2532 3819 ager
2577 3749 2783 3802 fruetus
2825 3749 3077 3816 copiosos
3116 3747 3364 3801 attollere
3409 3761 3514 3800 non
3563 3753 3772 3814 potest,
3815 3746 3860 3798 si

2266 3839 2472 3894 cultura
2513 3840 2839 3904 cessaverit;
2881 3849 2934 3894 et
2968 3849 3237 3895 terrarum
3277 3838 3492 3896 bonitas
3534 3838 3673 3909 perit
3715 3836 3860 3891 desi-

2266 3932 2351 3986 dia
2377 3932 2711 4001 quicsceutis
2744 3950 2755 3985 :
2785 3934 2863 3987 sic
2891 3946 3130 3986 amorem
3163 3929 3503 4002 gratiamque
3537 3928 3702 3983 animi
3732 3937 3863 3998 puto

2266 4043 2427 4100 posse
2460 4039 2793 4097 torpescere,
2839 4029 2940 4082 nisi
2984 4029 3073 4097 qui
3106 4028 3361 4081 absentes
3399 4035 3546 4088 sunt,
3580 4023 3861 4095 epistolari

2271 4123 2557 4190 praesentia
2587 4123 2898 4178 visitentur.
2936 4122 3043 4175 Deo
3069 4123 3298 4190 gratias.
3327 4125 3523 4176 Amen.

2814 4222 2837 4260 ε
2867 4211 3209 4267 EPISTULA
3251 4209 3362 4265 VII.

2517 4323 2789 4364 CIRTENSIS
2830 4325 3010 4363 PLEBIS
3050 4325 3118 4362 AD
3157 4322 3202 4362 S.
3247 4320 3622 4371 AUGUSTINUI,

2446 4400 2546 4456 sub
2570 4400 2704 4456 false
2726 4402 2952 4471 Sulpicii
2985 4401 3175 4456 Severi
3210 4402 3429 4455 nomine
3459 4400 3696 4468 vulgata.

2270 4495 2538 4549 Laudatur
2564 4496 2877 4566 Augustinus
2909 4495 2967 4548 ob
2991 4495 3301 4565 sapientiam
3329 4502 3376 4546 et
3400 4493 3860 4556 mansuetudinem,

2617 4588 2755 4655 queis
2784 4589 2948 4641 utitur
2977 4589 3028 4641 in
3052 4586 3513 4641 exhortationibus.

2347 4681 2385 4736 Ι.
2418 4681 2634 4736 Sanctae
2661 4681 2939 4753 religionis
2969 4681 3105 4735 fidus
3131 4682 3396 4748 interpres
3427 4677 3678 4732 universa
3711 4691 3864 4730 cont-

2267 4792 2357 4847 bat
2389 4794 2440 4845 in
2475 4791 2649 4847 Africa
2685 4809 2696 4845 :
2731 4808 2848 4861 qu:e
2891 4791 3076 4846 Severo
3119 4789 3437 4858 presbytero
3469 4786 3740 4861 Aquitauo
3763 4830 3776 4852 ,
3811 4798 3867 4842 et

2267 4865 2355 4935 qui
2389 4864 2550 4935 vitam
2587 4867 2635 4914 in
2668 4859 2838 4935 Gallia
2873 4863 3265 4935 Il'adlerIILlltHl
3301 4859 3658 4935 conveniunt.
3693 4860 3862 4935 CLEn.

2342 4945 2362 4972 ε
2408 4933 2478 4988 Se
2509 4933 3065 5006 migravitﬂescribit
3096 4932 3266 4996 Cler.,
3291 4931 3631 5000 remigravit:
3662 4941 3714 4984 et
3744 4933 3868 5000 qui-

2268 5005 2390 5059 dem
2422 5005 2590 5066 recte,
2623 5017 2679 5058 ιιι
2709 5005 2942 5058 videtur.

2339 5075 2366 5114 ά
2410 5075 2731 5145 Eloquentia.
2762 5078 2852 5130 Sic
2881 5074 3110 5144 legimus
3131 5088 3252 5127 cum
3277 5072 3509 5145 Clerico,
3539 5088 3637 5142 pro
3661 5071 3867 5145 eloquia

2269 5146 2399 5272 silit.
2439 5142 2667 5202 Duelier.
2703 5147 2820 5202 Mox
2853 5142 3112 5201 mendose
3144 5145 3286 5215 apud
3319 5143 3464 5200 Clcr.
3491 5186 3504 5214 ,
3541 5161 3594 5199 se
3622 5142 3755 5198 uelle
3784 5159 3867 5197 re-

2309 5235 2472 5272 ucere.

2309 5235 2571 5343 {lie’jliud
2599 5287 2877 5342 Materiae.
2911 5288 3356 5342 Mataritanensis
3387 5285 3563 5356 plebis
3596 5286 3648 5338 in
3684 5283 3870 5356 Africa

2271 5365 2474 5415 mentio
2525 5365 2580 5414 lit
2625 5363 2674 5414 in
2716 5358 2917 5414 Collat.
2969 5358 3229 5430 Carthag.
3279 5359 3328 5431 (l
3367 5359 3665 5481 ιιὶεξιῖλξὲξειὲι
3704 5355 3867 5426 155).

2349 5501 2367 5540 ί
2409 5501 2683 5572 Iugerum.
2713 5500 2883 5568 Cler.,
2916 5502 3094 5572 viginti
3115 5503 3359 5570 jugerum
3388 5515 3405 5552 :
3436 5514 3498 5552 ex
3533 5496 3873 5572 prnual‘orte

2273 5567 2521 5628 Dacberii
2551 5574 2785 5627 editione
2810 5616 2824 5636 ,
2859 5567 2983 5641 qtae
3026 5574 3076 5624 iu
3115 5567 3544 5640 'pi-oiiiptujnon"
3561 5579 3665 5625 est.
3703 5567 3874 5622 l’aulo

2263 5649 2389 5699 ante
2421 5647 2562 5698 idem
2594 5645 2761 5710 Cler.,
2795 5654 2840 5698 et
2871 5645 2912 5695 si
2941 5653 2988 5696 te
3022 5641 3223 5708 Porph.

2337 5723 2360 5762 8
2392 5715 2625 5786 Epistola
2655 5732 2745 5786 vn.
2793 5717 2916 5786 Ilaec
2945 5722 3030 5786 est
3069 5712 3293 5786 epistola
3326 5725 3366 5786 ll
3393 5726 3464 5766 ex
3515 5711 3866 5786 iis_quiiiqtie

2263 5800 2396 5861 quas
2422 5781 2524 5842 sub
2555 5785 2772 5842 nomine
2812 5785 3034 5858 Sulpicii
3073 5783 3247 5839 Severi
3287 5782 3496 5858 primus
3542 5783 3711 5849 edldit
3760 5781 3835 5845 Da
