4172 6182
429 223 534 279 “7

1460 218 1518 274 S.
1560 212 2011 273 CHROMATIUS
2049 215 2160 272 ΕΡ.
2201 213 2699 283 AQUILEIENSIS.

3630 216 3737 273 148

423 333 556 405 quid
605 333 753 389 enim
808 334 1058 405 superius
1101 332 1186 387 vel
1231 333 1503 402 ingratius
1560 333 1805 403 cogitare
1850 342 2032 403 potest
2059 330 2252 401 Aipsa
2295 346 2426 387 vero
2455 331 2805 387 dissensione
2849 346 2971 403 quae
3017 332 3162 388 inter
3193 333 3443 389 homines
3474 344 3596 389 orta
3651 346 3736 392 est

427 427 666 482 humana
693 426 974 492 vecordia,
1001 425 1048 481 si
1073 425 1351 495 putaverit
1374 439 1498 481 cum
1531 440 1698 481 carne
1740 426 2030 497 pulchrum

425 520 593 576 faciat
641 521 783 575 Deus
834 519 1132 581 hominem.
1185 520 1371 573 animo
1416 529 1633 575 castum
1692 522 1759 577 ab
1811 522 2034 577 homine

428 614 588 670 ﬁeri?
620 613 734 668 Hoc
782 613 834 666 in
871 612 1011 667 libro
1063 610 1395 668 Christiana:
1440 613 1725 684 sapientia:
1770 616 2034 685 scriptum

428 714 515 761 est.
540 723 551 758 :
579 703 707 759 Cum
755 705 961 771 scirem,
1002 704 1201 774 inquit,
1248 706 1370 774 quia
1393 723 1537 759 nemo
1576 723 1684 762 esse
1721 716 1887 779 potest
1912 724 2037 761 con-

432 799 623 863 tinens,
675 796 776 850 nisi
817 795 961 850 Deus
989 797 1111 861 det;
1169 797 1345 852 ethoc
1385 800 1563 869 ipsum
1608 810 1716 853 erat
1748 802 2033 872 sapientiw,

432 893 564 947 scire
591 892 744 961 cujus
777 900 908 945 esset
932 891 1029 945 hoc
1059 891 1257 945 donum
1285 892 1450 965 (Snp.
1484 911 1601 959 vm,
1635 894 1695 948 21
1724 895 1769 966 ).
1814 896 2037 950 Polemo

430 1001 585 1056 ergo,
630 985 677 1039 si
724 1001 791 1041 ex
824 986 1109 1040 luxurioso
1164 986 1457 1041 continens
1512 988 1685 1042 factus
1748 989 1821 1041 ita
1866 990 2038 1043 sciret

430 1080 589 1149 cujus
620 1091 762 1135 esset
790 1079 893 1134 hoc
922 1079 1147 1145 donum,
1184 1089 1242 1133 nt
1269 1096 1392 1134 eum
1426 1082 1654 1151 ahjectis
1686 1081 2039 1152 superstitio-

433 1173 597 1227 nibus
631 1174 717 1241 pie
745 1173 985 1240 eoleret;
1032 1190 1140 1228 non
1171 1173 1347 1227 solum
1383 1176 1697 1240 continens,
1743 1174 1838 1230 sed
1867 1176 2036 1231 etiam

433 1267 709 1323 veraciter
741 1269 964 1337 sapiens
995 1277 1049 1322 et
1078 1268 1375 1323 salubriter
1395 1268 1688 1337 religiosus
1717 1273 2037 1324 exsisteret:

434 1361 579 1431 quod
614 1361 663 1415 ei
696 1376 803 1414 non
840 1369 1053 1415 tantum
1108 1359 1175 1415 ad
1197 1361 1485 1430 praesentis
1516 1361 1640 1414 vitm
1671 1362 2038 1427 honestatem,

434 1470 624 1509 verum
653 1464 709 1509 et
737 1453 803 1508 ad
836 1452 1039 1508 futura:
1059 1454 1531 1508 immortalitatem
1556 1454 1798 1509 valeret.
1823 1454 2041 1521 Quanto

435 1547 619 1602 minus
674 1546 839 1616 igitur
900 1548 1034 1601 mihi
1082 1561 1341 1616 arrogare
1387 1546 1561 1601 debeo
1619 1548 2043 1601 conversionem

434 1644 598 1698 istam
646 1652 887 1697 vestram
917 1642 1001 1697 vel
1031 1641 1223 1712 populi
1251 1640 1446 1708 vestri,
1480 1656 1645 1710 quam
1680 1641 1845 1695 modo
1876 1640 2041 1695 nobis

2140 423 2267 495 (qui
2317 425 2643 494 qualeslibet
2692 423 2922 491 fuerint,
2974 442 3087 481 non
3134 428 3322 498 utique
3369 428 3737 499 prmjudicant

2140 516 2423 585 promissis
2473 516 2591 579 Dei.
2635 517 2727 587 qui
2778 517 2921 573 dixit
2966 517 3032 573 ad
3060 518 3338 574 Abraham
3378 520 3487 579 :ln
3541 523 3738 579 semine

2142 622 2230 666 tuo
2259 612 2623 665 benedicentur
2648 628 2822 667 omnes
2862 623 3037 682 gentes
3069 613 3088 686 (
3106 614 3237 669 Gen.
3260 632 3411 680 xxvr,
3441 616 3542 689 4);
3588 619 3738 689 quod

2140 704 2408 760 creditum
2440 713 2526 759 est
2554 720 2675 759 cum
2725 706 3008 761 audiretur
3057 707 3398 778 prmdictum,
3426 719 3479 763 et
3508 720 3741 781 negatur

2142 816 2265 855 cum
2297 801 2511 856 videtur
2544 798 2849 870 impletum)
2882 800 2987 855 hoc
3019 810 3233 857 tantum
3268 804 3491 858 interim
3518 806 3742 860 brevis-

2143 894 2364 960 simum,
2414 904 2470 949 et
2512 895 2613 949 nisi
2658 894 2813 950 fallor
2861 897 3283 951 invictissimum
3334 899 3598 967 cogitent,
3645 907 3743 954 aut

2142 994 2319 1039 actam
2366 1000 2487 1040 esse
2529 986 2690 1041 istam
2733 1003 2955 1043 causam
2987 991 3041 1044 in
3067 990 3744 1047 ecclesiaSticntrausma-

2144 1077 2265 1131 rino
2289 1077 2521 1145 judicio,
2549 1090 2639 1133 aut
2661 1096 2769 1135 non
2794 1096 2917 1137 esse
2946 1092 3147 1137 actam.
3174 1081 3230 1138 Si
3249 1091 3370 1138 acta
3399 1083 3473 1138 ibi
3505 1095 3739 1154 nonest,

2144 1170 2410 1226 innocens
2436 1182 2519 1227 est
2547 1173 2757 1229 Christi
2789 1176 3029 1231 societas
3062 1193 3159 1248 per
3200 1193 3396 1233 omnes
3424 1182 3745 1236 transmari-

2147 1280 2243 1320 nas
2283 1275 2495 1334 gentes,
2547 1267 2704 1337 cujus
2734 1270 3012 1324 societatis
3049 1285 3150 1325 nos
3190 1272 3580 1327 communione
3609 1288 3744 1344 gau-

2146 1358 2374 1422 demus;
2404 1370 2457 1413 et
2489 1359 2611 1415 ideo
2642 1360 2710 1415 ab
2738 1362 2817 1416 eis
2843 1362 3227 1418 innocentibus
3256 1364 3446 1434 utique
3476 1365 3744 1436 sacrilega

2146 1449 2508 1519 diremptione
2558 1461 2901 1520 separantur.
2956 1453 3011 1510 Si
3062 1470 3196 1509 vero
3242 1466 3363 1510 acta
3398 1464 3483 1510 est
3513 1455 3586 1510 ibi
3635 1456 3740 1511 ista

2148 1557 2332 1609 causa,
2368 1544 2489 1613 quis
2535 1560 2643 1598 non
2691 1545 2982 1616 intelligat,
3024 1548 3146 1617 quis
3190 1564 3297 1601 non
3330 1548 3554 1615 sentiat,
3618 1548 3745 1618 quis

2149 1651 2257 1690 non
2284 1635 2486 1702 videat,
2506 1651 2602 1692 eos
2629 1636 2681 1691 in
2705 1653 2767 1692 ea
2788 1639 2982 1705 victos,
3013 1654 3241 1709 quorum
3274 1640 3398 1695 inde
3429 1641 3747 1696 communio
3830 1626 3834 1628 Ὗ

438 1737 769 1800 nuntiastis;
818 1752 941 1807 qure
975 1752 1061 1791 me
1092 1752 1192 1791 nec
1235 1736 1515 1805 loquente,
1548 1750 1648 1791 nec
1676 1736 1868 1791 saltem
1902 1751 2040 1806 prai-
2074 1735 2117 1795 Β
2147 1738 2397 1801 separata
2429 1730 2554 1784 est?
2601 1730 2822 1801 Eligant
2852 1747 2981 1802 ergo
3012 1741 3193 1787 utrum
3249 1734 3441 1787 malint
3485 1733 3739 1800 credere,

437 1838 619 1894 sente,
672 1829 864 1899 procul
918 1829 1086 1884 dubio
1133 1828 1396 1884 divinitus
1449 1828 1590 1884 facta
1620 1839 1724 1895 est,
1750 1829 1804 1883 in
1846 1830 2041 1897 quibus

435 1922 708 1978 veraciter
730 1923 872 1976 facta
898 1923 1015 1977 est!
1054 1922 1167 1977 Hoc
1187 1923 1369 1991 itaque
1390 1923 1676 1993 praecipue
1698 1922 2039 1991 cognoscite,

435 2014 543 2068 hoc
590 2018 676 2083 pie
721 2013 1113 2083 lnnniliterque
1163 2014 1422 2084 cogitate.
1481 2014 1613 2077 Deo,
1671 2014 1895 2079 fratres,
1934 2015 2042 2069 Deo

438 2106 643 2178 gratias
690 2108 865 2176 agite;
917 2106 1091 2162 Deum
1127 2106 1334 2174 timete,
1369 2121 1438 2163 ne
1470 2105 1778 2171 deﬁciatis;
1833 2115 2038 2174 amate,

441 2210 504 2256 ut
529 2199 852 2271 proﬁciatis.

515 2292 609 2348 III.
654 2292 711 2346 Si
739 2301 924 2346 autem
960 2290 1142 2346 adhuc
1173 2290 1443 2361 quosdam
1473 2306 1629 2347 amor
1671 2290 1911 2345 hominis
1951 2305 2045 2347 oc-

444 2385 595 2443 culte
622 2393 896 2454 segregat,
922 2392 978 2439 et
995 2385 1158 2439 timor
1184 2383 1421 2438 hominis
1446 2383 1712 2439 fallaciter
1729 2394 2040 2454 congregat;

441 2481 741 2536 observent
769 2477 863 2548 qui
906 2477 1047 2531 tales
1082 2486 1235 2543 sunt,
1269 2478 1531 2547 quoniam
1582 2478 1752 2532 Deum
1781 2478 1869 2533 cui
1899 2477 2045 2532 nuda

443 2582 527 2629 est
558 2576 792 2627 humana
820 2571 1187 2636 conscientia,
1223 2585 1326 2626 nec
1356 2580 1552 2626 testem
1584 2570 1803 2637 fallunt,
1836 2572 2046 2640 necju-

444 2665 627 2720 dicetn
677 2664 907 2735 fugiunt.
962 2662 1021 2719 Si
1072 2662 1200 2733 quid
1245 2671 1425 2718 autem
1481 2663 1604 2717 illos
1634 2664 1701 2718 de
1747 2664 2048 2734 qumstione

444 2760 618 2828 ipsius
646 2759 895 2824 unitatis,
929 2773 1028 2828 pro
1056 2773 1169 2812 sum
1200 2758 1395 2812 salutis
1421 2758 1792 2814 sollicitudine
1830 2774 2050 2829 permo-

448 2860 570 2916 vet;
606 2851 710 2907 hoc
740 2851 842 2905 sibi
871 2859 1135 2921 quantum
1168 2850 1428 2907 existimo
1454 2851 1827 2921 iustissimum
1860 2859 2044 2905 extor-

449 2954 675 3013 queant,
731 2950 790 2997 ut
816 2942 884 2998 de
929 2943 1199 2998 catholica
1232 2943 1503 3008 Ecclesia,
1557 2943 1609 2997 id
1659 2954 1743 2997 est
1772 2951 1891 2998 toto
1919 2943 2052 2999 orbe

445 3035 669 3101 diffusa,
700 3037 879 3103 potius
904 3035 958 3088 id
989 3034 1221 3090 credant
1241 3036 1384 3104 quod
1406 3034 1608 3088 divinae
1639 3034 1941 3104 Scriptura:
1970 3037 2050 3089 di-

446 3135 599 3194 cunt,
653 3141 763 3181 nou
814 3128 960 3196 quod
1009 3127 1209 3197 lingua:
1263 3127 1515 3182 humana:
1568 3127 1917 3183 maledicunt.
1968 3128 2118 3201 Dec

2146 1822 2288 1892 quod
2335 1823 2829 1891 pronuntiaverUnt
2872 1825 3227 1881 ecclesiastici
3287 1828 3621 1897 cognitores,
3676 1842 3748 1883 an

2145 1914 2291 1985 quod
2342 1926 2685 1972 murmurant
2714 1918 2843 1973 victi
2896 1918 3227 1987 litigatores.
3271 1919 3551 1975 Adversus
3585 1921 3747 1974 istam

2146 2009 2581 2078 complexionem
2611 2009 2757 2064 dictu
2791 2010 3195 2073 brevissimam.
3233 2012 3524 2069 intellecm
3550 2013 3751 2067 facilli-

2148 2116 2315 2168 mam,
2360 2102 2626 2158 attendite
2686 2119 2784 2173 pro
2834 2112 3015 2160 vestra
3076 2106 3368 2176 prudentia
3421 2107 3745 2177 diligenter,

2146 2210 2307 2266 quam
2337 2193 2470 2249 nihil
2494 2195 2734 2249 sobrium
2763 2196 3086 2266 responderi
3120 2200 3321 2267 possit;
3355 2209 3410 2254 et
3434 2208 3615 2254 tamen
3636 2214 3747 2255 ma—

2147 2290 2235 2345 lus
2262 2289 2486 2345 Polemo
2514 2290 2689 2360 magis
2719 2288 2989 2345 ebrietate
3020 2290 3306 2345 inveterati
3339 2292 3547 2346 erroris
3596 2307 3750 2346 ever-

2150 2385 2305 2437 titur.
2331 2382 2464 2437 Date
2490 2382 2702 2437 veniam
2724 2381 3011 2451 prolixiori
3042 2380 3294 2436 fortassis
3318 2383 3566 2453 epistolae
3586 2396 3747 2452 quam

2145 2475 2481 2548 jucundiori,
2514 2486 2926 2541 verumtamen,
2958 2486 3015 2529 ut
3042 2476 3303 2539 arbitror,
3335 2478 3545 2531 utiliori
3589 2492 3748 2546 quam

2150 2568 2442 2634 blandiori,
2471 2568 2678 2622 domini
2703 2566 3059 2623 honorabiles
3082 2576 3138 2623 et
3162 2569 3360 2623 merito
3389 2569 3748 2639 suscipiendi,

2153 2663 2461 2718 charissimi
2511 2670 2566 2715 et
2618 2661 3073 2717 desideratissimi
3128 2662 3348 2717 fratres.
3383 2662 3461 2716 De
3514 2661 3754 2717 adventu

2154 2763 2335 2808 autem
2368 2764 2557 2809 nostro
2588 2754 2653 2807 ad
2688 2769 2809 2820 vos,
2844 2764 3205 2823 utrorumque
3234 2753 3574 2810 desiderium
3608 2755 3751 2809 Deus

2155 2848 2401 2916 impleat.
2436 2847 2652 2914 Quanto
2678 2846 2826 2901 enim
2855 2846 3141 2902 charitatis
3168 2847 3364 2902 ardore
3387 2847 3755 2901 accendamur

2156 2938 2222 2993 ad
2247 2937 2505 2994 visendos
2532 2952 2649 3004 vos,
2676 2938 2858 2993 verbis
2883 2938 3161 3007 explicare
3189 2953 3296 2992 non
3322 2953 3635 3009 possumus,
3658 2940 3755 2995 sed

2156 3047 2254 3087 vos
2284 3033 2517 3103 benigne
2545 3032 2771 3089 credere
2802 3048 2908 3087 non
2937 3031 3273 3089 dubitamus.

550 3272 557 3273 ί
1351 3274 1823 3284 —————-————-———.
2047 3275 2113 3282 --ος
2138 3273 2555 3283 ,“"_._——__—-
3040 3273 3250 3282 -—~‘———-—-

500 3271 2315 3335 $—w
2325 3271 3712 3325 _—__——ME

1751 3395 1922 3440 ANNO
1969 3395 2205 3442 DOMINI
2250 3395 2468 3443 CCCCV.

508 3546 2006 3715 SECUNDINUS
2140 3545 3693 3714 MANICHXEUS.

1818 3822 2385 3854 .__—-a———

1250 3942 1816 4027 EPISTOLA
1890 3946 2050 4027 AD
2126 3943 2961 4029 AUGUSTINUM.

532 4097 692 4159 (Hanc
715 4098 973 4162 epistolam
995 4099 1107 4149 vide
1127 4101 1261 4150 inter
1282 4112 1434 4163 Opera
1457 4101 1510 4150 S.
1534 4100 1793 4165 Augustini
1819 4110 1935 4152 tom.
1961 4103 2097 4167 VIII,
2125 4104 2217 4154 col.
2242 4105 2352 4168 571,
2380 4105 2463 4155 ubi
2491 4119 2600 4155 eam
2623 4104 2811 4157 refellit
2832 4104 2886 4154 S.
2907 4105 3090 4155 Doctor
3114 4106 3315 4169 prolatis
3335 4106 3681 4167 argumentis.)

670 4234 695 4241 -η
980 4233 1128 4242 ο--ς-ι
2163 4240 3433 4250 οη-ᾙ-Μςιμ-φ-ηο
3474 4242 3649 4250 W—a—

1984 4278 2195 4287 m.‘
2220 4280 2335 4288 εξ
2352 4281 2417 4288 .-

2168 4279 2417 4288 ..εκ-..-

1726 4355 1896 4401 ANNO
1944 4356 2177 4401 DOMINI
2221 4359 2465 4403 CCCCVII
2476 4385 2491 4402 .

618 4497 1754 4666 .SANCTUS
1893 4501 3536 4694 CHROMATIUS,

1321 4761 1961 4847 EPISCOPUS
2038 4765 2885 4875 AQUILEIENSIS.

1532 4926 1735 4992 (Editio,
1762 4940 1879 4979 cura
1901 4927 2095 4992 Braida,
2123 4927 2257 4979 Utioi
2283 4927 2425 4989 1816,
2453 4934 2679 4989 excusa.)

1495 5169 2071 5247 ΡΒᾹΞΕΑΤΙΟ
2146 5168 2693 5243 EDITOBIS.

520 5438 595 5511 [ν]
625 5439 765 5494 Nihil
791 5440 915 5494 novi
946 5440 1224 5497 litterariae
1246 5442 1567 5511 reipublicae
1588 5442 1893 5508 afferimns,
1917 5445 2044 5499 dum
2074 5451 2128 5513 1)
2154 5446 2422 5516 publicam
2447 5448 2732 5504 Chromatii
2758 5450 2968 5521 Scripta
2992 5461 3346 5522 aspexerunl,
3383 5452 3592 5521 pluries
3615 5451 3754 5519 haec,

450 5535 537 5589 hic
564 5534 761 5590 SANCTI
788 5535 1095 5591 Cunonnn
1130 5536 1498 5604 Aquileiensis
1520 5536 1762 5608 episcopi
1787 5538 2044 5606 SCRIPTA,

448 5644 571 5697 quae
619 5640 939 5701 supersunt,
984 5646 1080 5685 seu
1115 5632 1284 5684 mavis
1334 5630 1634 5693 OPUSCULA,
1690 5631 2038 5687 exhibemus.

448 5720 535 5776 Ab
580 5720 725 5779 anno
772 5723 916 5781 enim
957 5723 1115 5793 1528,
1158 5720 1263 5796 quo
1311 5724 1548 5795 primum
1595 5724 1825 5783 Basiletc
1874 5726 2047 5782 lucent

2155 5551 2265 5595 tum
2309 5544 2539 5596 scorsiin
2580 5543 2896 5613 aliquando,
2938 5553 3050 5598 tum
3091 5545 3325 5599 maxime
3360 5544 3411 5600 in
3454 5543 3757 5599 Collectio-

2152 5634 2310 5688 nibus
2343 5633 2596 5699 Patrunt,
2641 5636 2782 5691 edita
2825 5636 3049 5691 fuerunt
3082 5653 3095 5691 :
3128 5650 3192 5690 ac
3237 5637 3533 5693 novissime
3578 5638 3627 5692 in
3664 5636 3755 5691 Bis

2147 5727 2403 5784 bliot/tem
2462 5727 2684 5785 Patrum
2750 5729 3185 5799 Scriptorumth
3248 5729 3748 5789 Ecclesiasticoruni
