4270 6176
322 242 427 299 M9

1616 235 1990 297 PREFATIO
2028 237 2372 296 EDITORIS.

3520 243 3627 300 250

320 359 560 417 Andreze
586 357 884 424 Gallandii,
913 371 1034 425 qum
1065 356 1313 412 Venetiis
1344 357 1582 427 prodiit,
1614 357 1791 413 locum
1823 359 1924 412 ob-
1953 359 2008 420 Α
2101 359 2174 416 Ut
2203 374 2337 416 vero
2364 359 2500 425 inec,
2534 374 2655 430 quae
2683 360 2998 428 scribimus,
3029 361 3096 416 ad
3134 360 3424 418 Chromatii
3458 365 3633 421 nostri

323 455 614 510 tinuerunt
663 463 811 508 tomo
856 450 1012 517 Vill;
1059 451 1272 507 meliori
1320 462 1473 507 certe
1517 461 1680 523 atque
1725 454 1919 521 aptiori

318 546 525 609 forma,
568 561 728 617 qnam
769 560 1024 615 umquam
1067 556 1226 600 antea
1277 544 1586 600 habuerint.
1631 544 1923 599 Nihilomi-

319 655 428 696 nus
459 655 488 692 a
512 639 676 707 jusns
708 653 890 692 rerum
922 639 1349 693 mstimatoribus
1380 637 1667 707 probatum
1700 640 1762 696 iri
1793 654 1924 694 con-

323 732 512 788 silium
558 743 806 785 nostrum
840 729 1192 796 confidimus,
1239 746 1395 785 novm
1428 731 1590 801 hujus
1634 729 1925 800 peculiaris

330 825 683 880 inStitnendte
722 823 1009 879 Chromatii
1043 825 1374 895 Scriptorum
1406 841 1502 880 seu
1539 825 1923 898 Opusculornm

318 917 600 984 editionis,
638 919 684 973 si
711 934 812 986 eae,
842 935 964 989 quas
987 933 1086 974 nos
1113 919 1180 974 ad
1214 920 1265 974 id
1297 921 1654 989 impulerunt,
1690 931 1801 976 tum
1833 936 1926 991 ge-

317 1011 539 1068 nerales
563 1021 676 1065 tum
697 1011 1007 1082 singulares
1029 1013 1269 1068 rationes
1288 1013 1471 1068 animo
1495 1014 1921 1084 perpendantur.

389 1105 751 1176 Compertum
804 1107 1078 1176 imprimis
1122 1115 1224 1172 est,
1269 1107 1322 1162 in
1368 1107 1800 1164 Collectionibus
1823 1107 1928 1162 Pa-

325 1209 490 1261 trum.
516 1215 695 1270 neque
725 1199 1007 1254 veteribus
1034 1209 1264 1265 tantum,
1289 1200 1384 1256 sed
1410 1201 1574 1256 etiam
1599 1203 1926 1258 recentioris

326 1306 474 1348 curae
523 1307 586 1347 ac
637 1292 866 1360 laboris,
923 1309 1030 1348 non
1079 1310 1251 1364 pauca
1303 1293 1630 1362 desiderari,
1688 1312 1809 1366 quae
1861 1297 1928 1351 ad

322 1395 609 1442 auctorum
647 1395 704 1440 et
748 1401 975 1455 operum
1015 1386 1446 1444 illustrationem
1487 1391 1796 1459 pertinent;
1831 1405 1926 1446 seu

325 1477 450 1548 quia
481 1478 815 1534 collectores
859 1480 909 1533 id
941 1480 1044 1535 sibi
1090 1494 1515 1551 proposuerunt,
1553 1493 1611 1536 ut
1639 1482 1928 1538 brevitatis

325 1583 490 1624 causa
524 1571 689 1625 multa
710 1572 964 1628 consulto
991 1574 1333 1640 omitterent,
1358 1591 1478 1645 quae
1503 1574 1694 1630 fusiori
1718 1577 1928 1632 calamo

327 1663 396 1718 ab
423 1664 659 1719 eruditis
688 1665 889 1733 scripta
926 1677 1142 1732 essent;
1175 1684 1270 1723 seu
1308 1670 1432 1739 quia
1459 1670 1699 1723 nondum
1735 1685 1929 1742 reapse

327 1755 533 1826 aliquid
573 1757 898 1813 eruditionis
945 1771 1271 1826 emerserat,
1300 1762 1445 1831 quod
1492 1763 1677 1818 recudi
1719 1764 1924 1819 ibidem
1962 1751 2002 1809 Β

325 1857 667 1914 mereretur;
693 1865 786 1905 seu
811 1851 1053 1918 demum,
1077 1854 1202 1923 quia
1229 1855 1554 1911 collectores
1578 1856 1678 1926 ipsi
1707 1855 1927 1911 Patrum

329 1939 593 2010 operibus
638 1941 870 1998 edendis
912 1944 1129 2010 intenti,
1181 1955 1236 2000 et
1264 1963 1489 2016 operum
1523 1964 1586 2003 ac
1632 1949 1928 2019 opusculo-

325 2048 450 2088 rum
511 2034 867 2096 multitudine
919 2038 1088 2093 veluti
1141 2041 1364 2108 obruti,
1421 2044 1554 2096 satis
1616 2043 1932 2101 habuerunt

331 2129 711 2184 communiora
738 2131 1022 2203 colligere,
1070 2142 1125 2187 et
1155 2145 1337 2189 textus
1373 2135 1590 2190 interim
1630 2137 1928 2210 integritati

333 2220 658 2286 causulere;
693 2223 836 2292 quod
868 2233 1020 2279 certe
1059 2226 1391 2296 prmeipnum
1428 2229 1479 2281 in
1516 2229 1794 2284 laboribus
1834 2230 1934 2285 hu-

322 2311 635 2382 juscemodi
665 2330 884 2385 semper
907 2316 1028 2371 fuit.
1063 2317 1334 2374 Praeterea
1369 2335 1534 2390 opera
1566 2324 1839 2392 quzcdam,
1868 2341 1931 2380 ac

332 2418 393 2459 ea
437 2406 676 2461 maxime
716 2423 840 2477 qnze
885 2425 991 2463 non
1034 2411 1221 2466 multis
1263 2424 1518 2467 constant
1556 2417 1765 2487 paginis
1791 2460 1803 2484 ,
1837 2419 1929 2474 vix

328 2512 583 2569 umquam
617 2500 764 2554 edita
811 2501 1026 2558 fuerunt
1068 2517 1221 2559 extra
1267 2507 1639 2566 Bibliothecas
1683 2513 1926 2579 Patrum,

326 2602 420 2644 seu
451 2591 588 2645 alias
613 2604 1097 2650 monumentorum
1123 2608 1372 2654 veterum
1404 2601 1806 2668 Collectiones;
1839 2613 1931 2660 aut

324 2681 372 2736 si
421 2683 641 2752 quando
688 2687 989 2756 separatim
1038 2691 1181 2760 typis
1224 2691 1348 2746 data
1404 2693 1642 2761 fuerunt,
1676 2697 1765 2749 vix
1808 2696 1927 2751 edi-

327 2773 504 2830 tiones
554 2778 690 2847 ipsaz
739 2779 942 2849 perviae
992 2791 1162 2836 sunt:
1197 2793 1253 2838 et
1299 2785 1518 2839 interim
1565 2786 1930 2843 Bibliothecas

327 2868 571 2933 easdem,
605 2881 702 2924 aut
728 2873 1130 2944 cujuscumque
1159 2877 1397 2932 nominis
1428 2879 1665 2948 plurium
1699 2882 1929 2936 volumi—

328 2976 460 3018 num
499 2963 868 3021 Collectiones
916 2968 1020 3022 sibi
1063 2983 1406 3040 Comparare,
1456 2988 1756 3042 paucorum
1805 2991 1932 3044 pro-

327 3055 470 3110 lecto
490 3072 710 3128 semper
740 3058 861 3113 fuit.
888 3059 1050 3114 Multa
1079 3063 1302 3117 demum
1330 3073 1650 3121 sanctorum
1681 3069 1924 3136 Patrum,

2028 451 2239 523 Scripta
2272 451 2599 519 referamus,
2631 452 2775 507 nuda
2809 452 2926 508 hinc
2962 454 3354 524 propemodum
3388 469 3626 526 semper,

2027 556 2120 600 aut
2157 544 2290 599 satis
2331 544 2542 600 levibus
2571 544 2909 600 indumentis
2940 546 3136 600 amicta
3181 545 3236 600 in
3279 546 3638 602 Bibliothccis

2027 655 2091 695 ac
2129 639 2564 694 Collectionibus
2608 640 2887 695 veteribus
2931 641 3294 709 prodierunt:
3329 651 3494 710 atque
3533 640 3631 697 de-

2027 749 2176 789 mum
2210 733 2554 789 clarissimus
2597 734 2714 803 ipse
2746 733 3110 800 Gallandius,
3142 736 3231 802 qui
3274 734 3448 789 multo
3481 742 3632 790 certe

2027 828 2229 883 decore
2278 835 2473 881 ornata
2521 827 2638 881 luteo
2684 827 2874 881 eadem
2917 825 3206 883 Chromatii
3242 827 3455 896 Scripta
3500 828 3632 883 dare

2030 920 2294 989 potuisset
2336 919 2527 992 (prout
2578 928 2655 974 tot
2696 921 2802 974 alia
2845 920 3073 974 minoris
3122 922 3285 975 etiam
3334 919 3631 976 voluminis

2027 1013 2220 1085 dedit),
2257 1014 2634 1069 contractione
2679 1013 2915 1084 quadam
2958 1013 3284 1079 delectatus,
3328 1014 3380 1069 in
3411 1029 3516 1084 qua
3549 1022 3630 1068 ta-

2028 1122 2150 1161 men
2182 1117 2234 1161 ct
2263 1108 2370 1160 viri
2409 1105 2684 1175 ingenium
2717 1113 2773 1161 et
2799 1106 3141 1176 diligentiam
3173 1104 3480 1172 admireris,
3521 1118 3630 1159 non

2031 1214 2201 1270 pauca
2238 1197 2540 1254 desiderari
2576 1199 2858 1269 permisit,
2891 1214 3011 1268 quae
3049 1213 3158 1252 non
3189 1199 3388 1252 eruditi
3425 1197 3632 1253 solum-

2029 1293 2212 1359 modo,
2255 1293 2349 1348 setl
2379 1307 2590 1357 omnes,
2623 1302 2681 1346 ut
2713 1295 2783 1346 ita
2827 1293 3028 1356 dicam,
3063 1291 3324 1357 lectores,
3360 1291 3412 1345 in
3459 1305 3630 1345 unum

2029 1389 2257 1443 collecta
2298 1397 2532 1458 apteque
2569 1386 2836 1456 disposita
2863 1387 3121 1441 ‘libenter
3160 1384 3450 1440 vidissent.
3489 1384 3630 1451 Quin

2031 1482 2145 1550 ipse
2172 1496 2411 1551 quoque,
2441 1495 2541 1550 pro
2572 1480 2867 1550 multigena
2896 1478 3204 1534 eruditione
3232 1492 3352 1543 sua,
3380 1493 3481 1548 qua
3508 1476 3627 1547 plu-

2032 1579 2225 1634 rimum
2265 1579 2457 1644 valuit,
2511 1578 2685 1632 multa
2724 1592 2789 1631 ex
2833 1577 3053 1647 pr0prio
3096 1590 3238 1646 penu
3284 1587 3484 1629 eruere
3523 1585 3621 1642 po-

2033 1673 2270 1737 tuisset,
2339 1670 2482 1725 unde
2554 1669 2748 1724 horum
2811 1668 3141 1739 Scriptorum
3214 1666 3384 1722 editio
3455 1664 3627 1734 magis

2033 1768 2312 1836 magisque
2357 1765 2685 1830 nitesceret,
2735 1771 2792 1818 et
2833 1763 3039 1833 gratior
3085 1769 3250 1830 atque
3300 1759 3486 1813 utilior
3533 1755 3631 1811 ﬁe-

2034 1870 2135 1914 ret.
2188 1856 2329 1926 Quid
2367 1856 2513 1910 cnim
2566 1855 2836 1922 dicimus,
2881 1856 3008 1908 dum
3061 1851 3421 1906 Chromatium
3462 1848 3635 1920 Aqui-

2035 1953 2294 2007 leiensem
2355 1949 2674 2018 episcopum
2735 1946 3118 2002 nominamus?
3181 1944 3370 2000 Virum
3435 1957 3631 2012 nempe

2033 2060 2143 2100 sure
2179 2043 2355 2098 aetatis
2389 2043 2532 2097 inter
2577 2040 2896 2096 Occidentis
2943 2039 3234 2109 episcopos
3273 2035 3632 2108 praeclarissi-

2034 2155 2212 2204 mum;
2244 2138 2405 2206 cujus
2435 2144 2664 2190 sanctam
2701 2145 2919 2190 mentem
2951 2137 3006 2188 in
3037 2133 3350 2187 divinorum
3381 2130 3630 2200 eloquio-

2033 2247 2151 2286 rum
2203 2230 2387 2285 studio
2432 2229 2588 2283 divus
2639 2227 2960 2282 Ambrosius
3007 2223 3416 2288 admirabatur;
3465 2236 3632 2292 quem

2033 2325 2188 2380 divus
2216 2324 2583 2394 Hieronymus
2615 2321 2722 2392 (cui
2751 2319 3086 2374 adulationis
3128 2326 3256 2372 nota
3291 2315 3433 2370 inuri
3480 2303 3631 2370 certe

2035 2433 2142 2472 non
2179 2415 2386 2488 potest)
2419 2415 2780 2487 episcoporum
2820 2412 3204 2466 sanctissimum
3243 2418 3400 2474 atque
3438 2405 3633 2460 doctis-

2033 2515 2219 2568 simum
2250 2511 2543 2580 appellavit
2572 2528 2583 2563 :
2610 2525 2767 2579 quem
2793 2508 3018 2562 Rulinus
3046 2506 3283 2560 alterum
3314 2502 3397 2557 sui
3433 2510 3631 2570 tempo-

2032 2609 2104 2660 ris
2156 2604 2503 2660 Beselehelem
2555 2603 2726 2669 dixit;
2781 2603 2869 2658 cui
2925 2601 3175 2657 scribens
3240 2599 3355 2666 ipse
3410 2609 3630 2665 quoque

2033 2707 2259 2756 sanctus
2299 2698 2537 2754 Joannes
2582 2697 3029 2767 Chrysostomus,
3071 2691 3194 2764 [vn]
3241 2688 3630 2745 vehementissi-

2033 2811 2188 2859 mam,
2240 2801 2389 2862 atque
2419 2793 2534 2862 igne
2575 2789 2782 2860 plenam
2824 2788 3164 2850 charitatem,
3206 2785 3560 2850 sinceramque
3585 2790 3634 2835 et

2032 2886 2227 2956 ingenti
2275 2885 2510 2939 libertate
2545 2901 2607 2936 uc
2652 2882 2846 2950 ﬁducia
2884 2883 3153 2950 perfusam
3193 2877 3447 2948 linguam.
3483 2884 3637 2944 atque

2033 2980 2426 3034 adumantinam
2455 2975 2831 3030 contentionem
2870 2971 3236 3042 prmdicabat;
3279 2970 3472 3036 cuique
3508 2975 3632 3021 tan-

2034 3073 2157 3128 dem
2207 3070 2500 3141 pluritnum
2534 3083 2667 3122 sane
2701 3066 2996 3128 debemus,
3029 3061 3172 3131 quod
3214 3061 3329 3125 ipse
3366 3058 3635 3129 Hierony-

328 3161 426 3203 seu
469 3166 663 3219 opera,
694 3168 790 3207 seu
835 3156 1116 3224 opuscula,
1153 3167 1282 3211 sunt
1319 3157 1673 3214 Bibliotheeis
1703 3163 1930 3232 aliisque
1960 3137 2005 3200 (δ
2038 3180 2180 3230 mus,
2205 3164 2260 3218 in
2285 3159 2622 3233 exponendis
2648 3158 2817 3214 sacris
2839 3155 3133 3226 Seripturis
3151 3153 3344 3208 det-tor
3365 3152 3635 3205 maximus

326 3240 758 3301 Collectionibus
803 3248 1046 3317 inserta,
1099 3261 1155 3304 et
1215 3253 1304 3305 vix
1355 3253 1654 3324 aliquando
1701 3261 1929 3312 seorsim

325 3339 496 3406 edita,
531 3356 654 3408 qua:
700 3357 810 3396 non
845 3357 1031 3412 parum
1066 3344 1290 3399 honoris
1329 3354 1384 3401 et
1411 3347 1604 3416 glorise
1639 3355 1934 3406 conterunt

328 3439 446 3485 tum
489 3432 800 3501 provinciis,
833 3435 933 3508 [vr]
969 3447 1022 3491 et
1058 3439 1396 3508 regionibus,
1434 3451 1544 3494 tum
1592 3442 1932 3510 civitatibus,

328 3525 563 3596 aliiSque
611 3527 766 3594 locis,
809 3533 860 3584 in
912 3532 1112 3602 quibus
1160 3544 1440 3601 auctores,
1481 3535 1609 3589 dum
1661 3538 1929 3604 viverent,

328 3621 747 3688 inclaruerunt;
783 3642 1124 3697 quorumque
1170 3629 1415 3682 omnium
1456 3639 1748 3699 propterea
1793 3631 1931 3686 inte-

327 3726 524 3780 re~set,
567 3728 622 3770 ut
655 3719 965 3788 vnlgatiora
994 3761 1008 3785 ,
1051 3723 1245 3776 saltem
1291 3739 1461 3790 penes
1492 3739 1642 3788 suos,
1685 3739 1931 3780 eorumn-

328 3810 449 3866 nior
472 3825 610 3881 sque
638 3811 823 3868 forent
850 3830 1002 3871 usus.
1033 3816 1127 3870 llis
1166 3817 1330 3872 addas
1363 3819 1649 3889 religionis
1694 3837 1925 3890 prarser-

329 3900 426 3955 tim
477 3919 726 3971 causam,
768 3906 820 3960 in
875 3908 940 3961 iis
983 3909 1220 3963 maxime
1264 3912 1468 3965 sanctis
1517 3913 1791 3977 Pati-ibus,
1838 3913 1930 3981 qui

325 3995 523 4066 priscis
547 3997 808 4055 Ecclesia:
831 4002 1048 4056 saeculis
1075 4001 1407 4070 ﬂoruerunt;
1435 4023 1776 4076 quorumque
1798 4023 1924 4062 cura

323 4100 379 4146 et
406 4107 574 4162 opere
607 4092 916 4150 Christiana
953 4112 1042 4152 res
1077 4098 1184 4151 illis
1212 4097 1266 4152 in
1317 4100 1654 4170 regionibus,
1701 4103 1925 4170 provin-

323 4185 445 4250 Clis,
478 4187 828 4255 civitatibus,
871 4190 1120 4260 locisque
1152 4191 1269 4246 aliis
1308 4206 1397 4246 aut
1433 4194 1641 4247 initium
1674 4194 1923 4262 smnpsit,

325 4289 418 4335 aut
456 4291 648 4350 postea
682 4281 942 4348 adolevit,
990 4299 1368 4355 prospereque
1409 4302 1468 4341 se
1511 4287 1724 4340 habuit.
1758 4286 1927 4341 Nemo

327 4375 473 4428 enim
527 4375 620 4444 qui
667 4375 871 4430 Christi
918 4378 1240 4448 religionem
1285 4393 1472 4434 amore
1514 4379 1699 4434 debito
1731 4395 1922 4450 prOse-

328 4479 563 4538 quatur;
597 4486 758 4526 nemo
789 4486 896 4526 non
923 4473 1326 4542 jucundissime
1359 4475 1590 4529 suismet
1619 4475 1792 4528 oculis
1831 4491 1926 4545 pro

329 4562 488 4617 libito
521 4563 724 4629 videat,
751 4573 846 4618 aut
883 4566 1074 4620 saltem
1104 4567 1170 4620 ab
1203 4566 1326 4621 aliis
1362 4568 1452 4637 qui
1480 4567 1641 4621 facile
1685 4568 1926 4623 viderint

329 4669 538 4724 pronus
576 4657 861 4726 intelligat,
895 4660 1023 4727 qttid
1072 4659 1306 4728 majores
1344 4661 1471 4714 olim
1517 4661 1600 4714 Sui
1649 4661 1927 4715 audierint

329 4749 400 4803 ab
428 4749 491 4805 iis
521 4752 884 4806 sanctissimis
925 4752 1084 4817 viris,
1122 4767 1309 4807 eorum
1342 4754 1392 4806 in
1435 4747 1729 4808 christiana
1760 4753 1925 4808 disci-

330 4843 478 4912 plina
527 4844 854 4915 prarpositis,
889 4846 979 4915 qui
1028 4846 1206 4915 primi,
1255 4853 1348 4899 aut
1391 4861 1498 4900 non
1545 4847 1616 4900 ita
1661 4846 1849 4916 procul
1897 4861 1926 4900 a

329 4935 544 5007 primis,
575 4937 718 4991 inter
747 4951 844 4992 eos
876 4938 1040 4992 locuti
1074 4947 1198 4992 sunt
1237 4938 1470 4993 \‘erbum
1501 4939 1632 5005 Dei;
1665 4955 1924 5009 quorum-

329 5045 439 5098 que
469 5031 700 5100 proinde
740 5031 1085 5087 institutione
1111 5041 1274 5101 atque
1301 5033 1490 5088 labore
1524 5034 1575 5088 in
1608 5043 1831 5100 accepto
1859 5034 1928 5088 ab

330 5119 542 5174 eisdem
579 5120 731 5176 Fidei
761 5121 1016 5192 deposito
1047 5124 1162 5192 ipse
1201 5139 1417 5194 quoque
1447 5124 1624 5178 adhuc
1662 5123 1848 5178 firmus
1879 5133 1933 5178 et

333 5211 650 5280 incolumis,
696 5214 885 5270 Divlna
937 5217 1154 5271 favente
1198 5217 1396 5284 gratia,
1447 5227 1566 5286 post
1607 5226 1686 5270 tot
1734 5218 1962 5272 saecula‘

330 5317 675 5376 perseverat.
711 5307 843 5376 Quis
867 5309 1032 5379 igitur
1064 5310 1273 5364 inlicias
1301 5310 1422 5366 ierit
1449 5352 1463 5378 ,
1494 5311 1676 5366 multis
1713 5310 1780 5367 de
1809 5328 1933 5367 cau-

334 5399 415 5453 sis
443 5414 592 5467 smpe
621 5398 739 5454 fieri
774 5415 957 5469 posse,
990 5409 1049 5455 ut
1089 5410 1268 5456 actum
1304 5417 1497 5470 reapse
1540 5403 1762 5457 minime
1791 5414 1932 5474 agat,

342 5493 516 5547 immo
555 5503 613 5548 ut
645 5493 858 5547 laudem
901 5509 1124 5562 quoque
1156 5506 1434 5552 mereatur
1470 5506 1525 5550 et
1562 5497 1816 5566 gratiam,
1849 5500 1941 5567 qui

332 5582 466 5648 sibi,
507 5585 656 5640 edita
708 5587 876 5640 etiam
918 5586 968 5641 in
1015 5586 1444 5643 Collectionibus
1495 5600 1549 5644 et
1590 5591 1940 5647 Bibliothccis

337 5685 658 5754 salictorum
693 5677 918 5731 Patrum
951 5679 1164 5749 Scripta
1191 5681 1472 5752 quarlihct.
1513 5697 1607 5736 seu
1650 5681 1938 5751 Opuscum,

339 5763 482 5823 nova
515 5764 634 5828 luce
663 5771 960 5840 separatim
987 5764 1191 5830 dbna're
1215 5771 1518 5850 proponat?

1955 4534 2009 4594 D

2037 3278 2066 3317 a
2100 3263 2208 3315 lteo
2239 3260 2399 3314 datus
2431 3256 2696 3313 Ecclesiae
2727 3268 2861 3320 sum,
2900 3261 3188 3317 tantopere
3229 3249 3282 3303 in
3315 3245 3520 3302 eisdem
3553 3244 3635 3299 al-

2038 3353 2388 3419 laboraverit,
2423 3362 2480 3406 ut
2521 3362 2710 3405 notum
2753 3358 2836 3403 est
2870 3346 3144 3400 omnibus.
3195 3342 3400 3409 Dignus
3449 3339 3634 3407 itaque

2037 3459 2154 3505 erat
2196 3446 2552 3509 Chromatius,
2603 3443 2695 3514 qui
2745 3442 2800 3496 in
2840 3440 2941 3495 hac
2980 3439 3288 3492 litterarum
3331 3435 3448 3490 luce
3482 3432 3632 3487 omni

2035 3543 2184 3598 cultu
2220 3549 2445 3594 ornatus
2485 3536 2750 3608 prodiret,
2781 3535 2914 3588 licet
2941 3530 3275 3599 caeteroquin
3320 3541 3489 3597 pauca
3523 3525 3634 3580 sint

2034 3654 2156 3709 qute
2181 3636 2248 3690 de
2290 3634 2382 3686 illo
2410 3638 2709 3700 supersunt
2739 3647 2750 3680 :
2782 3644 2901 3695 qtae
2942 3635 3120 3680 tamen
3154 3636 3346 3692 pauca,
3371 3618 3530 3674 simul
3565 3634 3631 3672 ac

2035 3747 2064 3786 e
2106 3727 2344 3785 tenebris
2373 3739 2641 3794 erupere,
2676 3718 2898 3774 maximi
2929 3731 3148 3784 semper
3182 3715 3320 3766 facta
3355 3711 3570 3765 fuerunt
3599 3725 3630 3763 a

2033 3825 2163 3880 viris
2209 3819 2564 3883 doctissimis,
2608 3824 2720 3870 tum
2773 3814 2842 3868 ob
2886 3808 3156 3864 oratiOnis
3207 3807 3463 3867 nitorem,
3515 3809 3628 3855 tum

2033 3919 2104 3974 ob
2136 3913 2654 3984 rerumgravitatem
2681 3904 3052 3972 doctrinaeque
3093 3895 3490 3984 praestantiam,
3515 3903 3628 3948 tum

2034 4012 2102 4067 ob
2131 4026 2195 4065 ea
2227 4026 2348 4080 qua:
2382 4005 2579 4075 passim
2606 4000 2956 4071 suppeditant
2977 3995 3042 4049 ad
3070 3993 3389 4048 Christianae
3415 3989 3633 4044 institu-

2035 4106 2198 4161 tionis
2228 4103 2491 4173 vigorem,
2531 4105 2586 4152 ct
2623 4095 2690 4149 ad
2727 4090 3124 4149 catholicorum
3159 4087 3470 4155 dogtnatum
3499 4095 3634 4136 con-

2035 4197 2419 4253 lirtnatiOnetn.

2109 4291 2301 4346 Nostra
2324 4304 2452 4342 vero
2475 4286 2619 4356 quod
2640 4284 2888 4346 interest,
2913 4280 3004 4349 qui
3027 4275 3400 4346 Aquileienses
3420 4284 3607 4326 sumus
3625 4314 3640 4335 ,

2032 4398 2192 4458 atque
2237 4383 2316 4438 de‘
2355 4391 2503 4435 tanto
2546 4379 2688 4441 viro,
2743 4393 2771 4429 a
2815 4371 3203 4428 laudatissitnis
3245 4377 3355 4421 tum
3399 4366 3478 4419 sui
3519 4373 3630 4418 tum

2035 4479 2358 4551 posterioris
2384 4475 2482 4530 aevi
2513 4483 2795 4538 tantopere
2819 4469 3058 4527 laudato,
3084 4463 3283 4520 merito
3303 4461 3632 4532 gloriamur;

2034 4575 2237 4645 quique
2267 4568 2516 4626 eumdem
2548 4608 2562 4630 ,
2595 4573 2714 4636 post
2743 4570 2989 4617 sanetum
3020 4557 3363 4610 Valerianum
3391 4597 3404 4620 ,
3440 4561 3636 4622 quarto

2034 4664 2247 4719 labente
2273 4661 2569 4731 quintoque
2599 4658 2818 4710 ineunte
2848 4651 3084 4714 sa-culo,
3112 4662 3390 4703 sacrorum
3425 4657 3632 4713 prtesu-

2035 4758 2162 4818 lem,
2192 4753 2468 4823 religionis
2486 4751 2826 4819 magistrum.
2853 4743 3163 4798 christiana:
3182 4741 3306 4793 vitae
3322 4738 3631 4802 ductorem,

2036 4849 2268 4914 fideique
2315 4847 2383 4899 ab
2433 4841 2690 4913 apostolis
2733 4837 2941 4892 traditte
2978 4841 3307 4890 assertorem
3351 4839 3632 4884 strenuum

2036 4941 2237 4995 habere
2267 4939 2568 4992 meruimus
2599 4951 2612 4986 :
2645 4943 2828 4987 nostra
2857 4971 2871 4994 ,
2913 4929 3162 4996 inquam,
3198 4923 3340 4996 quod
3370 4923 3594 4978 interi-st
3621 4963 3636 4987 ,

2040 5033 2150 5102 pati
2181 5028 2425 5100 profecto
2459 5025 2684 5080 ulterius
2718 5024 2797 5078 fas
2829 5036 2934 5076 non
2964 5028 3103 5084 erat,
3127 5027 3185 5072 ut
3215 5017 3331 5087 ipse
3356 5017 3407 5071 in
3433 5014 3636 5070 Biblio-

2041 5123 2200 5179 thecis
2249 5121 2508 5184 Patrum,
2560 5116 2790 5186 aliisque
2834 5111 3110 5168 veteribus
3161 5119 3636 5165 monumentorum

2041 5213 2408 5272 consimilium
2465 5207 2882 5266 collectionibus
2929 5204 3096 5260 veluti
3148 5204 3532 5265 delitesceret;
3584 5208 3642 5253 et

2045 5308 2208 5364 iidem
2243 5306 2349 5373 illi,
2383 5305 2579 5374 quibus
2607 5299 2912 5370 huiusmodi
2949 5297 3318 5353 voluminibus
3349 5294 3509 5362 potiri
3538 5291 3636 5344 da-

2047 5414 2157 5458 tum
2189 5410 2334 5455 esset
2366 5400 2490 5454 hinc
2524 5408 2576 5453 et
2614 5397 2762 5451 illinc
2793 5404 2980 5464 petere
3027 5400 3371 5462 cogerentur,
3413 5401 3531 5458 qua:
3569 5382 3641 5437 ad

2042 5498 2215 5568 ipsius
2253 5493 2674 5549 illustrationem
2711 5490 3066 5558 pertinerent.
3103 5483 3243 5550 Quid
3267 5491 3468 5547 autem,
3494 5473 3649 5546 quod

2042 5606 2104 5646 ea
2150 5608 2267 5660 qua:
2299 5589 2364 5642 ad
2404 5586 2694 5643 Chromatii
2725 5584 2895 5638 nostri
2935 5579 3353 5635 illustrationem
3399 5574 3611 5631 faciunt
3640 5607 3664 5631 ς

2045 5685 2144 5741 etsi
2172 5685 2237 5738 ab
2267 5683 2389 5738 aliis
2417 5696 2631 5753 quoque
2661 5675 2886 5732 eruditis
2915 5673 3063 5735 viris,
3090 5685 3152 5724 ac
3182 5669 3456 5740 prazcipue
3477 5661 3687 5755 Τίιὶεξ·⁸

2046 5773 2255 5832 rit'ontio
2286 5751 2450 5842 atque
2475 5771 2732 5827 Ccilliero
2760 5806 2772 5829 ,
2817 5773 3043 5822 trantata
3077 5772 3212 5820 sunt
3236 5805 3252 5832 ,
3291 5779 3403 5824 non
3434 5751 3705 5850 aliunde
