4270 6176
519 269 620 328 251

1529 265 1588 322 S.
1631 261 2083 322 CIIROMATIUS
2121 261 2230 320 ΕΡ.
2272 260 2780 332 AQUILEIENSIS.

3709 263 3820 321 252

516 392 694 438 tamen
726 398 885 452 quam
910 397 939 435 a
969 381 1336 450 Scriptoribus
1370 378 1572 434 nostris
1611 379 1825 448 plenius
1859 392 1924 431 ac
1960 377 2113 431 lucu-
2141 380 2192 447 Α
2217 376 2329 432 dite
2359 377 2610 433 disseruit
2635 419 2650 439 ,
2700 393 2765 434 ex
2795 378 2862 431 iis
2892 377 3139 434 delibans
3177 393 3301 448 quae
3342 377 3613 434 duumviri
3646 383 3820 436 nostri

519 476 724 531 lentius
756 475 868 546 peti
911 483 1167 546 possunt;
1207 489 1234 525 ιι
1275 471 1406 528 viris
1447 471 1705 526 nimirum
1752 469 2074 525 clarissimis
2099 512 2114 536 ,

519 570 778 634 omnique
821 566 1128 622 eruditione
1170 563 1446 634 praeditis,
1496 562 1804 617 Fontanino
1841 573 2002 632 atque
2044 562 2120 618 De

519 661 746 727 Rubcis,
782 662 870 729 qui
903 675 968 714 ex
997 659 1279 728 prepositu
1308 659 1360 711 in
1391 658 1504 711 suis
1533 656 1817 734 operibus,
1845 657 2120 726 multoque

519 768 702 809 rerum
735 752 974 805 omnium
1019 760 1278 819 apparatu
1315 750 1382 804 de
1416 748 1718 805 Chromatio
1749 751 2121 821 scripserunt,

519 860 690 914 eaque
712 844 892 898 omnia
915 844 1270 900 enuclearunt
1292 858 1504 898 summo
1526 843 1707 898 studio
1729 853 1888 914 atque
1912 843 2119 908 labore,

519 951 643 1008 qua:
672 936 739 990 ad
769 937 909 991 illius
939 947 1149 992 aetatem
1173 977 1188 1004 ,
1217 937 1444 1010 patriam
1471 978 1484 1002 ,
1516 937 1919 1008 episcopatum,
1954 937 2122 989 virtu-

526 1039 607 1084 tes
632 1071 646 1094 ,
693 1030 882 1084 merita
909 1071 924 1096 ,
967 1038 1021 1084 et
1048 1031 1249 1098 scripta
1279 1038 1529 1096 spectant
1554 1046 1568 1096 ;
1615 1029 1742 1084 licet
1772 1046 1876 1082 non
1907 1043 2123 1097 semper

520 1123 624 1177 sibi
677 1123 727 1175 in
777 1123 1028 1177 omnibus
1077 1123 1424 1178 consentiant
1467 1122 1627 1177 ambo
1681 1140 1694 1176 :
1748 1122 1889 1192 quod
1945 1132 2122 1177 tamen

521 1215 823 1272 lcetoribus
857 1235 961 1272 non
1003 1218 1447 1283 incommodttm;
1493 1218 1796 1289 qttiuimmo
1825 1217 2122 1286 jucundum

521 1310 850 1380 quandoque
878 1310 1119 1365 futurum
1159 1312 1261 1377 sit,
1295 1311 1426 1380 ipsis
1470 1311 1574 1366 hoc
1601 1322 1760 1380 paeto
1789 1311 1954 1366 veluti
1982 1310 2124 1380 judi-

523 1401 679 1456 cibus
709 1405 1022 1458 constitutis
1068 1404 1210 1458 inter
1255 1412 1434 1457 tantos
1463 1398 1609 1458 viros
1639 1403 1707 1458 de
1738 1402 1935 1459 eodem
1967 1419 2127 1474 argu-

526 1506 712 1549 mento
745 1497 794 1550 in
827 1511 883 1549 re
910 1495 1092 1563 aliqua
1126 1496 1533 1564 discrepantes?

598 1589 674 1642 En
720 1589 902 1657 igitur,
950 1590 1184 1659 benigne
1221 1590 1415 1655 lector,
1449 1588 1593 1658 quod
1627 1589 1721 1643 tibi
1753 1589 1806 1643 in
1841 1588 1945 1643 hoc
1974 1589 2127 1644 volu-

522 1682 669 1736 mine
716 1682 1060 1736 exhibemus.
1115 1682 1230 1735 Divi
1275 1681 1564 1735 Cltromatii
1609 1681 1970 1751 Aquileiensis
2014 1685 2128 1752 epi-

2222 474 2473 541 superius
2501 471 2722 537 laudati,
2751 471 3086 528 Fontaninus
3112 482 3275 543 atque
3304 472 3380 526 De
3404 471 3632 538 Rubeis,
3664 475 3822 529 uber-

2220 565 2361 621 rime
2387 565 2745 634 scripserunt.
2779 565 2905 620 Hace
2933 574 3090 631 sunt,
3122 581 3242 634 quae
3274 566 3325 619 in
3362 565 3463 619 hac
3493 574 3676 622 nostra
3704 566 3823 622 edi-

2223 658 2372 714 tione
2408 658 2620 729 Scripta
2649 660 2761 714 sive
2794 657 3059 728 Opuscula
3089 657 3265 714 sancti
3296 656 3584 712 Chromatii
3610 670 3826 716 antece-

2223 751 2402 816 dunt;
2459 768 2580 822 qua}
2634 763 2745 807 tum
2803 768 3038 817 eorum,
3091 761 3203 806 tum
3256 750 3511 806 Auctoris
3569 755 3824 808 meritum

2225 847 2556 915 prredicant;
2592 861 2823 916 quaeque
2863 845 3180 902 earumdem
3224 845 3577 916 legendorum
3609 847 3826 904 deside-

2226 941 2363 995 rium
2394 941 2568 1009 magis
2601 943 2882 1010 magisque
2911 941 3227 994 incendunt.

2297 1033 2610 1102 Sequuntur
2642 1033 2856 1102 Scripta
2885 1034 3024 1103 ipsa,
3056 1048 3179 1104 qua:
3210 1033 3276 1088 ad
3305 1049 3404 1089 nos
3433 1045 3823 1104 pervenerunt,

2224 1140 2456 1196 qumque
2489 1141 2594 1180 non
2627 1125 2881 1189 aliunde,
2914 1141 3076 1195 quam
3116 1141 3183 1181 ex
3211 1124 3377 1182 citato
3409 1136 3557 1180 temo
3591 1125 3703 1182 Vill
3736 1125 3828 1181 Bi-

2226 1218 2490 1274 bliotheca:
2533 1218 2807 1274 Gallandii
2858 1216 2957 1291 [is]
3007 1218 3272 1274 sumenda
3319 1219 3689 1285 decrevimus,
3735 1221 3830 1276 ubi

2230 1312 2461 1378 primum
2512 1310 2799 1384 dispertita
2831 1319 3098 1380 apparent
3145 1311 3199 1364 in
3250 1319 3327 1364 tot
3367 1307 3663 1376 Tractatus,
3699 1323 3830 1380 quot

2224 1412 2351 1458 sunt
2384 1418 2612 1457 numero
2644 1399 2978 1473 Doxologiaz,
3011 1416 3107 1456 seu
3136 1398 3592 1469 Gloriﬁrationes,
3626 1418 3746 1470 quae
3774 1405 3826 1457 in

2227 1494 2434 1549 eisdem
2460 1494 2712 1565 leguntur
2745 1513 2758 1550 :
2787 1511 2909 1548 nam
2936 1505 3095 1548 antea
3122 1509 3217 1548 seu
3250 1497 3301 1547 in
3333 1506 3517 1564 partes
3543 1495 3680 1548 duas
3713 1506 3832 1548 tan-

2227 1587 2541 1651 tummodo,
2593 1596 2648 1640 ut
2701 1587 2754 1640 in
2804 1587 2974 1656 prima
3024 1586 3346 1642 eorumdem
3390 1585 3630 1642 editione
3678 1587 3828 1641 Basi-

2229 1677 2438 1743 lcensi;
2469 1693 2564 1733 seu
2590 1679 2644 1732 in
2670 1688 2803 1744 tres,
2835 1689 2890 1731 ut
2922 1679 2974 1731 in
3005 1677 3327 1732 Bibliotheca
3358 1677 3581 1731 Patrum
3609 1679 3826 1749 Lugdu-

520 1778 671 1839 scom
701 1773 911 1844 Scripta
952 1788 1048 1827 seu
1083 1773 1355 1842 Upuscula
1383 1780 1576 1826 damus
1604 1814 1618 1838 ,
1647 1787 1771 1844 quae
1803 1784 2118 1843 supersunt.
2153 1763 2200 1822 B
2229 1771 2412 1834 ncnsi,
2461 1772 2691 1842 aliisque
2721 1770 2952 1826 fortasse
2981 1771 3351 1826 anterioribus
3376 1812 3392 1838 ,
3424 1772 3825 1827 dividebantur.

524 1863 738 1934 Scripta
772 1882 901 1919 vero
923 1881 1017 1921 seu
1044 1864 1317 1935 Opuscula
1341 1882 1403 1920 ea
1434 1866 1691 1932 diximus,
1719 1883 1824 1919 non
1859 1865 2128 1932 Opuscula

525 1957 803 2012 abstilute.
827 1958 1033 2012 Praeter
1055 1960 1198 2012 enim
1228 1958 1463 2026 pritnutn
1496 1960 1798 2013 Sermonem
1829 1957 1965 2030 [vttt]
1991 1959 2126 2029 (sive

529 2048 851 2116 Tractatum,
883 2062 975 2104 aut
1007 2050 1315 2104 Concionetn
1342 2048 1572 2123 dixeris)
1596 2050 1658 2104 tle
1686 2061 1798 2104 octo
1831 2049 2127 2106 Beatitudi-

524 2142 676 2196 nibus
705 2158 724 2208 ;
759 2141 902 2212 quod
936 2158 1065 2197 vere
1099 2141 1424 2212 Opusculum
1455 2145 1724 2212 integrum
1759 2149 1920 2213 atque
1954 2146 2126 2212 perfe-

526 2245 672 2290 ctum
703 2245 786 2291 est
815 2253 829 2291 :
861 2247 1058 2292 caetera
1087 2237 1268 2292 omnia
1289 2279 1303 2302 ,
1333 2252 1508 2306 neque
1538 2253 1733 2303 unum,
1770 2253 1944 2306 neque
1971 2240 2125 2308 plura

531 2328 798 2400 Opuscula
833 2344 1023 2399 reapse
1049 2338 1198 2394 sunt,
1229 2329 1322 2384 sed
1348 2330 1573 2399 reliquia
1604 2333 1783 2400 potius
1810 2332 1968 2384 unius
1993 2330 2126 2399 justi

531 2423 739 2494 Operis,
764 2423 906 2494 quod
938 2424 1375 2478 Commentarium
1403 2426 1736 2498 constituere
1768 2425 2044 2478 debuisset
2073 2425 2124 2478 in

528 2523 699 2570 tutum
730 2515 965 2570 lilatthazi
1001 2517 1375 2587 Evangelium,
1409 2526 1466 2570 ut
1496 2516 1628 2570 inl‘ra
1659 2515 1947 2570 dicendqu
1979 2518 2122 2581 erit;

529 2609 758 2680 ideoque
793 2613 971 2680 potius
1001 2624 1163 2681 quam
1200 2609 1472 2682 Opusrula
1514 2609 1866 2678 simpliciter,
1909 2624 2028 2675 qua:
2057 2608 2125 2662 de

531 2704 725 2759 eodem
753 2713 942 2759 sancto
967 2704 1197 2774 priesule
1227 2719 1365 2758 nunc
1394 2703 1673 2768 habemus,
1701 2718 1763 2758 ea
1791 2703 2125 2758 convenien-

527 2798 669 2864 tius,
705 2810 763 2852 ut
791 2808 1046 2869 putamus
1067 2840 1082 2864 ,
1118 2797 1333 2866 Scripta
1376 2813 1470 2852 seu
1497 2797 1762 2870 Opuscula
1794 2797 2126 2865 nuncupavi-

527 2907 668 2948 mus.
711 2892 1099 2970 Animadverte
1123 2908 1254 2948 vero
1281 2909 1388 2962 quo
1417 2892 1648 2960 ordine,
1680 2909 1857 2963 quove
1881 2892 2028 2948 cultu
2063 2907 2124 2947 ea

532 2985 754 3056 prodire
779 2986 1057 3055 jubcmus.

599 3075 728 3131 Post
759 3076 1131 3145 praefationem
1167 3076 1305 3132 hanc
1338 3087 1577 3131 nostram
1601 3117 1614 3140 ,
1652 3077 1702 3131 in
1731 3092 1834 3146 qua
1863 3075 2126 3131 nonnulla

2234 1862 2500 1917 Tractatus
2549 1865 2762 1917 titulum
2813 1864 2864 1917 in
2916 1863 3144 1934 singulis
3189 1864 3428 1917 libenter
3479 1864 3824 1930 retinuimus,

2229 1971 2389 2021 quem
2414 1954 2728 2010 Gallaudius
2750 1954 2883 2024 ipsis
2901 1955 3177 2024 imposuit,
3197 1955 3409 2010 etiamsi
3427 1956 3824 2022 existimemus,

2231 2057 2287 2102 ut
2315 2048 2453 2104 infra
2487 2049 2661 2118 palam
2692 2048 2751 2102 fit
2775 2089 2790 2113 ,
2821 2052 2918 2102 hos
2947 2064 3166 2114 omnes,
3207 2050 3252 2106 si
3286 2065 3448 2104 unum
3481 2051 3728 2119 excipias
3750 2091 3764 2115 ,
3795 2065 3826 2106 a

2229 2149 2418 2194 sancto
2465 2141 2580 2193 viro
2623 2155 2728 2194 non
2777 2141 2944 2194 fuisse
2991 2145 3042 2195 in
3079 2156 3234 2195 usum
3269 2140 3668 2211 pra-dicatiouis
3696 2157 3828 2197 con-

2227 2232 2480 2302 scriptos.
2520 2231 2790 2286 Tractatus
2819 2233 3095 2304 singularis
3115 2274 3130 2299 ,
3164 2235 3252 2303 qui
3287 2235 3338 2288 in
3368 2245 3550 2288 nostra
3584 2235 3684 2288 hac
3707 2235 3794 2290 edi
3815 2267 3827 2277 -

2231 2326 2379 2380 tione
2413 2327 2618 2394 primus
2645 2335 2727 2380 est
2753 2368 2768 2392 ,
2800 2342 2958 2394 quem
2994 2325 3296 2382 Sermonem
3325 2328 3488 2381 etiam
3519 2328 3823 2398 appellavi-

2231 2432 2349 2472 mus
2373 2417 2474 2473 sub
2508 2418 2664 2472 titulu
2697 2418 2760 2472 de
2799 2430 2911 2471 octo
2939 2417 3374 2484 Beatitudinibus,
3410 2429 3596 2488 utpote
3633 2436 3825 2488 reapse

2228 2529 2257 2568 a
2290 2528 2476 2568 sancto
2503 2515 2758 2584 episcopo
2784 2516 2833 2567 in
2865 2515 3174 2568 auditorum
3207 2514 3512 2582 frequentia
3545 2514 3822 2581 habitum,

2230 2609 2282 2662 in
2306 2607 2544 2663 editione
2567 2607 2863 2662 Ba~ilcensi
2887 2609 3164 2678 praccitata
3185 2608 3478 2662 admodum
3501 2608 3820 2676 incongrue,

2231 2710 2340 2753 tum
2371 2699 2546 2766 quoad
2588 2701 2910 2767 materiam,
2957 2710 3067 2754 tum
3098 2701 3273 2771 quoad
3313 2701 3525 2756 dicendi
3559 2703 3821 2769 modum,

2232 2790 2557 2846 Declamatio
2583 2801 2944 2862 nuncupatur.
2969 2792 3184 2864 Reliqui
3209 2808 3400 2848 omnes
3425 2793 3625 2848 ibidem
3649 2795 3826 2848 conti-

2232 2897 2425 2939 nenter
2470 2884 2625 2950 editi,
2670 2886 2848 2939 minus
2889 2884 3107 2956 quidem
3162 2887 3473 2956 improprie,
3523 2886 3616 2940 sed
3656 2887 3822 2942 etiam

2233 2981 2413 3034 minus
2457 2990 2580 3049 apta
2629 2979 2983 3044 indicatione,
3030 2979 3284 3035 dicuntur
3325 2981 3378 3034 in
3419 2996 3448 3032 ν
3489 2989 3535 3034 et
3579 2995 3629 3033 \‘l
3670 2989 3828 3049 caput

2235 3069 2468 3125 Matthwi
2508 3069 2846 3126 Dissertatio.

527 3167 690 3222 etiam
722 3183 819 3220 suo
853 3169 972 3223 loeo
1001 3168 1354 3233 ventilatnus,
1384 3183 1505 3238 qua:
1535 3167 1878 3223 eruditorum
1913 3176 2129 3230 nostro-
2154 3147 2199 3209 ο
2305 3165 2526 3219 Etiamsi
2556 3179 2682 3220 vero
2705 3174 2954 3220 tractatus
2969 3163 3640 3219 vocabulutnaGallandio
3665 3179 3825 3218 usur-

530 3275 649 3313 rutn
683 3270 776 3314 aut
803 3260 1138 3329 diligentiam
1167 3260 1475 3322 eliugerunt
1495 3302 1510 3327 ,
1543 3268 1638 3313 aut
1666 3269 1884 3314 mtatem
1909 3274 2131 3329 supera-

531 3361 677 3414 runt,
713 3352 911 3406 adsunt
944 3354 1118 3421 primo
1149 3364 1373 3422 aspectu
1406 3352 1470 3406 de
1495 3362 1675 3406 sancto
1701 3350 2002 3408 Chromatio
2024 3353 2132 3426 epi—

529 3462 686 3518 scopo
739 3445 1054 3515 Aquileiensi
1119 3446 1362 3501 Veterum
1410 3445 1723 3500 Testimonia
1782 3447 2021 3510 selecta;
2077 3448 2128 3500 in

531 3541 729 3609 quibus
759 3539 1070 3608 gratissime
1112 3540 1416 3608 praesertim
1448 3541 1635 3595 videas
1664 3542 1791 3612 quid
1825 3540 1979 3594 divus
2010 3541 2131 3595 Hie-

531 3645 790 3701 ronymus
818 3643 910 3685 aut
949 3633 1015 3685 de
1055 3632 1352 3685 Chromatio
1380 3645 1467 3686 aut
1503 3633 1567 3686 ad
1598 3631 1959 3686 Chromatium
1993 3634 2129 3688 scri-

532 3723 727 3793 pserit,
769 3723 897 3794 quid
938 3723 1097 3779 divus
1143 3724 1486 3792 Ambrosius,
1531 3724 1655 3795 quid
1696 3723 1926 3779 Rufinus
1969 3724 2134 3797 Aqui-

529 3815 776 3884 leiensis,
793 3817 920 3887 quid
943 3816 1218 3874 sanctusJi
1243 3832 1413 3872 annos
1430 3817 1872 3889 Chrysostomus.
1889 3816 2132 3884 Quantos

532 3925 718 3980 porro,
740 3919 1062 3980 quantaeque
1075 3909 1414 3965 auctoritatis
1431 3910 1606 3964 viros!
1631 3909 1877 3978 Accipias
1893 3908 2133 3965 secundo

534 4002 656 4056 loco
684 4000 954 4056 Lectiones
983 4004 1224 4072 proprias
1245 4043 1260 4064 ,
1301 4020 1326 4055 a
1369 4003 1485 4055 viro
1511 4001 1812 4056 clarissimo
1843 4001 2132 4056 Francisco

533 4097 718 4152 Florio
743 4100 973 4162 comite,
1005 4097 1147 4152 sacri
1181 4097 1405 4152 Ordinis
1436 4099 1610 4152 nostri
1641 4099 1970 4168 praeposito,
1998 4115 2129 4154 eon-

531 4188 709 4257 ditas,
763 4199 817 4244 et
873 4189 942 4242 ab
987 4191 1281 4259 apostolica
1335 4190 1464 4245 sede
1511 4191 1867 4261 approbatas,
1915 4207 2033 4260 quae
2077 4193 2127 4244 in

532 4280 752 4337 dioecesi
796 4280 1042 4338 Utineusi
1087 4282 1383 4336 recitantur
1424 4282 1488 4337 ad
1529 4284 1850 4338 matutinum
1893 4283 2130 4340 officium

531 4373 584 4427 in
637 4377 766 4440 [esto
810 4375 974 4427 sancti
1027 4372 1316 4427 Chromatii
1371 4375 1599 4446 episcopi
1647 4374 1988 4446 Aquileiensis
2049 4377 2135 4432 die

529 4463 566 4517 2
619 4464 981 4529 Decembris;
1048 4481 1276 4536 quisque
1337 4481 1460 4520 cum
1534 4467 1793 4523 hactenus
1857 4470 2131 4539 patuerint

2236 3265 2416 3326 patum
2451 3255 2866 3320 retinuerimns,
2901 3256 2970 3309 ab
3011 3255 3204 3310 ordine
3245 3255 3614 3321 nihilominus,
3662 3269 3823 3323 quem

2235 3348 2288 3404 hi
2340 3348 2610 3404 Tractatus
2644 3352 2698 3404 in
2745 3364 2841 3403 sua
2885 3347 3207 3403 Bibliotheca
3255 3347 3520 3413 obtinent,
3565 3345 3824 3401 recedere

2234 3443 2405 3497 euacti
2431 3442 2651 3496 fuimus.
2673 3441 2802 3495 Nam
2826 3453 3027 3510 praeter
3048 3440 3342 3496 Tractatum
3358 3441 3697 3512 singularem,
3729 3455 3824 3494 seu

2239 3535 2540 3590 Sermonem
2573 3537 2635 3590 de
2664 3545 2777 3589 octo
2830 3533 3267 3598 Beatitudinibus,
3299 3551 3457 3605 quem
3502 3536 3679 3606 primo
3707 3532 3826 3602 qui-

2236 3630 2357 3688 dem
2391 3633 2508 3688 loco
2539 3639 2596 3686 ut
2625 3630 2940 3688 Gallandius
2993 3633 3131 3701 ipse,
3166 3629 3260 3685 sed
3309 3647 3338 3682 a
3367 3642 3688 3683 cmtcrurntn
3721 3643 3824 3680 nu-

2235 3738 2390 3778 mero
2403 3733 2738 3794 separatum,
2762 3736 2814 3779 et
2833 3735 2985 3780 extra
3010 3724 3257 3780 ordinem
3280 3724 3499 3778 ontnino
3523 3721 3820 3791 posuimus,

2237 3827 2425 3894 utpote
2466 3819 2598 3872 nihil
2630 3819 2921 3873 habentem
2966 3832 3253 3872 commune
3305 3831 3428 3870 cum
3485 3814 3637 3885 ipsis,
3665 3829 3827 3870 exce-

2239 3923 2327 3980 pta
2359 3911 2608 3975 materia,
2654 3925 2795 3979 qtne,
2830 3910 2902 3964 ita
2949 3908 3205 3977 exigente
3238 3906 3516 3977 Evangelii
3567 3906 3828 3975 explana-

2240 4006 2408 4070 tione,
2443 4005 2493 4058 in
2523 4005 2635 4059 alio
2663 4004 2879 4074 quidem
2916 4001 3161 4058 Tractatu
3194 4018 3327 4073 pene
3373 4001 3564 4058 eadem
3596 4011 3700 4066 est,
3729 3999 3828 4054 sed

2237 4097 2344 4150 alio
2393 4096 2577 4160 modo,
2633 4095 2741 4150 alio
2789 4096 2952 4150 etiam
2986 4095 3148 4165 stylo,
3193 4095 3409 4166 alioque
3457 4109 3692 4150 nexuum
3728 4109 3828 4148 usu

2239 4191 2444 4261 prolata
2469 4207 2481 4244 :
2506 4199 2704 4262 praeter
2722 4189 2864 4244 hunc
2882 4189 3180 4244 Tractatum
3198 4205 3292 4246 seu
3314 4192 3636 4254 Sermonem,
3661 4207 3757 4246 nos
3775 4193 3826 4248 itt

2236 4285 2459 4356 reliquis
2487 4286 2700 4341 initium
2720 4284 2970 4340 duximus
2995 4300 3022 4338 a
3047 4285 3316 4347 Tractatu,
3339 4287 3428 4355 qui
3451 4285 3592 4356 apud
3611 4285 3830 4341 Callan-

2236 4376 2382 4432 dium
2409 4387 2492 4430 est
2529 4378 2625 4443 17,
2659 4392 2891 4446 eumque
2944 4379 3167 4447 primum
3208 4377 3442 4432 diximus
3491 4379 3543 4431 in
3589 4389 3741 4446 caput
3773 4395 3827 4434 ttt

2241 4469 2508 4540 Evangelii
2527 4467 2688 4523 sancti
2721 4470 2979 4534 Matthwi,
3013 4479 3168 4540 prout
3196 4470 3356 4524 ctiam
3389 4470 3671 4525 secundum
3692 4470 3831 4526 dixi-

529 4557 813 4613 dumtaxat
870 4559 919 4612 in
974 4557 1170 4613 Libello
1222 4561 1436 4631 praprio
1481 4559 1795 4616 Sanctorum
1846 4559 2086 4616 Diaecesis
2114 4606 2128 4630 ,
2160 4543 2358 4618 Diuus
2387 4565 2439 4615 in
2479 4571 2633 4633 caput
2662 4578 2719 4616 Ill
2744 4563 2907 4616 sancti
2939 4561 3198 4628 Mattlttci,
3248 4561 3337 4632 qui
3387 4560 3526 4630 apud
3577 4561 3827 4616 eumdem

526 4667 842 4708 communes
873 4670 1012 4708 nttnc
1047 4656 1180 4708 fiunt
1210 4655 1439 4709 eruditis
1469 4695 1484 4720 ,
1523 4656 1611 4728 qui
1646 4671 1738 4710 cas
1770 4655 2007 4714 libenter
2033 4673 2130 4714 cx-

527 4745 752 4816 cipient,
789 4756 896 4799 tttttt
928 4747 996 4799 ob
1019 4745 1269 4799 dictionis
1307 4749 1696 4817 praestantiam,
1722 4759 1833 4801 tum
1859 4747 1926 4802 ob
1957 4748 2126 4801 histo-

529 4836 666 4892 riam
705 4840 876 4894 sancti
929 4838 1026 4891 viri
1085 4837 1388 4908 purissimis
1447 4855 1476 4893 e
1541 4839 1781 4895 fontibus
1840 4839 2126 4909 banstam,

534 4940 591 4986 et
646 4930 793 4985 brevi
851 4946 1110 4997 sermone
1166 4942 1520 4987 etittlractam.
1576 4935 1798 4989 Accedit
1866 4935 2024 4990 tertio
2068 4936 2133 4991 ti-

531 5025 670 5078 tulus
725 5027 904 5094 prima:
951 5025 1189 5080 editionis
1232 5026 1557 5097 Scriptorum
1599 5029 1771 5083 sancti
1824 5027 2131 5096 Chromatii,

530 5117 760 5173 Basilca:
795 5130 1026 5187 peracta:
1054 5134 1196 5173 anno
1231 5120 1390 5189 159.8,
1427 5122 1654 5193 ejusque
1683 5123 1997 5191 rarissimae,
2030 5142 2132 5179 una

531 5232 655 5274 cum
687 5217 921 5289 Epistola
951 5219 1342 5288 nuncupaturia
1372 5217 1599 5273 Joannis
1627 5217 1900 5286 Sichardi,
1929 5235 1997 5273 ex
2030 5235 2132 5290 qua

531 5311 793 5368 discimus
823 5311 1011 5381 quanti
1065 5310 1179 5365 haec
1227 5310 1438 5383 Scripta
1476 5312 1617 5365 facta
1649 5311 1846 5366 fuerint
1889 5327 1920 5366 a
1958 5313 2137 5382 primo

529 5405 650 5474 ipso
699 5415 945 5470 tempore
987 5417 1096 5473 quo
1137 5403 1368 5468 detecta,
1417 5413 1471 5458 et
1514 5402 1634 5458 luce
1676 5403 1888 5472 publica
1936 5406 2133 5459 donata

528 5497 770 5554 fuerunt.
805 5496 1012 5564 Quarto
1045 5496 1170 5549 loco
1205 5495 1451 5550 Andreas
1479 5495 1799 5550 Gallandins
1830 5495 1975 5550 venit
1997 5535 2012 5561 ,
2044 5495 2136 5565 qui

529 5593 586 5648 in
621 5580 1012 5658 Prolegomenis
1036 5588 1100 5642 ad
1131 5597 1335 5641 tomum
1371 5584 1483 5638 Vlll
1513 5602 1624 5639 suae
1652 5585 1984 5639 Bibliotheca:
2005 5597 2136 5640 vete-

537 5700 654 5742 rum
701 5683 941 5750 Patrum,
987 5692 1092 5738 etc.
1122 5723 1136 5747 ,
1170 5681 1258 5735 cui
1293 5684 1488 5734 inserta
1521 5681 1629 5736 diri
1661 5681 1946 5736 C/iromatii
1974 5683 2141 5739 nostri

531 5776 748 5844 scripta
776 5785 928 5852 sunt,
955 5775 1244 5861 diligenter
1268 5773 1334 5833 de
1363 5774 1556 5834 eodem
1590 5788 1783 5860 sancto
1809 5777 1926 5836 viro
1947 5785 2001 5838 ct
2019 5790 2144 5837 eru-

2237 4653 2582 4711 Gallandium
2625 4666 2703 4709 est
2748 4654 2814 4709 i8
2843 4662 2900 4709 et
2931 4654 3194 4718 ultimus;
3223 4663 3274 4706 et
3314 4654 3521 4708 tertium
3554 4668 3831 4722 nuncupa-

2240 4747 2412 4801 vimus
2444 4748 2497 4799 in
2523 4757 2673 4818 caput
2723 4763 2752 4801 v
2785 4748 2949 4800 sancti
2982 4744 3237 4809 illati/imi,
3271 4744 3360 4814 qui
3405 4745 3604 4799 ibidem
3635 4760 3830 4798 nume-

2236 4849 2386 4895 ratur
2415 4843 2684 4894 sccuudus
2716 4856 2730 4905 ;
2763 4848 2819 4892 et
2851 4840 2920 4892 ita
2969 4839 3131 4891 etiam
3163 4838 3397 4906 reliquus
3420 4836 3612 4891 eodem
3638 4835 3832 4890 ordine

2239 4935 2290 4989 in
2323 4935 2461 4987 idem
2509 4943 2662 5004 caput
2695 4948 2723 4984 v
2767 4943 2811 4985 et
2846 4931 2897 4983 in
2931 4940 3085 4998 caput
3135 4946 3208 4995 vt,
3235 4946 3407 4999 usque
3439 4929 3505 4984 ad
3524 4927 3831 4983 Tractatum

2241 5028 2331 5092 l7,
2363 5027 2450 5097 qui
2486 5027 2624 5096 apud
2670 5040 2768 5079 nos
2824 5025 3043 5078 ultimus
3073 5033 3176 5091 est,
3209 5024 3409 5095 quique
3437 5023 3829 5093 apudGallan-

2240 5122 2410 5189 dium,
2434 5122 2524 5192 qui
2553 5119 2688 5175 duos
2709 5128 2926 5173 nostros
2957 5119 3163 5187 priores
3195 5115 3383 5171 ultimo
3407 5115 3527 5171 loco
3547 5123 3828 5186 posuerat,

2241 5227 2324 5271 est
2358 5216 2444 5270 16.

2311 5309 2479 5380 Hujus
2512 5307 2677 5362 nostri
2703 5305 2912 5361 consilii
2934 5303 3072 5359 ratio
3094 5304 3207 5373 ipse
3233 5311 3407 5357 textus
3429 5301 3699 5372 Evangelii
3717 5314 3829 5356 est:

2241 5421 2363 5460 nam
2397 5403 2761 5473 expositiOucs
2811 5400 2866 5454 in
2909 5406 3075 5467 caput
3125 5398 3342 5453 tertium
3380 5397 3634 5461 Matthaei,
3685 5413 3832 5464 qun:-

2241 5511 2471 5567 cumque
2501 5495 2722 5551 demunt
2755 5511 2833 5548 eae
2856 5490 2989 5558 siut,
3021 5506 3116 5546 seu
3145 5492 3369 5554 mutilzc,
3403 5505 3499 5544 seu
3531 5490 3716 5544 lacuna
3743 5488 3840 5541 ali—

2243 5605 2344 5661 qua
2379 5604 2407 5643 a
2461 5588 2684 5658 reliquis
2731 5586 3001 5641 intercisa:
3034 5625 3047 5648 ,
3103 5585 3224 5652 jure
3264 5584 3464 5638 debere
3517 5583 3840 5637 antecedere

2246 5683 2676 5740 existimavimus
2698 5696 2820 5751 qua:
2843 5687 2968 5736 sunt
2994 5677 3048 5732 in
3063 5690 3221 5748 caput
3242 5679 3490 5748 quintum
3518 5684 3573 5732 ct
3602 5687 3836 5732 sextum.

2258 5775 2574 5837 Gallandius
2604 5789 2734 5832 vero
2763 5772 2854 5848 qui
2884 5772 2986 5832 hoc
3018 5785 3122 5827 non
3152 5769 3591 5851 animadvertere
3619 5769 3844 5836 tttittitntt
