4270 6176
315 229 420 285 255

1604 221 1979 284 ΡΒῶἳΛΊΊΟ
2020 219 2360 277 EDITORIS.
2435 264 2438 266 -

3508 216 3617 271 254

315 342 622 416 potuit.[s]
677 341 899 396 nimium
951 340 1180 396 fortasse
1209 343 1400 399 tribuit
1451 340 1786 406 auctoritati,
1815 354 1914 394 seu

2038 353 2073 392 i.
2097 339 2115 392 1
2138 336 2254 393 192
2279 336 2339 391 ld
2363 337 2560 392 vet‘oiit
2584 336 2682 389 liae
2705 351 2832 390 cura
2857 341 3038 388 nostra
3067 334 3222 388 nobis
3248 332 3442 401 obtigit
3464 341 3618 402 opta-

319 440 504 509 pntitis
535 437 706 492 errori
739 435 1163 504 ιιιωρθιιθιιιίιιιιι
1223 437 1550 501 editionum,
1581 447 1636 490 et
1685 436 1921 488 maxime

317 531 657 588 Bibliotheca
677 530 896 585 Patrum
922 529 1325 601 Lugdunensis,
1356 530 1446 585 ubi
1474 544 1666 598 reapse
1695 527 1802 582 duo
1825 543 1923 581 no-

314 629 419 682 stri
449 626 720 680 Tractatus
750 626 962 694 priores
1015 625 1067 680 in
1101 641 1268 680 unum
1301 626 1594 694 compacti,
1625 624 1725 678 sub
1757 621 1925 692 Frag-

316 720 484 773 tiienti
527 717 785 782 nomine,
839 716 1031 772 ultimo
1089 717 1207 774 loeti
1257 725 1385 772 sunt
1436 715 1618 786 positi.
1653 714 1922 770 Caaterum

320 812 510 868 Sistus
535 809 817 871 Senensis,
852 810 1008 878 cujus
1033 809 1298 864 articulus
1336 809 1405 865 de
1443 817 1632 864 sancto
1675 807 1927 861 Chroma-

314 907 388 961 ti'o
407 907 460 960 in
481 903 809 960 Bibliotheca
831 905 1182 975 Lugdunensi
1215 905 1438 976 legitur,
1464 905 1580 959 haec
1608 905 1755 958 illius
1779 902 1926 958 Scri-

315 1008 406 1066 pta
428 999 640 1068 optime
665 1007 1041 1064 recensuerat,
1091 1013 1406 1053 memorans
1434 999 1606 1065 primo
1654 997 1774 1050 loco
1803 1011 1924 1059 ante

318 1091 482 1159 hujus
523 1091 702 1145 sancti
765 1092 1017 1160 praesulis
1072 1090 1334 1146 habemus
1389 1091 1439 1144 in
1491 1098 1657 1158 caput
1705 1090 1920 1144 tertium

321 1182 587 1246 Matthxi,
608 1181 850 1237 secundo
875 1198 1004 1238 vero
1041 1198 1164 1252 quae
1193 1193 1484 1252 supersunt
1510 1183 1561 1236 in
1587 1190 1749 1251 caput
1768 1181 1926 1251 quin-

325 1283 434 1328 tum
461 1283 516 1328 et
573 1283 816 1340 sextum,
850 1289 915 1329 ac
943 1275 1104 1329 tertio
1148 1274 1434 1334 lioniiliam.
1467 1289 1628 1344 quam
1658 1275 1780 1342 jure
1826 1273 1929 1326 ele-

321 1378 526 1438 gantem
554 1367 718 1421 etiam
750 1366 1010 1436 appellat,
1061 1367 1125 1418 de
1169 1375 1281 1420 octo
1325 1364 1764 1419 Beatitudinibus.
1801 1363 1927 1417 Haec

327 1460 593 1513 editorem
627 1457 969 1512 Bibliotliecw
1021 1456 1242 1514 Patrum
1273 1458 1656 1528 Lugdunensis
1702 1471 1931 1512 monere

324 1549 671 1616 debuissent,
704 1559 762 1604 ιιι
793 1551 936 1605 hunc
966 1552 1157 1606 saltem
1187 1561 1242 1606 et
1282 1552 1398 1620 ipse.
1428 1558 1674 1607 servaret
1709 1550 1927 1605 modum

326 1646 380 1698 in
414 1641 734 1698 ordinandis
767 1641 1052 1699 Cliromatii
1081 1643 1306 1716 Scriptis
1334 1662 1429 1700 seu
1472 1645 1776 1717 Opusculis,
1805 1661 1924 1714 qtire

2026 429 2322 494 tissiinuin,
2346 436 2403 480 iit
2429 427 2678 498 genuinae
2707 437 2979 495 rectaeque
3010 426 3232 481 lectioni
3264 424 3623 480 redderemus

2027 527 2231 576 textum
2289 521 2556 591 insignem
2601 519 2780 575 sancti
2807 520 2966 589 hujus
3011 518 3276 588 episcopi,
3315 519 3410 590 qui
3441 528 3526 573 est
3553 515 3624 574 de

2024 611 2311 668 Trinitatis
2365 612 2651 680 mysterio,
2688 622 2740 665 et
2770 621 2946 665 exstat
2978 598 3201 664 tractatu
3231 610 3266 664 2
3292 651 3304 671 .
3337 625 3566 666 numero
3591 608 3628 664 2

2028 705 2186 774 hujus
2219 718 2419 759 nosme
2442 705 2699 759 editionis
2727 721 2740 766 ;
2767 707 2965 774 quique
2997 704 3510 772 depravatissitntis,
3541 718 3630 757 er-

2028 812 2324 864 roneteque
2352 797 2640 852 Sententiae
2695 799 2894 868 legitur
2919 807 3030 851 tum
3074 800 3128 852 in
3168 796 3492 850 Bibliotheca
3517 794 3626 849 Pa—

2028 900 2162 944 truin
2194 889 2567 960 Lugduiietisi,
2603 899 2712 944 tum
2741 891 2996 945 similiter
3047 890 3099 944 in
3153 893 3428 944 novissima
3455 889 3627 960 ipsius

2028 983 2340 1049 Gallaiidii;
2375 985 2621 1053 quamvis
2673 985 2779 1051 bie,
2827 993 2885 1038 ut
2934 985 3051 1054 ipse
3087 993 3346 1050 testatur,
3380 999 3491 1039 non
3531 1000 3624 1054 pa-

2030 1094 2147 1132 rttin
2196 1077 2602 1140 allaboraverit,
2647 1094 2749 1148 ope
2783 1079 3020 1132 maxime
3044 1077 3424 1148 Excerptorum
3475 1077 3627 1133 Com-

2030 1169 2435 1238 beﬁsianarnm,
2471 1177 2531 1223 ut
2585 1170 2877 1224 mcndosas
2935 1171 3100 1224 etiam
3172 1171 3439 1225 lectiones
3487 1171 3628 1227 alio-

2031 1278 2150 1315 rum
2197 1262 2588 1330 exemplarium
2635 1263 2685 1316 iii
2729 1260 3013 1316 Chromatii
3046 1262 3270 1330 Scriptis
3301 1263 3624 1334 corrigeret.

2105 1353 2390 1407 Prmcitata
2439 1354 2604 1406 editio
2635 1354 2966 1410 Basileensis
3018 1352 3212 1423 prium,
3247 1355 3407 1408 sicuti
3460 1356 3625 1409 etiam

2032 1446 2370 1515 subsequens
2398 1447 2565 1500 altera
2595 1445 2823 1501 Joannis
2853 1445 3096 1517 Grynazi,
3143 1447 3283 1501 viam
3315 1447 3472 1502 nobis
3500 1463 3628 1518 ape-

2032 1548 2260 1592 ruerunt
2287 1540 2353 1592 ad
2388 1548 2591 1592 textum
2617 1537 2763 1593 hunc
2794 1540 3090 1610 integritati
3126 1539 3463 1596 reddendum
3493 1559 3505 1595 :
3533 1542 3631 1598 ad-

2026 1629 2257 1696 jutrices
2287 1629 2484 1684 deliine
2515 1647 2708 1686 manus
2738 1631 2896 1686 nobis
2927 1632 3122 1688 obtulit
3148 1633 3411 1688 Alcuinus
3435 1635 3628 1700 abbas,

323 1736 769 1791 (ιιιιιρριίιιιιίειιιη
798 1737 1098 1793 inserebat.
1129 1738 1238 1792 Nos
1265 1748 1444 1792 autem
1488 1755 1516 1792 a
1544 1738 1795 1793 Ti'aclatu
1827 1753 1924 1793 seu

2038 1741 2126 1780 seu
2160 1725 2384 1781 Flaccus
2411 1726 2658 1793 Albinus,
2699 1729 2788 1796 qui
2824 1737 3027 1782 textum
3061 1729 3314 1784 eumdem
3342 1731 3628 1796 retulerat,

329 1829 576 1883 Sermone
606 1831 865 1902 singulari
908 1829 970 1884 de
1000 1841 1112 1885 octo
1140 1828 1558 1885 Beatititdinibus
1587 1831 1805 1885 initium
1836 1845 1924 1886 su-

328 1937 477 1977 mere
506 1923 820 1989 maluimus,
854 1934 965 1976 tum
997 1933 1053 1977 tit
1103 1938 1132 1976 a
1167 1925 1529 1993 prmstantiori
1575 1933 1629 1978 et
1678 1921 1926 1978 absoluta

330 2014 515 2070 Sancti
551 2013 664 2069 Viri
697 2013 1080 2070 lucubratione
1113 2015 1494 2086 inciperemus,
1531 2024 1642 2070 tum
1676 2023 1730 2069 ut
1762 2015 1931 2069 evita-

329 2121 516 2161 remus
573 2108 854 2162 exordium
903 2107 1104 2163 dttcere
1145 2124 1172 2162 a
1210 2125 1267 2164 re
1317 2107 1721 2180 quodammodo
1749 2107 1930 2176 capite

334 2205 580 2254 truncata
617 2207 838 2269 ,‘protit
883 2208 967 2254 est
1020 2198 1314 2266 Tractatus,
1362 2200 1451 2270 qui
1509 2201 1560 2255 in
1616 2199 1714 2253 bac
1745 2208 1930 2253 nostia

331 2290 574 2346 editione
605 2333 619 2355 ,
670 2294 746 2347 uti
789 2291 901 2362 jam
951 2291 1210 2360 diximus,
1263 2307 1492 2347 numero
1547 2293 1716 2362 primo
1766 2292 1928 2346 exhi-

333 2383 513 2438 betur.

405 2477 600 2530 Curam
636 2478 861 2547 insuper
885 2487 1124 2534 nostram
1145 2478 1196 2532 in
1218 2478 1322 2532 hac
1345 2477 1584 2534 editione
1617 2479 1668 2532 in
1702 2493 1767 2533 eo
1795 2493 1930 2548 pra:-

334 2570 490 2639 cipue
517 2572 820 2648 posuimus,
847 2579 906 2626 ut
948 2587 1110 2642 quam
1159 2569 1534 2627 eineiidatiora
1564 2572 1736 2626 sancti
1769 2570 1933 2625 Chro-

334 2665 477 2716 niatii
506 2665 675 2717 n0stri
709 2663 919 2735 Scripta
944 2665 1202 2719 daremus
1235 2684 1247 2718 :
1279 2666 1424 2736 quod
1452 2665 1669 2719 iactum
1699 2665 1934 2719 maxime

337 2753 436 2808 fuit
480 2756 773 2811 etillatione
826 2758 1007 2812 habita
1065 2759 1380 2815 earumdem
1434 2759 1760 2830 Scriptorum
1813 2774 1932 2813 cum

341 2850 508 2915 prima
543 2849 844 2904 Basileensi
880 2852 1119 2906 editione
1165 2853 1418 2921 snpei-itis
1463 2863 1783 2918 metunt-ala,
1815 2867 1937 2921 qtite

345 2955 504 3007 nunc,
540 2943 919 2999 delicieiitibus
974 2947 1360 3016 manuscriptis
1420 2947 1724 3014 codicibus,
1755 2947 1820 3000 ad
1855 2946 1940 3000 iii-

339 3044 454 3088 star
485 3039 916 3105 pl'IBSlaltllSSlml
940 3038 1142 3093 codicis
1173 3048 1293 3106 est;
1325 3055 1532 3094 necnon
1561 3056 1681 3094 cum
1699 3041 1940 3095 editione

2032 1835 2133 1873 una
2163 1835 2283 1873 cuiit
2339 1820 2463 1875 aliis
2511 1821 2871 1891 plurimorutii
2930 1823 3254 1878 Sanctorum
3305 1824 3546 1891 Patrum,
3578 1823 3632 1878 in

2030 1912 2206 1967 libello
2229 1927 2326 1966 suo
2355 1913 2599 1967 adversus
2631 1914 2886 1968 llwresim
2909 1913 3104 1969 Felicis
3124 1917 3390 1985 episcOpi;
3424 1933 3635 1987 nosque

2031 2008 2114 2062 usi
2144 2022 2328 2061 sumus
2360 2016 2470 2060 ιιιιιι
2509 2019 2657 2062 textu
2715 2005 2814 2079 [si]
2863 2007 2931 2062 ab
2961 2007 3154 2063 eodem
3190 2015 3388 2076 rt-lato,
3420 2009 3512 2080 qui
3542 2025 3640 2066 ex-

2031 2113 2138 2158 stat
2169 2104 2313 2159 inter
2343 2119 2505 2174 opera
2555 2104 2767 2158 Alcuini
2795 2104 3056 2159 editionis
3084 2105 3374 2161 clarissimi
3422 2106 3636 2162 abbatis

2034 2197 2293 2253 Frobenii
2337 2209 2488 2253 tomo
2519 2198 2558 2264 I,
2611 2196 2720 2252 vol.
2775 2214 2836 2263 ii,
2882 2215 2936 2268 p.
2967 2199 3093 2265 767;
3130 2213 3242 2254 tum
3283 2217 3348 2255 eo
3387 2216 3628 2271 quoque,

2033 2309 2193 2365 quem
2227 2309 2295 2348 ex
2337 2293 2706 2363 manuscripto
2735 2293 2927 2348 codice
2974 2293 3239 2348 Vaticano
3267 2294 3512 2362 ejusdem
3549 2296 3640 2351 Al-

2034 2386 2181 2441 cttini
2215 2385 2359 2440 eruit
2389 2386 2728 2440 clarissimus
2757 2385 3122 2451 Fontaitintis,
3156 2386 3500 2456 inseruitque
3533 2386 3636 2440 Hi-

2035 2483 2210 2535 storia:
2227 2495 2338 2534 sua:
2366 2479 2636 2534 litterario:
2662 2480 2981 2550 Aqttileiensi
3005 2481 3098 2534 lib.
3128 2497 3208 2547 iii,
3239 2497 3360 2551 cap.
3404 2483 3460 2549 4,
3487 2500 3637 2538 ιιιιιιι.

2036 2577 2091 2634 2.
2120 2577 2209 2630 tibi
2232 2575 2302 2630 de
2329 2587 2518 2629 sancto
2548 2574 2850 2630 Chromatio
2900 2578 3148 2645 apposite
3189 2576 3436 2642 disserit,
3479 2592 3639 2647 quem

2040 2665 2176 2720 infra
2201 2681 2302 2720 suo
2330 2667 2450 2720 loco
2472 2666 2657 2720 videre
2682 2668 3087 2734 poteritlector.
3121 2667 3198 2720 Eii
3229 2679 3409 2723 autem
3429 2660 3638 2722 textum

2040 2757 2239 2827 ipsum,
2300 2768 2408 2810 tum
2470 2757 2852 2829 depravatum,
2886 2767 3001 2812 tum
3054 2759 3350 2826 integrum,
3395 2769 3453 2812 ut
3499 2762 3635 2813 facta

2041 2851 2335 2905 collatione
2361 2851 2591 2921 quisque
2639 2861 2952 2919 cognoscat,
2980 2850 3107 2919 quid
3151 2851 3347 2905 lectum
3379 2852 3642 2905 hactenus

2042 2946 2201 2998 fuerit
2234 2945 2283 2998 in
2335 2943 2652 2998 Bibliotheca
2693 2943 2910 2997 Patrum
2941 2944 3313 3014 Lugduiteiisi,
3354 2959 3414 2998 ac
3466 2945 3518 2998 in
3550 2961 3642 2997 no-

2044 3040 2255 3093 vissima
2307 3054 2524 3109 quoque
2551 3037 2858 3103 Gallandii;
2899 3040 3096 3108 quidve
3126 3038 3412 3108 legendum
3463 3041 3643 3108 potius

336 3122 562 3181 Joannis
589 3127 805 3199 Grytizei
833 3131 972 3184 inter
1002 3145 1095 3184 sua
1132 3130 1469 3185 Monitinenta
1501 3144 1798 3184 sanctorum
1826 3131 1931 3185 Pa-
1961 3113 2006 3177 (ἶ
2043 3133 2250 3195 luisset,
2290 3139 2450 3202 prout
2481 3131 2531 3184 iit
2566 3127 2667 3184 hac
2714 3140 2897 3184 nostra
2932 3131 3154 3184 editione
3187 3129 3474 3202 legendum
3507 3147 3645 3200 prte-

339 3223 474 3273 trum
526 3220 1048 3292 ortltodoxograplia,
1107 3221 1335 3278 Basileaa
1400 3223 1578 3287 1569,
1649 3232 1796 3278 totiio
1854 3225 1929 3290 ll,

2040 3226 2251 3281 bemus.

589 3333 811 3391 Celebris
853 3347 1020 3392 textus
1063 3341 1229 3393 sancti
1277 3338 1702 3394 CIIROMA'I‘II
1747 3341 1978 3411 episcopi
2008 3341 2347 3412 Aquileiensis
2387 3341 2450 3392 de
2489 3341 2815 3396 sanctissimo
2837 3337 3103 3396 Trinitatis
3133 3340 3392 3411 mysterio.

345 3450 447 3515 (Ex
475 3451 764 3503 Bibliotheca
795 3456 999 3518 Putiuin
1036 3454 1348 3518 Lugdtiiiensi
1387 3465 1536 3518 atque
1579 3470 1642 3506 ex
1676 3454 1935 3506 novissima

877 3517 1088 3567 Andreae
1113 3517 1396 3580 Gallaadii.)
1424 3591 1428 3594 π

421 3617 439 3648 t
479 3595 630 3655 Unde
680 3601 838 3670 igitur
868 3603 1027 3672 quale
1079 3604 1252 3656 Patris
1283 3602 1351 3657 de
1399 3601 1536 3657 Filio
1570 3601 1936 3656 testiinonium

340 3697 431 3761 sit,
464 3694 732 3750 dicentis:
762 3695 864 3749 llic
891 3707 966 3751 est
1000 3695 1170 3751 Filius
1199 3713 1360 3749 meus.
1407 3695 1548 3752 Suus
1583 3696 1792 3763 utique.
1830 3711 1935 3750 non

343 3805 438 3858 per
466 3788 813 3854 adeptionem
863 3790 1071 3858 gratiae,
1110 3803 1284 3859 neque
1315 3803 1411 3856 per
1440 3788 1754 3858 religionem
1789 3802 1940 3841 crea-

343 3890 500 3947 turte,
531 3893 588 3934 ut
614 3879 855 3935 literetici
885 3881 1096 3943 volunt,
1129 3882 1220 3935 sed
1248 3879 1333 3936 sui
1366 3880 1692 3950 proprietate
1721 3880 1938 3949 generis

345 3983 398 4028 et
428 3976 654 4028 veritate
698 3980 929 4029 naturae.
978 3973 1129 4028 Multi
1175 3977 1320 4030 enim
1362 3986 1673 4027 sanctorum
1711 3973 1802 4026 lilii
1841 3972 1935 4026 Dei

341 4065 618 4132 dicuntur,
668 4076 718 4121 et
764 4075 893 4119 sunt
925 4084 937 4120 :
972 4065 1068 4120 sed
1120 4067 1206 4121 bic
1236 4066 1354 4120 sine
1385 4066 1766 4138 compassioiie
1800 4079 1942 4119 unus

341 4161 455 4214 lico
487 4157 634 4214 Patri
679 4159 848 4215 Filius
882 4161 1219 4229 tinigenittis,
1254 4168 1310 4215 et
1335 4175 1496 4214 verus
1518 4202 1532 4226 ,
1564 4170 1618 4214 et
1649 4159 1902 4228 prolirius
1923 4201 1937 4224 ,

341 4266 448 4304 non
499 4245 722 4304 aliunde
747 4266 908 4321 quam
939 4250 1006 4305 de
1047 4249 1209 4304 Patre
1254 4259 1430 4304 natus.
1475 4251 1608 4317 Quia
1641 4260 1746 4303 tam
1781 4264 1942 4304 verus

339 4340 528 4408 Pater,
578 4340 735 4396 Pater
775 4352 888 4408 est,
931 4351 986 4396 et
1040 4342 1184 4398 Deus
1228 4353 1314 4397 est
1350 4359 1363 4395 :
1395 4341 1554 4396 sicuti
1583 4342 1749 4396 etiam
1780 4355 1943 4396 verus

2134 3455 2220 3518 (lu
2245 3457 2334 3506 liae
2356 3462 2519 3505 nostra
2557 3456 2773 3504 editione
2797 3468 2900 3504 suae
2924 3455 3198 3516 integritati
3236 3455 3545 3516 restitutus.)

2123 3622 2141 3654 t
2179 3601 2309 3655 Vide
2349 3602 2512 3670 igitur
2552 3601 2712 3671 quale
2765 3602 2937 3654 l‘atris
2979 3601 3047 3654 de
3099 3600 3239 3653 Filio
3272 3599 3638 3654 testiinonium

2042 3695 2130 3759 sit,
2173 3693 2444 3748 dicentis:
2474 3692 2577 3746 llic
2612 3702 2684 3746 est
2713 3689 2884 3746 Filius
2911 3709 3071 3746 meus.
3107 3691 3256 3746 Suus
3289 3691 3498 3760 utique,
3535 3707 3640 3747 non

2044 3804 2140 3857 per
2166 3787 2507 3858 adoptionem
2537 3788 2755 3858 gratim,
2802 3802 2976 3854 neque
3007 3801 3100 3854 per
3138 3785 3456 3854 religionem
3486 3800 3640 3840 crea-

2043 3893 2201 3948 turte,
2231 3895 2286 3936 ut
2327 3883 2565 3936 haeretici
2597 3881 2801 3943 volunt,
2837 3879 2931 3934 sed
2970 3879 3054 3932 sui
3104 3879 3436 3949 proprietate
3477 3893 3642 3948 gene-

2042 3982 2139 4045 ris,
2172 3988 2227 4033 et
2273 3980 2503 4033 veritate
2547 3986 2772 4032 naturae.
2814 3976 2963 4031 Mttlti
2993 3975 3140 4030 enim
3188 3984 3500 4028 sanctorum
3548 3969 3646 4025 ﬁlii

2043 4069 2139 4125 Dei
2184 4070 2460 4132 dicuntur,
2509 4079 2561 4122 et
2600 4078 2764 4124 sunt:
2797 4068 2890 4122 sed
2938 4065 3026 4121 hic
3073 4067 3191 4121 sine
3231 4064 3644 4134 comparatione

2044 4181 2184 4218 unus
2224 4165 2334 4218 Deo
2364 4162 2506 4220 Patri
2539 4162 2706 4216 Filius
2736 4161 3064 4230 uuigeuitus.
3100 4172 3153 4214 et
3185 4175 3346 4215 vertis
3367 4200 3381 4221 ,
3405 4167 3462 4213 et
3509 4173 3639 4227 pro-

2046 4258 2220 4328 prius,
2257 4273 2360 4309 non
2389 4254 2604 4310 aliunde
2633 4270 2792 4325 quam
2839 4253 2905 4308 de
2949 4252 3111 4306 Patre
3157 4261 3335 4306 natus.
3367 4249 3498 4318 Quia
3533 4257 3640 4303 tant

2047 4367 2206 4406 verus
2235 4350 2415 4418 Pater,
2448 4349 2612 4404 Pater
2639 4359 2742 4410 est.
2767 4364 2928 4418 quam
2961 4363 3120 4402 verus
3137 4356 3193 4399 et
3220 4346 3360 4401 Deus
3383 4353 3506 4400 est:
3539 4344 3643 4397 sic-

343 4435 511 4488 lt'ilitis
534 4477 548 4498 ,
583 4435 752 4490 Filius
782 4447 864 4489 est
902 4435 1185 4492 Trinitatis
1214 4447 1465 4492 ostensus
1495 4479 1508 4502 ,
1542 4452 1664 4492 cum
1696 4446 1750 4490 ct
1781 4437 1940 4491 Pater
1968 4432 2017 4496 1)
2046 4446 2121 4499 ιιιί
2154 4445 2317 4500 etiam
2354 4455 2458 4498 tam
2490 4457 2652 4497 vertis
2683 4441 2850 4495 Filius
2872 4483 2887 4506 ,
2912 4440 3083 4495 Filius
3115 4448 3226 4505 est,
3279 4455 3440 4509 quam
3485 4453 3648 4493 verus

343 4525 618 4582 Christum
652 4527 938 4582 Dominum
969 4543 1034 4583 ac
1067 4528 1235 4583 Deum
1269 4539 1514 4582 nostrum
1547 4527 1742 4582 Filimn
1781 4542 1937 4583 suum

343 4634 465 4675 esse
494 4628 756 4685 teSIatur;
786 4629 842 4676 et
860 4621 1115 4691 Spiritus,
1151 4621 1202 4675 id
1232 4629 1316 4677 est
1348 4622 1680 4688 Paracletus,
1702 4622 1754 4676 in
1791 4634 1940 4676 tanto

344 4715 468 4770 ﬁdei
502 4724 848 4770 sacramento
878 4716 1022 4770 Patri
1062 4715 1308 4786 Filioque
1335 4715 1683 4787 conjungitur
1715 4733 1727 4768 :
1764 4725 1820 4770 tit
1849 4731 1942 4771 ve-

341 4824 460 4864 rum
494 4809 743 4872 Patrem.
778 4825 964 4864 verum
1009 4809 1242 4875 Filium,
1270 4825 1458 4863 verum
1484 4812 1645 4864 etiam
1680 4810 1938 4880 Spiritum

339 4902 602 4959 Sanctum
635 4903 984 4958 crederemus
1020 4921 1032 4956 :
1067 4914 1174 4958 tres
1212 4918 1498 4976 personas,
1531 4903 1625 4959 sed
1661 4921 1822 4959 unatii
1853 4903 1938 4959 di-

341 4995 629 5052 vinitatem
661 4995 966 5061 Trinitatis,
997 5011 1269 5067 unamque
1296 4995 1674 5052 substantiam.
1719 5015 1738 5046 i

340 5273 466 5349 [sit]
496 5271 775 5329 Restituto
801 5273 908 5330 hoc
953 5284 1102 5331 textu
1135 5275 1305 5330 sancti
1339 5275 1626 5331 Chromatii
1647 5319 1660 5342 ,
1694 5277 1783 5346 qui
1819 5269 1940 5332 titlei

340 5371 517 5438 ipsius
547 5368 617 5424 de
661 5370 1034 5425 sacratissimo
1076 5369 1357 5424 Trinitatis
1406 5371 1666 5440 mysterio
1699 5372 1946 5426 leSllIIIO-

345 5465 493 5519 nium
549 5467 755 5535 praebet
795 5463 1314 5527 luculentissimnin,
1368 5464 1594 5534 aliisque
1626 5466 1811 5533 paucis
1845 5467 1944 5518 ltil-

346 5558 497 5610 noris
538 5558 797 5610 itioiiienti
830 5556 1262 5611 correctionibtis
1291 5555 1380 5610 liic
1401 5567 1562 5626 atque
1596 5558 1706 5610 illic
1755 5557 1942 5622 factis;

346 5647 750 5706 notatiitnculas
775 5651 1036 5720 praeterea
1063 5664 1256 5706 omnes
1281 5648 1346 5706 ad
1367 5632 1652 5704 Chromatii
1673 5647 1948 5704 Tractutus

352 5753 416 5804 ex
441 5740 726 5801 Gatlandio
754 5745 1082 5816 accepimus;
1109 5757 1309 5818 easque
1339 5739 1405 5799 ad
1438 5740 1601 5798 iniam
1632 5743 1944 5823 paginarum

2045 4549 2098 4593 et
2142 4539 2401 4593 Domitius
2449 4548 2552 4592 est.
2608 4535 2851 4590 Perfecta
2885 4551 3015 4604 ergo
3065 4533 3198 4588 lides
3238 4544 3322 4587 est
3362 4531 3647 4586 Trinitatis

2044 4643 2294 4698 ostensa;
2325 4646 2446 4684 cum
2481 4639 2534 4684 et
2564 4628 2726 4684 Pater
2755 4625 3031 4683 Christum
3069 4625 3351 4679 Dominum
3381 4638 3442 4678 ac
3478 4623 3644 4677 Deum

2046 4737 2291 4780 nostrum
2317 4723 2515 4778 Filitiiii
2550 4736 2706 4775 suum
2734 4735 2857 4776 eSse
2884 4729 3142 4783 testatur;
3173 4727 3226 4771 et
3252 4717 3486 4786 Spiritus
3509 4713 3650 4770 Sau-

2044 4828 2184 4881 cttis,
2219 4816 2270 4870 id
2317 4826 2396 4870 est
2447 4815 2784 4880 Paracletus,
2845 4814 2896 4866 in
2949 4821 3097 4868 tanto
3145 4810 3270 4865 lidei
3299 4819 3649 4864 sacramento

2045 4910 2192 4966 Patri
2217 4909 2462 4978 Filioque
2489 4907 2870 4976 coujuugittir:
2899 4914 2957 4958 ιιι
2985 4920 3170 4959 verum
3198 4903 3436 4969 Patrem,
3457 4918 3648 4958 verum

2051 5002 2266 5066 Filium,
2290 5016 2477 5054 verum
2508 5001 2669 5054 etiam
2695 4999 2957 5068 Spiritum
2984 5008 3232 5050 sanctum
3261 4995 3648 5050 crederemus:

2050 5108 2158 5150 tres
2183 5108 2467 5165 personas,
2492 5092 2584 5148 sed
2611 5107 2769 5146 unam
2798 5091 3135 5146 divinitatem
3155 5088 3438 5144 Trinitatis
3460 5073 3657 5143 uitam?

2049 5201 2154 5256 que
2184 5186 2564 5240 substantiam.
2597 5204 2616 5238 i

2052 5290 2262 5348 partem
2295 5277 2713 5343 collocavimus;
2759 5277 2955 5347 quibus
2992 5275 3157 5329 etiam
3210 5287 3307 5327 tios
3356 5270 3452 5339 ipsi
3488 5281 3650 5320 titiam

2050 5383 2136 5426 aut
2190 5371 2416 5425 alteram
2458 5371 2790 5425 addidimus.
2844 5371 3020 5439 Atque
3071 5369 3185 5422 haec
3235 5375 3394 5428 sunt,
3433 5377 3553 5432 quas
3583 5358 3656 5411 de

2051 5463 2275 5533 Scriptis
2317 5463 2434 5518 sive
2469 5462 2748 5531 Opusculis
2779 5461 2949 5516 sancti
2981 5458 3269 5513 Clirontatii
3291 5496 3305 5519 ,
3341 5471 3458 5525 qua:
3509 5461 3656 5503 nunc

2044 5555 2226 5612 denuo
2256 5557 2488 5619 edimus.
2535 5560 2676 5612 scire
2721 5559 2982 5610 lectorem
3033 5551 3357 5620 Oportebat,
3387 5558 3443 5604 ut
3487 5541 3660 5600 insti-

2051 5651 2151 5706 tttti
2183 5652 2351 5706 nostri
2385 5653 2526 5707 ratio
2561 5652 2706 5706 illum
2739 5666 2848 5706 non
2882 5649 3094 5704 lateret.

2128 5749 2258 5801 l’ust
2282 5744 2495 5824 Scripta
2533 5747 2708 5804 sancti
2738 5741 3026 5802 Citrontatii
3057 5738 3303 5816 episcopi
3349 5728 3711 5818 Aquileien-
