4270 6176
516 295 624 357 255

1534 285 1595 342 S.
1633 273 2084 340 CHROMATIUS
2121 271 2232 329 ΕΡ.
2273 269 2774 340 AQUILEIENSIS.

3705 271 3813 327 256

512 411 612 479 εἰς,
644 424 754 466 non
782 408 974 465 inutile
1011 403 1374 476 indicavimus
1414 400 1522 456 duo
1551 399 1745 469 ipsius,
1787 391 2109 451 brevissima
2139 389 2193 449 Α
2219 385 2510 442 Probatum
2535 385 2604 441 iri
2638 395 2924 457 propterea
2951 385 3278 442 confidimus
3308 400 3337 442 a
3367 386 3666 444 lectoribus
3712 389 3813 444 hu-

512 502 733 576 quidem
755 543 770 568 ,
819 501 914 557 sed
961 497 1143 561 magni
1175 493 1434 566 ponderis
1464 491 1616 546 Dicta
1664 488 1926 546 exhibere
1947 529 1961 552 ,
1991 501 2112 557 qua:

513 597 741 670 promtit
769 595 822 650 in
849 591 1189 663 Aquileicnsi
1217 589 1451 644 concilio
1480 587 1581 642 sub
1609 593 1798 640 saneto
1823 581 2112 638 Valeriano

519 693 778 762 episcopo
810 687 1029 754 habito,
1067 700 1210 740 anno
1238 685 1377 748 581,
1407 683 1672 738 adversus
1709 679 2008 735 Palladium
2058 687 2112 733 et

513 783 919 842 Secundianum
943 782 1232 851 episcotios
1249 779 1502 843 Arianos,
1523 777 1649 832 dum
1669 776 1785 846 ipse
1806 773 2112 844 Aquileien-

509 879 589 935 sis
617 877 860 948 ejusdem
893 875 1150 931 Ecclesia:
1173 873 1460 945 presbyter
1478 879 1646 927 esset.
1685 870 1999 941 Magnorum
2031 869 2112 922 vi-

510 985 732 1034 rorum,
763 968 926 1025 etiam
980 966 1300 1023 brevissima
1328 979 1589 1036 qumque,
1623 973 1747 1018 sunt
1777 962 2002 1017 maximi
2035 960 2111 1018 fa-

511 1061 704 1118 cienda
732 1078 744 1114 :
775 1073 940 1132 atque
968 1060 1084 1114 haec
1105 1058 1322 1128 quidem
1347 1055 1704 1112 Chromatium
1731 1056 2108 1127 presbyterum

504 1154 616 1228 jam
647 1163 772 1210 tunc
805 1163 971 1209 tautae
999 1152 1214 1207 virtutis
1244 1165 1307 1205 ac
1339 1149 1462 1205 fidei
1485 1192 1500 1216 ,
1539 1150 1785 1220 tantique
1824 1148 2109 1217 apostolici

513 1249 730 1304 roboris
749 1247 1133 1310 ostendebant,
1157 1245 1250 1316 qui
1275 1243 1630 1315 dignissimus
1658 1249 1806 1299 esset
1822 1240 2110 1298 Valeriano

517 1338 732 1396 futurus
759 1341 813 1395 in
846 1340 1166 1410 episcopatu
1197 1353 1505 1393 successor.

576 1434 774 1490 Decem
804 1443 859 1488 et
882 1443 1007 1488 octo
1035 1447 1241 1499 annos,
1288 1443 1383 1487 aut
1411 1431 1577 1488 etiam
1606 1430 2022 1497 novemdecim,
2053 1430 2108 1484 in

504 1526 818 1596 episcopatu
855 1523 1208 1594 Aquileiensi,
1250 1535 1306 1578 ut
1331 1523 1639 1580 communis
1671 1523 1780 1578 fert
1821 1532 2105 1593 computa-

504 1617 601 1684 tio,
625 1617 805 1688 exegit
823 1616 1175 1672 Chromatius.
1200 1617 1365 1672 Multa
1392 1627 1682 1688 propterea
1707 1619 1957 1672 eumdem
1982 1616 2112 1672 serio

509 1711 683 1780 psisse
703 1711 771 1765 ad
801 1713 979 1782 gregis
1000 1711 1102 1766 sibi
1132 1711 1326 1766 crediti
1355 1711 1819 1776 informationem,
1853 1709 2016 1763 multa
2043 1708 2108 1763 ad

511 1802 637 1859 ﬁdei
658 1803 1032 1860 defensionem
1065 1804 1330 1860 adversus
1361 1804 1603 1860 maxime
1623 1802 1948 1860 Arianorum
1978 1804 2109 1858 alio-
2142 1783 2190 1842 Β

507 1911 744 1966 rumque
788 1897 1032 1967 vigentes
1061 1910 1307 1960 errores,
1353 1911 1565 1952 necnon
1618 1912 1951 1967 paganorum
2002 1896 2112 1951 late

509 1990 688 2046 adhuc
719 1999 990 2061 patentem
1040 1991 1508 2062 superstitionem,
1530 2007 1637 2047 non
1665 1993 1966 2064 incongrue
1997 1992 2114 2048 exi-

511 2085 815 2142 stimanms.
844 2086 985 2152 Quid
1027 2101 1159 2142 vero
1189 2088 1305 2158 ipse
1335 2088 1646 2158 scripserit,
1680 2098 1878 2159 praeter
1899 2103 1962 2144 ea
1991 2104 2113 2159 quae

517 2176 802 2244 habemus,
827 2177 1030 2248 absque
1059 2187 1218 2247 teste,
1243 2189 1295 2235 et
1323 2181 1529 2251 absque
1555 2179 1750 2236 idonea
1782 2180 1994 2237 ratione
2026 2195 2112 2236 as-

517 2283 700 2327 serere
725 2288 834 2327 non
881 2273 1030 2328 licet.
1054 2272 1279 2330 Interim
1295 2284 1349 2330 et
1373 2285 1540 2330 testes
1560 2275 1790 2342 adsunt,
1819 2285 1874 2331 et
1901 2274 2115 2331 idonea:

515 2381 622 2421 non
650 2365 847 2422 desunt
873 2367 1112 2424 rationes
1158 2384 1280 2439 quae
1313 2369 1465 2424 illum
1493 2369 1600 2423 alia
1627 2384 1845 2439 quoque
1877 2369 2116 2438 peculia-

515 2461 619 2527 ria,
641 2475 764 2531 qum
787 2462 1132 2530 interierunt,
1158 2464 1447 2534 scripsisse
1471 2461 1746 2517 affirmant
1773 2470 1830 2517 et
1850 2461 2112 2517 suadent:

515 2551 750 2625 ideoque
776 2556 1001 2611 brevem
1039 2556 1329 2611 elenchum
1363 2554 1556 2610 horum
1594 2555 1786 2610 saltem
1815 2555 2114 2626 rteperdito~

518 2664 657 2714 rum,
692 2659 812 2719 post
838 2649 1004 2717 edita,
1039 2650 1375 2720 subjicimus.

592 2742 746 2810 Quod
775 2745 984 2815 magnis
1028 2746 1188 2811 viris,
1239 2747 1428 2817 prima:
1462 2747 1764 2816 pra-sertim
1786 2788 1799 2812 ,
1831 2746 2119 2815 eidemque

523 2839 784 2906 proximm
825 2838 1194 2908 antiquitatis,
1230 2857 1336 2895 non
1384 2841 1553 2897 semel
1584 2842 1842 2912 contigit,
1894 2851 1952 2895 ut
1984 2857 2121 2895 non-

523 2931 667 2986 nulla
699 2931 800 2988 sub
827 2947 1016 2988 eorum
1049 2935 1364 2990 nominibus
1392 2937 1592 3006 scripta
1622 2945 1972 3006 apparerent,
1997 2951 2120 3006 qua:

526 3022 665 3079 fetus
695 3037 882 3081 essent
913 3028 1196 3083 hominum
1221 3028 1602 3086 obscurorum.
1634 3039 1688 3083 et
1722 3029 1941 3099 indigna
1966 3044 2119 3101 pror-

523 3132 618 3172 sus
651 3134 772 3188 quze
823 3130 972 3172 tanta
1014 3121 1341 3175 auctoritate
1384 3123 1722 3191 gauderent;
1771 3122 1824 3176 id
1875 3124 2120 3188 prolecm

2217 480 2550 536 manissimis
2571 480 2860 537 consilium
2889 481 3031 552 quod
3055 482 3298 552 cepimus
3326 500 3338 534 :
3374 498 3473 552 pro
3509 482 3574 538 iis
3602 481 3814 540 scilicet

2214 592 2338 646 qua:
2363 576 2493 632 dare
2523 577 2788 646 potuisset
2817 591 2981 646 super
3007 576 3109 631 hac
3136 593 3192 630 re
3219 576 3570 631 imbecillitas
3601 589 3808 645 nostra,

2215 671 2617 726 Lucubratioues
2650 672 2888 739 integras
2913 670 3208 726 exhibendi
3239 671 3514 727 clarorum
3549 671 3811 730 horumce

2214 765 2478 832 virorum,
2500 781 2618 836 quae
2650 766 2774 821 licet
2799 765 3032 821 antehac
3058 765 3216 820 edita:
3249 765 3393 822 inter
3417 781 3584 836 opera
3609 769 3813 822 utrius-

2214 875 2341 930 que,
2375 875 2497 930 quae
2527 858 2811 929 amplioris
2840 859 3145 929 argumenti
3178 866 3322 921 sunt,
3357 858 3442 913 hic
3475 868 3656 914 tamen
3691 859 3810 915 vel-

2215 955 2292 1013 ιιιξ
2336 968 2436 1008 suo
2465 954 2687 1023 proprio
2719 953 2838 1009 loco
2864 994 2879 1020 ,
2916 964 3037 1024 post
3084 953 3295 1022 Scripta
3325 952 3584 1008 videlicet
3621 952 3810 1008 Sancti

2214 1044 2471 1100 Prmsulis
2503 1087 2517 1112 ,
2553 1045 2621 1101 de
2651 1060 2757 1116 quo
2786 1047 3034 1117 apposite
3065 1055 3270 1115 agunt,
3320 1044 3510 1101 recudi
3540 1044 3809 1117 quodam-

2215 1136 2379 1192 modo
2408 1137 2743 1208 gaudebunt.

2287 1233 2489 1288 Damus
2519 1234 2704 1304 itaque
2748 1234 3016 1304 imprimis
3048 1233 3479 1289 Lucubrationem
3519 1232 3810 1290 clarissimi

2216 1327 2508 1384 Foutanini
2535 1343 2698 1398 quam
2730 1328 2848 1398 ipse
2875 1327 3064 1384 Romae
3109 1328 3315 1399 degens
3363 1327 3625 1383 exarabat
3667 1342 3810 1383 anno

2216 1427 2384 1494 1715,
2424 1435 2482 1482 ut
2507 1427 2706 1482 ibidem
2733 1429 2850 1496 ipse
2881 1437 3136 1492 testatur,
3168 1443 3400 1500 qumque
3425 1438 3604 1485 exstat
3634 1429 3687 1484 in
3715 1444 3808 1485 sua

2218 1519 2456 1574 Historia
2482 1519 2759 1575 Litteraria
2786 1521 3098 1591 Aquileiensi
3141 1522 3282 1577 libro
3326 1539 3421 1587 nt;
3452 1523 3596 1582 quod
3628 1533 3807 1579 tamen

2213 1614 2364 1685 Opus
2392 1614 2610 1680 nonnisi
2646 1623 2769 1685 post
2796 1615 2914 1685 ejus
2937 1617 3147 1672 obitum
3177 1616 3352 1672 lucem
3383 1616 3517 1671 vidit
3545 1617 3810 1674 [tertianis

2217 1709 2380 1782 typis,
2397 1724 2540 1764 anno
2564 1709 2658 1764 171
2671 1711 2723 1765 4.
2740 1708 2991 1765 Omnium
3011 1711 3217 1780 primus
3231 1719 3352 1781 post
3376 1711 3805 1777 Tillemuntium,

2221 1804 2390 1858 multo
2436 1803 2762 1858 eruditionis
2804 1813 2859 1859 et
2902 1803 3127 1859 critices
3162 1813 3423 1874 apparatu
3451 1847 3465 1870 ,
3501 1803 3608 1859 hoc
3635 1803 3809 1859 Sancti

2220 1897 2503 1953 Chromatii
2546 1908 2924 1968 argumentum
2970 1899 3118 1954 omni
3163 1915 3228 1954 ex
3272 1912 3422 1968 parte
3465 1898 3808 1954 tractandum

2219 1991 2422 2049 ibidem
2463 1994 2704 2064 suscepit
2750 1992 3092 2048 Fontaninus
3116 2035 3132 2062 ,
3162 2009 3339 2065 eoque
3368 2008 3482 2049 rem
3517 1995 3807 2063 perduxit,

2219 2097 2279 2142 ut
2302 2130 2317 2156 ,
2349 2105 2447 2155 pro
2475 2103 2541 2144 eo
2565 2097 2809 2159 tempore
2834 2105 2943 2158 quo
2969 2089 3281 2156 scribebat,
3312 2089 3614 2144 absolutius
3645 2089 3810 2156 nihil,

2219 2179 2353 2234 nihil
2383 2179 2700 2250 diligentius
2730 2180 3031 2236 desiderari
3067 2190 3271 2251 posset,
3300 2181 3417 2251 ipso
3444 2181 3608 2235 etiam
3630 2180 3814 2250 judice

2221 2273 2440 2328 Andrea
2487 2272 2772 2328 Gallandio
2815 2273 2869 2328 in
2917 2273 3070 2328 brevi
3125 2274 3216 2328 illa
3263 2275 3561 2343 scriptione
3603 2289 3700 2328 sua
3744 2272 3812 2330 de

2221 2364 2549 2430 Chromatio,
2580 2381 2741 2436 quam
2771 2365 3022 2435 superius
3053 2365 3504 2428 memoravimus,
3539 2380 3813 2436 quamque

2221 2457 2359 2513 infra
2395 2459 2738 2529 subjicimus.
2770 2458 3185 2515 Notatiunculas
3218 2458 3574 2514 nihilominus
3601 2471 3814 2514 n05tras

2221 2568 2328 2608 non
2359 2568 2558 2624 paucas
2590 2554 2716 2609 huic
2762 2554 3130 2609 Lucubrationi
3178 2554 3588 2610 Fontaniniauu:
3614 2569 3816 2624 suppo-

2223 2664 2356 2704 nere
2381 2650 2552 2706 coacti
2587 2650 2807 2716 luimus,
2844 2658 2956 2704 tum
2989 2660 3046 2702 ut
3075 2649 3338 2703 nonnulla
3370 2649 3812 2719 explanaremus,

2223 2758 2343 2814 quae
2375 2759 2483 2798 non
2529 2744 2663 2797 satis
2711 2743 2944 2799 fortasse
2987 2744 3230 2800 dilucide
3275 2759 3307 2798 a
3350 2745 3470 2799 viro
3511 2745 3816 2801 clarissimo

2224 2839 2503 2890 enuntiata
2537 2835 2778 2902 luerunt,
2804 2847 2914 2890 tum
2945 2847 3004 2891 ut
3039 2838 3144 2892 alia
3187 2850 3500 2892 netaremus
3527 2855 3646 2908 qtae
3680 2838 3818 2893 Eru-

2225 2929 2352 2984 ditis
2381 2930 2701 2998 posterioris
2740 2930 2918 2984 {etatis
2953 2946 3060 2984 non
3088 2930 3440 3002 placuerunt:
3469 2939 3578 2986 tum
3601 2931 3819 2986 demum

2225 3031 2285 3078 ut
2310 3024 2485 3093 aliqua
2532 3040 2722 3095 reapse
2769 3026 3172 3095 corrigeremus
3201 3069 3216 3092 ,
3259 3028 3341 3082 vel
3370 3043 3490 3096 qua)
3532 3028 3649 3093 ipse
3692 3028 3820 3082 dum

2227 3117 2495 3170 scriberet
2521 3133 2681 3172 nosse
2712 3133 2820 3173 non
2847 3128 3081 3187 poterat,
3112 3117 3245 3190 [xxv]
3273 3119 3357 3172 vel
3387 3135 3507 3189 qum
3529 3114 3691 3173 etiam
3723 3119 3823 3173 ali-

525 3210 720 3264 accidit
765 3219 820 3265 et
862 3224 1049 3266 sancto
1098 3223 1282 3268 nostro
1319 3212 1618 3268 Chromatio
1641 3256 1655 3279 ,
1697 3215 1797 3273 sub
1841 3215 1996 3285 cujus
2027 3232 2121 3270 no-
2151 3178 2197 3243 θ
2226 3209 2446 3281 quando
2467 3211 2586 3265 aliis
2617 3218 2764 3266 certe
2789 3210 3235 3283 gravissimisque
3261 3211 3406 3266 euris
3431 3211 3702 3282 implexus
3729 3211 3824 3267 tni-

527 3303 696 3368 mine,
732 3318 944 3358 necnon
977 3306 1136 3359 simul
1166 3316 1220 3360 et
1248 3308 1421 3362 sancti
1449 3306 1726 3362 Heliodori
1757 3310 1997 3380 episcopi
2031 3311 2124 3364 Al-

527 3398 734 3460 tiuatis,
769 3397 1004 3453 amicitia
1034 3397 1331 3455 Chromatio
1359 3402 1811 3468 coniunctissimi,
1841 3404 1962 3459 dote
2008 3405 2125 3472 epi-

527 3489 680 3542 stola:
711 3489 1031 3560 prodierunt
1052 3493 1118 3547 ad
1150 3503 1397 3549 sanctum
1428 3493 1840 3567 Hieronymum,
1866 3512 1970 3551 una
2001 3513 2122 3552 cum

527 3579 742 3635 duabus
770 3583 1011 3652 ejusdem
1038 3583 1351 3658 Hieronymi
1381 3587 1446 3641 ad
1479 3589 1627 3658 ipsos
1654 3590 2124 3656 reSponsionibus,

527 3691 649 3746 qua:
683 3676 887 3745 pluries
919 3678 1270 3750 pluribusque
1301 3680 1352 3734 in
1386 3681 1518 3735 locis
1546 3681 1705 3736 edita:
1735 3681 1974 3740 fuerunt.
2005 3698 2127 3754 quae

528 3771 778 3839 genuina:
802 3771 970 3824 etiam
995 3771 1288 3841 aliquando
1309 3782 1434 3827 sunt
1463 3773 1680 3837 habitae,
1706 3791 1935 3846 quaeque
1961 3791 2125 3841 nunc,

528 3873 690 3932 atque
736 3862 1086 3933 jampridem.
1132 3868 1408 3922 communi
1455 3870 1791 3922 eruditorum
1833 3869 2124 3940 sull'ragio,

533 3955 676 4010 inter
703 3971 866 4025 opera
893 3968 1003 4010 tum
1027 3955 1332 4022 Chromatii,
1361 3958 1500 4031 [xm]
1533 3970 1642 4014 tum
1670 3961 1982 4032 Hieronymi
2009 3979 2129 4031 spu-

531 4047 612 4102 ria
658 4059 1034 4104 recensentur.
1069 4049 1177 4104 [Ias
1224 4053 1483 4120 epistolas
1529 4053 1918 4120 nihilominus,
1969 4055 2130 4110 simul

531 4153 654 4193 cum
685 4140 797 4195 divi
849 4141 1092 4210 ejusdem
1129 4143 1443 4214 Hieronymi
1475 4145 1615 4200 lictis
1643 4148 2088 4215 responsionibus
2111 4189 2126 4215 ,

533 4247 713 4303 operae
764 4236 997 4306 pretium
1054 4235 1307 4291 duximus
1359 4237 1446 4292 hic
1492 4238 1682 4294 ultimo
1735 4240 1854 4295 loco
1887 4240 2131 4310 praebere

530 4328 848 4395 lectoribus,
878 4344 983 4382 una
1015 4345 1138 4384 cum
1167 4330 1737 4387 animadversionihus
1767 4334 1976 4388 criticis
1997 4333 2132 4388 duo—

535 4433 655 4472 rum
689 4419 980 4474 illustrium
1014 4422 1286 4488 virorum;
1320 4433 1378 4477 ttt
1419 4423 1554 4477 nihil
1597 4422 1978 4480 Chromatianw
2006 4407 2158 4480 huic-

2228 3306 2372 3356 nime
2398 3301 2800 3357 animadvertit.

2298 3393 2412 3448 Hoc
2440 3393 2586 3450 idem
2608 3407 2990 3466 argumentum
3013 3397 3184 3451 sancti
3215 3396 3502 3451 Chromatii
3529 3405 3649 3466 post
3680 3396 3824 3452 Fon-

2231 3490 2475 3544 taniuutn
2507 3533 2522 3554 ,
2555 3491 2652 3545 sed
2686 3502 2976 3562 antequam
3010 3492 3299 3547 Fontanini
3337 3492 3615 3548 Litteraria
3660 3494 3824 3563 Aqui-

2231 3580 2433 3635 leieusis
2464 3580 2697 3636 Historia
2719 3586 3088 3652 evulgaretur.
3107 3587 3461 3654 pertractavit
3487 3586 3827 3639 clarissimus

2231 3671 2309 3728 De
2356 3673 2559 3728 Ruln-is
2590 3690 2618 3729 a
2650 3677 2828 3743 capite
2861 3678 2928 3730 10
2959 3691 3128 3744 υεςμιθ
3171 3678 3236 3731 ad
3274 3677 3340 3731 15
3376 3692 3598 3730 suorum
3637 3676 3830 3731 Monu-

2233 3776 2518 3820 mentorum
2549 3767 2796 3822 Ecclesia:
2822 3769 3166 3839 Aquileiensis
3197 3811 3212 3834 ,
3262 3784 3382 3837 qua:
3412 3769 3560 3823 edita
3608 3769 3830 3824 fuerunt

2233 3859 2544 3928 Argentius:
2569 3864 2684 3930 (seu
2713 3860 2973 3929 Venetiis)
3005 3876 3149 3915 anno
3179 3861 3335 3916 1740.
3370 3861 3496 3916 ll.cc
3525 3862 3709 3932 itaque
3737 3878 3826 3917 ca-

2235 3951 2341 4022 pita
2374 3952 2778 4008 Foutaniniante
2800 3951 3167 4007 Lucubrutioni
3198 3953 3584 4024 subjunxiuius
3614 3997 3628 4016 ,
3670 3957 3828 4024 quasi

2234 4044 2462 4100 alteram
2517 4046 2675 4116 huius
2707 4047 2904 4102 eruditi
2937 4048 3034 4100 viri
3068 4046 3137 4101 de
3165 4047 3356 4102 eadem
3383 4062 3440 4101 re
3483 4045 3830 4101 Lucubratio-

2236 4157 2382 4206 ﬂt’lll,’
2412 4141 2463 4194 in
2497 4157 2600 4211 qua
2632 4141 2800 4196 multa
2830 4141 3050 4212 quidem
3081 4141 3366 4196 desideres
3387 4142 3455 4196 de
3487 4140 3784 4195 Chromatio
3810 4182 3827 4209 ,

2235 4249 2354 4302 quae
2381 4233 2722 4288 Fontaninus
2750 4235 3001 4302 ampliori
3035 4234 3357 4289 eruditionis
3395 4243 3657 4304 apparatu
3697 4249 3828 4287 cou-

2236 4328 2404 4395 gessit
2431 4372 2444 4391 ,
2478 4327 2572 4380 sed
2598 4327 2651 4382 in
2683 4342 2785 4396 qua
2817 4327 2981 4381 etiam
3018 4328 3184 4381 multa
3213 4326 3494 4392 invenias,
3527 4343 3646 4395 qum
3676 4340 3833 4397 pres—

2236 4420 2350 4473 sius
2378 4419 2469 4473 ille
2496 4419 2768 4485 absolvit;
2801 4434 2865 4474 ac
2897 4421 3202 4488 prmsertim
3235 4435 3358 4490 quae
3385 4419 3450 4473 ad
3487 4418 3832 4492 Origeuiuno-

535 4512 762 4568 editioni
798 4512 939 4568 dt-sit
974 4529 1188 4580 eorum,
1223 4531 1342 4586 qua:
1388 4527 1442 4571 et
1470 4515 1768 4572 desiderari
1805 4528 1861 4573 et
1903 4518 2128 4587 praeberi
2157 4529 2210 4592 ι)
2237 4527 2353 4564 rum
2381 4526 2592 4578 operum
2623 4512 2776 4565 vices
2809 4513 3083 4580 pertinent
3111 4552 3127 4576 ,
3159 4528 3388 4582 quaeque
3431 4511 3498 4566 ad
3545 4526 3833 4581 persi‘inam

536 4604 712 4658 solent
744 4606 797 4658 in
830 4615 1144 4661 sanctorum
1180 4607 1397 4663 Patrum
1443 4609 1751 4664 novissimis
1777 4609 2128 4666 editionihus.

537 4699 712 4766 Atque
745 4696 860 4752 haec
883 4699 950 4753 de
979 4697 1262 4754 Clu-amatii
1296 4699 1543 4770 Scriptis,
1573 4718 1694 4773 qua:
1726 4702 1830 4757 hoc
1858 4704 2132 4758 volumine

539 4791 888 4859 exhibentur,
914 4792 1092 4863 deque
1121 4803 1382 4862 apparatu
1412 4807 1466 4850 et
1491 4795 1683 4850 ordine
1710 4812 1817 4866 quo
1841 4796 2128 4865 prodeunt.

611 4881 717 4937 Sed
743 4883 869 4952 quid
899 4883 968 4938 de
993 4885 1164 4939 sancti
1190 4885 1475 4940 Chromatii
1507 4889 1652 4953 vita;
1683 4887 1748 4943 de
1778 4897 1936 4942 aetate
1970 4890 2134 4943 nimi-

542 4990 660 5030 rum
693 4991 796 5046 qua
826 4975 1010 5031 floruit
1039 5019 1054 5043 ,
1088 4977 1156 5032 de
1191 4979 1356 5033 rebus
1396 4982 1464 5033 ab
1494 4980 1612 5048 ipso
1641 4981 1809 5050 geSIis
1834 5023 1849 5046 ,
1879 4981 1947 5036 de
1978 4984 2136 5038 annis

543 5082 641 5122 seu
684 5069 811 5123 vita:
854 5085 949 5125 seu
993 5072 1344 5143 episcopatus
1387 5073 1569 5128 illius:
1601 5075 1727 5144 quid
1760 5075 1827 5130 de
1873 5076 2138 5132 Ecclesia:

545 5162 912 5231 Aquileiensis
950 5181 1016 5220 eo
1050 5175 1294 5234 tempore
1323 5175 1465 5220 statu
1495 5210 1510 5234 ,
1546 5168 1776 5236 aliisque
1815 5168 2086 5223 similibus
2115 5211 2131 5236 ,

542 5274 663 5327 qua:
709 5258 761 5312 in
811 5259 1053 5329 quolibet
1105 5268 1324 5315 vetusto
1375 5273 1600 5317 auctore
1651 5261 1847 5331 inquiri
1900 5263 2076 5316 solent
2117 5304 2131 5328 ,

542 5360 705 5421 atque
747 5351 1008 5407 illustrari
1039 5352 1240 5408 debent
1271 5352 1338 5406 ab
1368 5368 1433 5408 eo
1463 5393 1478 5416 ,
1508 5353 1601 5422 qui
1629 5353 1874 5421 ejusdem
1911 5353 2136 5424 Operam

543 5445 802 5500 editionis
833 5461 1021 5500 curam
1064 5445 1366 5517 suscipiat?
1409 5445 1554 5500 Hauc
1587 5456 1829 5515 spartam
1862 5446 2139 5501 duumviri

547 5551 823 5597 nostrates
869 5543 1230 5597 eruditissimi
1271 5581 1287 5606 ,
1337 5541 1483 5596 inter
1540 5541 1839 5608 scriptores
1896 5541 2147 5609 proxime

541 5637 838 5705 praeteritae
878 5637 1059 5690 relatis
1105 5635 1260 5704 primi
1301 5634 1564 5700 subsellii,
1617 5635 1918 5690 ornandam
1957 5651 2146 5694 susce-

541 5729 966 5800 perunt,.lustus
989 5729 2142 5803 FontauinusarchiepiseOpusAncyrauus,

535 5826 591 5874 et
617 5806 932 5877 Bernardus
957 5824 1122 5880 Maria
1139 5815 1430 5880 Uellubeis
1453 5824 1671 5881 Ordinis
1695 5817 2138 5882 Praxdicatbriim.

2237 4603 2412 4674 Ruﬁni
2446 4606 2751 4676 presbyteri
2781 4605 3174 4674 Aquileiensis,
3207 4607 3400 4660 ltorum
3427 4623 3638 4679 operum
3664 4620 3830 4662 causa

2237 4697 2373 4750 adeo
2404 4697 2698 4767 exagimti;
2744 4714 2908 4769 quem
2947 4697 3311 4754 nihilominus
3360 4699 3595 4753 Sanctus
3643 4709 3835 4755 noster

2239 4791 2568 4846 Chromatius
2600 4833 2615 4856 ,
2666 4792 2841 4861 quand
2894 4792 3027 4845 vixit
3059 4834 3072 4857 ,
3119 4807 3335 4862 semper
3363 4791 3607 4862 impense
3637 4792 3828 4847 coluit.

2237 4885 2514 4955 Capitibus
2548 4885 2700 4940 hisce
2729 4885 3180 4941 Monumentorum
3204 4887 3604 4956 Aquileiensium
3629 4887 3835 4958 aliquid

2240 4977 2387 5032 aliud
2418 4993 2483 5032 ex
2514 4977 2707 5033 eodem
2741 4977 2816 5032 De
2845 4977 3049 5032 Ruheis
3087 4978 3432 5045 addidimus;
3482 4995 3605 5050 quae
3637 4994 3836 5048 nempe

2241 5071 2358 5143 ipse
2390 5072 2608 5141 scripsit
2647 5087 2878 5126 numero
2907 5072 2941 5127 5
2970 5081 3025 5126 et
3057 5071 3090 5126 6
3118 5072 3314 5141 capitis
3356 5072 3422 5127 18
3465 5087 3685 5126 suarum
3731 5071 3840 5126 dis-

2240 5169 2576 5224 sertationum
2607 5168 2764 5221 varia:
2784 5165 3110 5231 eruditionis,
3135 5176 3268 5232 etc.,
3301 5181 3422 5236 qua:
3444 5165 3688 5221 Venetiis
3717 5180 3843 5234 pro-

2242 5261 2464 5317 dierunt
2479 5277 2622 5315 anno
2658 5259 2820 5324 1762,
2839 5271 3120 5330 postquam
3148 5260 3363 5315 scilicet
3377 5258 3847 5315 Fontaninianum

2243 5370 2369 5426 Opus
2400 5355 2703 5425 perlegerat
2734 5353 3030 5408 Litterariae
3073 5355 3416 5424 Aquileiensis
3445 5352 3722 5417 Historia;
3750 5352 3844 5406 ubi

2248 5449 2753 5503 animadversiones
2772 5448 2914 5502 illius
2948 5449 3216 5518 intelliges
3245 5463 3506 5518 superea,
3526 5465 3646 5519 quae
3671 5449 3847 5517 scrip.

2253 5554 2400 5600 serat
2428 5544 2768 5599 Fontaninus
2795 5552 2906 5598 tum
2955 5542 3024 5597 de
3074 5541 3356 5596 Chromatii
3400 5542 3740 5597 ordinatione
3789 5543 3846 5597 in

2253 5639 2568 5710 episeopum
2620 5638 3023 5708 Aquileiensem
3056 5677 3072 5701 ,
3125 5646 3238 5690 tum
3269 5637 3338 5692 de
3368 5636 3590 5691 Romani
3618 5635 3849 5706 episcopi

2253 5732 2622 5802 appellatione
2649 5771 2662 5791 .
2696 5746 2798 5800 qua
2829 5727 3158 5807 Chromatius
3184 5727 3421 5784 donatus
3451 5727 3556 5807 fuit
3589 5729 3640 5782 in
3664 5716 3848 5807 prima

2253 5808 2370 5894 ejus
2400 5824 2723 5892 Scriptorum
2755 5803 3055 5877 Basilceusi
3087 5812 3350 5876 editione.
3377 5821 3457 5876 En
3488 5805 3673 5891 itaque
3703 5799 3797 5876 tibi
3827 5851 3845 5887 ο
