4172 6182
341 268 447 327 257

1630 264 2002 326 ΡΒᾹῈΛΤΙΟ
2043 263 2377 325 EDITOBIS.

3531 272 3640 331 258

341 384 798 456 heniguelectur,
823 391 1175 453 prospectum
1198 383 1361 454 hujus
1388 392 1590 440 nostrm
1616 385 1942 458 Scriptorum
1968 393 2021 453 Α
2046 387 2262 457 quando
2312 388 2549 441 fortasse
2599 385 2856 455 conjugio
2904 384 3139 450 vacavit,
3186 384 3263 439 uti
3309 386 3523 441 eruitur
3573 404 3642 443 ex

339 496 431 534 seu
462 478 841 549 Upusculorttm
868 476 1041 531 sancti
1080 476 1361 530 Chromatii
1412 478 1779 547 Aquileiensis
1809 481 1928 549 epi-

341 578 492 640 scopi
518 570 772 625 editionis
797 589 811 625 :
836 585 901 625 en
930 570 1089 624 simul
1121 572 1384 634 rationes,
1413 587 1535 642 qua:
1561 571 1795 627 fortasse
1825 588 1931 626 non

340 665 592 722 inutilem
635 680 855 733 operam
891 673 1132 719 nostram
1158 665 1449 721 ostendent
1477 667 1528 719 in
1560 665 1660 720 hac
1692 666 1933 720 editione

339 759 693 823 adornanda;
743 773 973 828 quaeque
1022 759 1147 812 novi
1206 758 1409 828 aliquid
1459 757 1863 829 quodammodo
1902 774 1931 813 a

340 854 503 911 nobis
532 854 715 908 datum
750 851 918 907 fuisse
950 852 1367 922 sigtttftcabunt,
1404 853 1619 908 etiamsi
1653 869 1758 907 non
1791 866 1932 906 nova

340 948 643 1003 tulerimus.

407 1040 506 1094 llic
531 1039 737 1094 exitum
770 1039 974 1095 habere
998 1047 1187 1111 posset
1213 1040 1328 1094 lucc
1362 1038 1682 1109 prmlocutio
1713 1046 1930 1093 nostra:

339 1133 431 1191 sed
484 1149 553 1189 ne
600 1150 825 1203 prorsus
852 1150 880 1186 a
912 1134 1075 1189 nobis
1122 1134 1383 1189 intactum
1416 1143 1793 1203 argumentum
1828 1132 1934 1187 ltoc

338 1227 621 1291 videatur;
652 1238 703 1282 et
732 1227 878 1294 quia,
915 1238 1037 1296 post
1062 1243 1123 1282 ea
1154 1242 1275 1296 qua:
1308 1225 1646 1280 Fontaninus
1668 1234 1833 1295 atque
1860 1226 1934 1280 De

342 1320 543 1377 Rubeis
568 1322 1073 1376 adillustrationem
1100 1322 1244 1375 illius
1271 1321 1651 1383 contulerunt,
1671 1319 1933 1374 nonnulla

338 1432 551 1488 quoque
571 1428 887 1486 supersunt,
920 1432 1040 1485 qua:
1070 1416 1259 1485 aliquo
1292 1414 1456 1468 modo
1490 1414 1750 1484 perpendi
1773 1423 1934 1481 atque

338 1510 599 1565 illusuari
632 1520 946 1572 merentur;
975 1523 1082 1562 non
1104 1520 1328 1577 gravate
1356 1508 1498 1560 leras
1524 1547 1539 1571 ,
1566 1506 1610 1559 si
1640 1547 1655 1569 ,
1686 1507 1935 1571 quamvis

341 1604 499 1656 tantis
528 1606 684 1671 longe
718 1603 952 1669 impares
985 1601 1115 1654 viris
1156 1600 1245 1669 qui
1286 1615 1387 1653 nos
1420 1601 1474 1653 in
1517 1599 1616 1652 hac
1644 1599 1761 1652 alea
1792 1614 1935 1667 pra:-

338 1702 640 1758 cesserunt,
676 1694 880 1763 aliquid
915 1708 1013 1745 nos
1037 1708 1255 1762 quoque
1283 1692 1613 1761 arripiamus
1636 1733 1650 1756 ,
1677 1691 1762 1745 vel
1790 1689 1934 1761 quod

2035 489 2226 533 sancto
2293 478 2616 543 Ambrosio;
2674 477 2819 548 quod
2873 478 2982 533 dici
3036 479 3227 549 nequit
3280 478 3349 533 de
3419 477 3645 534 Eusebio

2035 569 2321 626 (ihromatii
2368 572 2540 627 nostri
2586 571 2778 637 fratre,
2809 572 3255 641 tiuaItquuident
3306 573 3418 626 duo
3452 572 3504 627 hi
3535 572 3646 626 fra-

2037 674 2149 721 tres
2174 684 2199 718 :t
2230 666 2357 721 divo
2391 667 2733 739 llieronymo
2765 667 3141 735 appellantur.
3173 668 3405 738 gnuiuus
3434 667 3647 725 Samuel

2033 761 2257 812 nutritus
2282 760 2335 812 in
2359 760 2569 829 templo,
2600 759 2842 829 Epistola
2874 760 2985 823 \‘Il,
3022 760 3073 813 in
3096 760 3338 815 editione
3362 758 3641 827 Vallarsii,

2034 852 2104 906 ad
2144 852 2525 916 Chromatium,
2559 851 2828 920 Iovinum,
2863 864 2909 907 et
2939 852 3239 921 Eusebium,
3282 870 3404 925 qth
3449 854 3517 910 ad
3548 870 3645 911 an-

2034 962 2162 1001 num
2198 946 2436 1003 refertur
2465 948 2589 1002 575.
2617 948 2767 1003 Duos
2800 948 3049 1003 Eusebius
3082 950 3465 1005 Bononienses
3493 950 3644 1020 ejus-

2034 1040 2157 1094 dem
2205 1042 2382 1095 (etatis
2432 1050 2727 1096 numerant
2762 1042 2963 1097 eruditi
3018 1043 3359 1099 Benedictini
3400 1045 3645 1101 editores

2039 1131 2265 1205 Operam
2290 1135 2463 1189 sancti
2490 1136 2764 1189 Ambrosii
2800 1136 3228 1191 Mediolanensis
3272 1138 3542 1208 episcopi,
3567 1139 3645 1194 al-

2035 1236 2211 1282 terum
2239 1232 2475 1283 nobilem
2506 1229 2680 1284 civem
2710 1244 3007 1286 uxoratum
3040 1246 3166 1286 cum
3200 1233 3378 1303 prole,
3409 1249 3643 1303 quocum

2036 1320 2463 1376 familiaritatem
2493 1322 2714 1378 colebat
2754 1324 2872 1390 ipse
2894 1324 3131 1380 Sanctus
3158 1324 3376 1393 doctor,
3409 1328 3643 1382 alterum

2036 1430 2170 1470 vero
2221 1415 2627 1472 Bononiensem
2675 1416 3017 1486 episc0pum.
3069 1418 3127 1473 ln
3195 1420 3299 1474 hac
3352 1419 3648 1491 hypothesi

2037 1518 2286 1563 cessaret
2340 1508 2475 1581 [xxi]
2514 1510 2854 1566 Tillemontii
2904 1511 3231 1577 difficultas;
3284 1524 3337 1567 et
3388 1512 3645 1567 Eusebius

2038 1607 2329 1673 episcopus
2379 1605 2743 1659 Boiioniensis
2798 1614 2990 1674 posset
3040 1621 3162 1660 esse
3218 1604 3472 1660 Eusebius
3529 1605 3649 1676 ipse

2039 1697 2327 1753 Chromatii
2373 1701 2546 1755 nostri
2578 1702 2766 1755 frater.
2808 1701 2942 1769 Quis
2976 1710 3158 1757 tamen
3199 1700 3302 1757 hoc
3334 1702 3496 1757 unico
3527 1701 3651 1757 fun-

338 1802 523 1842 eornm
556 1785 807 1855 effugerit
830 1785 1198 1856 diligentiam,
1233 1787 1316 1840 vel
1347 1785 1492 1854 quod
1523 1786 1591 1839 ab
1624 1785 1758 1854 ipsis
1781 1824 1797 1850 .
1835 1800 1934 1855 Pro
1965 1787 2013 1847 B
2040 1792 2296 1847 damento
2333 1803 2549 1849 asserat
2590 1794 2845 1849 eumdem
2889 1809 3084 1864 reapse
3118 1794 3289 1850 fuisse
3322 1797 3650 1867 episcopum

338 1886 584 1945 tempore
612 1894 723 1949 quo
752 1879 1065 1933 scribebant
1090 1919 1105 1942 ,
1150 1888 1241 1933 aut
1266 1895 1374 1933 non
1400 1878 1563 1945 satis,
1589 1889 1683 1933 aut
1710 1879 1936 1935 minime

338 1987 562 2044 prorsus
600 1976 919 2043 pertractari
950 1975 1213 2043 potuerit.

409 2066 527 2122 Uta
557 2066 839 2122 Chramatii
865 2068 1063 2122 familia
1095 2069 1433 2137 incipiamus,
1462 2070 1516 2125 in
1545 2085 1647 2140 qua
1678 2070 1787 2125 duo
1813 2080 1935 2125 lano

346 2170 459 2216 tum
506 2166 701 2217 fratres
730 2204 744 2227 ,
792 2161 1119 2217 Chromatius
1146 2172 1203 2218 et
1230 2163 1487 2219 Eusebius
1514 2206 1529 2229 ,
1581 2166 1787 2236 absque
1825 2166 1938 2219 ullo

346 2258 509 2312 tertio
527 2273 795 2329 anonymo
814 2275 977 2329 quem
1002 2257 1113 2331 [xv]
1128 2260 1382 2314 voluerat
1412 2258 1755 2314 Fontaninns
1772 2276 1786 2325 ;
1804 2258 1936 2329 quid

342 2351 676 2407 censendum
729 2352 796 2405 de
850 2349 1098 2413 Eusebio,
1154 2368 1318 2422 quem
1373 2362 1591 2408 constat
1639 2353 1937 2407 diaconum

344 2444 511 2500 fuisse
548 2445 981 2514 Aquileiensent,
1013 2447 1141 2501 dum
1176 2448 1468 2518 presbyter
1507 2456 1655 2504 esset
1692 2447 1940 2503 Chroma-

347 2540 469 2604 tius,
511 2555 575 2594 ac
606 2551 792 2609 postea
829 2542 1181 2612 episcopatus
1220 2543 1430 2597 honore
1467 2545 1843 2599 cumulatum?
1882 2544 1939 2599 Id

348 2649 543 2703 nempe
578 2644 813 2689 testatur
843 2636 1069 2690 Rufinus
1091 2636 1362 2709 Apologia:
1388 2638 1441 2690 in
1481 2648 1719 2691 sanctum
1755 2636 1941 2691 Hiero-

349 2750 557 2803 nymum
600 2734 742 2789 ltbro
788 2749 823 2797 t,
869 2749 1019 2787 num.
1052 2734 1107 2799 4,
1140 2734 1387 2789 scribens
1432 2750 1444 2787 :
1493 2754 1510 2786 ‹
1563 2734 1775 2805 Ego....
1810 2743 1940 2789 ante

349 2843 521 2882 annos
546 2827 663 2882 fere
693 2826 1012 2898 triginta....
1044 2843 1141 2895 per
1160 2827 1389 2897 gratiam
1420 2827 1672 2898 baptismi
1706 2841 1942 2897 regene-

350 2928 522 2984 ratus,
553 2921 890 2990 signaculum’
924 2918 1049 2974 fidei
1080 2930 1412 2978 consecutus
1442 2936 1559 2974 sum
1594 2936 1695 2991 per
1722 2932 1942 2977 sanctos

351 3013 499 3068 viros
527 3012 926 3079 Chromatium,
949 3012 1227 3078 Jovinum,
1252 3023 1309 3068 et
1328 3013 1651 3081 Eusebium,
1678 3014 1943 3083 opinatis-

353 3107 524 3162 sitnos
563 3116 616 3161 et
654 3107 1077 3177 probatissimos
1123 3107 1173 3161 in
1215 3106 1471 3162 Ecclesia
1504 3108 1597 3162 Dei
1630 3109 1939 3179 episcopos,

2041 1885 2489 1942 Bononiensem?

2110 1976 2460 2033 Clarissintns
2525 1990 2713 2037 noster
2764 1982 3094 2036 Franciscus
3153 1995 3340 2036 comes
3398 1980 3646 2049 Florius,

2040 2086 2202 2141 quem
2227 2073 2478 2140 superius
2502 2074 2946 2139 memoravimus,
2990 2074 3042 2127 in
3090 2073 3323 2143 quadam
3362 2072 3651 2129 Notatiotte

2042 2166 2110 2220 ad
2143 2166 2489 2221 Bachiarinm
2519 2168 2588 2222 ab
2628 2170 2745 2237 ipso
2786 2167 2975 2223 Roma:
3025 2167 3259 2232 editum,
3293 2181 3440 2222 anno
3488 2166 3649 2235 1748,

2041 2277 2165 2334 pag.
2190 2264 2279 2326 ὺ7,
2307 2264 2704 2332 proclivitatem
2726 2263 3021 2333 quamdam
3046 2263 3291 2317 Ostendit
3313 2262 3648 2333 agnoscendi

2043 2357 2096 2411 in
2131 2356 2355 2410 Eusebio
2385 2357 2647 2428 episcopo
2676 2357 3005 2413 Bononiensi
3039 2355 3326 2412 Eusebium
3359 2354 3652 2411 Chromatii

2043 2454 2218 2508 neStri
2253 2454 2502 2521 fratrem,
2532 2454 2813 2509 scribens:
2853 2472 2872 2505 ι
2903 2453 3252 2509 Chromatius
3280 2450 3651 2523 Aquileiensis

2042 2547 2310 2603 Ecclesiae
2341 2549 2651 2619 presbyter,
2677 2557 2731 2603 et
2760 2547 3031 2603 Eusebius
3060 2547 3203 2603 illius
3235 2547 3406 2601 frater
3434 2544 3649 2602 diaconi

2043 2655 2273 2694 munere
2302 2639 2691 2710 ittsigttittts....
2720 2649 3051 2710 uterque....
3075 2639 3448 2710 episcopalem
3471 2637 3649 2709 digni-

2044 2741 2211 2787 tatem
2235 2732 2465 2802 adeptus
2496 2741 2615 2787 est:
2651 2733 2805 2803 prior
2836 2733 3097 2787 nimirum
3132 2732 3420 2788 Valeriano
3458 2743 3649 2786 nostro

2044 2826 2342 2889 successit;
2374 2826 2515 2881 alter
2541 2840 2677 2880 vero
2707 2826 2900 2879 incerti
2935 2826 3175 2879 nominis
3201 2824 3648 2895 Ecclesiam(nisi

2044 2916 2413 2971 Bononiensis
2460 2915 2646 2987 fuerit)
2684 2916 3032 2971 sanctissime
3066 2916 3228 2971 rexit.
3269 2935 3287 2968 ι
3332 2913 3649 2983 Quinimmo

2046 3027 2112 3067 ex
2140 3012 2359 3067 schedis
2398 3012 2591 3082 ipsius,
2623 3027 2745 3081 qua:
2790 3024 3086 3082 supersunt
3124 3010 3265 3081 apud
3298 3009 3538 3065 nobilem
3569 3010 3649 3065 vi-

2047 3122 2169 3160 rum
2202 3106 2460 3161 comitem
2493 3106 2799 3177 Philippum
2848 3107 3119 3172 Florium,
3167 3106 3414 3176 ejusdem
3463 3103 3649 3163 fratris

354 3215 578 3271 quorum
608 3201 748 3255 alter
778 3208 905 3254 tunc
942 3200 1226 3271 presbyter
1256 3200 1426 3255 beata:
1470 3204 1751 3258 inemorim
1781 3204 1942 3260 Valc-
1972 3186 2018 3250 C
2052 3199 2219 3253 liliutn
2253 3200 2612 3270 ejusdemque
2641 3199 2971 3254 eruditionis
3004 3199 3307 3263 hmredem,
3344 3212 3507 3268 quem
3546 3197 3649 3253 ho-

356 3295 491 3349 riani
513 3337 527 3359 ,
551 3297 693 3351 alter
713 3294 1161 3359 archidiaconus,
1192 3295 1329 3350 alius
1354 3297 1643 3362 diaconus,
1672 3299 1946 3371 simulque

356 3398 508 3459 pater
539 3388 669 3443 mihi
712 3399 765 3443 et
805 3388 997 3443 doctor
1025 3388 1273 3461 Symboli
1316 3406 1377 3445 ac
1409 3391 1565 3448 Fidei
1610 3392 1732 3447 fttit.
1772 3415 1789 3445 ι
1820 3394 1947 3450 ΙΙωο

354 3482 633 3537 scribebat
660 3480 883 3537 Rufinus
913 3497 1061 3536 anno
1104 3483 1321 3539 circiter
1350 3485 1457 3539 400
1495 3496 1587 3540 aut
1619 3486 1746 3555 401,
1783 3488 1947 3557 juxta

357 3575 437 3629 De
465 3575 670 3629 Bubeis
697 3573 751 3628 in
785 3575 1173 3631 dissertatione
1204 3576 1268 3632 de
1296 3577 1510 3647 Ruﬁno,
1535 3581 1710 3649 capite
1743 3581 1775 3633 5
1807 3588 1861 3635 et
1889 3582 1944 3634 4.

358 3667 582 3723 Facmm
613 3668 817 3724 idcirco
844 3670 1190 3738 baptismatis
1219 3672 1325 3736 sui,
1373 3672 1517 3741 quod
1570 3674 1840 3743 Aquileia:
1874 3674 1952 3728 lo-

357 3777 477 3817 cum
533 3762 790 3818 habuisse
830 3763 1027 3819 scribit
1060 3773 1177 3818 ante
1214 3780 1377 3818 annos
1418 3768 1523 3834 fere
1564 3766 1796 3836 triginta.
1842 3782 1951 3837 quo

357 3864 604 3926 tempore
660 3855 927 3911 diaconus
982 3867 1099 3911 erat
1157 3855 1410 3911 Eusebius
1483 3856 1769 3912 Chromatii
1822 3868 1951 3915 tunc

358 3949 664 4019 presbyteri
692 3949 883 4012 frater,
914 3947 979 4002 ad
1023 3964 1224 4003 annum
1259 3948 1512 4025 pertinet,
1548 3958 1607 4004 ut
1633 3959 1780 4005 recte
1809 3951 1950 4008 idem

362 4040 442 4095 De
473 4041 671 4098 Bubeis
701 4043 1039 4114 supputavit,
1064 4044 1163 4098 571
1200 4044 1285 4099 vel
1316 4045 1444 4099 572.
1478 4043 1610 4100 Post
1654 4045 1756 4099 hoc
1790 4045 1954 4117 igitur

360 4134 586 4201 factum,
609 4149 735 4191 cum
765 4138 1052 4206 episcOpus
1074 4146 1295 4192 creatus
1318 4136 1502 4204 fuerit,
1522 4140 1674 4208 juxta
1697 4138 1953 4193 Rufinum

361 4231 561 4300 ipsum,
592 4231 754 4285 etiam
800 4230 1050 4285 Eusebius
1073 4249 1091 4285 :
1135 4231 1290 4301 cujus
1320 4232 1489 4299 sedis,
1528 4244 1621 4287 aut
1668 4233 1825 4303 cujus
1854 4234 1955 4289 loci

361 4326 655 4394 episcOpus
685 4327 995 4381 censendus
1036 4327 1153 4396 ipse
1203 4327 1329 4381 est?
1368 4326 1627 4381 Sanctum
1677 4325 1957 4379 Eusebium

360 4418 767 4473 Bononiensem
813 4418 1130 4488 episc0pum
1172 4418 1488 4474 interfuisse
1518 4418 1757 4474 concilio
1788 4418 1957 4489 Aqui.

363 4510 556 4567 leiensi
590 4510 777 4565 habito
811 4510 912 4566 sub
941 4522 1134 4566 sancto
1172 4511 1464 4567 Valeriano
1507 4512 1772 4583 episcopo
1812 4525 1957 4566 anno

2052 3295 2199 3345 noris
2225 3300 2277 3346 et
2306 3293 2441 3361 grati
2472 3292 2640 3347 animi
2671 3306 2833 3347 causa
2864 3290 2955 3346 ltic
2987 3294 3358 3358 nominamus;
3392 3307 3459 3347 ex
3484 3291 3650 3348 Sebe-

2049 3386 2149 3453 dis,
2178 3386 2420 3458 inquam,
2454 3384 2627 3455 ipsius
2653 3397 2841 3456 aperte
2868 3386 3228 3457 intelligimus
3251 3385 3508 3441 eumdem
3531 3400 3655 3455 pos-

2053 3488 2137 3533 tea
2166 3478 2567 3547 proclivitatem
2601 3478 2747 3532 illam
2774 3494 2928 3533 suam
2957 3480 3027 3532 ita
3054 3477 3398 3541 extendisse,
3429 3486 3484 3532 ut
3513 3492 3653 3549 pene

2053 3586 2151 3641 pro
2184 3582 2335 3626 certo
2362 3572 2640 3637 habuerit,
2676 3570 2963 3626 Eusebium
3006 3572 3294 3628 Chromatii
3325 3573 3497 3628 nostri
3545 3572 3659 3628 fra-

2053 3675 2212 3731 trem,
2245 3666 2411 3719 fuisse
2444 3664 2722 3719 Eusebium
2752 3667 2928 3735 ipsum
2974 3665 3294 3735 episCOpum
3342 3665 3656 3720 Bononien-

2052 3775 2216 3816 sem:
2274 3760 2347 3813 ita
2389 3760 2533 3813 enim
2590 3775 2753 3814 manu
2789 3761 3007 3829 propria
3064 3761 3327 3830 scriptum
3386 3760 3654 3830 reliquit:

2062 3874 2079 3907 ‹
2125 3854 2191 3909 Mi
2216 3855 2245 3909 ἑ
2268 3862 2470 3909 venuto
2502 3856 2554 3908 in
2581 3855 2834 3924 pensiero
2865 3855 2918 3908 di
2950 3854 3148 3909 render
3178 3855 3367 3924 palese
3392 3871 3461 3910 un
3489 3870 3656 3910 orna-

2054 3956 2238 4004 mento
2272 3948 2415 4003 della
2465 3947 2657 4003 Chiesa
2705 3948 2759 4001 di
2794 3947 3059 4017 Bologna,
3089 3947 3299 4004 benché
3342 3948 3483 4003 assai
3514 3947 3655 4005 ricca

2055 4043 2109 4098 di
2148 4042 2351 4098 antichi
2404 4058 2435 4098 e
2476 4042 2665 4099 nuovi.
2715 4042 2798 4097 Ma
2846 4044 2932 4099 nel
2974 4054 3159 4113 tempo
3202 4052 3383 4099 stesso
3438 4043 3657 4100 ciascttu

2056 4138 2243 4204 vedrit,
2270 4137 2369 4193 che
2399 4153 2562 4194 senza
2596 4137 2763 4193 oll'csa
2793 4138 2877 4193 del
2914 4153 3046 4192 vero
3077 4137 3130 4192 io
3167 4153 3347 4203 servo,
3379 4136 3654 4205 ditocosi,

2059 4234 2163 4288 alla
2196 4233 2305 4288 mia
2335 4248 2521 4297 causa,
2547 4232 2613 4288 ed
2646 4233 2992 4302 adempioun
3027 4232 3213 4288 uflicio
3244 4233 3299 4287 di
3322 4233 3469 4303 picta
3498 4247 3662 4288 uerso

2058 4325 2237 4395 quella
2281 4325 2621 4379 nobilissima
2654 4324 2851 4381 Chiesa
2882 4326 2983 4381 che
3011 4326 3077 4381 da
3108 4342 3240 4397 gran
3283 4336 3466 4396 tempo
3501 4326 3573 4381 mi
3607 4326 3659 4379 ftt

2060 4416 2273 4482 madre,
2307 4432 2337 4473 e
2365 4416 2466 4472 che
2495 4418 2568 4472 mi
2598 4418 2756 4474 DOdI'l
2788 4418 2966 4474 linché
2994 4419 3160 4476 visse.
3192 4417 3248 4473 ln
3280 4419 3453 4488 poclte
3477 4419 3663 4488 parole

2062 4509 2114 4564 io
2148 4525 2428 4580 prapongo
2465 4510 2511 4565 la
2546 4511 2651 4565 mia
2684 4520 3034 4582 congettura.
3071 4510 3243 4568 Santo
3276 4511 3513 4567 Eusebio
3540 4526 3663 4567 ves-

363 4604 495 4669 38l,
541 4603 808 4659 adversus
848 4604 1148 4659 Palladium
1190 4614 1244 4660 et
1286 4575 1959 4662 Secundianum-Arianos
1984 4575 2039 4635 D
2062 4575 2203 4657 covo
2234 4575 2285 4656 di
2314 4575 2554 4673 Bologna
2582 4602 2615 4659 ἑ
2643 4575 3048 4674 (ιιιειιῖιὲυδειιίο
3078 4604 3372 4659 diacouodi
3392 4605 3664 4675 Aquileja,

363 4699 679 4770 episcopos,
712 4700 763 4753 in
796 4714 903 4770 quo
940 4698 1273 4754 Chromatius
1316 4715 1539 4771 quoque
1577 4699 1758 4756 adhuc
1806 4716 1961 4771 pres-

362 4791 524 4862 byter
562 4791 932 4862 Aquileiensis
978 4794 1190 4855 aderat,
1242 4803 1457 4847 constat
1500 4808 1566 4848 ex
1607 4793 1760 4848 Actis
1812 4793 1961 4849 illius

366 4884 607 4948 concilii,
637 4899 759 4955 quae
783 4892 999 4939 exstant
1030 4895 1179 4940 l0tll0
1212 4885 1251 4939 ll
1278 4883 1517 4956 Operum
1544 4887 1961 4943 sanctiAmbro-

366 4976 435 5032 sii
464 4976 720 5032 editionis
746 4976 1077 5033 Parisiensis
1105 4978 1510 5046 Maurinorum,
1531 4988 1587 5035 et
1616 4981 1669 5034 in
1696 4980 1965 5035 concilio-

367 5086 490 5125 rum
548 5072 998 5128 Collectionihus.
1053 5073 1315 5129 Fueritne
1379 5073 1542 5143 igitur
1600 5074 1965 5129 Bononiensis

371 5165 639 5221 Ecclesia:
660 5168 953 5237 episcopus
974 5168 1145 5223 frater
1161 5167 1447 5224 Chromatii
1473 5170 1643 5223 nostri
1676 5168 1966 5222 Eusebius?

368 5256 429 5312 Si
483 5259 621 5314 ratio
678 5261 938 5330 temporis
988 5261 1272 5327 habeatur,
1329 5263 1509 5333 inquit
1556 5261 1963 5329 Tillemoniitts,

373 5350 651 5408 Memoires
680 5372 812 5423 pour
844 5356 1000 5409 seruit
1028 5357 1059 5409 ὰ
1091 5355 1369 5410 l‘llisloire
1396 5356 1794 5424 ccclésiastiquc,
1831 5363 1964 5421 etc.,

371 5454 523 5499 toruo
552 5446 649 5508 XI.
680 5458 806 5504 nota
832 5453 883 5515 l,
909 5450 975 5503 ad
1017 5458 1266 5504 sanctum
1300 5448 1675 5506 Chromatium.
1719 5447 1851 5502 nihil
1885 5456 1969 5504 est

374 5540 515 5609 quod
561 5550 713 5595 vetet
752 5541 855 5597 hoc
882 5543 1030 5597 credi
1067 5556 1226 5605 posse
1262 5559 1274 5595 :
1304 5541 1422 5611 ipse
1455 5550 1639 5595 tamen
1672 5542 1971 5595 arbitratur

375 5632 661 5689 Chromatii
738 5635 910 5689 nostri
969 5634 1252 5691 Eusebium
1323 5635 1573 5700 fratrem,
1628 5650 1970 5706 nequaquam

373 5729 543 5785 fuisse
573 5728 859 5784 Eusebium
890 5732 1205 5802 episcopum
1236 5730 1667 5796 Bononiensem,
1696 5746 1757 5783 ea
1777 5730 1971 5784 ductus

375 5823 613 5892 ratione,
646 5822 791 5894 quod
838 5821 1090 5879 Eusebius
1137 5824 1503 5881 Bononiensis
1530 5823 1823 5895 episcopus
1860 5823 1972 5877 ali-

2063 4696 2117 4752 di
2147 4697 2233 4751 cui
2259 4699 2510 4767 parlano,
2542 4712 2699 4753 come
2742 4697 3027 4762 vedremo,
3051 4712 3153 4752 con
3195 4698 3361 4752 molta
3397 4697 3521 4751 lode
3563 4712 3661 4752 satt

2064 4788 2345 4845 Girolamo
2374 4805 2404 4843 e
2442 4789 2661 4843 Ruﬁno.
2694 4788 2858 4844 Nulla
2897 4789 2949 4843 vi
3000 4790 3091 4857 ha,
3122 4790 3223 4846 che
3254 4792 3298 4844 si
3342 4805 3591 4862 opponga
3633 4806 3664 4847 a

2064 4892 2253 4953 questa
2287 4890 2638 4948 congetlura;
2672 4898 2701 4937 e
2734 4882 2899 4937 molle
2924 4881 3297 4937 osservazioni
3319 4898 3668 4938 concorrono

2065 4990 2095 5030 a
2125 4976 2381 5031 renderla
2414 4977 2556 5030 assai
2586 4976 2908 5031 verisimile.
2962 4994 2979 5028 ι
3018 4975 3097 5031 En
3139 4976 3327 5047 itaque
3354 4978 3667 5048 opinioiiem

2064 5068 2165 5123 viri
2202 5069 2495 5123 clarissimi
2528 5070 2736 5139 scripto
2776 5067 3131 5140 patefactam,
3162 5078 3217 5124 et
3262 5070 3334 5125 ita
3381 5066 3668 5140 prolatam,

2068 5172 2128 5217 ttt
2151 5164 2282 5217 satis
2310 5162 2696 5227 declaraverit,
2730 5178 2789 5218 se
2816 5178 2929 5219 rem
2960 5163 3069 5233 jatu
3105 5174 3236 5220 tunc
3268 5164 3512 5219 funditus
3542 5180 3669 5234 pcr-

2068 5258 2347 5327 pendisse,
2388 5256 2632 5328 nihilque
2666 5257 2746 5311 illi
2769 5258 3041 5326 reliquum
3067 5258 3255 5323 fuisse,
3281 5275 3440 5330 quant
3463 5275 3524 5313 ea
3545 5272 3670 5328 pro-

2072 5369 2275 5423 ponere
2310 5363 2649 5423 argumenta,
2701 5354 3003 5424 quasillum
3052 5354 3118 5409 ad
3164 5358 3419 5411 eamdem
3470 5351 3675 5423 ample-

2072 5446 2305 5501 xandam
2339 5446 2687 5513 induxerant;
2718 5448 2863 5518 quod
2909 5446 3062 5503 curis
3103 5448 3223 5502 aliis
3277 5446 3463 5516 procul
3504 5446 3673 5500 dubio

2071 5542 2367 5611 impeditus
2390 5558 2499 5597 non
2528 5542 2677 5607 fecit,
2712 5544 2814 5597 nisi
2851 5544 3029 5613 potius
3053 5543 3401 5597 intercidisse
3427 5540 3676 5595 dicamus

2073 5638 2217 5707 quod
2250 5654 2418 5709 super
2450 5637 2551 5694 hac
2598 5654 2658 5694 re
2688 5638 3088 5694 lucubraverat.
3138 5636 3295 5691 Tanti
3328 5636 3426 5688 viri
3461 5634 3675 5699 Opinio-

2076 5746 2199 5786 nem
2234 5749 2332 5788 nos
2363 5749 2581 5802 quoque
2613 5734 2850 5788 libenter
2876 5731 3275 5801 amplectimur,
3309 5728 3379 5781 ab
3399 5745 3461 5783 ea
3491 5728 3682 5787 mode-

2078 5827 2290 5880 ratione
2311 5825 2531 5881 minime
2559 5835 2862 5895 separatam
2894 5839 3000 5894 qua
3030 5833 3223 5878 auctor
3249 5837 3382 5880 usus
3408 5820 3532 5896 fuit,
3561 5840 3685 5879 cou-
