  <div class='ocr_page' id='page_1' title='image "/cluster/home/n/w/nwhite01/storage/ocr_20150623/20/hvd.32044096580469/135.png"; bbox 0 0 4270 6176; ppageno 0'>
   <div class='ocr_carea' id='block_1_1' title="bbox 547 219 652 280">
    <p class='ocr_par' dir='ltr' id='par_1_1' title="bbox 547 219 652 280">
     <span class='ocr_line' id='line_1_1' title="bbox 547 219 652 280; baseline -0.038 -2"><span class='ocrx_word' id='word_1_1' title='bbox 547 219 652 280; x_wconf 66' lang='lat'><strong>959</strong></span> 
     </span>
    </p>
   </div>
   <div class='ocr_carea' id='block_1_2' title="bbox 1551 199 2795 282">
    <p class='ocr_par' dir='ltr' id='par_1_2' title="bbox 1551 199 2795 282">
     <span class='ocr_line' id='line_1_2' title="bbox 1551 199 2795 282; baseline -0.01 -6"><span class='ocrx_word' id='word_1_2' title='bbox 1551 217 1608 276; x_wconf 78' lang='grc' dir='ltr'><strong>Β.</strong></span> <span class='ocrx_word' id='word_1_3' title='bbox 1651 199 2101 274; x_wconf 75' lang='lat' dir='ltr'><strong>CllROMATIUS</strong></span> <span class='ocrx_word' id='word_1_4' title='bbox 2145 210 2248 269; x_wconf 82' lang='grc' dir='ltr'><strong>ΕΡ.</strong></span> <span class='ocrx_word' id='word_1_5' title='bbox 2293 207 2795 282; x_wconf 79' lang='lat' dir='ltr'><strong>AQUILEIENSIS.</strong></span> 
     </span>
    </p>
   </div>
   <div class='ocr_carea' id='block_1_3' title="bbox 3741 190 3850 270">
    <p class='ocr_par' dir='ltr' id='par_1_3' title="bbox 3741 190 3850 270">
     <span class='ocr_line' id='line_1_3' title="bbox 3741 190 3850 270; baseline 0 -2"><span class='ocrx_word' id='word_1_6' title='bbox 3741 190 3850 270; x_wconf 69' lang='lat' dir='ltr'><strong>asa</strong></span> 
     </span>
    </p>
   </div>
   <div class='ocr_carea' id='block_1_4' title="bbox 539 318 3848 406">
    <p class='ocr_par' dir='ltr' id='par_1_4' title="bbox 539 318 3848 406">
     <span class='ocr_line' id='line_1_4' title="bbox 539 318 3848 406; baseline -0.004 -18"><span class='ocrx_word' id='word_1_7' title='bbox 539 332 957 406; x_wconf 80' lang='lat' dir='ltr'><strong>jecturamillam</strong></span> <span class='ocrx_word' id='word_1_8' title='bbox 988 332 1376 403; x_wconf 78' lang='lat' dir='ltr'><strong>appellanszet</strong></span> <span class='ocrx_word' id='word_1_9' title='bbox 1401 330 1613 384; x_wconf 76' lang='lat' dir='ltr'><strong>interim</strong></span> <span class='ocrx_word' id='word_1_10' title='bbox 1635 328 1936 382; x_wconf 86' lang='lat' dir='ltr'><strong>Chromatio</strong></span> <span class='ocrx_word' id='word_1_11' title='bbox 1954 333 2144 380; x_wconf 89' lang='lat' dir='ltr'><strong>nostro</strong></span> <span class='ocrx_word' id='word_1_12' title='bbox 2175 329 2226 392; x_wconf 80' lang='grc' dir='ltr'>Α</span> <span class='ocrx_word' id='word_1_13' title='bbox 2253 322 2525 377; x_wconf 76' lang='lat' dir='ltr'><strong>Eusebium</strong></span> <span class='ocrx_word' id='word_1_14' title='bbox 2559 321 2842 378; x_wconf 82' lang='lat' dir='ltr'><strong>Chromatii</strong></span> <span class='ocrx_word' id='word_1_15' title='bbox 2879 319 3106 376; x_wconf 77' lang='lat' dir='ltr'><strong>fratrem</strong></span> <span class='ocrx_word' id='word_1_16' title='bbox 3133 319 3539 376; x_wconf 78' lang='lat' dir='ltr'><strong>existimemus.</strong></span> <span class='ocrx_word' id='word_1_17' title='bbox 3574 318 3715 389; x_wconf 86' lang='lat' dir='ltr'><strong>Quid</strong></span> <span class='ocrx_word' id='word_1_18' title='bbox 3750 323 3848 391; x_wconf 83' lang='lat' dir='ltr'><strong>igi-</strong></span> 
     </span>
    </p>
   </div>
   <div class='ocr_carea' id='block_1_5' title="bbox 549 421 2142 500">
    <p class='ocr_par' dir='ltr' id='par_1_5' title="bbox 549 421 2142 500">
     <span class='ocr_line' id='line_1_5' title="bbox 549 421 2142 500; baseline -0.006 -18"><span class='ocrx_word' id='word_1_19' title='bbox 549 428 814 500; x_wconf 60' lang='lat' dir='ltr'><strong>nobisque</strong></span> <span class='ocrx_word' id='word_1_20' title='bbox 834 429 1171 499; x_wconf 90' lang='lat' dir='ltr'><strong>gratulamur</strong></span> <span class='ocrx_word' id='word_1_21' title='bbox 1196 427 1262 480; x_wconf 90' lang='lat' dir='ltr'><strong>de</strong></span> <span class='ocrx_word' id='word_1_22' title='bbox 1288 423 1494 479; x_wconf 80' lang='lat' dir='ltr'><strong>Eusebii</strong></span> <span class='ocrx_word' id='word_1_23' title='bbox 1522 423 1706 494; x_wconf 85' lang='lat' dir='ltr'><strong>hujus,</strong></span> <span class='ocrx_word' id='word_1_24' title='bbox 1726 421 1984 477; x_wconf 81' lang='lat' dir='ltr'><strong>similiter</strong></span> <span class='ocrx_word' id='word_1_25' title='bbox 2015 435 2142 474; x_wconf 78' lang='lat' dir='ltr'><strong>nt-s-</strong></span> 
     </span>
    </p>
   </div>
   <div class='ocr_carea' id='block_1_6' title="bbox 547 513 2144 588">
    <p class='ocr_par' dir='ltr' id='par_1_6' title="bbox 547 513 2144 588">
     <span class='ocr_line' id='line_1_6' title="bbox 547 513 2144 588; baseline -0.008 -10"><span class='ocrx_word' id='word_1_26' title='bbox 547 525 638 588; x_wconf 91' lang='lat' dir='ltr'><strong>tri,</strong></span> <span class='ocrx_word' id='word_1_27' title='bbox 671 526 987 586; x_wconf 78' lang='lat' dir='ltr'><strong>sanctitate;</strong></span> <span class='ocrx_word' id='word_1_28' title='bbox 1011 523 1150 574; x_wconf 82' lang='lat' dir='ltr'><strong>sicut</strong></span> <span class='ocrx_word' id='word_1_29' title='bbox 1176 520 1340 573; x_wconf 89' lang='lat' dir='ltr'><strong>etiam</strong></span> <span class='ocrx_word' id='word_1_30' title='bbox 1365 519 1432 573; x_wconf 91' lang='lat' dir='ltr'><strong>de</strong></span> <span class='ocrx_word' id='word_1_31' title='bbox 1455 518 1602 571; x_wconf 87' lang='lat' dir='ltr'><strong>eultn</strong></span> <span class='ocrx_word' id='word_1_32' title='bbox 1629 532 1786 586; x_wconf 83' lang='lat' dir='ltr'><strong>quem</strong></span> <span class='ocrx_word' id='word_1_33' title='bbox 1808 514 1950 585; x_wconf 83' lang='lat' dir='ltr'><strong>apud</strong></span> <span class='ocrx_word' id='word_1_34' title='bbox 1965 513 2144 568; x_wconf 84' lang='lat' dir='ltr'><strong>Bono-</strong></span> 
     </span>
    </p>
   </div>
   <div class='ocr_carea' id='block_1_7' title="bbox 545 608 2144 689">
    <p class='ocr_par' dir='ltr' id='par_1_7' title="bbox 545 608 2144 689">
     <span class='ocr_line' id='line_1_7' title="bbox 545 608 2144 689; baseline -0.006 -18"><span class='ocrx_word' id='word_1_35' title='bbox 545 619 765 671; x_wconf 86' lang='lat' dir='ltr'><strong>nienses</strong></span> <span class='ocrx_word' id='word_1_36' title='bbox 800 614 961 689; x_wconf 75' lang='lat' dir='ltr'><strong>[svn]</strong></span> <span class='ocrx_word' id='word_1_37' title='bbox 996 613 1203 668; x_wconf 87' lang='lat' dir='ltr'><strong>obtinet</strong></span> <span class='ocrx_word' id='word_1_38' title='bbox 1229 612 1330 666; x_wconf 88' lang='lat' dir='ltr'><strong>sub</strong></span> <span class='ocrx_word' id='word_1_39' title='bbox 1368 614 1458 666; x_wconf 90' lang='lat' dir='ltr'><strong>die</strong></span> <span class='ocrx_word' id='word_1_40' title='bbox 1494 611 1567 665; x_wconf 72' lang='grc'>26</span> <span class='ocrx_word' id='word_1_41' title='bbox 1592 609 1951 682; x_wconf 85' lang='lat' dir='ltr'><strong>Septembris,</strong></span> <span class='ocrx_word' id='word_1_42' title='bbox 1993 618 2046 663; x_wconf 91' lang='lat' dir='ltr'><strong>et</strong></span> <span class='ocrx_word' id='word_1_43' title='bbox 2076 608 2144 662; x_wconf 90' lang='lat' dir='ltr'><strong>de</strong></span> 
     </span>
    </p>
   </div>
   <div class='ocr_carea' id='block_1_8' title="bbox 547 703 2145 781">
    <p class='ocr_par' dir='ltr' id='par_1_8' title="bbox 547 703 2145 781">
     <span class='ocr_line' id='line_1_8' title="bbox 547 703 2145 781; baseline -0.007 -16"><span class='ocrx_word' id='word_1_44' title='bbox 547 727 653 781; x_wconf 91' lang='lat' dir='ltr'><strong>quo</strong></span> <span class='ocrx_word' id='word_1_45' title='bbox 684 710 976 764; x_wconf 90' lang='lat' dir='ltr'><strong>admodum</strong></span> <span class='ocrx_word' id='word_1_46' title='bbox 1010 708 1230 762; x_wconf 81' lang='lat' dir='ltr'><strong>erudite</strong></span> <span class='ocrx_word' id='word_1_47' title='bbox 1264 707 1414 779; x_wconf 79' lang='lat' dir='ltr'><strong>(licet</strong></span> <span class='ocrx_word' id='word_1_48' title='bbox 1449 706 1584 760; x_wconf 90' lang='lat' dir='ltr'><strong>nihil</strong></span> <span class='ocrx_word' id='word_1_49' title='bbox 1627 706 1848 761; x_wconf 87' lang='lat' dir='ltr'><strong>omnino</strong></span> <span class='ocrx_word' id='word_1_50' title='bbox 1879 704 1944 758; x_wconf 87' lang='lat' dir='ltr'><strong>de</strong></span> <span class='ocrx_word' id='word_1_51' title='bbox 1977 703 2145 772; x_wconf 87' lang='lat' dir='ltr'><strong>Aqui-</strong></span> 
     </span>
    </p>
   </div>
   <div class='ocr_carea' id='block_1_9' title="bbox 546 795 2143 872">
    <p class='ocr_par' dir='ltr' id='par_1_9' title="bbox 546 795 2143 872">
     <span class='ocr_line' id='line_1_9' title="bbox 546 795 2143 872; baseline -0.008 -13"><span class='ocrx_word' id='word_1_52' title='bbox 546 804 740 860; x_wconf 88' lang='lat' dir='ltr'><strong>leiensi</strong></span> <span class='ocrx_word' id='word_1_53' title='bbox 770 803 929 872; x_wconf 84' lang='lat' dir='ltr'><strong>hujus</strong></span> <span class='ocrx_word' id='word_1_54' title='bbox 959 803 1131 856; x_wconf 77' lang='lat' dir='ltr'><strong>sancti</strong></span> <span class='ocrx_word' id='word_1_55' title='bbox 1165 801 1264 854; x_wconf 78' lang='lat' dir='ltr'><strong>viri</strong></span> <span class='ocrx_word' id='word_1_56' title='bbox 1294 800 1528 871; x_wconf 83' lang='lat' dir='ltr'><strong>origine)</strong></span> <span class='ocrx_word' id='word_1_57' title='bbox 1568 799 1806 868; x_wconf 84' lang='lat' dir='ltr'><strong>Prosper</strong></span> <span class='ocrx_word' id='word_1_58' title='bbox 1837 795 2143 850; x_wconf 85' lang='lat' dir='ltr'><strong>Latnbcrti-</strong></span> 
     </span>
    </p>
   </div>
   <div class='ocr_carea' id='block_1_10' title="bbox 546 888 2146 966">
    <p class='ocr_par' dir='ltr' id='par_1_10' title="bbox 546 888 2146 966">
     <span class='ocr_line' id='line_1_10' title="bbox 546 888 2146 966; baseline -0.008 -14"><span class='ocrx_word' id='word_1_59' title='bbox 546 913 670 962; x_wconf 89' lang='lat' dir='ltr'><strong>nus,</strong></span> <span class='ocrx_word' id='word_1_60' title='bbox 733 908 920 966; x_wconf 87' lang='lat' dir='ltr'><strong>postea</strong></span> <span class='ocrx_word' id='word_1_61' title='bbox 978 895 1307 949; x_wconf 74' lang='lat' dir='ltr'><strong>Benedictus</strong></span> <span class='ocrx_word' id='word_1_62' title='bbox 1348 892 1488 958; x_wconf 79' lang='lat' dir='ltr'><strong>XIV,</strong></span> <span class='ocrx_word' id='word_1_63' title='bbox 1535 893 1586 945; x_wconf 91' lang='lat' dir='ltr'><strong>in</strong></span> <span class='ocrx_word' id='word_1_64' title='bbox 1629 891 1743 945; x_wconf 84' lang='lat' dir='ltr'><strong>suis</strong></span> <span class='ocrx_word' id='word_1_65' title='bbox 1800 888 2146 943; x_wconf 75' lang='lat' dir='ltr'><strong>Anuotazioni</strong></span> 
     </span>
    </p>
   </div>
   <div class='ocr_carea' id='block_1_11' title="bbox 543 982 2144 1062">
    <p class='ocr_par' dir='ltr' id='par_1_11' title="bbox 543 982 2144 1062">
     <span class='ocr_line' id='line_1_11' title="bbox 543 982 2144 1062; baseline -0.006 -19"><span class='ocrx_word' id='word_1_66' title='bbox 543 1005 699 1062; x_wconf 91' lang='lat' dir='ltr'><strong>sopra</strong></span> <span class='ocrx_word' id='word_1_67' title='bbox 732 990 802 1059; x_wconf 83' lang='lat' dir='ltr'><strong>gli</strong></span> <span class='ocrx_word' id='word_1_68' title='bbox 842 990 948 1043; x_wconf 75' lang='lat' dir='ltr'><strong>Atri</strong></span> <span class='ocrx_word' id='word_1_69' title='bbox 973 988 1202 1042; x_wconf 82' lang='lat' dir='ltr'><strong>a‘alcuui</strong></span> <span class='ocrx_word' id='word_1_70' title='bbox 1231 986 1406 1052; x_wconf 82' lang='lat' dir='ltr'><strong>Santi,</strong></span> <span class='ocrx_word' id='word_1_71' title='bbox 1438 986 1516 1039; x_wconf 88' lang='lat' dir='ltr'><strong>de‘</strong></span> <span class='ocrx_word' id='word_1_72' title='bbox 1543 985 1687 1056; x_wconf 80' lang='lat' dir='ltr'><strong>quali</strong></span> <span class='ocrx_word' id='word_1_73' title='bbox 1711 985 1758 1038; x_wconf 90' lang='lat' dir='ltr'><strong>si</strong></span> <span class='ocrx_word' id='word_1_74' title='bbox 1784 983 1981 1037; x_wconf 87' lang='lat' dir='ltr'><strong>celebra</strong></span> <span class='ocrx_word' id='word_1_75' title='bbox 2009 982 2144 1050; x_wconf 77' lang='lat' dir='ltr'><strong>l‘Of-</strong></span> 
     </span>
    </p>
   </div>
   <div class='ocr_carea' id='block_1_12' title="bbox 543 1074 2142 1150">
    <p class='ocr_par' dir='ltr' id='par_1_12' title="bbox 543 1074 2142 1150">
     <span class='ocr_line' id='line_1_12' title="bbox 543 1074 2142 1150; baseline -0.005 -16"><span class='ocrx_word' id='word_1_76' title='bbox 543 1082 661 1150; x_wconf 77' lang='lat' dir='ltr'><strong>ﬁzio</strong></span> <span class='ocrx_word' id='word_1_77' title='bbox 684 1097 712 1135; x_wconf 82' lang='grc' dir='ltr'><strong><em>ε</em></strong></span> <span class='ocrx_word' id='word_1_78' title='bbox 741 1081 792 1134; x_wconf 84' lang='lat' dir='ltr'><strong>la</strong></span> <span class='ocrx_word' id='word_1_79' title='bbox 821 1078 1018 1144; x_wconf 74' lang='lat' dir='ltr'><strong>Messe,</strong></span> <span class='ocrx_word' id='word_1_80' title='bbox 1055 1097 1145 1147; x_wconf 89' lang='lat' dir='ltr'><strong>per</strong></span> <span class='ocrx_word' id='word_1_81' title='bbox 1185 1079 1233 1131; x_wconf 86' lang='grc' dir='ltr'>ιο</span> <span class='ocrx_word' id='word_1_82' title='bbox 1269 1079 1360 1150; x_wconf 77' lang='lat' dir='ltr'><strong>piis</strong></span> <span class='ocrx_word' id='word_1_83' title='bbox 1397 1094 1552 1131; x_wconf 70' lang='lat' dir='ltr'><strong>sensa</strong></span> <span class='ocrx_word' id='word_1_84' title='bbox 1580 1076 1628 1131; x_wconf 80' lang='lat' dir='ltr'><strong>le</strong></span> <span class='ocrx_word' id='word_1_85' title='bbox 1667 1074 1880 1130; x_wconf 76' lang='lat' dir='ltr'><strong>Lezioui</strong></span> <span class='ocrx_word' id='word_1_86' title='bbox 1910 1074 2142 1144; x_wconf 76' lang='lat' dir='ltr'><strong>proprie,</strong></span> 
     </span>
    </p>
   </div>
   <div class='ocr_carea' id='block_1_13' title="bbox 545 1165 2143 1241">
    <p class='ocr_par' dir='ltr' id='par_1_13' title="bbox 545 1165 2143 1241">
     <span class='ocr_line' id='line_1_13' title="bbox 545 1165 2143 1241; baseline -0.004 -15"><span class='ocrx_word' id='word_1_87' title='bbox 545 1174 685 1226; x_wconf 82' lang='lat' dir='ltr'><strong>uella</strong></span> <span class='ocrx_word' id='word_1_88' title='bbox 736 1173 928 1225; x_wconf 85' lang='lat' dir='ltr'><strong>diocesi</strong></span> <span class='ocrx_word' id='word_1_89' title='bbox 959 1172 1012 1224; x_wconf 84' lang='lat' dir='ltr'><strong>di</strong></span> <span class='ocrx_word' id='word_1_90' title='bbox 1054 1169 1314 1240; x_wconf 80' lang='lat' dir='ltr'><strong>Bologna,</strong></span> <span class='ocrx_word' id='word_1_91' title='bbox 1349 1181 1455 1223; x_wconf 86' lang='lat' dir='ltr'><strong>etc.</strong></span> <span class='ocrx_word' id='word_1_92' title='bbox 1488 1167 1724 1241; x_wconf 84' lang='lat' dir='ltr'><strong>Bologna</strong></span> <span class='ocrx_word' id='word_1_93' title='bbox 1775 1168 1913 1223; x_wconf 70' lang='grc'><strong>1740</strong></span> <span class='ocrx_word' id='word_1_94' title='bbox 1945 1185 1957 1218; x_wconf 91' lang='lat'><strong>:</strong></span> <span class='ocrx_word' id='word_1_95' title='bbox 1997 1165 2143 1235; x_wconf 81' lang='lat' dir='ltr'><strong>quod</strong></span> 
     </span>
    </p>
   </div>
   <div class='ocr_carea' id='block_1_14' title="bbox 544 1259 2146 1334">
    <p class='ocr_par' dir='ltr' id='par_1_14' title="bbox 544 1259 2146 1334">
     <span class='ocr_line' id='line_1_14' title="bbox 544 1259 2146 1334; baseline -0.005 -14"><span class='ocrx_word' id='word_1_96' title='bbox 544 1265 694 1334; x_wconf 86' lang='lat' dir='ltr'><strong>Opus</strong></span> <span class='ocrx_word' id='word_1_97' title='bbox 739 1264 935 1319; x_wconf 82' lang='lat' dir='ltr'><strong>Latino</strong></span> <span class='ocrx_word' id='word_1_98' title='bbox 965 1265 1128 1316; x_wconf 88' lang='lat' dir='ltr'><strong>etiam</strong></span> <span class='ocrx_word' id='word_1_99' title='bbox 1165 1278 1421 1317; x_wconf 87' lang='lat' dir='ltr'><strong>sermone</strong></span> <span class='ocrx_word' id='word_1_100' title='bbox 1451 1263 1712 1316; x_wconf 85' lang='lat' dir='ltr'><strong>donatum</strong></span> <span class='ocrx_word' id='word_1_101' title='bbox 1757 1259 1946 1313; x_wconf 86' lang='lat' dir='ltr'><strong>videas</strong></span> <span class='ocrx_word' id='word_1_102' title='bbox 1996 1269 2146 1312; x_wconf 87' lang='lat' dir='ltr'><strong>tomo</strong></span> 
     </span>
    </p>
   </div>
   <div class='ocr_carea' id='block_1_15' title="bbox 543 1349 2141 1426">
    <p class='ocr_par' dir='ltr' id='par_1_15' title="bbox 543 1349 2141 1426">
     <span class='ocr_line' id='line_1_15' title="bbox 543 1349 2141 1426; baseline -0.003 -15"><span class='ocrx_word' id='word_1_103' title='bbox 543 1355 592 1411; x_wconf 80' lang='grc' dir='ltr'>Χ</span> <span class='ocrx_word' id='word_1_104' title='bbox 632 1355 857 1425; x_wconf 80' lang='lat' dir='ltr'><strong>Operam</strong></span> <span class='ocrx_word' id='word_1_105' title='bbox 879 1356 926 1424; x_wconf 85' lang='lat' dir='ltr'><strong>ej</strong></span> <span class='ocrx_word' id='word_1_106' title='bbox 938 1356 1123 1409; x_wconf 87' lang='lat' dir='ltr'><strong>usdem</strong></span> <span class='ocrx_word' id='word_1_107' title='bbox 1143 1353 1413 1408; x_wconf 79' lang='lat' dir='ltr'><strong>Benedicti</strong></span> <span class='ocrx_word' id='word_1_108' title='bbox 1436 1369 1583 1426; x_wconf 71' lang='lat' dir='ltr'><strong>papa:</strong></span> <span class='ocrx_word' id='word_1_109' title='bbox 1597 1351 1681 1406; x_wconf 83' lang='lat' dir='ltr'><strong>XI</strong></span> <span class='ocrx_word' id='word_1_110' title='bbox 1697 1352 1759 1418; x_wconf 86' lang='lat' dir='ltr'><strong>V,</strong></span> <span class='ocrx_word' id='word_1_111' title='bbox 1782 1351 1960 1405; x_wconf 71' lang='lat' dir='ltr'><strong>Romae</strong></span> <span class='ocrx_word' id='word_1_112' title='bbox 1979 1349 2141 1406; x_wconf 79' lang='grc'><strong>1751.</strong></span> 
     </span>
    </p>
   </div>
   <div class='ocr_carea' id='block_1_16' title="bbox 621 1444 2148 1513">
    <p class='ocr_par' dir='ltr' id='par_1_16' title="bbox 621 1444 2148 1513">
     <span class='ocr_line' id='line_1_16' title="bbox 621 1444 2148 1513; baseline -0.003 -11"><span class='ocrx_word' id='word_1_113' title='bbox 621 1449 973 1502; x_wconf 71' lang='lat' dir='ltr'><strong>Dissimulare</strong></span> <span class='ocrx_word' id='word_1_114' title='bbox 1008 1448 1094 1502; x_wconf 91' lang='lat' dir='ltr'><strong>hic</strong></span> <span class='ocrx_word' id='word_1_115' title='bbox 1127 1458 1329 1513; x_wconf 88' lang='lat' dir='ltr'><strong>tamen,</strong></span> <span class='ocrx_word' id='word_1_116' title='bbox 1363 1450 1484 1501; x_wconf 86' lang='lat' dir='ltr'><strong>data</strong></span> <span class='ocrx_word' id='word_1_117' title='bbox 1529 1447 1842 1512; x_wconf 75' lang='lat' dir='ltr'><strong>occasione,</strong></span> <span class='ocrx_word' id='word_1_118' title='bbox 1878 1459 1984 1499; x_wconf 90' lang='lat' dir='ltr'><strong>non</strong></span> <span class='ocrx_word' id='word_1_119' title='bbox 2019 1444 2148 1498; x_wconf 85' lang='lat' dir='ltr'><strong>licet</strong></span> 
     </span>
    </p>
   </div>
   <div class='ocr_carea' id='block_1_17' title="bbox 541 1541 2148 1612">
    <p class='ocr_par' dir='ltr' id='par_1_17' title="bbox 541 1541 2148 1612">
     <span class='ocr_line' id='line_1_17' title="bbox 541 1541 2148 1612; baseline -0.004 -13"><span class='ocrx_word' id='word_1_120' title='bbox 541 1545 714 1599; x_wconf 82' lang='lat' dir='ltr'><strong>sancti</strong></span> <span class='ocrx_word' id='word_1_121' title='bbox 770 1545 932 1612; x_wconf 84' lang='lat' dir='ltr'><strong>hujus</strong></span> <span class='ocrx_word' id='word_1_122' title='bbox 977 1542 1190 1597; x_wconf 77' lang='lat' dir='ltr'><strong>Eusebii</strong></span> <span class='ocrx_word' id='word_1_123' title='bbox 1234 1542 1507 1612; x_wconf 84' lang='lat' dir='ltr'><strong>epochas,</strong></span> <span class='ocrx_word' id='word_1_124' title='bbox 1538 1557 1672 1612; x_wconf 88' lang='lat' dir='ltr'><strong>quas</strong></span> <span class='ocrx_word' id='word_1_125' title='bbox 1723 1541 1924 1595; x_wconf 89' lang='lat' dir='ltr'><strong>ibidem</strong></span> <span class='ocrx_word' id='word_1_126' title='bbox 1971 1541 2148 1608; x_wconf 85' lang='lat' dir='ltr'><strong>signat</strong></span> 
     </span>
    </p>
   </div>
   <div class='ocr_carea' id='block_1_18' title="bbox 538 1631 2144 1708">
    <p class='ocr_par' dir='ltr' id='par_1_18' title="bbox 538 1631 2144 1708">
     <span class='ocr_line' id='line_1_18' title="bbox 538 1631 2144 1708; baseline -0.004 -18"><span class='ocrx_word' id='word_1_127' title='bbox 538 1635 789 1690; x_wconf 85' lang='lat' dir='ltr'><strong>laudatus</strong></span> <span class='ocrx_word' id='word_1_128' title='bbox 820 1635 1202 1690; x_wconf 85' lang='lat' dir='ltr'><strong>Latnbertinus</strong></span> <span class='ocrx_word' id='word_1_129' title='bbox 1225 1639 1381 1708; x_wconf 72' lang='lat' dir='ltr'><strong>juxta</strong></span> <span class='ocrx_word' id='word_1_130' title='bbox 1402 1635 1791 1699; x_wconf 75' lang='lat' dir='ltr'><strong>accuratiorem,</strong></span> <span class='ocrx_word' id='word_1_131' title='bbox 1819 1633 1894 1686; x_wconf 91' lang='lat' dir='ltr'><strong>uti</strong></span> <span class='ocrx_word' id='word_1_132' title='bbox 1921 1631 2144 1696; x_wconf 84' lang='lat' dir='ltr'><strong>scribit,</strong></span> 
     </span>
    </p>
   </div>
   <div class='ocr_carea' id='block_1_19' title="bbox 2245 414 3100 485">
    <p class='ocr_par' dir='ltr' id='par_1_19' title="bbox 2245 414 3100 485">
     <span class='ocr_line' id='line_1_19' title="bbox 2245 414 3100 485; baseline -0.004 -15"><span class='ocrx_word' id='word_1_133' title='bbox 2245 423 2334 470; x_wconf 85' lang='lat' dir='ltr'><strong>tur</strong></span> <span class='ocrx_word' id='word_1_134' title='bbox 2365 415 2765 485; x_wconf 88' lang='lat' dir='ltr'><strong>conjiciendum</strong></span> <span class='ocrx_word' id='word_1_135' title='bbox 2798 424 2919 484; x_wconf 87' lang='lat' dir='ltr'><strong>post</strong></span> <span class='ocrx_word' id='word_1_136' title='bbox 2947 414 3100 470; x_wconf 60' lang='lat' dir='ltr'><strong>haec?</strong></span> 
     </span>
    </p>
   </div>
   <div class='ocr_carea' id='block_1_20' title="bbox 2315 506 3842 580">
    <p class='ocr_par' dir='ltr' id='par_1_20' title="bbox 2315 506 3842 580">
     <span class='ocr_line' id='line_1_20' title="bbox 2315 506 3842 580; baseline 0 -18"><span class='ocrx_word' id='word_1_137' title='bbox 2315 507 2617 562; x_wconf 83' lang='lat' dir='ltr'><strong>Accuratior</strong></span> <span class='ocrx_word' id='word_1_138' title='bbox 2663 509 2752 562; x_wconf 88' lang='lat' dir='ltr'><strong>illa</strong></span> <span class='ocrx_word' id='word_1_139' title='bbox 2799 506 3169 580; x_wconf 83' lang='lat' dir='ltr'><strong>Chronologia,</strong></span> <span class='ocrx_word' id='word_1_140' title='bbox 3202 523 3364 577; x_wconf 89' lang='lat' dir='ltr'><strong>quam</strong></span> <span class='ocrx_word' id='word_1_141' title='bbox 3400 507 3649 562; x_wconf 87' lang='lat' dir='ltr'><strong>nominat.</strong></span> <span class='ocrx_word' id='word_1_142' title='bbox 3676 506 3842 562; x_wconf 88' lang='lat' dir='ltr'><strong>Lam-</strong></span> 
     </span>
    </p>
   </div>
   <div class='ocr_carea' id='block_1_21' title="bbox 2245 600 3850 670">
    <p class='ocr_par' dir='ltr' id='par_1_21' title="bbox 2245 600 3850 670">
     <span class='ocr_line' id='line_1_21' title="bbox 2245 600 3850 670; baseline 0 -14"><span class='ocrx_word' id='word_1_143' title='bbox 2245 600 2528 669; x_wconf 87' lang='lat' dir='ltr'><strong>bertinus,</strong></span> <span class='ocrx_word' id='word_1_144' title='bbox 2574 602 2948 656; x_wconf 86' lang='lat' dir='ltr'><strong>monumentis</strong></span> <span class='ocrx_word' id='word_1_145' title='bbox 2992 603 3225 656; x_wconf 77' lang='lat' dir='ltr'><strong>fortasse</strong></span> <span class='ocrx_word' id='word_1_146' title='bbox 3273 603 3509 670; x_wconf 84' lang='lat' dir='ltr'><strong>propriis</strong></span> <span class='ocrx_word' id='word_1_147' title='bbox 3555 612 3719 670; x_wconf 90' lang='lat' dir='ltr'><strong>atque</strong></span> <span class='ocrx_word' id='word_1_148' title='bbox 3765 602 3850 656; x_wconf 91' lang='lat' dir='ltr'><strong>in-</strong></span> 
     </span>
    </p>
   </div>
   <div class='ocr_carea' id='block_1_22' title="bbox 2246 695 3850 766">
    <p class='ocr_par' dir='ltr' id='par_1_22' title="bbox 2246 695 3850 766">
     <span class='ocr_line' id='line_1_22' title="bbox 2246 695 3850 766; baseline 0.001 -15"><span class='ocrx_word' id='word_1_149' title='bbox 2246 697 2557 752; x_wconf 85' lang='lat' dir='ltr'><strong>victissimis</strong></span> <span class='ocrx_word' id='word_1_150' title='bbox 2587 697 2847 751; x_wconf 88' lang='lat' dir='ltr'><strong>destituta</strong></span> <span class='ocrx_word' id='word_1_151' title='bbox 2867 738 2880 763; x_wconf 94' lang='lat'><strong>,</strong></span> <span class='ocrx_word' id='word_1_152' title='bbox 2908 696 3145 752; x_wconf 88' lang='lat' dir='ltr'><strong>sollicita</strong></span> <span class='ocrx_word' id='word_1_153' title='bbox 3174 695 3398 766; x_wconf 84' lang='lat' dir='ltr'><strong>quidem</strong></span> <span class='ocrx_word' id='word_1_154' title='bbox 3434 697 3595 751; x_wconf 89' lang='lat' dir='ltr'><strong>fuerit</strong></span> <span class='ocrx_word' id='word_1_155' title='bbox 3621 696 3676 751; x_wconf 91' lang='lat' dir='ltr'><strong>in</strong></span> <span class='ocrx_word' id='word_1_156' title='bbox 3710 697 3850 752; x_wconf 87' lang='lat' dir='ltr'><strong>assi-</strong></span> 
     </span>
    </p>
   </div>
   <div class='ocr_carea' id='block_1_23' title="bbox 2244 790 3852 860">
    <p class='ocr_par' dir='ltr' id='par_1_23' title="bbox 2244 790 3852 860">
     <span class='ocr_line' id='line_1_23' title="bbox 2244 790 3852 860; baseline 0.002 -18"><span class='ocrx_word' id='word_1_157' title='bbox 2244 791 2464 860; x_wconf 91' lang='lat' dir='ltr'><strong>gnaudo</strong></span> <span class='ocrx_word' id='word_1_158' title='bbox 2491 790 2681 844; x_wconf 79' lang='lat' dir='ltr'><strong>saltem</strong></span> <span class='ocrx_word' id='word_1_159' title='bbox 2721 799 2919 859; x_wconf 83' lang='lat' dir='ltr'><strong>praeter</strong></span> <span class='ocrx_word' id='word_1_160' title='bbox 2961 798 3188 858; x_wconf 83' lang='lat' dir='ltr'><strong>propter</strong></span> <span class='ocrx_word' id='word_1_161' title='bbox 3226 791 3576 858; x_wconf 79' lang='lat' dir='ltr'><strong>episcopatus</strong></span> <span class='ocrx_word' id='word_1_162' title='bbox 3601 797 3852 859; x_wconf 84' lang='lat' dir='ltr'><strong>tempore</strong></span> 
     </span>
    </p>
   </div>
   <div class='ocr_carea' id='block_1_24' title="bbox 2247 882 3854 952">
    <p class='ocr_par' dir='ltr' id='par_1_24' title="bbox 2247 882 3854 952">
     <span class='ocr_line' id='line_1_24' title="bbox 2247 882 3854 952; baseline 0.002 -16"><span class='ocrx_word' id='word_1_163' title='bbox 2247 883 2458 938; x_wconf 81' lang='lat' dir='ltr'><strong>Eusebii</strong></span> <span class='ocrx_word' id='word_1_164' title='bbox 2487 883 2878 948; x_wconf 83' lang='lat' dir='ltr'><strong>Bononiensis;</strong></span> <span class='ocrx_word' id='word_1_165' title='bbox 2904 882 3045 952; x_wconf 90' lang='lat' dir='ltr'><strong>quod</strong></span> <span class='ocrx_word' id='word_1_166' title='bbox 3074 894 3287 951; x_wconf 85' lang='lat' dir='ltr'><strong>tempus</strong></span> <span class='ocrx_word' id='word_1_167' title='bbox 3311 884 3518 938; x_wconf 87' lang='lat' dir='ltr'><strong>scilicet</strong></span> <span class='ocrx_word' id='word_1_168' title='bbox 3545 883 3854 939; x_wconf 85' lang='lat' dir='ltr'><strong>decurt&#39;erit</strong></span> 
     </span>
    </p>
   </div>
   <div class='ocr_carea' id='block_1_25' title="bbox 2248 974 3849 1045">
    <p class='ocr_par' dir='ltr' id='par_1_25' title="bbox 2248 974 3849 1045">
     <span class='ocr_line' id='line_1_25' title="bbox 2248 974 3849 1045; baseline -0.001 -13"><span class='ocrx_word' id='word_1_169' title='bbox 2248 977 2392 1032; x_wconf 90' lang='lat' dir='ltr'><strong>inter</strong></span> <span class='ocrx_word' id='word_1_170' title='bbox 2440 992 2643 1031; x_wconf 89' lang='lat' dir='ltr'><strong>annum</strong></span> <span class='ocrx_word' id='word_1_171' title='bbox 2691 975 2892 1031; x_wconf 87' lang='lat' dir='ltr'><strong>Christi</strong></span> <span class='ocrx_word' id='word_1_172' title='bbox 2937 975 3044 1030; x_wconf 78' lang='grc'><strong>570</strong></span> <span class='ocrx_word' id='word_1_173' title='bbox 3091 983 3148 1030; x_wconf 92' lang='lat' dir='ltr'><strong>et</strong></span> <span class='ocrx_word' id='word_1_174' title='bbox 3182 974 3322 1040; x_wconf 66' lang='lat'><strong>400;</strong></span> <span class='ocrx_word' id='word_1_175' title='bbox 3354 979 3484 1045; x_wconf 85' lang='lat' dir='ltr'><strong>quin</strong></span> <span class='ocrx_word' id='word_1_176' title='bbox 3519 977 3751 1031; x_wconf 83' lang='lat' dir='ltr'><strong>strictim</strong></span> <span class='ocrx_word' id='word_1_177' title='bbox 3785 992 3849 1032; x_wconf 89' lang='lat' dir='ltr'><strong>ac</strong></span> 
     </span>
    </p>
   </div>
   <div class='ocr_carea' id='block_1_26' title="bbox 2249 1069 3849 1143">
    <p class='ocr_par' dir='ltr' id='par_1_26' title="bbox 2249 1069 3849 1143">
     <span class='ocr_line' id='line_1_26' title="bbox 2249 1069 3849 1143; baseline 0.001 -18"><span class='ocrx_word' id='word_1_178' title='bbox 2249 1071 2480 1143; x_wconf 69' lang='lat' dir='ltr'><strong>promise</strong></span> <span class='ocrx_word' id='word_1_179' title='bbox 2527 1086 2779 1126; x_wconf 81' lang='lat' dir='ltr'><strong>asserere</strong></span> <span class='ocrx_word' id='word_1_180' title='bbox 2824 1071 3096 1136; x_wconf 78' lang='lat' dir='ltr'><strong>voluerit,</strong></span> <span class='ocrx_word' id='word_1_181' title='bbox 3128 1084 3226 1125; x_wconf 92' lang='lat' dir='ltr'><strong>eos</strong></span> <span class='ocrx_word' id='word_1_182' title='bbox 3255 1069 3408 1140; x_wconf 88' lang='lat' dir='ltr'><strong>ipsos</strong></span> <span class='ocrx_word' id='word_1_183' title='bbox 3453 1085 3576 1126; x_wconf 84' lang='lat' dir='ltr'><strong>esse</strong></span> <span class='ocrx_word' id='word_1_184' title='bbox 3622 1087 3752 1126; x_wconf 78' lang='lat' dir='ltr'><strong>rere</strong></span> <span class='ocrx_word' id='word_1_185' title='bbox 3785 1088 3849 1126; x_wconf 89' lang='lat' dir='ltr'><strong>ac</strong></span> 
     </span>
    </p>
   </div>
   <div class='ocr_carea' id='block_1_27' title="bbox 2249 1165 3852 1236">
    <p class='ocr_par' dir='ltr' id='par_1_27' title="bbox 2249 1165 3852 1236">
     <span class='ocr_line' id='line_1_27' title="bbox 2249 1165 3852 1236; baseline -0.001 -16"><span class='ocrx_word' id='word_1_186' title='bbox 2249 1168 2473 1236; x_wconf 85' lang='lat' dir='ltr'><strong>proprie</strong></span> <span class='ocrx_word' id='word_1_187' title='bbox 2501 1180 2694 1227; x_wconf 90' lang='lat' dir='ltr'><strong>annos,</strong></span> <span class='ocrx_word' id='word_1_188' title='bbox 2721 1174 2832 1220; x_wconf 92' lang='lat' dir='ltr'><strong>tum</strong></span> <span class='ocrx_word' id='word_1_189' title='bbox 2862 1165 2978 1219; x_wconf 91' lang='lat' dir='ltr'><strong>initi</strong></span> <span class='ocrx_word' id='word_1_190' title='bbox 3003 1167 3070 1219; x_wconf 90' lang='lat' dir='ltr'><strong>ab</strong></span> <span class='ocrx_word' id='word_1_191' title='bbox 3096 1165 3214 1235; x_wconf 91' lang='lat' dir='ltr'><strong>ipso</strong></span> <span class='ocrx_word' id='word_1_192' title='bbox 3241 1165 3606 1220; x_wconf 85' lang='lat' dir='ltr'><strong>Bononiensis</strong></span> <span class='ocrx_word' id='word_1_193' title='bbox 3637 1168 3852 1236; x_wconf 86' lang='lat' dir='ltr'><strong>episco-</strong></span> 
     </span>
    </p>
   </div>
   <div class='ocr_carea' id='block_1_28' title="bbox 2250 1259 3847 1331">
    <p class='ocr_par' dir='ltr' id='par_1_28' title="bbox 2250 1259 3847 1331">
     <span class='ocr_line' id='line_1_28' title="bbox 2250 1259 3847 1331; baseline 0.001 -17"><span class='ocrx_word' id='word_1_194' title='bbox 2250 1272 2427 1331; x_wconf 89' lang='lat' dir='ltr'><strong>patus,</strong></span> <span class='ocrx_word' id='word_1_195' title='bbox 2463 1272 2572 1314; x_wconf 90' lang='lat' dir='ltr'><strong>ttttn</strong></span> <span class='ocrx_word' id='word_1_196' title='bbox 2607 1271 2781 1315; x_wconf 90' lang='lat' dir='ltr'><strong>morte</strong></span> <span class='ocrx_word' id='word_1_197' title='bbox 2809 1261 3010 1315; x_wconf 77' lang='lat' dir='ltr'><strong>reliCIi.</strong></span> <span class='ocrx_word' id='word_1_198' title='bbox 3047 1260 3110 1314; x_wconf 89' lang='lat' dir='ltr'><strong>Et</strong></span> <span class='ocrx_word' id='word_1_199' title='bbox 3141 1275 3290 1326; x_wconf 84' lang='lat' dir='ltr'><strong>ecce,</strong></span> <span class='ocrx_word' id='word_1_200' title='bbox 3319 1261 3371 1314; x_wconf 92' lang='lat' dir='ltr'><strong>ni</strong></span> <span class='ocrx_word' id='word_1_201' title='bbox 3402 1259 3663 1326; x_wconf 84' lang='lat' dir='ltr'><strong>fallimur,</strong></span> <span class='ocrx_word' id='word_1_202' title='bbox 3695 1262 3847 1316; x_wconf 83' lang='lat' dir='ltr'><strong>brevi</strong></span> 
     </span>
    </p>
   </div>
   <div class='ocr_carea' id='block_1_29' title="bbox 2250 1354 3844 1425">
    <p class='ocr_par' dir='ltr' id='par_1_29' title="bbox 2250 1354 3844 1425">
     <span class='ocr_line' id='line_1_29' title="bbox 2250 1354 3844 1425; baseline 0.001 -16"><span class='ocrx_word' id='word_1_203' title='bbox 2250 1356 2504 1425; x_wconf 91' lang='lat' dir='ltr'><strong>facilique</strong></span> <span class='ocrx_word' id='word_1_204' title='bbox 2553 1356 2738 1420; x_wconf 91' lang='lat' dir='ltr'><strong>modo,</strong></span> <span class='ocrx_word' id='word_1_205' title='bbox 2770 1370 2833 1409; x_wconf 89' lang='lat' dir='ltr'><strong>ac</strong></span> <span class='ocrx_word' id='word_1_206' title='bbox 2865 1369 3092 1425; x_wconf 83' lang='lat' dir='ltr'><strong>prorsus</strong></span> <span class='ocrx_word' id='word_1_207' title='bbox 3137 1354 3285 1409; x_wconf 88' lang='lat' dir='ltr'><strong>hisce</strong></span> <span class='ocrx_word' id='word_1_208' title='bbox 3337 1355 3501 1410; x_wconf 86' lang='lat' dir='ltr'><strong>rebus</strong></span> <span class='ocrx_word' id='word_1_209' title='bbox 3547 1370 3742 1424; x_wconf 82' lang='lat' dir='ltr'><strong>magna</strong></span> <span class='ocrx_word' id='word_1_210' title='bbox 3775 1371 3844 1410; x_wconf 80' lang='lat' dir='ltr'><strong>ex</strong></span> 
     </span>
    </p>
   </div>
   <div class='ocr_carea' id='block_1_30' title="bbox 2252 1449 3848 1518">
    <p class='ocr_par' dir='ltr' id='par_1_30' title="bbox 2252 1449 3848 1518">
     <span class='ocr_line' id='line_1_30' title="bbox 2252 1449 3848 1518; baseline 0.001 -15"><span class='ocrx_word' id='word_1_211' title='bbox 2252 1459 2407 1518; x_wconf 88' lang='lat' dir='ltr'><strong>parte</strong></span> <span class='ocrx_word' id='word_1_212' title='bbox 2436 1449 2667 1504; x_wconf 89' lang='lat' dir='ltr'><strong>incertis</strong></span> <span class='ocrx_word' id='word_1_213' title='bbox 2706 1457 3106 1514; x_wconf 82' lang='lat' dir='ltr'><strong>consentanea;</strong></span> <span class='ocrx_word' id='word_1_214' title='bbox 3136 1463 3266 1504; x_wconf 89' lang='lat' dir='ltr'><strong>ecce</strong></span> <span class='ocrx_word' id='word_1_215' title='bbox 3292 1449 3560 1503; x_wconf 85' lang='lat' dir='ltr'><strong>sublatam</strong></span> <span class='ocrx_word' id='word_1_216' title='bbox 3607 1452 3848 1504; x_wconf 84' lang='lat' dir='ltr'><strong>chrono-</strong></span> 
     </span>
    </p>
   </div>
   <div class='ocr_carea' id='block_1_31' title="bbox 2253 1540 3851 1611">
    <p class='ocr_par' dir='ltr' id='par_1_31' title="bbox 2253 1540 3851 1611">
     <span class='ocr_line' id='line_1_31' title="bbox 2253 1540 3851 1611; baseline 0.001 -16"><span class='ocrx_word' id='word_1_217' title='bbox 2253 1541 2484 1610; x_wconf 53' lang='lat' dir='ltr'><strong>logieam</strong></span> <span class='ocrx_word' id='word_1_218' title='bbox 2541 1540 2918 1595; x_wconf 81' lang='lat' dir='ltr'><strong>ditlienltatem</strong></span> <span class='ocrx_word' id='word_1_219' title='bbox 2942 1581 2955 1603; x_wconf 89' lang='lat'><strong>,</strong></span> <span class='ocrx_word' id='word_1_220' title='bbox 2987 1555 3110 1610; x_wconf 85' lang='lat' dir='ltr'><strong>quae</strong></span> <span class='ocrx_word' id='word_1_221' title='bbox 3155 1541 3385 1595; x_wconf 88' lang='lat' dir='ltr'><strong>fortasse</strong></span> <span class='ocrx_word' id='word_1_222' title='bbox 3416 1541 3467 1594; x_wconf 92' lang='lat' dir='ltr'><strong>in</strong></span> <span class='ocrx_word' id='word_1_223' title='bbox 3499 1540 3602 1594; x_wconf 90' lang='lat' dir='ltr'><strong>hoc</strong></span> <span class='ocrx_word' id='word_1_224' title='bbox 3632 1541 3851 1611; x_wconf 85' lang='lat' dir='ltr'><strong>negotio</strong></span> 
     </span>
    </p>
   </div>
   <div class='ocr_carea' id='block_1_32' title="bbox 2251 1631 3850 1703">
    <p class='ocr_par' dir='ltr' id='par_1_32' title="bbox 2251 1631 3850 1703">
     <span class='ocr_line' id='line_1_32' title="bbox 2251 1631 3850 1703; baseline 0.003 -20"><span class='ocrx_word' id='word_1_225' title='bbox 2251 1634 2538 1703; x_wconf 83' lang='lat' dir='ltr'><strong>potissima</strong></span> <span class='ocrx_word' id='word_1_226' title='bbox 2593 1640 2679 1687; x_wconf 91' lang='lat' dir='ltr'><strong>est</strong></span> <span class='ocrx_word' id='word_1_227' title='bbox 2716 1650 2729 1685; x_wconf 88' lang='lat'><strong>:</strong></span> <span class='ocrx_word' id='word_1_228' title='bbox 2766 1643 2823 1686; x_wconf 90' lang='lat' dir='ltr'><strong>ttt</strong></span> <span class='ocrx_word' id='word_1_229' title='bbox 2855 1642 3144 1703; x_wconf 83' lang='lat' dir='ltr'><strong>propterea</strong></span> <span class='ocrx_word' id='word_1_230' title='bbox 3175 1634 3226 1685; x_wconf 91' lang='lat' dir='ltr'><strong>iu</strong></span> <span class='ocrx_word' id='word_1_231' title='bbox 3261 1631 3486 1686; x_wconf 88' lang='lat' dir='ltr'><strong>Eusebio</strong></span> <span class='ocrx_word' id='word_1_232' title='bbox 3514 1631 3850 1689; x_wconf 86' lang='lat' dir='ltr'><strong>Bononiensi</strong></span> 
     </span>
    </p>
   </div>
   <div class='ocr_carea' id='block_1_33' title="bbox 539 1722 3850 1799">
    <p class='ocr_par' dir='ltr' id='par_1_33' title="bbox 539 1722 3850 1799">
     <span class='ocr_line' id='line_1_33' title="bbox 539 1722 3850 1799; baseline -0.002 -15"><span class='ocrx_word' id='word_1_233' title='bbox 539 1727 984 1799; x_wconf 85' lang='lat' dir='ltr'><strong>Chronologiam;</strong></span> <span class='ocrx_word' id='word_1_234' title='bbox 1029 1728 1145 1782; x_wconf 90' lang='lat' dir='ltr'><strong>initi</strong></span> <span class='ocrx_word' id='word_1_235' title='bbox 1177 1728 1389 1782; x_wconf 74' lang='lat' dir='ltr'><strong>scilicet</strong></span> <span class='ocrx_word' id='word_1_236' title='bbox 1413 1727 1482 1781; x_wconf 88' lang='lat' dir='ltr'><strong>ab</strong></span> <span class='ocrx_word' id='word_1_237' title='bbox 1516 1725 1743 1780; x_wconf 78' lang='lat' dir='ltr'><strong>Eusebio</strong></span> <span class='ocrx_word' id='word_1_238' title='bbox 1777 1726 2140 1781; x_wconf 86' lang='lat' dir='ltr'><strong>Bononiensis</strong></span> <span class='ocrx_word' id='word_1_239' title='bbox 2172 1722 2218 1782; x_wconf 82' lang='grc' dir='ltr'><strong>Β</strong></span> <span class='ocrx_word' id='word_1_240' title='bbox 2248 1728 2579 1796; x_wconf 84' lang='lat' dir='ltr'><strong>propensius</strong></span> <span class='ocrx_word' id='word_1_241' title='bbox 2628 1739 2991 1795; x_wconf 80' lang='lat' dir='ltr'><strong>agnoscamus</strong></span> <span class='ocrx_word' id='word_1_242' title='bbox 3043 1725 3321 1779; x_wconf 81' lang='lat' dir='ltr'><strong>Eusebium</strong></span> <span class='ocrx_word' id='word_1_243' title='bbox 3360 1727 3532 1796; x_wconf 92' lang='lat' dir='ltr'><strong>ipsum</strong></span> <span class='ocrx_word' id='word_1_244' title='bbox 3561 1723 3850 1781; x_wconf 79' lang='lat' dir='ltr'><strong>Chromatii</strong></span> 
     </span>
    </p>
   </div>
   <div class='ocr_carea' id='block_1_34' title="bbox 538 1820 2138 1892">
    <p class='ocr_par' dir='ltr' id='par_1_34' title="bbox 538 1820 2138 1892">
     <span class='ocr_line' id='line_1_34' title="bbox 538 1820 2138 1892; baseline -0.003 -13"><span class='ocrx_word' id='word_1_245' title='bbox 538 1824 889 1892; x_wconf 71' lang='lat' dir='ltr'><strong>epismpatns</strong></span> <span class='ocrx_word' id='word_1_246' title='bbox 920 1838 1064 1876; x_wconf 88' lang='lat' dir='ltr'><strong>anno</strong></span> <span class='ocrx_word' id='word_1_247' title='bbox 1091 1821 1294 1876; x_wconf 85' lang='lat' dir='ltr'><strong>Christi</strong></span> <span class='ocrx_word' id='word_1_248' title='bbox 1336 1822 1443 1876; x_wconf 77' lang='grc'><strong>570</strong></span> <span class='ocrx_word' id='word_1_249' title='bbox 1469 1863 1481 1888; x_wconf 84' lang='grc'><strong><em>,</em></strong></span> <span class='ocrx_word' id='word_1_250' title='bbox 1514 1820 1776 1876; x_wconf 86' lang='lat' dir='ltr'><strong>decessus</strong></span> <span class='ocrx_word' id='word_1_251' title='bbox 1806 1836 1940 1876; x_wconf 86' lang='lat' dir='ltr'><strong>vero</strong></span> <span class='ocrx_word' id='word_1_252' title='bbox 1970 1821 2138 1889; x_wconf 91' lang='lat' dir='ltr'><strong>ipsius</strong></span> 
     </span>
    </p>
   </div>
   <div class='ocr_carea' id='block_1_35' title="bbox 539 1911 2134 1982">
    <p class='ocr_par' dir='ltr' id='par_1_35' title="bbox 539 1911 2134 1982">
     <span class='ocr_line' id='line_1_35' title="bbox 539 1911 2134 1982; baseline -0.002 -13"><span class='ocrx_word' id='word_1_253' title='bbox 539 1932 681 1969; x_wconf 89' lang='lat' dir='ltr'><strong>anno</strong></span> <span class='ocrx_word' id='word_1_254' title='bbox 707 1914 832 1969; x_wconf 73' lang='grc'>400.</span> <span class='ocrx_word' id='word_1_255' title='bbox 867 1915 1062 1967; x_wconf 73' lang='lat' dir='ltr'><strong>Nostra</strong></span> <span class='ocrx_word' id='word_1_256' title='bbox 1096 1914 1312 1982; x_wconf 81' lang='lat' dir='ltr'><strong>quidem</strong></span> <span class='ocrx_word' id='word_1_257' title='bbox 1357 1913 1685 1967; x_wconf 86' lang='lat' dir='ltr'><strong>documenta</strong></span> <span class='ocrx_word' id='word_1_258' title='bbox 1730 1911 2134 1981; x_wconf 88' lang='lat' dir='ltr'><strong>Aquileiensia,</strong></span> 
     </span>
    </p>
   </div>
   <div class='ocr_carea' id='block_1_36' title="bbox 541 2004 2137 2076">
    <p class='ocr_par' dir='ltr' id='par_1_36' title="bbox 541 2004 2137 2076">
     <span class='ocr_line' id='line_1_36' title="bbox 541 2004 2137 2076; baseline -0.003 -12"><span class='ocrx_word' id='word_1_259' title='bbox 541 2021 598 2064; x_wconf 90' lang='lat' dir='ltr'><strong>ut</strong></span> <span class='ocrx_word' id='word_1_260' title='bbox 627 2009 860 2062; x_wconf 89' lang='lat' dir='ltr'><strong>candide</strong></span> <span class='ocrx_word' id='word_1_261' title='bbox 904 2010 1191 2073; x_wconf 80' lang='lat' dir='ltr'><strong>fateantur,</strong></span> <span class='ocrx_word' id='word_1_262' title='bbox 1220 2023 1342 2060; x_wconf 91' lang='lat' dir='ltr'><strong>cum</strong></span> <span class='ocrx_word' id='word_1_263' title='bbox 1376 2004 1602 2076; x_wconf 85' lang='lat' dir='ltr'><strong>epochis</strong></span> <span class='ocrx_word' id='word_1_264' title='bbox 1639 2005 1724 2059; x_wconf 87' lang='lat' dir='ltr'><strong>his</strong></span> <span class='ocrx_word' id='word_1_265' title='bbox 1754 2021 1860 2059; x_wconf 93' lang='lat' dir='ltr'><strong>non</strong></span> <span class='ocrx_word' id='word_1_266' title='bbox 1893 2005 2137 2072; x_wconf 86' lang='lat' dir='ltr'><strong>apprime</strong></span> 
     </span>
    </p>
   </div>
   <div class='ocr_carea' id='block_1_37' title="bbox 544 2095 2138 2167">
    <p class='ocr_par' dir='ltr' id='par_1_37' title="bbox 544 2095 2138 2167">
     <span class='ocr_line' id='line_1_37' title="bbox 544 2095 2138 2167; baseline -0.003 -13"><span class='ocrx_word' id='word_1_267' title='bbox 544 2099 879 2154; x_wconf 84' lang='lat' dir='ltr'><strong>conveniunt</strong></span> <span class='ocrx_word' id='word_1_268' title='bbox 923 2097 1228 2151; x_wconf 88' lang='lat' dir='ltr'><strong>:diaeonns</strong></span> <span class='ocrx_word' id='word_1_269' title='bbox 1277 2098 1546 2167; x_wconf 85' lang='lat' dir='ltr'><strong>siquidem</strong></span> <span class='ocrx_word' id='word_1_270' title='bbox 1598 2106 1719 2152; x_wconf 86' lang='lat' dir='ltr'><strong>erat</strong></span> <span class='ocrx_word' id='word_1_271' title='bbox 1767 2095 2138 2166; x_wconf 80' lang='lat' dir='ltr'><strong>Aquileiensis</strong></span> 
     </span>
    </p>
   </div>
   <div class='ocr_carea' id='block_1_38' title="bbox 539 2189 2136 2255">
    <p class='ocr_par' dir='ltr' id='par_1_38' title="bbox 539 2189 2136 2255">
     <span class='ocr_line' id='line_1_38' title="bbox 539 2189 2136 2255; baseline -0.002 -9"><span class='ocrx_word' id='word_1_272' title='bbox 539 2191 800 2246; x_wconf 76' lang='lat' dir='ltr'><strong>Ecclesiae</strong></span> <span class='ocrx_word' id='word_1_273' title='bbox 843 2190 1091 2245; x_wconf 74' lang='lat' dir='ltr'><strong>Eusebius</strong></span> <span class='ocrx_word' id='word_1_274' title='bbox 1137 2189 1426 2243; x_wconf 82' lang='lat' dir='ltr'><strong>Chromatti</strong></span> <span class='ocrx_word' id='word_1_275' title='bbox 1475 2190 1661 2255; x_wconf 84' lang='lat' dir='ltr'><strong>frater,</strong></span> <span class='ocrx_word' id='word_1_276' title='bbox 1697 2204 1803 2242; x_wconf 91' lang='lat' dir='ltr'><strong>non</strong></span> <span class='ocrx_word' id='word_1_277' title='bbox 1840 2189 2025 2254; x_wconf 89' lang='lat' dir='ltr'><strong>modo,</strong></span> <span class='ocrx_word' id='word_1_278' title='bbox 2061 2189 2136 2243; x_wconf 93' lang='lat' dir='ltr'><strong>uti</strong></span> 
     </span>
    </p>
   </div>
   <div class='ocr_carea' id='block_1_39' title="bbox 536 2282 2140 2352">
    <p class='ocr_par' dir='ltr' id='par_1_39' title="bbox 536 2282 2140 2352">
     <span class='ocr_line' id='line_1_39' title="bbox 536 2282 2140 2352; baseline -0.003 -12"><span class='ocrx_word' id='word_1_279' title='bbox 536 2287 790 2351; x_wconf 78' lang='lat' dir='ltr'><strong>vidimus,</strong></span> <span class='ocrx_word' id='word_1_280' title='bbox 822 2301 967 2339; x_wconf 91' lang='lat' dir='ltr'><strong>anno</strong></span> <span class='ocrx_word' id='word_1_281' title='bbox 995 2285 1121 2347; x_wconf 76' lang='grc'>571,</span> <span class='ocrx_word' id='word_1_282' title='bbox 1150 2294 1242 2337; x_wconf 88' lang='lat' dir='ltr'><strong>aut</strong></span> <span class='ocrx_word' id='word_1_283' title='bbox 1265 2286 1427 2338; x_wconf 87' lang='lat' dir='ltr'><strong>etiam</strong></span> <span class='ocrx_word' id='word_1_284' title='bbox 1453 2282 1579 2346; x_wconf 74' lang='lat'><strong>572,</strong></span> <span class='ocrx_word' id='word_1_285' title='bbox 1612 2299 1717 2352; x_wconf 88' lang='lat' dir='ltr'><strong>quo</strong></span> <span class='ocrx_word' id='word_1_286' title='bbox 1745 2283 1936 2337; x_wconf 88' lang='lat' dir='ltr'><strong>eodem</strong></span> <span class='ocrx_word' id='word_1_287' title='bbox 1967 2282 2140 2336; x_wconf 86' lang='lat' dir='ltr'><strong>admi-</strong></span> 
     </span>
    </p>
   </div>
   <div class='ocr_carea' id='block_1_40' title="bbox 535 2377 2135 2447">
    <p class='ocr_par' dir='ltr' id='par_1_40' title="bbox 535 2377 2135 2447">
     <span class='ocr_line' id='line_1_40' title="bbox 535 2377 2135 2447; baseline -0.006 -6"><span class='ocrx_word' id='word_1_288' title='bbox 535 2380 711 2441; x_wconf 84' lang='lat' dir='ltr'><strong>nistro</strong></span> <span class='ocrx_word' id='word_1_289' title='bbox 759 2385 1086 2447; x_wconf 80' lang='lat' dir='ltr'><strong>baptismum</strong></span> <span class='ocrx_word' id='word_1_290' title='bbox 1126 2381 1392 2447; x_wconf 75' lang='lat' dir='ltr'><strong>Aquileia:</strong></span> <span class='ocrx_word' id='word_1_291' title='bbox 1439 2379 1678 2447; x_wconf 88' lang='lat' dir='ltr'><strong>suscepit</strong></span> <span class='ocrx_word' id='word_1_292' title='bbox 1726 2377 1984 2439; x_wconf 82' lang='lat' dir='ltr'><strong>Rufinus,</strong></span> <span class='ocrx_word' id='word_1_293' title='bbox 2039 2377 2135 2432; x_wconf 83' lang='lat' dir='ltr'><strong>sed</strong></span> 
     </span>
    </p>
   </div>
   <div class='ocr_carea' id='block_1_41' title="bbox 535 2468 2136 2543">
    <p class='ocr_par' dir='ltr' id='par_1_41' title="bbox 535 2468 2136 2543">
     <span class='ocr_line' id='line_1_41' title="bbox 535 2468 2136 2543; baseline -0.006 -11"><span class='ocrx_word' id='word_1_294' title='bbox 535 2493 681 2532; x_wconf 89' lang='lat' dir='ltr'><strong>anno</strong></span> <span class='ocrx_word' id='word_1_295' title='bbox 705 2479 868 2531; x_wconf 89' lang='lat' dir='ltr'><strong>etiam</strong></span> <span class='ocrx_word' id='word_1_296' title='bbox 897 2475 1024 2541; x_wconf 79' lang='grc'><strong>575,</strong></span> <span class='ocrx_word' id='word_1_297' title='bbox 1056 2488 1164 2543; x_wconf 87' lang='lat' dir='ltr'><strong>quo</strong></span> <span class='ocrx_word' id='word_1_298' title='bbox 1195 2473 1262 2527; x_wconf 90' lang='lat' dir='ltr'><strong>ad</strong></span> <span class='ocrx_word' id='word_1_299' title='bbox 1306 2474 1482 2542; x_wconf 89' lang='lat' dir='ltr'><strong>ipsum</strong></span> <span class='ocrx_word' id='word_1_300' title='bbox 1511 2471 1670 2525; x_wconf 88' lang='lat' dir='ltr'><strong>simul</strong></span> <span class='ocrx_word' id='word_1_301' title='bbox 1699 2479 1756 2525; x_wconf 90' lang='lat' dir='ltr'><strong>et</strong></span> <span class='ocrx_word' id='word_1_302' title='bbox 1781 2468 2136 2524; x_wconf 79' lang='lat' dir='ltr'><strong>Chromatium</strong></span> 
     </span>
    </p>
   </div>
   <div class='ocr_carea' id='block_1_42' title="bbox 535 2563 2138 2638">
    <p class='ocr_par' dir='ltr' id='par_1_42' title="bbox 535 2563 2138 2638">
     <span class='ocr_line' id='line_1_42' title="bbox 535 2563 2138 2638; baseline -0.006 -12"><span class='ocrx_word' id='word_1_303' title='bbox 535 2582 586 2626; x_wconf 91' lang='lat' dir='ltr'><strong>et</strong></span> <span class='ocrx_word' id='word_1_304' title='bbox 620 2569 863 2624; x_wconf 71' lang='lat' dir='ltr'><strong>Iovinum</strong></span> <span class='ocrx_word' id='word_1_305' title='bbox 893 2569 1155 2638; x_wconf 72' lang='lat' dir='ltr'><strong>Aquileiae</strong></span> <span class='ocrx_word' id='word_1_306' title='bbox 1182 2568 1412 2636; x_wconf 88' lang='lat' dir='ltr'><strong>positos,</strong></span> <span class='ocrx_word' id='word_1_307' title='bbox 1448 2575 1502 2618; x_wconf 90' lang='lat' dir='ltr'><strong>et</strong></span> <span class='ocrx_word' id='word_1_308' title='bbox 1548 2563 1693 2618; x_wconf 91' lang='lat' dir='ltr'><strong>nullo</strong></span> <span class='ocrx_word' id='word_1_309' title='bbox 1722 2563 1994 2618; x_wconf 85' lang='lat' dir='ltr'><strong>indicatos</strong></span> <span class='ocrx_word' id='word_1_310' title='bbox 2022 2565 2138 2632; x_wconf 78' lang='lat' dir='ltr'><strong>epi-</strong></span> 
     </span>
    </p>
   </div>
   <div class='ocr_carea' id='block_1_43' title="bbox 537 2658 2136 2736">
    <p class='ocr_par' dir='ltr' id='par_1_43' title="bbox 537 2658 2136 2736">
     <span class='ocr_line' id='line_1_43' title="bbox 537 2658 2136 2736; baseline -0.007 -14"><span class='ocrx_word' id='word_1_311' title='bbox 537 2679 791 2736; x_wconf 73' lang='lat' dir='ltr'><strong>SCOjtalUS</strong></span> <span class='ocrx_word' id='word_1_312' title='bbox 823 2665 1031 2718; x_wconf 85' lang='lat' dir='ltr'><strong>honore</strong></span> <span class='ocrx_word' id='word_1_313' title='bbox 1054 2705 1068 2728; x_wconf 92' lang='lat'><strong>,</strong></span> <span class='ocrx_word' id='word_1_314' title='bbox 1099 2663 1312 2716; x_wconf 83' lang='lat' dir='ltr'><strong>litteras</strong></span> <span class='ocrx_word' id='word_1_315' title='bbox 1335 2660 1489 2714; x_wconf 89' lang='lat' dir='ltr'><strong>dedit</strong></span> <span class='ocrx_word' id='word_1_316' title='bbox 1522 2658 1887 2730; x_wconf 87' lang='lat' dir='ltr'><strong>Hieronymus</strong></span> <span class='ocrx_word' id='word_1_317' title='bbox 1929 2675 1943 2710; x_wconf 87' lang='lat'><strong>:</strong></span> <span class='ocrx_word' id='word_1_318' title='bbox 1989 2672 2136 2712; x_wconf 87' lang='lat' dir='ltr'><strong>mor-</strong></span> 
     </span>
    </p>
   </div>
   <div class='ocr_carea' id='block_1_44' title="bbox 535 2753 2131 2824">
    <p class='ocr_par' dir='ltr' id='par_1_44' title="bbox 535 2753 2131 2824">
     <span class='ocr_line' id='line_1_44' title="bbox 535 2753 2131 2824; baseline -0.007 -8"><span class='ocrx_word' id='word_1_319' title='bbox 535 2768 644 2816; x_wconf 92' lang='lat' dir='ltr'><strong>tem</strong></span> <span class='ocrx_word' id='word_1_320' title='bbox 695 2773 827 2814; x_wconf 86' lang='lat' dir='ltr'><strong>vero</strong></span> <span class='ocrx_word' id='word_1_321' title='bbox 878 2755 1132 2810; x_wconf 84' lang='lat' dir='ltr'><strong>Eusebius</strong></span> <span class='ocrx_word' id='word_1_322' title='bbox 1178 2753 1546 2824; x_wconf 86' lang='lat' dir='ltr'><strong>Aquileiensis</strong></span> <span class='ocrx_word' id='word_1_323' title='bbox 1573 2791 1587 2816; x_wconf 93' lang='lat'><strong>,</strong></span> <span class='ocrx_word' id='word_1_324' title='bbox 1624 2754 1912 2822; x_wconf 88' lang='lat' dir='ltr'><strong>episcopus</strong></span> <span class='ocrx_word' id='word_1_325' title='bbox 1946 2761 2131 2820; x_wconf 87' lang='lat' dir='ltr'><strong>postea</strong></span> 
     </span>
    </p>
   </div>
   <div class='ocr_carea' id='block_1_45' title="bbox 536 2844 2128 2915">
    <p class='ocr_par' dir='ltr' id='par_1_45' title="bbox 536 2844 2128 2915">
     <span class='ocr_line' id='line_1_45' title="bbox 536 2844 2128 2915; baseline -0.006 -7"><span class='ocrx_word' id='word_1_326' title='bbox 536 2852 708 2908; x_wconf 80' lang='lat' dir='ltr'><strong>factus</strong></span> <span class='ocrx_word' id='word_1_327' title='bbox 738 2864 794 2905; x_wconf 92' lang='lat' dir='ltr'><strong>ut</strong></span> <span class='ocrx_word' id='word_1_328' title='bbox 821 2850 1048 2903; x_wconf 78' lang='lat' dir='ltr'><strong>Rufinus</strong></span> <span class='ocrx_word' id='word_1_329' title='bbox 1078 2855 1328 2908; x_wconf 84' lang='lat' dir='ltr'><strong>testatur,</strong></span> <span class='ocrx_word' id='word_1_330' title='bbox 1354 2845 1464 2915; x_wconf 74' lang='lat' dir='ltr'><strong>jam</strong></span> <span class='ocrx_word' id='word_1_331' title='bbox 1491 2845 1803 2914; x_wconf 84' lang='lat' dir='ltr'><strong>oppetierat</strong></span> <span class='ocrx_word' id='word_1_332' title='bbox 1831 2861 1978 2897; x_wconf 89' lang='lat' dir='ltr'><strong>anno</strong></span> <span class='ocrx_word' id='word_1_333' title='bbox 2003 2844 2128 2910; x_wconf 78' lang='grc'><strong>596,</strong></span> 
     </span>
    </p>
   </div>
   <div class='ocr_carea' id='block_1_46' title="bbox 535 2936 2129 3007">
    <p class='ocr_par' dir='ltr' id='par_1_46' title="bbox 535 2936 2129 3007">
     <span class='ocr_line' id='line_1_46' title="bbox 535 2936 2129 3007; baseline -0.007 -6"><span class='ocrx_word' id='word_1_334' title='bbox 535 2947 612 3001; x_wconf 91' lang='lat' dir='ltr'><strong>uti</strong></span> <span class='ocrx_word' id='word_1_335' title='bbox 661 2961 730 3001; x_wconf 82' lang='lat' dir='ltr'><strong>ex</strong></span> <span class='ocrx_word' id='word_1_336' title='bbox 777 2945 882 2997; x_wconf 90' lang='lat' dir='ltr'><strong>alia</strong></span> <span class='ocrx_word' id='word_1_337' title='bbox 932 2942 999 2996; x_wconf 88' lang='lat' dir='ltr'><strong>ad</strong></span> <span class='ocrx_word' id='word_1_338' title='bbox 1048 2940 1394 2994; x_wconf 83' lang='lat' dir='ltr'><strong>Heliodorum</strong></span> <span class='ocrx_word' id='word_1_339' title='bbox 1452 2939 1766 3007; x_wconf 84' lang='lat' dir='ltr'><strong>episeopum</strong></span> <span class='ocrx_word' id='word_1_340' title='bbox 1817 2936 2129 3007; x_wconf 86' lang='lat' dir='ltr'><strong>Hieronymi</strong></span> 
     </span>
    </p>
   </div>
   <div class='ocr_carea' id='block_1_47' title="bbox 535 3034 2130 3108">
    <p class='ocr_par' dir='ltr' id='par_1_47' title="bbox 535 3034 2130 3108">
     <span class='ocr_line' id='line_1_47' title="bbox 535 3034 2130 3108; baseline -0.006 -14"><span class='ocrx_word' id='word_1_341' title='bbox 535 3039 706 3108; x_wconf 83' lang='lat' dir='ltr'><strong>ipsius</strong></span> <span class='ocrx_word' id='word_1_342' title='bbox 737 3036 966 3106; x_wconf 89' lang='lat' dir='ltr'><strong>epistola</strong></span> <span class='ocrx_word' id='word_1_343' title='bbox 1010 3034 1256 3102; x_wconf 84' lang='lat' dir='ltr'><strong>ejusdem</strong></span> <span class='ocrx_word' id='word_1_344' title='bbox 1305 3037 1469 3096; x_wconf 87' lang='lat' dir='ltr'><strong>anni;</strong></span> <span class='ocrx_word' id='word_1_345' title='bbox 1510 3047 1643 3101; x_wconf 88' lang='lat' dir='ltr'><strong>quas</strong></span> <span class='ocrx_word' id='word_1_346' title='bbox 1691 3045 1883 3085; x_wconf 89' lang='lat' dir='ltr'><strong>omnes</strong></span> <span class='ocrx_word' id='word_1_347' title='bbox 1913 3045 2130 3100; x_wconf 86' lang='lat' dir='ltr'><strong>semper</strong></span> 
     </span>
    </p>
   </div>
   <div class='ocr_carea' id='block_1_48' title="bbox 2246 1818 3852 1892">
    <p class='ocr_par' dir='ltr' id='par_1_48' title="bbox 2246 1818 3852 1892">
     <span class='ocr_line' id='line_1_48' title="bbox 2246 1818 3852 1892; baseline 0 -18"><span class='ocrx_word' id='word_1_348' title='bbox 2246 1821 2420 1875; x_wconf 90' lang='lat' dir='ltr'><strong>nostri</strong></span> <span class='ocrx_word' id='word_1_349' title='bbox 2455 1820 2674 1875; x_wconf 83' lang='lat' dir='ltr'><strong>fratrem</strong></span> <span class='ocrx_word' id='word_1_350' title='bbox 2703 1838 2715 1882; x_wconf 86' lang='lat'><strong>;</strong></span> <span class='ocrx_word' id='word_1_351' title='bbox 2743 1822 2884 1890; x_wconf 91' lang='lat' dir='ltr'><strong>quod</strong></span> <span class='ocrx_word' id='word_1_352' title='bbox 2921 1818 3190 1890; x_wconf 88' lang='lat' dir='ltr'><strong>profecto,</strong></span> <span class='ocrx_word' id='word_1_353' title='bbox 3225 1821 3270 1874; x_wconf 88' lang='lat' dir='ltr'><strong>si</strong></span> <span class='ocrx_word' id='word_1_354' title='bbox 3303 1821 3461 1875; x_wconf 87' lang='lat' dir='ltr'><strong>nobis</strong></span> <span class='ocrx_word' id='word_1_355' title='bbox 3483 1819 3852 1892; x_wconf 87' lang='lat' dir='ltr'><strong>Aquileiensi-</strong></span> 
     </span>
    </p>
   </div>
   <div class='ocr_carea' id='block_1_49' title="bbox 2243 1911 3850 1982">
    <p class='ocr_par' dir='ltr' id='par_1_49' title="bbox 2243 1911 3850 1982">
     <span class='ocr_line' id='line_1_49' title="bbox 2243 1911 3850 1982; baseline 0.001 -15"><span class='ocrx_word' id='word_1_356' title='bbox 2243 1913 2345 1968; x_wconf 89' lang='lat' dir='ltr'><strong>hus</strong></span> <span class='ocrx_word' id='word_1_357' title='bbox 2391 1913 2788 1982; x_wconf 88' lang='lat' dir='ltr'><strong>perjucundum</strong></span> <span class='ocrx_word' id='word_1_358' title='bbox 2840 1922 3004 1981; x_wconf 90' lang='lat' dir='ltr'><strong>atque</strong></span> <span class='ocrx_word' id='word_1_359' title='bbox 3057 1913 3358 1978; x_wconf 88' lang='lat' dir='ltr'><strong>decorum,</strong></span> <span class='ocrx_word' id='word_1_360' title='bbox 3412 1911 3850 1968; x_wconf 80' lang='lat' dir='ltr'><strong>Bononiensibus</strong></span> 
     </span>
    </p>
   </div>
   <div class='ocr_carea' id='block_1_50' title="bbox 2242 2005 3846 2078">
    <p class='ocr_par' dir='ltr' id='par_1_50' title="bbox 2242 2005 3846 2078">
     <span class='ocr_line' id='line_1_50' title="bbox 2242 2005 3846 2078; baseline -0.001 -17"><span class='ocrx_word' id='word_1_361' title='bbox 2242 2008 2376 2078; x_wconf 86' lang='lat' dir='ltr'><strong>ipsis</strong></span> <span class='ocrx_word' id='word_1_362' title='bbox 2423 2007 2798 2078; x_wconf 73' lang='lat' dir='ltr'><strong>gratissimum</strong></span> <span class='ocrx_word' id='word_1_363' title='bbox 2851 2008 3089 2061; x_wconf 88' lang='lat' dir='ltr'><strong>futurum</strong></span> <span class='ocrx_word' id='word_1_364' title='bbox 3139 2009 3243 2070; x_wconf 89' lang='lat' dir='ltr'><strong>sit;</strong></span> <span class='ocrx_word' id='word_1_365' title='bbox 3275 2006 3468 2076; x_wconf 87' lang='lat' dir='ltr'><strong>quibus</strong></span> <span class='ocrx_word' id='word_1_366' title='bbox 3513 2006 3632 2062; x_wconf 87' lang='lat' dir='ltr'><strong>ha-c</strong></span> <span class='ocrx_word' id='word_1_367' title='bbox 3669 2005 3846 2076; x_wconf 77' lang='lat' dir='ltr'><strong>gloria</strong></span> 
     </span>
    </p>
   </div>
   <div class='ocr_carea' id='block_1_51' title="bbox 2241 2100 3845 2177">
    <p class='ocr_par' dir='ltr' id='par_1_51' title="bbox 2241 2100 3845 2177">
     <span class='ocr_line' id='line_1_51' title="bbox 2241 2100 3845 2177; baseline 0 -23"><span class='ocrx_word' id='word_1_368' title='bbox 2241 2117 2456 2172; x_wconf 91' lang='lat' dir='ltr'><strong>quoque</strong></span> <span class='ocrx_word' id='word_1_369' title='bbox 2487 2101 2783 2156; x_wconf 53' lang='lat' dir='ltr'><strong>novissime</strong></span> <span class='ocrx_word' id='word_1_370' title='bbox 2813 2101 3109 2177; x_wconf 85' lang='lat' dir='ltr'><strong>accesserit</strong></span> <span class='ocrx_word' id='word_1_371' title='bbox 3136 2142 3150 2164; x_wconf 88' lang='lat'><strong>,</strong></span> <span class='ocrx_word' id='word_1_372' title='bbox 3186 2112 3243 2154; x_wconf 85' lang='grc' dir='ltr'><strong>ιιι</strong></span> <span class='ocrx_word' id='word_1_373' title='bbox 3276 2115 3383 2155; x_wconf 90' lang='lat' dir='ltr'><strong>non</strong></span> <span class='ocrx_word' id='word_1_374' title='bbox 3413 2100 3693 2154; x_wconf 90' lang='lat' dir='ltr'><strong>immerito</strong></span> <span class='ocrx_word' id='word_1_375' title='bbox 3722 2116 3845 2154; x_wconf 88' lang='lat' dir='ltr'><strong>cre-</strong></span> 
     </span>
    </p>
   </div>
   <div class='ocr_carea' id='block_1_52' title="bbox 2240 2195 3842 2265">
    <p class='ocr_par' dir='ltr' id='par_1_52' title="bbox 2240 2195 3842 2265">
     <span class='ocr_line' id='line_1_52' title="bbox 2240 2195 3842 2265; baseline -0.001 -15"><span class='ocrx_word' id='word_1_376' title='bbox 2240 2196 2373 2250; x_wconf 90' lang='lat' dir='ltr'><strong>dant</strong></span> <span class='ocrx_word' id='word_1_377' title='bbox 2423 2198 2737 2265; x_wconf 88' lang='lat' dir='ltr'><strong>episcopum</strong></span> <span class='ocrx_word' id='word_1_378' title='bbox 2791 2212 2950 2250; x_wconf 89' lang='lat' dir='ltr'><strong>suum</strong></span> <span class='ocrx_word' id='word_1_379' title='bbox 2975 2237 2987 2258; x_wconf 93' lang='lat'><strong>,</strong></span> <span class='ocrx_word' id='word_1_380' title='bbox 3023 2195 3305 2249; x_wconf 82' lang='lat' dir='ltr'><strong>Eusebium</strong></span> <span class='ocrx_word' id='word_1_381' title='bbox 3349 2195 3609 2259; x_wconf 89' lang='lat' dir='ltr'><strong>nomine,</strong></span> <span class='ocrx_word' id='word_1_382' title='bbox 3645 2205 3842 2264; x_wconf 78' lang='lat' dir='ltr'><strong>quarto</strong></span> 
     </span>
    </p>
   </div>
   <div class='ocr_carea' id='block_1_53' title="bbox 2242 2287 3844 2357">
    <p class='ocr_par' dir='ltr' id='par_1_53' title="bbox 2242 2287 3844 2357">
     <span class='ocr_line' id='line_1_53' title="bbox 2242 2287 3844 2357; baseline -0.001 -13"><span class='ocrx_word' id='word_1_383' title='bbox 2242 2289 2506 2346; x_wconf 64' lang='lat' dir='ltr'><strong>Ecclesia:</strong></span> <span class='ocrx_word' id='word_1_384' title='bbox 2529 2289 2731 2343; x_wconf 71' lang='lat' dir='ltr'><strong>smculo</strong></span> <span class='ocrx_word' id='word_1_385' title='bbox 2763 2289 3052 2343; x_wconf 86' lang='lat' dir='ltr'><strong>sanctitate</strong></span> <span class='ocrx_word' id='word_1_386' title='bbox 3081 2289 3313 2354; x_wconf 90' lang='lat' dir='ltr'><strong>clarmn,</strong></span> <span class='ocrx_word' id='word_1_387' title='bbox 3338 2304 3370 2341; x_wconf 90' lang='lat' dir='ltr'><strong>e</strong></span> <span class='ocrx_word' id='word_1_388' title='bbox 3402 2288 3552 2342; x_wconf 89' lang='lat' dir='ltr'><strong>clero</strong></span> <span class='ocrx_word' id='word_1_389' title='bbox 3576 2287 3844 2357; x_wconf 83' lang='lat' dir='ltr'><strong>prodiisse</strong></span> 
     </span>
    </p>
   </div>
   <div class='ocr_carea' id='block_1_54' title="bbox 2240 2381 3842 2454">
    <p class='ocr_par' dir='ltr' id='par_1_54' title="bbox 2240 2381 3842 2454">
     <span class='ocr_line' id='line_1_54' title="bbox 2240 2381 3842 2454; baseline 0 -18"><span class='ocrx_word' id='word_1_390' title='bbox 2240 2381 2611 2449; x_wconf 85' lang='lat' dir='ltr'><strong>Aquileiensis</strong></span> <span class='ocrx_word' id='word_1_391' title='bbox 2641 2381 2902 2436; x_wconf 66' lang='lat' dir='ltr'><strong>Ecclesiae</strong></span> <span class='ocrx_word' id='word_1_392' title='bbox 2951 2391 3240 2450; x_wconf 90' lang='lat' dir='ltr'><strong>tantopere</strong></span> <span class='ocrx_word' id='word_1_393' title='bbox 3269 2396 3299 2434; x_wconf 89' lang='lat' dir='ltr'><strong>a</strong></span> <span class='ocrx_word' id='word_1_394' title='bbox 3330 2381 3460 2434; x_wconf 89' lang='lat' dir='ltr'><strong>divo</strong></span> <span class='ocrx_word' id='word_1_395' title='bbox 3509 2381 3842 2454; x_wconf 82' lang='lat' dir='ltr'><strong>ilierOnymo</strong></span> 
     </span>
    </p>
   </div>
   <div class='ocr_carea' id='block_1_55' title="bbox 2241 2474 3844 2544">
    <p class='ocr_par' dir='ltr' id='par_1_55' title="bbox 2241 2474 3844 2544">
     <span class='ocr_line' id='line_1_55' title="bbox 2241 2474 3844 2544; baseline 0.001 -14"><span class='ocrx_word' id='word_1_396' title='bbox 2241 2474 2484 2536; x_wconf 89' lang='lat' dir='ltr'><strong>laudato,</strong></span> <span class='ocrx_word' id='word_1_397' title='bbox 2510 2483 2565 2529; x_wconf 89' lang='lat' dir='ltr'><strong>et</strong></span> <span class='ocrx_word' id='word_1_398' title='bbox 2589 2475 2812 2529; x_wconf 84' lang='lat' dir='ltr'><strong>fratrem</strong></span> <span class='ocrx_word' id='word_1_399' title='bbox 2843 2475 3102 2530; x_wconf 89' lang='lat' dir='ltr'><strong>habuisse</strong></span> <span class='ocrx_word' id='word_1_400' title='bbox 3132 2476 3302 2544; x_wconf 88' lang='lat' dir='ltr'><strong>ipsius</strong></span> <span class='ocrx_word' id='word_1_401' title='bbox 3333 2475 3599 2530; x_wconf 64' lang='lat' dir='ltr'><strong>Ecclesiae</strong></span> <span class='ocrx_word' id='word_1_402' title='bbox 3627 2475 3844 2544; x_wconf 87' lang='lat' dir='ltr'><strong>episco-</strong></span> 
     </span>
    </p>
   </div>
   <div class='ocr_carea' id='block_1_56' title="bbox 2240 2567 3840 2638">
    <p class='ocr_par' dir='ltr' id='par_1_56' title="bbox 2240 2567 3840 2638">
     <span class='ocr_line' id='line_1_56' title="bbox 2240 2567 3840 2638; baseline 0.001 -17"><span class='ocrx_word' id='word_1_403' title='bbox 2240 2584 2365 2638; x_wconf 91' lang='lat' dir='ltr'><strong>pum</strong></span> <span class='ocrx_word' id='word_1_404' title='bbox 2416 2567 2804 2630; x_wconf 82' lang='lat' dir='ltr'><strong>Chromatium,</strong></span> <span class='ocrx_word' id='word_1_405' title='bbox 2857 2568 3014 2638; x_wconf 86' lang='lat' dir='ltr'><strong>cujus</strong></span> <span class='ocrx_word' id='word_1_406' title='bbox 3063 2567 3240 2623; x_wconf 90' lang='lat' dir='ltr'><strong>solum</strong></span> <span class='ocrx_word' id='word_1_407' title='bbox 3291 2583 3490 2623; x_wconf 89' lang='lat' dir='ltr'><strong>nomen</strong></span> <span class='ocrx_word' id='word_1_408' title='bbox 3538 2582 3638 2637; x_wconf 90' lang='lat' dir='ltr'><strong>pro</strong></span> <span class='ocrx_word' id='word_1_409' title='bbox 3683 2567 3840 2623; x_wconf 89' lang='lat' dir='ltr'><strong>laude</strong></span> 
     </span>
    </p>
   </div>
   <div class='ocr_carea' id='block_1_57' title="bbox 2241 2661 2695 2731">
    <p class='ocr_par' dir='ltr' id='par_1_57' title="bbox 2241 2661 2695 2731">
     <span class='ocr_line' id='line_1_57' title="bbox 2241 2661 2695 2731; baseline 0.002 -15"><span class='ocrx_word' id='word_1_410' title='bbox 2241 2661 2556 2731; x_wconf 83' lang='lat' dir='ltr'><strong>plenissima</strong></span> <span class='ocrx_word' id='word_1_411' title='bbox 2587 2668 2695 2717; x_wconf 90' lang='lat' dir='ltr'><strong>est.</strong></span> 
     </span>
    </p>
   </div>
   <div class='ocr_carea' id='block_1_58' title="bbox 2309 2751 3832 2824">
    <p class='ocr_par' dir='ltr' id='par_1_58' title="bbox 2309 2751 3832 2824">
     <span class='ocr_line' id='line_1_58' title="bbox 2309 2751 3832 2824; baseline 0 -16"><span class='ocrx_word' id='word_1_412' title='bbox 2309 2754 2528 2808; x_wconf 86' lang='lat' dir='ltr'><strong>interim</strong></span> <span class='ocrx_word' id='word_1_413' title='bbox 2559 2753 2728 2822; x_wconf 89' lang='lat' dir='ltr'><strong>ipsius</strong></span> <span class='ocrx_word' id='word_1_414' title='bbox 2760 2751 2971 2808; x_wconf 83' lang='lat' dir='ltr'><strong>Eusebii</strong></span> <span class='ocrx_word' id='word_1_415' title='bbox 2999 2768 3219 2824; x_wconf 89' lang='lat' dir='ltr'><strong>quoque</strong></span> <span class='ocrx_word' id='word_1_416' title='bbox 3251 2768 3473 2817; x_wconf 87' lang='lat' dir='ltr'><strong>nomen,</strong></span> <span class='ocrx_word' id='word_1_417' title='bbox 3505 2753 3646 2822; x_wconf 90' lang='lat' dir='ltr'><strong>quod</strong></span> <span class='ocrx_word' id='word_1_418' title='bbox 3675 2753 3832 2808; x_wconf 46' lang='lat' dir='ltr'><strong>Clu-os</strong></span> 
     </span>
    </p>
   </div>
   <div class='ocr_carea' id='block_1_59' title="bbox 2237 2843 3838 2916">
    <p class='ocr_par' dir='ltr' id='par_1_59' title="bbox 2237 2843 3838 2916">
     <span class='ocr_line' id='line_1_59' title="bbox 2237 2843 3838 2916; baseline 0.001 -18"><span class='ocrx_word' id='word_1_419' title='bbox 2237 2845 2380 2898; x_wconf 88' lang='lat' dir='ltr'><strong>matii</strong></span> <span class='ocrx_word' id='word_1_420' title='bbox 2428 2843 2798 2912; x_wconf 83' lang='lat' dir='ltr'><strong>Aquileiensis</strong></span> <span class='ocrx_word' id='word_1_421' title='bbox 2845 2847 3090 2915; x_wconf 73' lang='lat' dir='ltr'><strong>l‘piSCOjii</strong></span> <span class='ocrx_word' id='word_1_422' title='bbox 3139 2845 3314 2900; x_wconf 82' lang='lat' dir='ltr'><strong>frater</strong></span> <span class='ocrx_word' id='word_1_423' title='bbox 3345 2846 3609 2916; x_wconf 78' lang='lat' dir='ltr'><strong>gerebat,</strong></span> <span class='ocrx_word' id='word_1_424' title='bbox 3647 2845 3838 2915; x_wconf 90' lang='lat' dir='ltr'><strong>quidni</strong></span> 
     </span>
    </p>
   </div>
   <div class='ocr_carea' id='block_1_60' title="bbox 2238 2939 3834 3012">
    <p class='ocr_par' dir='ltr' id='par_1_60' title="bbox 2238 2939 3834 3012">
     <span class='ocr_line' id='line_1_60' title="bbox 2238 2939 3834 3012; baseline 0.001 -19"><span class='ocrx_word' id='word_1_425' title='bbox 2238 2939 2578 2994; x_wconf 82' lang='lat' dir='ltr'><strong>Eusebiorum</strong></span> <span class='ocrx_word' id='word_1_426' title='bbox 2617 2941 2784 2996; x_wconf 87' lang='lat' dir='ltr'><strong>etiam</strong></span> <span class='ocrx_word' id='word_1_427' title='bbox 2824 2942 3082 2996; x_wconf 81' lang='lat' dir='ltr'><strong>familiam</strong></span> <span class='ocrx_word' id='word_1_428' title='bbox 3116 2942 3354 3007; x_wconf 87' lang='lat' dir='ltr'><strong>indicet,</strong></span> <span class='ocrx_word' id='word_1_429' title='bbox 3384 2952 3434 2997; x_wconf 87' lang='lat' dir='ltr'><strong>et</strong></span> <span class='ocrx_word' id='word_1_430' title='bbox 3466 2957 3585 2996; x_wconf 84' lang='lat' dir='ltr'><strong>eam</strong></span> <span class='ocrx_word' id='word_1_431' title='bbox 3615 2942 3834 3012; x_wconf 84' lang='lat' dir='ltr'><strong>quidem</strong></span> 
     </span>
    </p>
   </div>
   <div class='ocr_carea' id='block_1_61' title="bbox 2234 3033 3830 3105">
    <p class='ocr_par' dir='ltr' id='par_1_61' title="bbox 2234 3033 3830 3105">
     <span class='ocr_line' id='line_1_61' title="bbox 2234 3033 3830 3105; baseline -0.002 -17"><span class='ocrx_word' id='word_1_432' title='bbox 2234 3034 2674 3105; x_wconf 87' lang='lat' dir='ltr'><strong>Aquileiensetn,</strong></span> <span class='ocrx_word' id='word_1_433' title='bbox 2707 3035 2851 3089; x_wconf 90' lang='lat' dir='ltr'><strong>unde</strong></span> <span class='ocrx_word' id='word_1_434' title='bbox 2901 3042 3134 3103; x_wconf 90' lang='lat' dir='ltr'><strong>uterque</strong></span> <span class='ocrx_word' id='word_1_435' title='bbox 3181 3033 3483 3088; x_wconf 87' lang='lat' dir='ltr'><strong>oriundus?</strong></span> <span class='ocrx_word' id='word_1_436' title='bbox 3513 3033 3830 3102; x_wconf 83' lang='lat' dir='ltr'><strong>Aqniieieu-</strong></span> 
     </span>
    </p>
   </div>
   <div class='ocr_carea' id='block_1_62' title="bbox 489 3101 3833 3197">
    <p class='ocr_par' dir='ltr' id='par_1_62' title="bbox 489 3101 3833 3197">
     <span class='ocr_line' id='line_1_62' title="bbox 489 3101 3833 3197; baseline -0.001 -11"><span class='ocrx_word' id='word_1_437' title='bbox 489 3112 505 3131; x_wconf 75' lang='grc'><em>’</em></span> <span class='ocrx_word' id='word_1_438' title='bbox 537 3147 602 3188; x_wconf 74' lang='lat' dir='ltr'><strong>ex</strong></span> <span class='ocrx_word' id='word_1_439' title='bbox 632 3131 870 3184; x_wconf 85' lang='lat' dir='ltr'><strong>editione</strong></span> <span class='ocrx_word' id='word_1_440' title='bbox 901 3136 957 3182; x_wconf 91' lang='lat' dir='ltr'><strong>et</strong></span> <span class='ocrx_word' id='word_1_441' title='bbox 983 3125 1346 3195; x_wconf 81' lang='lat' dir='ltr'><strong>Chronologia</strong></span> <span class='ocrx_word' id='word_1_442' title='bbox 1378 3123 1625 3177; x_wconf 76' lang='lat' dir='ltr'><strong>Vallarsii</strong></span> <span class='ocrx_word' id='word_1_443' title='bbox 1650 3123 1734 3176; x_wconf 87' lang='lat' dir='ltr'><strong>hie</strong></span> <span class='ocrx_word' id='word_1_444' title='bbox 1759 3123 2126 3178; x_wconf 90' lang='lat' dir='ltr'><strong>nominamus.</strong></span> <span class='ocrx_word' id='word_1_445' title='bbox 2156 3101 2200 3164; x_wconf 68' lang='grc' dir='ltr'>Ο</span> <span class='ocrx_word' id='word_1_446' title='bbox 2234 3143 2349 3183; x_wconf 91' lang='lat' dir='ltr'><strong>sem</strong></span> <span class='ocrx_word' id='word_1_447' title='bbox 2381 3130 2551 3197; x_wconf 89' lang='lat' dir='ltr'><strong>patria</strong></span> <span class='ocrx_word' id='word_1_448' title='bbox 2579 3127 2930 3183; x_wconf 86' lang='lat' dir='ltr'><strong>Chromatium</strong></span> <span class='ocrx_word' id='word_1_449' title='bbox 2977 3137 3227 3183; x_wconf 83' lang='lat' dir='ltr'><strong>nostrum</strong></span> <span class='ocrx_word' id='word_1_450' title='bbox 3259 3130 3490 3183; x_wconf 90' lang='lat' dir='ltr'><strong>asseruit</strong></span> <span class='ocrx_word' id='word_1_451' title='bbox 3521 3129 3833 3183; x_wconf 87' lang='lat' dir='ltr'><strong>firmissime</strong></span> 
     </span>
    </p>
   </div>
   <div class='ocr_carea' id='block_1_63' title="bbox 538 3215 2136 3291">
    <p class='ocr_par' dir='ltr' id='par_1_63' title="bbox 538 3215 2136 3291">
     <span class='ocr_line' id='line_1_63' title="bbox 538 3215 2136 3291; baseline -0.001 -18"><span class='ocrx_word' id='word_1_452' title='bbox 538 3221 824 3291; x_wconf 82' lang='lat' dir='ltr'><strong>Quomodo</strong></span> <span class='ocrx_word' id='word_1_453' title='bbox 852 3235 987 3289; x_wconf 84' lang='lat' dir='ltr'><strong>ergo</strong></span> <span class='ocrx_word' id='word_1_454' title='bbox 1011 3234 1133 3272; x_wconf 92' lang='lat' dir='ltr'><strong>cum</strong></span> <span class='ocrx_word' id='word_1_455' title='bbox 1169 3217 1267 3270; x_wconf 91' lang='lat' dir='ltr'><strong>hac</strong></span> <span class='ocrx_word' id='word_1_456' title='bbox 1298 3215 1629 3286; x_wconf 86' lang='lat' dir='ltr'><strong>epocharum</strong></span> <span class='ocrx_word' id='word_1_457' title='bbox 1656 3215 1975 3272; x_wconf 77' lang='lat' dir='ltr'><strong>diversitate</strong></span> <span class='ocrx_word' id='word_1_458' title='bbox 2005 3233 2136 3271; x_wconf 83' lang='lat' dir='ltr'><strong>cou-</strong></span> 
     </span>
    </p>
   </div>
   <div class='ocr_carea' id='block_1_64' title="bbox 535 3305 2128 3382">
    <p class='ocr_par' dir='ltr' id='par_1_64' title="bbox 535 3305 2128 3382">
     <span class='ocr_line' id='line_1_64' title="bbox 535 3305 2128 3382; baseline -0.004 -13"><span class='ocrx_word' id='word_1_459' title='bbox 535 3315 711 3370; x_wconf 81' lang='lat' dir='ltr'><strong>ciliari</strong></span> <span class='ocrx_word' id='word_1_460' title='bbox 738 3319 920 3382; x_wconf 86' lang='lat' dir='ltr'><strong>potest</strong></span> <span class='ocrx_word' id='word_1_461' title='bbox 943 3309 1297 3378; x_wconf 88' lang='lat' dir='ltr'><strong>episcopatus</strong></span> <span class='ocrx_word' id='word_1_462' title='bbox 1327 3306 1689 3362; x_wconf 76' lang='lat' dir='ltr'><strong>Bononiensis</strong></span> <span class='ocrx_word' id='word_1_463' title='bbox 1720 3305 1928 3360; x_wconf 86' lang='lat' dir='ltr'><strong>Eusebii</strong></span> <span class='ocrx_word' id='word_1_464' title='bbox 1956 3308 2128 3362; x_wconf 92' lang='lat' dir='ltr'><strong>nostri</strong></span> 
     </span>
    </p>
   </div>
   <div class='ocr_carea' id='block_1_65' title="bbox 535 3401 2131 3478">
    <p class='ocr_par' dir='ltr' id='par_1_65' title="bbox 535 3401 2131 3478">
     <span class='ocr_line' id='line_1_65' title="bbox 535 3401 2131 3478; baseline -0.006 -13"><span class='ocrx_word' id='word_1_465' title='bbox 535 3406 920 3478; x_wconf 87' lang='lat' dir='ltr'><strong>Aquileiensis,</strong></span> <span class='ocrx_word' id='word_1_466' title='bbox 956 3403 1241 3457; x_wconf 84' lang='lat' dir='ltr'><strong>Chromatii</strong></span> <span class='ocrx_word' id='word_1_467' title='bbox 1287 3401 1499 3466; x_wconf 81' lang='lat' dir='ltr'><strong>fratris;</strong></span> <span class='ocrx_word' id='word_1_468' title='bbox 1548 3412 1605 3455; x_wconf 92' lang='lat' dir='ltr'><strong>ut</strong></span> <span class='ocrx_word' id='word_1_469' title='bbox 1652 3416 1791 3455; x_wconf 91' lang='lat' dir='ltr'><strong>unus</strong></span> <span class='ocrx_word' id='word_1_470' title='bbox 1822 3401 2048 3456; x_wconf 87' lang='lat' dir='ltr'><strong>omnino</strong></span> <span class='ocrx_word' id='word_1_471' title='bbox 2076 3411 2131 3456; x_wconf 92' lang='lat' dir='ltr'><strong>et</strong></span> 
     </span>
    </p>
   </div>
   <div class='ocr_carea' id='block_1_66' title="bbox 531 3496 2130 3567">
    <p class='ocr_par' dir='ltr' id='par_1_66' title="bbox 531 3496 2130 3567">
     <span class='ocr_line' id='line_1_66' title="bbox 531 3496 2130 3567; baseline -0.003 -11"><span class='ocrx_word' id='word_1_472' title='bbox 531 3503 675 3556; x_wconf 88' lang='lat' dir='ltr'><strong>idem</strong></span> <span class='ocrx_word' id='word_1_473' title='bbox 726 3500 976 3554; x_wconf 82' lang='lat' dir='ltr'><strong>Eusebius</strong></span> <span class='ocrx_word' id='word_1_474' title='bbox 1019 3497 1090 3553; x_wconf 88' lang='lat' dir='ltr'><strong>sit</strong></span> <span class='ocrx_word' id='word_1_475' title='bbox 1134 3498 1524 3567; x_wconf 86' lang='lat' dir='ltr'><strong>Aquileiensis,</strong></span> <span class='ocrx_word' id='word_1_476' title='bbox 1573 3497 1662 3566; x_wconf 92' lang='lat' dir='ltr'><strong>qui</strong></span> <span class='ocrx_word' id='word_1_477' title='bbox 1712 3496 1998 3567; x_wconf 84' lang='lat' dir='ltr'><strong>episeopus</strong></span> <span class='ocrx_word' id='word_1_478' title='bbox 2032 3497 2130 3552; x_wconf 90' lang='lat' dir='ltr'><strong>fuit</strong></span> 
     </span>
    </p>
   </div>
   <div class='ocr_carea' id='block_1_67' title="bbox 531 3590 932 3646">
    <p class='ocr_par' dir='ltr' id='par_1_67' title="bbox 531 3590 932 3646">
     <span class='ocr_line' id='line_1_67' title="bbox 531 3590 932 3646; baseline -0.005 0"><span class='ocrx_word' id='word_1_479' title='bbox 531 3590 932 3646; x_wconf 80' lang='lat' dir='ltr'><strong>Bononiensis?</strong></span> 
     </span>
    </p>
   </div>
   <div class='ocr_carea' id='block_1_68' title="bbox 610 3679 2124 3750">
    <p class='ocr_par' dir='ltr' id='par_1_68' title="bbox 610 3679 2124 3750">
     <span class='ocr_line' id='line_1_68' title="bbox 610 3679 2124 3750; baseline -0.002 -12"><span class='ocrx_word' id='word_1_480' title='bbox 610 3685 803 3740; x_wconf 88' lang='lat' dir='ltr'><strong>Verum</strong></span> <span class='ocrx_word' id='word_1_481' title='bbox 828 3687 1106 3739; x_wconf 86' lang='lat' dir='ltr'><strong>enimvero</strong></span> <span class='ocrx_word' id='word_1_482' title='bbox 1128 3679 1416 3736; x_wconf 84' lang='lat' dir='ltr'><strong>diversitas</strong></span> <span class='ocrx_word' id='word_1_483' title='bbox 1441 3680 1555 3735; x_wconf 77' lang='lat' dir='ltr'><strong>lucc</strong></span> <span class='ocrx_word' id='word_1_484' title='bbox 1577 3679 1935 3750; x_wconf 70' lang='lat' dir='ltr'><strong>cpt-charum,</strong></span> <span class='ocrx_word' id='word_1_485' title='bbox 1958 3689 2124 3747; x_wconf 86' lang='lat' dir='ltr'><strong>tanta,</strong></span> 
     </span>
    </p>
   </div>
   <div class='ocr_carea' id='block_1_69' title="bbox 532 3776 2127 3848">
    <p class='ocr_par' dir='ltr' id='par_1_69' title="bbox 532 3776 2127 3848">
     <span class='ocr_line' id='line_1_69' title="bbox 532 3776 2127 3848; baseline -0.006 -14"><span class='ocrx_word' id='word_1_486' title='bbox 532 3790 590 3834; x_wconf 93' lang='lat' dir='ltr'><strong>ut</strong></span> <span class='ocrx_word' id='word_1_487' title='bbox 618 3781 776 3834; x_wconf 90' lang='lat' dir='ltr'><strong>nobis</strong></span> <span class='ocrx_word' id='word_1_488' title='bbox 802 3779 1021 3848; x_wconf 90' lang='lat' dir='ltr'><strong>quidem</strong></span> <span class='ocrx_word' id='word_1_489' title='bbox 1063 3777 1299 3841; x_wconf 88' lang='lat' dir='ltr'><strong>videtur,</strong></span> <span class='ocrx_word' id='word_1_490' title='bbox 1333 3790 1438 3828; x_wconf 90' lang='lat' dir='ltr'><strong>non</strong></span> <span class='ocrx_word' id='word_1_491' title='bbox 1474 3784 1594 3840; x_wconf 83' lang='lat' dir='ltr'><strong>est,</strong></span> <span class='ocrx_word' id='word_1_492' title='bbox 1626 3789 1748 3844; x_wconf 72' lang='lat' dir='ltr'><strong>qua:</strong></span> <span class='ocrx_word' id='word_1_493' title='bbox 1775 3776 2127 3843; x_wconf 80' lang='lat' dir='ltr'><strong>conjecturam</strong></span> 
     </span>
    </p>
   </div>
   <div class='ocr_carea' id='block_1_70' title="bbox 531 3868 2128 3940">
    <p class='ocr_par' dir='ltr' id='par_1_70' title="bbox 531 3868 2128 3940">
     <span class='ocr_line' id='line_1_70' title="bbox 531 3868 2128 3940; baseline -0.005 -10"><span class='ocrx_word' id='word_1_494' title='bbox 531 3874 823 3930; x_wconf 89' lang='lat' dir='ltr'><strong>clarissimi</strong></span> <span class='ocrx_word' id='word_1_495' title='bbox 858 3872 1026 3928; x_wconf 86' lang='lat' dir='ltr'><strong>Florii</strong></span> <span class='ocrx_word' id='word_1_496' title='bbox 1055 3872 1249 3936; x_wconf 77' lang='lat' dir='ltr'><strong>nostri,</strong></span> <span class='ocrx_word' id='word_1_497' title='bbox 1275 3885 1437 3940; x_wconf 91' lang='lat' dir='ltr'><strong>quam</strong></span> <span class='ocrx_word' id='word_1_498' title='bbox 1469 3868 1918 3936; x_wconf 76' lang='lat' dir='ltr'><strong>amplexavimns,</strong></span> <span class='ocrx_word' id='word_1_499' title='bbox 1951 3868 2128 3922; x_wconf 82' lang='lat' dir='ltr'><strong>valeat</strong></span> 
     </span>
    </p>
   </div>
   <div class='ocr_carea' id='block_1_71' title="bbox 532 3959 2126 4029">
    <p class='ocr_par' dir='ltr' id='par_1_71' title="bbox 532 3959 2126 4029">
     <span class='ocr_line' id='line_1_71' title="bbox 532 3959 2126 4029; baseline -0.006 -7"><span class='ocrx_word' id='word_1_500' title='bbox 532 3966 865 4022; x_wconf 84' lang='lat' dir='ltr'><strong>labefactare</strong></span> <span class='ocrx_word' id='word_1_501' title='bbox 889 4004 902 4028; x_wconf 97' lang='lat'><strong>,</strong></span> <span class='ocrx_word' id='word_1_502' title='bbox 933 3973 988 4018; x_wconf 93' lang='lat' dir='ltr'><strong>et</strong></span> <span class='ocrx_word' id='word_1_503' title='bbox 1019 3977 1119 4017; x_wconf 87' lang='lat' dir='ltr'><strong>nos</strong></span> <span class='ocrx_word' id='word_1_504' title='bbox 1145 3979 1174 4016; x_wconf 88' lang='lat' dir='ltr'><strong>a</strong></span> <span class='ocrx_word' id='word_1_505' title='bbox 1218 3970 1480 4029; x_wconf 87' lang='lat' dir='ltr'><strong>concepta</strong></span> <span class='ocrx_word' id='word_1_506' title='bbox 1516 3975 1614 4028; x_wconf 92' lang='lat' dir='ltr'><strong>pro</strong></span> <span class='ocrx_word' id='word_1_507' title='bbox 1645 3959 1834 4012; x_wconf 84' lang='lat' dir='ltr'><strong>eadem</strong></span> <span class='ocrx_word' id='word_1_508' title='bbox 1868 3959 2126 4028; x_wconf 87' lang='lat' dir='ltr'><strong>opinione</strong></span> 
     </span>
    </p>
   </div>
   <div class='ocr_carea' id='block_1_72' title="bbox 531 4053 2122 4131">
    <p class='ocr_par' dir='ltr' id='par_1_72' title="bbox 531 4053 2122 4131">
     <span class='ocr_line' id='line_1_72' title="bbox 531 4053 2122 4131; baseline -0.007 -14"><span class='ocrx_word' id='word_1_509' title='bbox 531 4061 792 4131; x_wconf 83' lang='lat' dir='ltr'><strong>dejicere.</strong></span> <span class='ocrx_word' id='word_1_510' title='bbox 824 4057 929 4113; x_wconf 87' lang='lat' dir='ltr'><strong>Ubi</strong></span> <span class='ocrx_word' id='word_1_511' title='bbox 969 4056 1116 4112; x_wconf 89' lang='lat' dir='ltr'><strong>enim</strong></span> <span class='ocrx_word' id='word_1_512' title='bbox 1163 4064 1514 4108; x_wconf 82' lang='lat' dir='ltr'><strong>monumenta</strong></span> <span class='ocrx_word' id='word_1_513' title='bbox 1549 4069 1654 4106; x_wconf 89' lang='lat' dir='ltr'><strong>non</strong></span> <span class='ocrx_word' id='word_1_514' title='bbox 1701 4053 1919 4116; x_wconf 87' lang='lat' dir='ltr'><strong>adsunt,</strong></span> <span class='ocrx_word' id='word_1_515' title='bbox 1953 4054 2003 4106; x_wconf 94' lang='lat' dir='ltr'><strong>in</strong></span> <span class='ocrx_word' id='word_1_516' title='bbox 2037 4053 2122 4106; x_wconf 88' lang='lat' dir='ltr'><strong>in-</strong></span> 
     </span>
    </p>
   </div>
   <div class='ocr_carea' id='block_1_73' title="bbox 528 4146 2125 4220">
    <p class='ocr_par' dir='ltr' id='par_1_73' title="bbox 528 4146 2125 4220">
     <span class='ocr_line' id='line_1_73' title="bbox 528 4146 2125 4220; baseline -0.005 -10"><span class='ocrx_word' id='word_1_517' title='bbox 528 4163 927 4220; x_wconf 63' lang='lat' dir='ltr'><strong>certqsemper</strong></span> <span class='ocrx_word' id='word_1_518' title='bbox 949 4164 1246 4210; x_wconf 85' lang='lat' dir='ltr'><strong>versantur,</strong></span> <span class='ocrx_word' id='word_1_519' title='bbox 1272 4147 1399 4201; x_wconf 90' lang='lat' dir='ltr'><strong>dum</strong></span> <span class='ocrx_word' id='word_1_520' title='bbox 1423 4146 1626 4200; x_wconf 85' lang='lat' dir='ltr'><strong>Christi</strong></span> <span class='ocrx_word' id='word_1_521' title='bbox 1652 4160 1824 4200; x_wconf 91' lang='lat' dir='ltr'><strong>annos</strong></span> <span class='ocrx_word' id='word_1_522' title='bbox 1845 4146 2125 4216; x_wconf 87' lang='lat' dir='ltr'><strong>assignare</strong></span> 
     </span>
    </p>
   </div>
   <div class='ocr_carea' id='block_1_74' title="bbox 531 4240 2121 4311">
    <p class='ocr_par' dir='ltr' id='par_1_74' title="bbox 531 4240 2121 4311">
     <span class='ocr_line' id='line_1_74' title="bbox 531 4240 2121 4311; baseline -0.006 -6"><span class='ocrx_word' id='word_1_523' title='bbox 531 4247 913 4305; x_wconf 82' lang='lat' dir='ltr'><strong>contendimus</strong></span> <span class='ocrx_word' id='word_1_524' title='bbox 978 4259 1073 4297; x_wconf 89' lang='lat' dir='ltr'><strong>seu</strong></span> <span class='ocrx_word' id='word_1_525' title='bbox 1133 4242 1298 4296; x_wconf 89' lang='lat' dir='ltr'><strong>rebus</strong></span> <span class='ocrx_word' id='word_1_526' title='bbox 1352 4256 1449 4294; x_wconf 89' lang='lat' dir='ltr'><strong>seu</strong></span> <span class='ocrx_word' id='word_1_527' title='bbox 1504 4240 1817 4294; x_wconf 89' lang='lat' dir='ltr'><strong>hominibus</strong></span> <span class='ocrx_word' id='word_1_528' title='bbox 1881 4242 2121 4311; x_wconf 89' lang='lat' dir='ltr'><strong>priorum</strong></span> 
     </span>
    </p>
   </div>
   <div class='ocr_carea' id='block_1_75' title="bbox 530 4337 2124 4414">
    <p class='ocr_par' dir='ltr' id='par_1_75' title="bbox 530 4337 2124 4414">
     <span class='ocr_line' id='line_1_75' title="bbox 530 4337 2124 4414; baseline -0.003 -17"><span class='ocrx_word' id='word_1_529' title='bbox 530 4344 773 4414; x_wconf 87' lang='lat' dir='ltr'><strong>quinque</strong></span> <span class='ocrx_word' id='word_1_530' title='bbox 804 4351 859 4394; x_wconf 90' lang='lat' dir='ltr'><strong>et</strong></span> <span class='ocrx_word' id='word_1_531' title='bbox 886 4339 1118 4409; x_wconf 89' lang='lat' dir='ltr'><strong>amplius</strong></span> <span class='ocrx_word' id='word_1_532' title='bbox 1147 4337 1472 4390; x_wconf 76' lang='lat' dir='ltr'><strong>srecnlornm</strong></span> <span class='ocrx_word' id='word_1_533' title='bbox 1493 4377 1507 4400; x_wconf 89' lang='lat'><strong>,</strong></span> <span class='ocrx_word' id='word_1_534' title='bbox 1536 4342 1594 4388; x_wconf 91' lang='lat' dir='ltr'><strong>nt</strong></span> <span class='ocrx_word' id='word_1_535' title='bbox 1619 4343 1802 4389; x_wconf 89' lang='lat' dir='ltr'><strong>notum</strong></span> <span class='ocrx_word' id='word_1_536' title='bbox 1835 4344 1921 4392; x_wconf 88' lang='lat' dir='ltr'><strong>est</strong></span> <span class='ocrx_word' id='word_1_537' title='bbox 1950 4338 2124 4392; x_wconf 91' lang='lat' dir='ltr'><strong>omni-</strong></span> 
     </span>
    </p>
   </div>
   <div class='ocr_carea' id='block_1_76' title="bbox 527 4429 2118 4496">
    <p class='ocr_par' dir='ltr' id='par_1_76' title="bbox 527 4429 2118 4496">
     <span class='ocr_line' id='line_1_76' title="bbox 527 4429 2118 4496; baseline -0.006 -2"><span class='ocrx_word' id='word_1_538' title='bbox 527 4439 652 4494; x_wconf 86' lang='lat' dir='ltr'><strong>bus.</strong></span> <span class='ocrx_word' id='word_1_539' title='bbox 685 4437 1029 4492; x_wconf 82' lang='lat' dir='ltr'><strong>Monumenta</strong></span> <span class='ocrx_word' id='word_1_540' title='bbox 1064 4449 1199 4487; x_wconf 85' lang='lat' dir='ltr'><strong>vero</strong></span> <span class='ocrx_word' id='word_1_541' title='bbox 1243 4432 1392 4486; x_wconf 90' lang='lat' dir='ltr'><strong>nulla</strong></span> <span class='ocrx_word' id='word_1_542' title='bbox 1425 4429 1629 4496; x_wconf 74' lang='lat' dir='ltr'><strong>profert</strong></span> <span class='ocrx_word' id='word_1_543' title='bbox 1657 4430 2039 4485; x_wconf 88' lang='lat' dir='ltr'><strong>Lambertinns</strong></span> <span class='ocrx_word' id='word_1_544' title='bbox 2069 4433 2118 4485; x_wconf 92' lang='lat' dir='ltr'><strong>in</strong></span> 
     </span>
    </p>
   </div>
   <div class='ocr_carea' id='block_1_77' title="bbox 2235 3219 3834 3290">
    <p class='ocr_par' dir='ltr' id='par_1_77' title="bbox 2235 3219 3834 3290">
     <span class='ocr_line' id='line_1_77' title="bbox 2235 3219 3834 3290; baseline 0.001 -16"><span class='ocrx_word' id='word_1_545' title='bbox 2235 3219 2607 3287; x_wconf 83' lang='lat' dir='ltr'><strong>Fontaninus;</strong></span> <span class='ocrx_word' id='word_1_546' title='bbox 2643 3237 2742 3275; x_wconf 92' lang='lat' dir='ltr'><strong>nec</strong></span> <span class='ocrx_word' id='word_1_547' title='bbox 2771 3222 2845 3275; x_wconf 89' lang='lat' dir='ltr'><strong>ita</strong></span> <span class='ocrx_word' id='word_1_548' title='bbox 2879 3221 3068 3290; x_wconf 89' lang='lat' dir='ltr'><strong>procul</strong></span> <span class='ocrx_word' id='word_1_549' title='bbox 3119 3221 3189 3276; x_wconf 88' lang='lat' dir='ltr'><strong>ab</strong></span> <span class='ocrx_word' id='word_1_550' title='bbox 3221 3221 3364 3276; x_wconf 87' lang='lat' dir='ltr'><strong>illius</strong></span> <span class='ocrx_word' id='word_1_551' title='bbox 3395 3222 3663 3276; x_wconf 86' lang='lat' dir='ltr'><strong>sententia</strong></span> <span class='ocrx_word' id='word_1_552' title='bbox 3697 3220 3834 3276; x_wconf 87' lang='lat' dir='ltr'><strong>abiit</strong></span> 
     </span>
    </p>
   </div>
   <div class='ocr_carea' id='block_1_78' title="bbox 2234 3314 3832 3382">
    <p class='ocr_par' dir='ltr' id='par_1_78' title="bbox 2234 3314 3832 3382">
     <span class='ocr_line' id='line_1_78' title="bbox 2234 3314 3832 3382; baseline 0.001 -14"><span class='ocrx_word' id='word_1_553' title='bbox 2234 3314 2312 3370; x_wconf 89' lang='lat' dir='ltr'><strong>De</strong></span> <span class='ocrx_word' id='word_1_554' title='bbox 2341 3315 2563 3382; x_wconf 81' lang='lat' dir='ltr'><strong>Rubcis,</strong></span> <span class='ocrx_word' id='word_1_555' title='bbox 2598 3315 2730 3370; x_wconf 88' lang='lat' dir='ltr'><strong>dum</strong></span> <span class='ocrx_word' id='word_1_556' title='bbox 2763 3314 3120 3370; x_wconf 81' lang='lat' dir='ltr'><strong>Botnatiunnt</strong></span> <span class='ocrx_word' id='word_1_557' title='bbox 3149 3314 3402 3370; x_wconf 88' lang='lat' dir='ltr'><strong>eumdem</strong></span> <span class='ocrx_word' id='word_1_558' title='bbox 3456 3325 3548 3369; x_wconf 89' lang='lat' dir='ltr'><strong>aut</strong></span> <span class='ocrx_word' id='word_1_559' title='bbox 3592 3315 3832 3370; x_wconf 89' lang='lat' dir='ltr'><strong>Concor-</strong></span> 
     </span>
    </p>
   </div>
   <div class='ocr_carea' id='block_1_79' title="bbox 2232 3408 3831 3480">
    <p class='ocr_par' dir='ltr' id='par_1_79' title="bbox 2232 3408 3831 3480">
     <span class='ocr_line' id='line_1_79' title="bbox 2232 3408 3831 3480; baseline 0.001 -18"><span class='ocrx_word' id='word_1_560' title='bbox 2232 3408 2478 3464; x_wconf 89' lang='lat' dir='ltr'><strong>diensem</strong></span> <span class='ocrx_word' id='word_1_561' title='bbox 2513 3409 2674 3463; x_wconf 77' lang='lat' dir='ltr'><strong>facile</strong></span> <span class='ocrx_word' id='word_1_562' title='bbox 2707 3408 2868 3474; x_wconf 85' lang='lat' dir='ltr'><strong>fecit;</strong></span> <span class='ocrx_word' id='word_1_563' title='bbox 2900 3425 3022 3480; x_wconf 79' lang='lat' dir='ltr'><strong>quae</strong></span> <span class='ocrx_word' id='word_1_564' title='bbox 3063 3409 3170 3462; x_wconf 87' lang='lat' dir='ltr'><strong>duo</strong></span> <span class='ocrx_word' id='word_1_565' title='bbox 3199 3417 3327 3464; x_wconf 91' lang='lat' dir='ltr'><strong>tunc</strong></span> <span class='ocrx_word' id='word_1_566' title='bbox 3369 3409 3486 3463; x_wconf 89' lang='lat' dir='ltr'><strong>loca</strong></span> <span class='ocrx_word' id='word_1_567' title='bbox 3517 3408 3831 3479; x_wconf 81' lang='lat' dir='ltr'><strong>Aquileien-</strong></span> 
     </span>
    </p>
   </div>
   <div class='ocr_carea' id='block_1_80' title="bbox 2231 3501 3828 3572">
    <p class='ocr_par' dir='ltr' id='par_1_80' title="bbox 2231 3501 3828 3572">
     <span class='ocr_line' id='line_1_80' title="bbox 2231 3501 3828 3572; baseline 0.001 -18"><span class='ocrx_word' id='word_1_568' title='bbox 2231 3501 2306 3554; x_wconf 83' lang='lat' dir='ltr'><strong>sis</strong></span> <span class='ocrx_word' id='word_1_569' title='bbox 2330 3515 2486 3555; x_wconf 85' lang='lat' dir='ltr'><strong>erant</strong></span> <span class='ocrx_word' id='word_1_570' title='bbox 2515 3502 2868 3572; x_wconf 70' lang='grc' dir='ltr'><strong>υρὶεοορειιιιε</strong></span> <span class='ocrx_word' id='word_1_571' title='bbox 2910 3502 3150 3571; x_wconf 86' lang='lat' dir='ltr'><strong>prepria,</strong></span> <span class='ocrx_word' id='word_1_572' title='bbox 3177 3511 3231 3557; x_wconf 90' lang='lat' dir='ltr'><strong>et</strong></span> <span class='ocrx_word' id='word_1_573' title='bbox 3278 3502 3347 3558; x_wconf 86' lang='lat' dir='ltr'><strong>ab</strong></span> <span class='ocrx_word' id='word_1_574' title='bbox 3397 3502 3642 3571; x_wconf 78' lang='lat' dir='ltr'><strong>Aquileia</strong></span> <span class='ocrx_word' id='word_1_575' title='bbox 3696 3501 3828 3556; x_wconf 86' lang='lat' dir='ltr'><strong>urbe</strong></span> 
     </span>
    </p>
   </div>
   <div class='ocr_carea' id='block_1_81' title="bbox 2233 3593 3827 3664">
    <p class='ocr_par' dir='ltr' id='par_1_81' title="bbox 2233 3593 3827 3664">
     <span class='ocr_line' id='line_1_81' title="bbox 2233 3593 3827 3664; baseline 0 -18"><span class='ocrx_word' id='word_1_576' title='bbox 2233 3608 2337 3647; x_wconf 92' lang='lat' dir='ltr'><strong>non</strong></span> <span class='ocrx_word' id='word_1_577' title='bbox 2381 3593 2454 3647; x_wconf 90' lang='lat' dir='ltr'><strong>ita</strong></span> <span class='ocrx_word' id='word_1_578' title='bbox 2485 3595 2649 3664; x_wconf 79' lang='lat' dir='ltr'><strong>longe</strong></span> <span class='ocrx_word' id='word_1_579' title='bbox 2681 3595 2874 3664; x_wconf 91' lang='lat' dir='ltr'><strong>posita.</strong></span> <span class='ocrx_word' id='word_1_580' title='bbox 2914 3593 3210 3661; x_wconf 88' lang='lat' dir='ltr'><strong>Postquam</strong></span> <span class='ocrx_word' id='word_1_581' title='bbox 3239 3603 3420 3648; x_wconf 87' lang='lat' dir='ltr'><strong>tamen</strong></span> <span class='ocrx_word' id='word_1_582' title='bbox 3453 3595 3720 3648; x_wconf 84' lang='lat' dir='ltr'><strong>duumviri</strong></span> <span class='ocrx_word' id='word_1_583' title='bbox 3748 3593 3827 3648; x_wconf 89' lang='lat' dir='ltr'><strong>illi</strong></span> 
     </span>
    </p>
   </div>
   <div class='ocr_carea' id='block_1_82' title="bbox 2229 3685 3826 3756">
    <p class='ocr_par' dir='ltr' id='par_1_82' title="bbox 2229 3685 3826 3756">
     <span class='ocr_line' id='line_1_82' title="bbox 2229 3685 3826 3756; baseline -0.001 -15"><span class='ocrx_word' id='word_1_584' title='bbox 2229 3685 2298 3741; x_wconf 92' lang='lat' dir='ltr'><strong>de</strong></span> <span class='ocrx_word' id='word_1_585' title='bbox 2351 3685 2633 3740; x_wconf 81' lang='lat' dir='ltr'><strong>Clu-amatii</strong></span> <span class='ocrx_word' id='word_1_586' title='bbox 2693 3688 2865 3756; x_wconf 88' lang='lat' dir='ltr'><strong>patria</strong></span> <span class='ocrx_word' id='word_1_587' title='bbox 2921 3687 3298 3755; x_wconf 89' lang='lat' dir='ltr'><strong>scripserunt,</strong></span> <span class='ocrx_word' id='word_1_588' title='bbox 3343 3702 3406 3739; x_wconf 84' lang='lat' dir='ltr'><strong>ex</strong></span> <span class='ocrx_word' id='word_1_589' title='bbox 3465 3685 3826 3740; x_wconf 83' lang='lat' dir='ltr'><strong>feracissimis</strong></span> 
     </span>
    </p>
   </div>
   <div class='ocr_carea' id='block_1_83' title="bbox 2234 3779 3822 3850">
    <p class='ocr_par' dir='ltr' id='par_1_83' title="bbox 2234 3779 3822 3850">
     <span class='ocr_line' id='line_1_83' title="bbox 2234 3779 3822 3850; baseline -0.001 -16"><span class='ocrx_word' id='word_1_590' title='bbox 2234 3779 2495 3850; x_wconf 64' lang='lat' dir='ltr'><strong>Aquileiae</strong></span> <span class='ocrx_word' id='word_1_591' title='bbox 2527 3780 2814 3835; x_wconf 88' lang='lat' dir='ltr'><strong>ruderibus</strong></span> <span class='ocrx_word' id='word_1_592' title='bbox 2839 3789 3186 3836; x_wconf 82' lang='lat' dir='ltr'><strong>menumenta</strong></span> <span class='ocrx_word' id='word_1_593' title='bbox 3216 3780 3442 3848; x_wconf 84' lang='lat' dir='ltr'><strong>aliquot,</strong></span> <span class='ocrx_word' id='word_1_594' title='bbox 3477 3793 3648 3849; x_wconf 87' lang='lat' dir='ltr'><strong>eaque</strong></span> <span class='ocrx_word' id='word_1_595' title='bbox 3679 3793 3822 3847; x_wconf 75' lang='lat' dir='ltr'><strong>pra:-</strong></span> 
     </span>
    </p>
   </div>
   <div class='ocr_carea' id='block_1_84' title="bbox 2229 3870 3822 3943">
    <p class='ocr_par' dir='ltr' id='par_1_84' title="bbox 2229 3870 3822 3943">
     <span class='ocr_line' id='line_1_84' title="bbox 2229 3870 3822 3943; baseline 0 -17"><span class='ocrx_word' id='word_1_596' title='bbox 2229 3871 2401 3935; x_wconf 89' lang='lat' dir='ltr'><strong>clara,</strong></span> <span class='ocrx_word' id='word_1_597' title='bbox 2428 3873 2479 3924; x_wconf 89' lang='lat' dir='ltr'><strong>in</strong></span> <span class='ocrx_word' id='word_1_598' title='bbox 2523 3873 2768 3943; x_wconf 87' lang='lat' dir='ltr'><strong>apricum</strong></span> <span class='ocrx_word' id='word_1_599' title='bbox 2801 3887 3022 3934; x_wconf 84' lang='lat' dir='ltr'><strong>venere,</strong></span> <span class='ocrx_word' id='word_1_600' title='bbox 3051 3888 3172 3942; x_wconf 66' lang='lat' dir='ltr'><strong>quae</strong></span> <span class='ocrx_word' id='word_1_601' title='bbox 3202 3870 3508 3925; x_wconf 76' lang='lat' dir='ltr'><strong>Eusebiana:</strong></span> <span class='ocrx_word' id='word_1_602' title='bbox 3535 3870 3822 3940; x_wconf 84' lang='lat' dir='ltr'><strong>cujusdam</strong></span> 
     </span>
    </p>
   </div>
   <div class='ocr_carea' id='block_1_85' title="bbox 2229 3964 3822 4036">
    <p class='ocr_par' dir='ltr' id='par_1_85' title="bbox 2229 3964 3822 4036">
     <span class='ocr_line' id='line_1_85' title="bbox 2229 3964 3822 4036; baseline 0.001 -20"><span class='ocrx_word' id='word_1_603' title='bbox 2229 3964 2474 4031; x_wconf 68' lang='lat' dir='ltr'><strong>familia),</strong></span> <span class='ocrx_word' id='word_1_604' title='bbox 2507 3975 2562 4019; x_wconf 91' lang='lat' dir='ltr'><strong>et</strong></span> <span class='ocrx_word' id='word_1_605' title='bbox 2605 3965 2811 4034; x_wconf 86' lang='lat' dir='ltr'><strong>absque</strong></span> <span class='ocrx_word' id='word_1_606' title='bbox 2860 3965 3026 4018; x_wconf 90' lang='lat' dir='ltr'><strong>dubio</strong></span> <span class='ocrx_word' id='word_1_607' title='bbox 3067 3965 3454 4036; x_wconf 58' lang='lat' dir='ltr'><strong>Aquileiensis,</strong></span> <span class='ocrx_word' id='word_1_608' title='bbox 3488 3967 3822 4019; x_wconf 85' lang='lat' dir='ltr'><strong>mentionem</strong></span> 
     </span>
    </p>
   </div>
   <div class='ocr_carea' id='block_1_86' title="bbox 2230 4059 3823 4130">
    <p class='ocr_par' dir='ltr' id='par_1_86' title="bbox 2230 4059 3823 4130">
     <span class='ocr_line' id='line_1_86' title="bbox 2230 4059 3823 4130; baseline 0 -18"><span class='ocrx_word' id='word_1_609' title='bbox 2230 4074 2372 4112; x_wconf 83' lang='lat' dir='ltr'><strong>nune</strong></span> <span class='ocrx_word' id='word_1_610' title='bbox 2403 4059 2638 4124; x_wconf 86' lang='lat' dir='ltr'><strong>primum</strong></span> <span class='ocrx_word' id='word_1_611' title='bbox 2672 4059 2899 4124; x_wconf 89' lang='lat' dir='ltr'><strong>faciunt,</strong></span> <span class='ocrx_word' id='word_1_612' title='bbox 2927 4074 3160 4130; x_wconf 71' lang='lat' dir='ltr'><strong>qumque</strong></span> <span class='ocrx_word' id='word_1_613' title='bbox 3191 4075 3218 4114; x_wconf 89' lang='lat' dir='ltr'><strong>a</strong></span> <span class='ocrx_word' id='word_1_614' title='bbox 3247 4060 3365 4114; x_wconf 86' lang='lat' dir='ltr'><strong>viro</strong></span> <span class='ocrx_word' id='word_1_615' title='bbox 3388 4060 3823 4115; x_wconf 88' lang='lat' dir='ltr'><strong>elarissimoAn-</strong></span> 
     </span>
    </p>
   </div>
   <div class='ocr_carea' id='block_1_87' title="bbox 2227 4149 3820 4223">
    <p class='ocr_par' dir='ltr' id='par_1_87' title="bbox 2227 4149 3820 4223">
     <span class='ocr_line' id='line_1_87' title="bbox 2227 4149 3820 4223; baseline 0 -17"><span class='ocrx_word' id='word_1_616' title='bbox 2227 4151 2351 4221; x_wconf 83' lang='lat' dir='ltr'><strong>gelo</strong></span> <span class='ocrx_word' id='word_1_617' title='bbox 2368 4151 2529 4206; x_wconf 86' lang='lat' dir='ltr'><strong>Maria</strong></span> <span class='ocrx_word' id='word_1_618' title='bbox 2545 4149 2890 4218; x_wconf 82' lang='lat' dir='ltr'><strong>Cortinovio,</strong></span> <span class='ocrx_word' id='word_1_619' title='bbox 2911 4152 3190 4207; x_wconf 67' lang='lat' dir='ltr'><strong>lltiuensis</strong></span> <span class='ocrx_word' id='word_1_620' title='bbox 3211 4153 3598 4223; x_wconf 79' lang='lat' dir='ltr'><strong>hujuscollcgii</strong></span> <span class='ocrx_word' id='word_1_621' title='bbox 3614 4151 3820 4208; x_wconf 86' lang='lat' dir='ltr'><strong>Sancti-</strong></span> 
     </span>
    </p>
   </div>
   <div class='ocr_carea' id='block_1_88' title="bbox 2229 4245 3818 4318">
    <p class='ocr_par' dir='ltr' id='par_1_88' title="bbox 2229 4245 3818 4318">
     <span class='ocr_line' id='line_1_88' title="bbox 2229 4245 3818 4318; baseline -0.002 -17"><span class='ocrx_word' id='word_1_622' title='bbox 2229 4247 2381 4302; x_wconf 90' lang='lat' dir='ltr'><strong>Pauli</strong></span> <span class='ocrx_word' id='word_1_623' title='bbox 2406 4246 2721 4316; x_wconf 76' lang='lat' dir='ltr'><strong>prteposilo,</strong></span> <span class='ocrx_word' id='word_1_624' title='bbox 2749 4262 2922 4317; x_wconf 89' lang='lat' dir='ltr'><strong>nuper</strong></span> <span class='ocrx_word' id='word_1_625' title='bbox 2945 4246 3087 4318; x_wconf 90' lang='lat' dir='ltr'><strong>apud</strong></span> <span class='ocrx_word' id='word_1_626' title='bbox 3115 4263 3215 4302; x_wconf 90' lang='lat' dir='ltr'><strong>nos</strong></span> <span class='ocrx_word' id='word_1_627' title='bbox 3243 4248 3348 4302; x_wconf 83' lang='lat' dir='ltr'><strong>vita</strong></span> <span class='ocrx_word' id='word_1_628' title='bbox 3372 4247 3585 4312; x_wconf 87' lang='lat' dir='ltr'><strong>iuncto,</strong></span> <span class='ocrx_word' id='word_1_629' title='bbox 3605 4253 3662 4300; x_wconf 90' lang='lat' dir='ltr'><strong>et</strong></span> <span class='ocrx_word' id='word_1_630' title='bbox 3691 4245 3818 4299; x_wconf 84' lang='lat' dir='ltr'><strong>illu-</strong></span> 
     </span>
    </p>
   </div>
   <div class='ocr_carea' id='block_1_89' title="bbox 2227 4338 3819 4411">
    <p class='ocr_par' dir='ltr' id='par_1_89' title="bbox 2227 4338 3819 4411">
     <span class='ocr_line' id='line_1_89' title="bbox 2227 4338 3819 4411; baseline 0.001 -19"><span class='ocrx_word' id='word_1_631' title='bbox 2227 4347 2393 4394; x_wconf 87' lang='lat' dir='ltr'><strong>strata</strong></span> <span class='ocrx_word' id='word_1_632' title='bbox 2423 4338 2558 4411; x_wconf 71' lang='grc' dir='ltr'>[χιιι]</span> <span class='ocrx_word' id='word_1_633' title='bbox 2586 4352 2642 4393; x_wconf 90' lang='lat' dir='ltr'><strong>et</strong></span> <span class='ocrx_word' id='word_1_634' title='bbox 2672 4341 2870 4408; x_wconf 90' lang='lat' dir='ltr'><strong>publici</strong></span> <span class='ocrx_word' id='word_1_635' title='bbox 2895 4341 3060 4394; x_wconf 87' lang='lat' dir='ltr'><strong>etiam</strong></span> <span class='ocrx_word' id='word_1_636' title='bbox 3092 4341 3237 4410; x_wconf 86' lang='lat' dir='ltr'><strong>juris</strong></span> <span class='ocrx_word' id='word_1_637' title='bbox 3269 4340 3402 4395; x_wconf 88' lang='lat' dir='ltr'><strong>facta</strong></span> <span class='ocrx_word' id='word_1_638' title='bbox 3435 4340 3672 4395; x_wconf 87' lang='lat' dir='ltr'><strong>fuerunt.</strong></span> <span class='ocrx_word' id='word_1_639' title='bbox 3699 4339 3819 4409; x_wconf 88' lang='lat' dir='ltr'><strong>ipse</strong></span> 
     </span>
    </p>
   </div>
   <div class='ocr_carea' id='block_1_90' title="bbox 2225 4433 3819 4506">
    <p class='ocr_par' dir='ltr' id='par_1_90' title="bbox 2225 4433 3819 4506">
     <span class='ocr_line' id='line_1_90' title="bbox 2225 4433 3819 4506; baseline -0.002 -17"><span class='ocrx_word' id='word_1_640' title='bbox 2225 4451 2356 4490; x_wconf 87' lang='lat' dir='ltr'><strong>vero</strong></span> <span class='ocrx_word' id='word_1_641' title='bbox 2372 4452 2436 4489; x_wconf 82' lang='lat' dir='ltr'><strong>ex</strong></span> <span class='ocrx_word' id='word_1_642' title='bbox 2453 4436 2536 4490; x_wconf 85' lang='lat' dir='ltr'><strong>his</strong></span> <span class='ocrx_word' id='word_1_643' title='bbox 2551 4436 3097 4491; x_wconf 87' lang='lat' dir='ltr'><strong>monumentissimnl</strong></span> <span class='ocrx_word' id='word_1_644' title='bbox 3113 4437 3370 4506; x_wconf 85' lang='lat' dir='ltr'><strong>sumptis,</strong></span> <span class='ocrx_word' id='word_1_645' title='bbox 3393 4435 3553 4491; x_wconf 88' lang='lat' dir='ltr'><strong>sicuti</strong></span> <span class='ocrx_word' id='word_1_646' title='bbox 3573 4433 3819 4488; x_wconf 84' lang='lat' dir='ltr'><strong>Eusebio-</strong></span> 
     </span>
    </p>
   </div>
   <div class='ocr_carea' id='block_1_91' title="bbox 525 4498 3818 4598">
    <p class='ocr_par' dir='ltr' id='par_1_91' title="bbox 525 4498 3818 4598">
     <span class='ocr_line' id='line_1_91' title="bbox 525 4498 3818 4598; baseline -0.002 -11"><span class='ocrx_word' id='word_1_647' title='bbox 525 4533 696 4587; x_wconf 89' lang='lat' dir='ltr'><strong>citato</strong></span> <span class='ocrx_word' id='word_1_648' title='bbox 727 4543 895 4598; x_wconf 83' lang='lat' dir='ltr'><strong>Opere</strong></span> <span class='ocrx_word' id='word_1_649' title='bbox 925 4543 1023 4598; x_wconf 92' lang='lat' dir='ltr'><strong>pro</strong></span> <span class='ocrx_word' id='word_1_650' title='bbox 1066 4525 1289 4596; x_wconf 87' lang='lat' dir='ltr'><strong>epocltis</strong></span> <span class='ocrx_word' id='word_1_651' title='bbox 1319 4534 1508 4580; x_wconf 83' lang='lat' dir='ltr'><strong>sancto</strong></span> <span class='ocrx_word' id='word_1_652' title='bbox 1541 4521 1760 4577; x_wconf 82' lang='lat' dir='ltr'><strong>Eusebio</strong></span> <span class='ocrx_word' id='word_1_653' title='bbox 1788 4524 2116 4578; x_wconf 86' lang='lat' dir='ltr'><strong>Bononiensi</strong></span> <span class='ocrx_word' id='word_1_654' title='bbox 2147 4498 2201 4559; x_wconf 70' lang='grc' dir='ltr'><strong>Β</strong></span> <span class='ocrx_word' id='word_1_655' title='bbox 2225 4544 2340 4581; x_wconf 86' lang='lat' dir='ltr'><strong>rum</strong></span> <span class='ocrx_word' id='word_1_656' title='bbox 2363 4528 2621 4582; x_wconf 86' lang='lat' dir='ltr'><strong>familiam</strong></span> <span class='ocrx_word' id='word_1_657' title='bbox 2646 4527 2960 4598; x_wconf 86' lang='lat' dir='ltr'><strong>quamdam,</strong></span> <span class='ocrx_word' id='word_1_658' title='bbox 2989 4539 3043 4584; x_wconf 90' lang='lat' dir='ltr'><strong>et</strong></span> <span class='ocrx_word' id='word_1_659' title='bbox 3071 4498 3346 4583; x_wconf 74' lang='lat' dir='ltr'><strong>illustrem</strong></span> <span class='ocrx_word' id='word_1_660' title='bbox 3375 4529 3618 4598; x_wconf 82' lang='lat' dir='ltr'><strong>quidem,</strong></span> <span class='ocrx_word' id='word_1_661' title='bbox 3646 4527 3818 4595; x_wconf 82' lang='lat' dir='ltr'><strong>Aqui-</strong></span> 
     </span>
    </p>
   </div>
   <div class='ocr_carea' id='block_1_92' title="bbox 524 4616 2120 4688">
    <p class='ocr_par' dir='ltr' id='par_1_92' title="bbox 524 4616 2120 4688">
     <span class='ocr_line' id='line_1_92' title="bbox 524 4616 2120 4688; baseline -0.004 -10"><span class='ocrx_word' id='word_1_662' title='bbox 524 4625 824 4680; x_wconf 86' lang='lat' dir='ltr'><strong>attribntis.</strong></span> <span class='ocrx_word' id='word_1_663' title='bbox 859 4621 928 4676; x_wconf 87' lang='lat' dir='ltr'><strong>Et</strong></span> <span class='ocrx_word' id='word_1_664' title='bbox 957 4621 1174 4675; x_wconf 86' lang='lat' dir='ltr'><strong>interim</strong></span> <span class='ocrx_word' id='word_1_665' title='bbox 1209 4619 1323 4672; x_wconf 69' lang='lat' dir='ltr'><strong>haec</strong></span> <span class='ocrx_word' id='word_1_666' title='bbox 1355 4620 1466 4688; x_wconf 90' lang='lat' dir='ltr'><strong>ipsa</strong></span> <span class='ocrx_word' id='word_1_667' title='bbox 1497 4632 1767 4671; x_wconf 89' lang='lat' dir='ltr'><strong>annorum</strong></span> <span class='ocrx_word' id='word_1_668' title='bbox 1797 4617 1902 4672; x_wconf 76' lang='grc'>570</span> <span class='ocrx_word' id='word_1_669' title='bbox 1933 4627 1986 4670; x_wconf 87' lang='lat' dir='ltr'><strong>et</strong></span> <span class='ocrx_word' id='word_1_670' title='bbox 2013 4616 2120 4671; x_wconf 75' lang='grc'>400</span> 
     </span>
    </p>
   </div>
   <div class='ocr_carea' id='block_1_93' title="bbox 525 4710 2117 4784">
    <p class='ocr_par' dir='ltr' id='par_1_93' title="bbox 525 4710 2117 4784">
     <span class='ocr_line' id='line_1_93' title="bbox 525 4710 2117 4784; baseline -0.008 -9"><span class='ocrx_word' id='word_1_671' title='bbox 525 4719 801 4784; x_wconf 81' lang='lat' dir='ltr'><strong>absoluta,</strong></span> <span class='ocrx_word' id='word_1_672' title='bbox 833 4728 911 4781; x_wconf 91' lang='lat' dir='ltr'><strong>et,</strong></span> <span class='ocrx_word' id='word_1_673' title='bbox 939 4726 995 4768; x_wconf 90' lang='lat' dir='ltr'><strong>nt</strong></span> <span class='ocrx_word' id='word_1_674' title='bbox 1022 4715 1091 4768; x_wconf 87' lang='lat' dir='ltr'><strong>ita</strong></span> <span class='ocrx_word' id='word_1_675' title='bbox 1123 4714 1391 4776; x_wconf 69' lang='lat' dir='ltr'><strong>dicamus,</strong></span> <span class='ocrx_word' id='word_1_676' title='bbox 1420 4712 1671 4778; x_wconf 88' lang='lat' dir='ltr'><strong>rotunda,</strong></span> <span class='ocrx_word' id='word_1_677' title='bbox 1699 4727 1730 4764; x_wconf 93' lang='lat' dir='ltr'><strong>a</strong></span> <span class='ocrx_word' id='word_1_678' title='bbox 1758 4710 2117 4781; x_wconf 86' lang='lat' dir='ltr'><strong>Chronologis</strong></span> 
     </span>
    </p>
   </div>
   <div class='ocr_carea' id='block_1_94' title="bbox 522 4805 2118 4876">
    <p class='ocr_par' dir='ltr' id='par_1_94' title="bbox 522 4805 2118 4876">
     <span class='ocr_line' id='line_1_94' title="bbox 522 4805 2118 4876; baseline -0.005 -8"><span class='ocrx_word' id='word_1_679' title='bbox 522 4813 687 4868; x_wconf 89' lang='lat' dir='ltr'><strong>etiam</strong></span> <span class='ocrx_word' id='word_1_680' title='bbox 717 4807 1123 4864; x_wconf 81' lang='lat' dir='ltr'><strong>accuratissimis</strong></span> <span class='ocrx_word' id='word_1_681' title='bbox 1149 4806 1286 4861; x_wconf 87' lang='lat' dir='ltr'><strong>facta</strong></span> <span class='ocrx_word' id='word_1_682' title='bbox 1321 4805 1583 4876; x_wconf 78' lang='lat' dir='ltr'><strong>signatio,</strong></span> <span class='ocrx_word' id='word_1_683' title='bbox 1615 4806 1816 4874; x_wconf 84' lang='lat' dir='ltr'><strong>absque</strong></span> <span class='ocrx_word' id='word_1_684' title='bbox 1847 4806 1951 4860; x_wconf 88' lang='lat' dir='ltr'><strong>ulla</strong></span> <span class='ocrx_word' id='word_1_685' title='bbox 1983 4820 2118 4860; x_wconf 92' lang='lat' dir='ltr'><strong>neu-</strong></span> 
     </span>
    </p>
   </div>
   <div class='ocr_carea' id='block_1_95' title="bbox 523 4900 2110 4968">
    <p class='ocr_par' dir='ltr' id='par_1_95' title="bbox 523 4900 2110 4968">
     <span class='ocr_line' id='line_1_95' title="bbox 523 4900 2110 4968; baseline -0.002 -8"><span class='ocrx_word' id='word_1_686' title='bbox 523 4905 669 4960; x_wconf 82' lang='lat' dir='ltr'><strong>trubi</strong></span> <span class='ocrx_word' id='word_1_687' title='bbox 721 4903 946 4956; x_wconf 83' lang='lat' dir='ltr'><strong>alterius</strong></span> <span class='ocrx_word' id='word_1_688' title='bbox 997 4901 1209 4955; x_wconf 87' lang='lat' dir='ltr'><strong>numeri</strong></span> <span class='ocrx_word' id='word_1_689' title='bbox 1259 4900 1536 4954; x_wconf 83' lang='lat' dir='ltr'><strong>additione</strong></span> <span class='ocrx_word' id='word_1_690' title='bbox 1569 4915 1668 4955; x_wconf 87' lang='lat' dir='ltr'><strong>seu</strong></span> <span class='ocrx_word' id='word_1_691' title='bbox 1699 4900 2110 4968; x_wconf 87' lang='lat' dir='ltr'><strong>imminutione,</strong></span> 
     </span>
    </p>
   </div>
   <div class='ocr_carea' id='block_1_96' title="bbox 518 4991 2115 5068">
    <p class='ocr_par' dir='ltr' id='par_1_96' title="bbox 518 4991 2115 5068">
     <span class='ocr_line' id='line_1_96' title="bbox 518 4991 2115 5068; baseline -0.004 -16"><span class='ocrx_word' id='word_1_692' title='bbox 518 4996 894 5068; x_wconf 85' lang='lat' dir='ltr'><strong>pra-judicium</strong></span> <span class='ocrx_word' id='word_1_693' title='bbox 942 4994 1102 5048; x_wconf 89' lang='lat' dir='ltr'><strong>facile</strong></span> <span class='ocrx_word' id='word_1_694' title='bbox 1152 4993 1349 5063; x_wconf 82' lang='lat' dir='ltr'><strong>ingerit</strong></span> <span class='ocrx_word' id='word_1_695' title='bbox 1395 4991 1798 5046; x_wconf 89' lang='lat' dir='ltr'><strong>incertitndinis</strong></span> <span class='ocrx_word' id='word_1_696' title='bbox 1849 4992 2046 5046; x_wconf 69' lang='lat' dir='ltr'><strong>habitre</strong></span> <span class='ocrx_word' id='word_1_697' title='bbox 2083 5006 2115 5046; x_wconf 87' lang='lat' dir='ltr'><strong>a</strong></span> 
     </span>
    </p>
   </div>
   <div class='ocr_carea' id='block_1_97' title="bbox 518 5085 2109 5160">
    <p class='ocr_par' dir='ltr' id='par_1_97' title="bbox 518 5085 2109 5160">
     <span class='ocr_line' id='line_1_97' title="bbox 518 5085 2109 5160; baseline -0.004 -14"><span class='ocrx_word' id='word_1_698' title='bbox 518 5088 883 5160; x_wconf 86' lang='lat' dir='ltr'><strong>Cbronologis</strong></span> <span class='ocrx_word' id='word_1_699' title='bbox 950 5087 1082 5158; x_wconf 88' lang='lat' dir='ltr'><strong>ipsis</strong></span> <span class='ocrx_word' id='word_1_700' title='bbox 1144 5087 1196 5141; x_wconf 92' lang='lat' dir='ltr'><strong>in</strong></span> <span class='ocrx_word' id='word_1_701' title='bbox 1253 5086 1405 5140; x_wconf 85' lang='lat' dir='ltr'><strong>hisce</strong></span> <span class='ocrx_word' id='word_1_702' title='bbox 1469 5085 1692 5154; x_wconf 84' lang='lat' dir='ltr'><strong>epochis</strong></span> <span class='ocrx_word' id='word_1_703' title='bbox 1743 5085 2109 5154; x_wconf 84' lang='lat' dir='ltr'><strong>assignandis.</strong></span> 
     </span>
    </p>
   </div>
   <div class='ocr_carea' id='block_1_98' title="bbox 518 5177 2112 5257">
    <p class='ocr_par' dir='ltr' id='par_1_98' title="bbox 518 5177 2112 5257">
     <span class='ocr_line' id='line_1_98' title="bbox 518 5177 2112 5257; baseline -0.004 -18"><span class='ocrx_word' id='word_1_704' title='bbox 518 5182 694 5257; x_wconf 80' lang='lat' dir='ltr'><strong>[xvnt]</strong></span> <span class='ocrx_word' id='word_1_705' title='bbox 727 5184 1075 5238; x_wconf 82' lang='lat' dir='ltr'><strong>Monnmenta</strong></span> <span class='ocrx_word' id='word_1_706' title='bbox 1105 5192 1290 5235; x_wconf 85' lang='lat' dir='ltr'><strong>autem</strong></span> <span class='ocrx_word' id='word_1_707' title='bbox 1327 5190 1543 5244; x_wconf 88' lang='lat' dir='ltr'><strong>nostra,</strong></span> <span class='ocrx_word' id='word_1_708' title='bbox 1576 5195 1698 5245; x_wconf 56' lang='lat' dir='ltr'><strong>quae.</strong></span> <span class='ocrx_word' id='word_1_709' title='bbox 1727 5177 1989 5233; x_wconf 86' lang='lat' dir='ltr'><strong>habemus</strong></span> <span class='ocrx_word' id='word_1_710' title='bbox 2020 5179 2112 5233; x_wconf 87' lang='lat' dir='ltr'><strong>fir-</strong></span> 
     </span>
    </p>
   </div>
   <div class='ocr_carea' id='block_1_99' title="bbox 512 5271 2106 5343">
    <p class='ocr_par' dir='ltr' id='par_1_99' title="bbox 512 5271 2106 5343">
     <span class='ocr_line' id='line_1_99' title="bbox 512 5271 2106 5343; baseline -0.005 -9"><span class='ocrx_word' id='word_1_711' title='bbox 512 5280 784 5343; x_wconf 59' lang='lat' dir='ltr'><strong>missima,</strong></span> <span class='ocrx_word' id='word_1_712' title='bbox 814 5277 1034 5331; x_wconf 87' lang='lat' dir='ltr'><strong>minime</strong></span> <span class='ocrx_word' id='word_1_713' title='bbox 1067 5282 1280 5340; x_wconf 77' lang='lat' dir='ltr'><strong>vetant,</strong></span> <span class='ocrx_word' id='word_1_714' title='bbox 1316 5271 1608 5342; x_wconf 82' lang='lat' dir='ltr'><strong>quominus</strong></span> <span class='ocrx_word' id='word_1_715' title='bbox 1642 5271 1896 5326; x_wconf 86' lang='lat' dir='ltr'><strong>Eusebius</strong></span> <span class='ocrx_word' id='word_1_716' title='bbox 1938 5271 2106 5326; x_wconf 85' lang='lat' dir='ltr'><strong>Chro-</strong></span> 
     </span>
    </p>
   </div>
   <div class='ocr_carea' id='block_1_100' title="bbox 514 5366 2108 5439">
    <p class='ocr_par' dir='ltr' id='par_1_100' title="bbox 514 5366 2108 5439">
     <span class='ocr_line' id='line_1_100' title="bbox 514 5366 2108 5439; baseline -0.004 -13"><span class='ocrx_word' id='word_1_717' title='bbox 514 5373 658 5426; x_wconf 86' lang='lat' dir='ltr'><strong>matii</strong></span> <span class='ocrx_word' id='word_1_718' title='bbox 685 5374 852 5426; x_wconf 88' lang='lat' dir='ltr'><strong>frater</strong></span> <span class='ocrx_word' id='word_1_719' title='bbox 881 5369 1192 5439; x_wconf 84' lang='lat' dir='ltr'><strong>inaugurari</strong></span> <span class='ocrx_word' id='word_1_720' title='bbox 1218 5378 1456 5438; x_wconf 79' lang='lat' dir='ltr'><strong>potnt-rit</strong></span> <span class='ocrx_word' id='word_1_721' title='bbox 1478 5366 1764 5436; x_wconf 89' lang='lat' dir='ltr'><strong>episeopus</strong></span> <span class='ocrx_word' id='word_1_722' title='bbox 1795 5366 2108 5421; x_wconf 89' lang='lat' dir='ltr'><strong>Bononien-</strong></span> 
     </span>
    </p>
   </div>
   <div class='ocr_carea' id='block_1_101' title="bbox 510 5458 2104 5534">
    <p class='ocr_par' dir='ltr' id='par_1_101' title="bbox 510 5458 2104 5534">
     <span class='ocr_line' id='line_1_101' title="bbox 510 5458 2104 5534; baseline -0.007 -11"><span class='ocrx_word' id='word_1_723' title='bbox 510 5466 588 5522; x_wconf 85' lang='lat' dir='ltr'><strong>sis</strong></span> <span class='ocrx_word' id='word_1_724' title='bbox 623 5476 744 5534; x_wconf 87' lang='lat' dir='ltr'><strong>post</strong></span> <span class='ocrx_word' id='word_1_725' title='bbox 772 5480 973 5518; x_wconf 89' lang='lat' dir='ltr'><strong>annum</strong></span> <span class='ocrx_word' id='word_1_726' title='bbox 1001 5462 1107 5517; x_wconf 71' lang='grc'><strong>475</strong></span> <span class='ocrx_word' id='word_1_727' title='bbox 1134 5461 1386 5516; x_wconf 76' lang='lat' dir='ltr'><strong>indiCaL&#39;e</strong></span> <span class='ocrx_word' id='word_1_728' title='bbox 1415 5458 1735 5530; x_wconf 82' lang='lat' dir='ltr'><strong>Hieronymi</strong></span> <span class='ocrx_word' id='word_1_729' title='bbox 1767 5458 2016 5528; x_wconf 69' lang='lat' dir='ltr'><strong>epistolae</strong></span> <span class='ocrx_word' id='word_1_730' title='bbox 2040 5459 2104 5512; x_wconf 90' lang='lat' dir='ltr'><strong>ad</strong></span> 
     </span>
    </p>
   </div>
   <div class='ocr_carea' id='block_1_102' title="bbox 509 5549 2104 5617">
    <p class='ocr_par' dir='ltr' id='par_1_102' title="bbox 509 5549 2104 5617">
     <span class='ocr_line' id='line_1_102' title="bbox 509 5549 2104 5617; baseline -0.005 -4"><span class='ocrx_word' id='word_1_731' title='bbox 509 5557 887 5615; x_wconf 83' lang='lat' dir='ltr'><strong>Chromatium,</strong></span> <span class='ocrx_word' id='word_1_732' title='bbox 909 5554 1224 5608; x_wconf 87' lang='lat' dir='ltr'><strong>Jouinumcl</strong></span> <span class='ocrx_word' id='word_1_733' title='bbox 1249 5550 1554 5617; x_wconf 83' lang='lat' dir='ltr'><strong>Eusebium,</strong></span> <span class='ocrx_word' id='word_1_734' title='bbox 1589 5559 1682 5604; x_wconf 85' lang='lat' dir='ltr'><strong>aut</strong></span> <span class='ocrx_word' id='word_1_735' title='bbox 1714 5551 1877 5604; x_wconf 85' lang='lat' dir='ltr'><strong>etiam</strong></span> <span class='ocrx_word' id='word_1_736' title='bbox 1910 5549 2104 5605; x_wconf 86' lang='lat' dir='ltr'><strong>eodem</strong></span> 
     </span>
    </p>
   </div>
   <div class='ocr_carea' id='block_1_103' title="bbox 505 5643 2104 5720">
    <p class='ocr_par' dir='ltr' id='par_1_103' title="bbox 505 5643 2104 5720">
     <span class='ocr_line' id='line_1_103' title="bbox 505 5643 2104 5720; baseline -0.004 -14"><span class='ocrx_word' id='word_1_737' title='bbox 505 5651 628 5720; x_wconf 88' lang='lat' dir='ltr'><strong>ipso</strong></span> <span class='ocrx_word' id='word_1_738' title='bbox 656 5649 903 5718; x_wconf 75' lang='lat' dir='ltr'><strong>epistola:</strong></span> <span class='ocrx_word' id='word_1_739' title='bbox 935 5647 1079 5701; x_wconf 91' lang='lat' dir='ltr'><strong>illius</strong></span> <span class='ocrx_word' id='word_1_740' title='bbox 1103 5660 1248 5700; x_wconf 91' lang='lat' dir='ltr'><strong>anno</strong></span> <span class='ocrx_word' id='word_1_741' title='bbox 1279 5655 1539 5700; x_wconf 88' lang='lat' dir='ltr'><strong>currente</strong></span> <span class='ocrx_word' id='word_1_742' title='bbox 1566 5659 1578 5696; x_wconf 86' lang='lat'><strong>:</strong></span> <span class='ocrx_word' id='word_1_743' title='bbox 1606 5653 1660 5699; x_wconf 90' lang='lat' dir='ltr'><strong>et</strong></span> <span class='ocrx_word' id='word_1_744' title='bbox 1693 5643 1878 5700; x_wconf 89' lang='lat' dir='ltr'><strong>eadem</strong></span> <span class='ocrx_word' id='word_1_745' title='bbox 1907 5660 2104 5699; x_wconf 86' lang='lat' dir='ltr'><strong>monu-</strong></span> 
     </span>
    </p>
   </div>
   <div class='ocr_carea' id='block_1_104' title="bbox 503 5738 2138 5811">
    <p class='ocr_par' dir='ltr' id='par_1_104' title="bbox 503 5738 2138 5811">
     <span class='ocr_line' id='line_1_104' title="bbox 503 5738 2138 5811; baseline -0.003 -11"><span class='ocrx_word' id='word_1_746' title='bbox 503 5750 689 5800; x_wconf 84' lang='lat' dir='ltr'><strong>menta</strong></span> <span class='ocrx_word' id='word_1_747' title='bbox 739 5756 837 5796; x_wconf 84' lang='lat' dir='ltr'><strong>nos</strong></span> <span class='ocrx_word' id='word_1_748' title='bbox 869 5750 1125 5809; x_wconf 86' lang='lat' dir='ltr'><strong>monent,</strong></span> <span class='ocrx_word' id='word_1_749' title='bbox 1157 5749 1216 5796; x_wconf 90' lang='lat' dir='ltr'><strong>ut</strong></span> <span class='ocrx_word' id='word_1_750' title='bbox 1253 5753 1395 5795; x_wconf 90' lang='lat' dir='ltr'><strong>anno</strong></span> <span class='ocrx_word' id='word_1_751' title='bbox 1425 5739 1530 5799; x_wconf 77' lang='lat'><strong>596</strong></span> <span class='ocrx_word' id='word_1_752' title='bbox 1564 5741 1673 5799; x_wconf 74' lang='lat' dir='ltr'><strong>vita</strong></span> <span class='ocrx_word' id='word_1_753' title='bbox 1715 5739 1826 5811; x_wconf 87' lang='lat' dir='ltr'><strong>jam</strong></span> <span class='ocrx_word' id='word_1_754' title='bbox 1856 5738 2100 5798; x_wconf 84' lang='lat' dir='ltr'><strong>functum</strong></span> <span class='ocrx_word' id='word_1_755' title='bbox 2132 5777 2138 5782; x_wconf 67' lang='grc' dir='ltr'><strong><em>ρ</em></strong></span> 
     </span>
    </p>
   </div>
   <div class='ocr_carea' id='block_1_105' title="bbox 2220 4617 3816 4689">
    <p class='ocr_par' dir='ltr' id='par_1_105' title="bbox 2220 4617 3816 4689">
     <span class='ocr_line' id='line_1_105' title="bbox 2220 4617 3816 4689; baseline 0 -19"><span class='ocrx_word' id='word_1_756' title='bbox 2220 4617 2340 4672; x_wconf 70' lang='lat' dir='ltr'><strong>leite</strong></span> <span class='ocrx_word' id='word_1_757' title='bbox 2370 4619 2650 4673; x_wconf 85' lang='lat' dir='ltr'><strong>exstitisse</strong></span> <span class='ocrx_word' id='word_1_758' title='bbox 2695 4629 2895 4689; x_wconf 89' lang='lat' dir='ltr'><strong>quarto</strong></span> <span class='ocrx_word' id='word_1_759' title='bbox 2943 4630 2998 4674; x_wconf 85' lang='lat' dir='ltr'><strong>et</strong></span> <span class='ocrx_word' id='word_1_760' title='bbox 3030 4619 3221 4689; x_wconf 87' lang='lat' dir='ltr'><strong>quinto</strong></span> <span class='ocrx_word' id='word_1_761' title='bbox 3249 4619 3451 4674; x_wconf 87' lang='lat' dir='ltr'><strong>Chriin</strong></span> <span class='ocrx_word' id='word_1_762' title='bbox 3498 4619 3704 4674; x_wconf 59' lang='lat' dir='ltr'><strong>saeculo</strong></span> <span class='ocrx_word' id='word_1_763' title='bbox 3731 4634 3816 4670; x_wconf 77' lang='lat' dir='ltr'><strong>ar.</strong></span> 
     </span>
    </p>
   </div>
   <div class='ocr_carea' id='block_1_106' title="bbox 2219 4710 3809 4782">
    <p class='ocr_par' dir='ltr' id='par_1_106' title="bbox 2219 4710 3809 4782">
     <span class='ocr_line' id='line_1_106' title="bbox 2219 4710 3809 4782; baseline 0.003 -18"><span class='ocrx_word' id='word_1_764' title='bbox 2219 4711 2356 4782; x_wconf 87' lang='lat' dir='ltr'><strong>gttit,</strong></span> <span class='ocrx_word' id='word_1_765' title='bbox 2388 4710 2463 4766; x_wconf 83' lang='lat' dir='ltr'><strong>ita</strong></span> <span class='ocrx_word' id='word_1_766' title='bbox 2495 4713 2558 4767; x_wconf 92' lang='lat' dir='ltr'><strong>ad</strong></span> <span class='ocrx_word' id='word_1_767' title='bbox 2587 4717 2726 4768; x_wconf 88' lang='lat' dir='ltr'><strong>hanc</strong></span> <span class='ocrx_word' id='word_1_768' title='bbox 2760 4713 3009 4768; x_wconf 87' lang='lat' dir='ltr'><strong>eamdem</strong></span> <span class='ocrx_word' id='word_1_769' title='bbox 3039 4713 3300 4768; x_wconf 85' lang='lat' dir='ltr'><strong>familiam</strong></span> <span class='ocrx_word' id='word_1_770' title='bbox 3321 4713 3677 4768; x_wconf 72' lang='lat' dir='ltr'><strong>Chromatium</strong></span> <span class='ocrx_word' id='word_1_771' title='bbox 3707 4729 3809 4768; x_wconf 89' lang='lat' dir='ltr'><strong>no-</strong></span> 
     </span>
    </p>
   </div>
   <div class='ocr_carea' id='block_1_107' title="bbox 2219 4805 3812 4875">
    <p class='ocr_par' dir='ltr' id='par_1_107' title="bbox 2219 4805 3812 4875">
     <span class='ocr_line' id='line_1_107' title="bbox 2219 4805 3812 4875; baseline 0.001 -16"><span class='ocrx_word' id='word_1_772' title='bbox 2219 4814 2416 4871; x_wconf 90' lang='lat' dir='ltr'><strong>strum,</strong></span> <span class='ocrx_word' id='word_1_773' title='bbox 2441 4816 2606 4875; x_wconf 86' lang='lat' dir='ltr'><strong>atque</strong></span> <span class='ocrx_word' id='word_1_774' title='bbox 2636 4805 2915 4859; x_wconf 79' lang='lat' dir='ltr'><strong>Eusebium</strong></span> <span class='ocrx_word' id='word_1_775' title='bbox 2951 4808 3178 4872; x_wconf 83' lang='lat' dir='ltr'><strong>fratres,</strong></span> <span class='ocrx_word' id='word_1_776' title='bbox 3215 4805 3399 4875; x_wconf 86' lang='lat' dir='ltr'><strong>aliquo</strong></span> <span class='ocrx_word' id='word_1_777' title='bbox 3428 4807 3620 4860; x_wconf 85' lang='lat' dir='ltr'><strong>saltem</strong></span> <span class='ocrx_word' id='word_1_778' title='bbox 3647 4805 3812 4860; x_wconf 82' lang='lat' dir='ltr'><strong>modo</strong></span> 
     </span>
    </p>
   </div>
   <div class='ocr_carea' id='block_1_108' title="bbox 2219 4897 3807 4969">
    <p class='ocr_par' dir='ltr' id='par_1_108' title="bbox 2219 4897 3807 4969">
     <span class='ocr_line' id='line_1_108' title="bbox 2219 4897 3807 4969; baseline 0 -17"><span class='ocrx_word' id='word_1_779' title='bbox 2219 4898 2572 4967; x_wconf 90' lang='lat' dir='ltr'><strong>pertinuisse,</strong></span> <span class='ocrx_word' id='word_1_780' title='bbox 2606 4914 2709 4951; x_wconf 90' lang='lat' dir='ltr'><strong>non</strong></span> <span class='ocrx_word' id='word_1_781' title='bbox 2743 4913 2886 4967; x_wconf 76' lang='lat' dir='ltr'><strong>aegre</strong></span> <span class='ocrx_word' id='word_1_782' title='bbox 2915 4899 3243 4969; x_wconf 88' lang='lat' dir='ltr'><strong>suspicatur.</strong></span> <span class='ocrx_word' id='word_1_783' title='bbox 3277 4897 3362 4954; x_wconf 78' lang='lat' dir='ltr'><strong>Ab</strong></span> <span class='ocrx_word' id='word_1_784' title='bbox 3386 4901 3506 4955; x_wconf 82' lang='lat' dir='ltr'><strong>avis</strong></span> <span class='ocrx_word' id='word_1_785' title='bbox 3533 4898 3807 4969; x_wconf 85' lang='lat' dir='ltr'><strong>siquidem</strong></span> 
     </span>
    </p>
   </div>
   <div class='ocr_carea' id='block_1_109' title="bbox 2215 4991 3809 5065">
    <p class='ocr_par' dir='ltr' id='par_1_109' title="bbox 2215 4991 3809 5065">
     <span class='ocr_line' id='line_1_109' title="bbox 2215 4991 3809 5065; baseline 0.002 -18"><span class='ocrx_word' id='word_1_786' title='bbox 2215 4999 2272 5047; x_wconf 91' lang='lat' dir='ltr'><strong>et</strong></span> <span class='ocrx_word' id='word_1_787' title='bbox 2300 4991 2545 5060; x_wconf 88' lang='lat' dir='ltr'><strong>patribus</strong></span> <span class='ocrx_word' id='word_1_788' title='bbox 2579 4991 2629 5046; x_wconf 92' lang='lat' dir='ltr'><strong>in</strong></span> <span class='ocrx_word' id='word_1_789' title='bbox 2674 4991 2815 5046; x_wconf 86' lang='lat' dir='ltr'><strong>filios</strong></span> <span class='ocrx_word' id='word_1_790' title='bbox 2844 5002 2898 5046; x_wconf 89' lang='lat' dir='ltr'><strong>et</strong></span> <span class='ocrx_word' id='word_1_791' title='bbox 2927 5002 3154 5062; x_wconf 85' lang='lat' dir='ltr'><strong>nepotes</strong></span> <span class='ocrx_word' id='word_1_792' title='bbox 3187 4998 3406 5048; x_wconf 83' lang='lat' dir='ltr'><strong>nomina</strong></span> <span class='ocrx_word' id='word_1_793' title='bbox 3427 5005 3563 5050; x_wconf 80' lang='lat' dir='ltr'><strong>tunc</strong></span> <span class='ocrx_word' id='word_1_794' title='bbox 3589 5010 3809 5065; x_wconf 79' lang='lat' dir='ltr'><strong>quoque</strong></span> 
     </span>
    </p>
   </div>
   <div class='ocr_carea' id='block_1_110' title="bbox 2214 5086 3803 5158">
    <p class='ocr_par' dir='ltr' id='par_1_110' title="bbox 2214 5086 3803 5158">
     <span class='ocr_line' id='line_1_110' title="bbox 2214 5086 3803 5158; baseline 0.002 -19"><span class='ocrx_word' id='word_1_795' title='bbox 2214 5086 2693 5156; x_wconf 73' lang='lat' dir='ltr'><strong>propagabantur,</strong></span> <span class='ocrx_word' id='word_1_796' title='bbox 2736 5102 2858 5156; x_wconf 64' lang='lat' dir='ltr'><strong>qua:</strong></span> <span class='ocrx_word' id='word_1_797' title='bbox 2904 5086 3080 5141; x_wconf 87' lang='lat' dir='ltr'><strong>veluti</strong></span> <span class='ocrx_word' id='word_1_798' title='bbox 3117 5086 3449 5142; x_wconf 82' lang='lat' dir='ltr'><strong>familiarum</strong></span> <span class='ocrx_word' id='word_1_799' title='bbox 3481 5089 3803 5158; x_wconf 81' lang='lat' dir='ltr'><strong>cognomina</strong></span> 
     </span>
    </p>
   </div>
   <div class='ocr_carea' id='block_1_111' title="bbox 2211 5180 3808 5250">
    <p class='ocr_par' dir='ltr' id='par_1_111' title="bbox 2211 5180 3808 5250">
     <span class='ocr_line' id='line_1_111' title="bbox 2211 5180 3808 5250; baseline 0.003 -17"><span class='ocrx_word' id='word_1_800' title='bbox 2211 5180 2458 5250; x_wconf 75' lang='lat' dir='ltr'><strong>quaedam</strong></span> <span class='ocrx_word' id='word_1_801' title='bbox 2487 5181 2597 5250; x_wconf 89' lang='lat' dir='ltr'><strong>jam</strong></span> <span class='ocrx_word' id='word_1_802' title='bbox 2629 5193 2760 5236; x_wconf 89' lang='lat' dir='ltr'><strong>tunc</strong></span> <span class='ocrx_word' id='word_1_803' title='bbox 2778 5181 3221 5236; x_wconf 84' lang='lat' dir='ltr'><strong>constituebant:</strong></span> <span class='ocrx_word' id='word_1_804' title='bbox 3255 5194 3306 5238; x_wconf 89' lang='lat' dir='ltr'><strong>et</strong></span> <span class='ocrx_word' id='word_1_805' title='bbox 3339 5182 3590 5237; x_wconf 73' lang='lat' dir='ltr'><strong>Eusebius</strong></span> <span class='ocrx_word' id='word_1_806' title='bbox 3616 5193 3808 5239; x_wconf 81' lang='lat' dir='ltr'><strong>noster</strong></span> 
     </span>
    </p>
   </div>
   <div class='ocr_carea' id='block_1_112' title="bbox 2210 5274 3807 5349">
    <p class='ocr_par' dir='ltr' id='par_1_112' title="bbox 2210 5274 3807 5349">
     <span class='ocr_line' id='line_1_112' title="bbox 2210 5274 3807 5349; baseline 0.003 -20"><span class='ocrx_word' id='word_1_807' title='bbox 2210 5275 2311 5330; x_wconf 88' lang='lat' dir='ltr'><strong>etsi</strong></span> <span class='ocrx_word' id='word_1_808' title='bbox 2344 5289 2463 5345; x_wconf 86' lang='lat' dir='ltr'><strong>post</strong></span> <span class='ocrx_word' id='word_1_809' title='bbox 2502 5274 2860 5330; x_wconf 82' lang='lat' dir='ltr'><strong>Chromatium</strong></span> <span class='ocrx_word' id='word_1_810' title='bbox 2886 5293 2912 5330; x_wconf 85' lang='lat' dir='ltr'><strong>a</strong></span> <span class='ocrx_word' id='word_1_811' title='bbox 2945 5275 3072 5331; x_wconf 86' lang='lat' dir='ltr'><strong>divo</strong></span> <span class='ocrx_word' id='word_1_812' title='bbox 3114 5277 3446 5349; x_wconf 85' lang='lat' dir='ltr'><strong>Hieronymo</strong></span> <span class='ocrx_word' id='word_1_813' title='bbox 3491 5280 3807 5333; x_wconf 84' lang='lat' dir='ltr'><strong>nominetur</strong></span> 
     </span>
    </p>
   </div>
   <div class='ocr_carea' id='block_1_113' title="bbox 2210 5368 3804 5439">
    <p class='ocr_par' dir='ltr' id='par_1_113' title="bbox 2210 5368 3804 5439">
     <span class='ocr_line' id='line_1_113' title="bbox 2210 5368 3804 5439; baseline 0.001 -18"><span class='ocrx_word' id='word_1_814' title='bbox 2210 5368 2440 5436; x_wconf 83' lang='lat' dir='ltr'><strong>epistola</strong></span> <span class='ocrx_word' id='word_1_815' title='bbox 2468 5369 2498 5421; x_wconf 93' lang='lat'><strong>7</strong></span> <span class='ocrx_word' id='word_1_816' title='bbox 2531 5379 2584 5422; x_wconf 89' lang='lat' dir='ltr'><strong>et</strong></span> <span class='ocrx_word' id='word_1_817' title='bbox 2612 5368 2645 5423; x_wconf 89' lang='lat'><strong>8</strong></span> <span class='ocrx_word' id='word_1_818' title='bbox 2676 5371 2724 5421; x_wconf 90' lang='lat' dir='ltr'><strong>in</strong></span> <span class='ocrx_word' id='word_1_819' title='bbox 2750 5370 2995 5425; x_wconf 86' lang='lat' dir='ltr'><strong>editione</strong></span> <span class='ocrx_word' id='word_1_820' title='bbox 3018 5369 3293 5433; x_wconf 85' lang='lat' dir='ltr'><strong>Vallarsii,</strong></span> <span class='ocrx_word' id='word_1_821' title='bbox 3321 5371 3444 5439; x_wconf 81' lang='lat' dir='ltr'><strong>quia</strong></span> <span class='ocrx_word' id='word_1_822' title='bbox 3467 5370 3804 5426; x_wconf 73' lang='lat' dir='ltr'><strong>Chromatius</strong></span> 
     </span>
    </p>
   </div>
   <div class='ocr_carea' id='block_1_114' title="bbox 2209 5450 3804 5536">
    <p class='ocr_par' dir='ltr' id='par_1_114' title="bbox 2209 5450 3804 5536">
     <span class='ocr_line' id='line_1_114' title="bbox 2209 5450 3804 5536; baseline 0.006 -22"><span class='ocrx_word' id='word_1_823' title='bbox 2209 5450 2337 5516; x_wconf 73' lang='lat' dir='ltr'><strong>tunc</strong></span> <span class='ocrx_word' id='word_1_824' title='bbox 2365 5465 2652 5534; x_wconf 86' lang='lat' dir='ltr'><strong>presbyter</strong></span> <span class='ocrx_word' id='word_1_825' title='bbox 2679 5463 3070 5536; x_wconf 87' lang='lat' dir='ltr'><strong>Aquileiensis,</strong></span> <span class='ocrx_word' id='word_1_826' title='bbox 3101 5465 3355 5520; x_wconf 84' lang='lat' dir='ltr'><strong>Eusebius</strong></span> <span class='ocrx_word' id='word_1_827' title='bbox 3378 5483 3506 5523; x_wconf 65' lang='lat' dir='ltr'><strong>vero</strong></span> <span class='ocrx_word' id='word_1_828' title='bbox 3530 5468 3804 5523; x_wconf 77' lang='lat' dir='ltr'><strong>diaconus</strong></span> 
     </span>
    </p>
   </div>
   <div class='ocr_carea' id='block_1_115' title="bbox 2211 5555 3803 5630">
    <p class='ocr_par' dir='ltr' id='par_1_115' title="bbox 2211 5555 3803 5630">
     <span class='ocr_line' id='line_1_115' title="bbox 2211 5555 3803 5630; baseline 0.006 -23"><span class='ocrx_word' id='word_1_829' title='bbox 2211 5563 2418 5608; x_wconf 89' lang='lat' dir='ltr'><strong>tantum</strong></span> <span class='ocrx_word' id='word_1_830' title='bbox 2448 5566 2603 5622; x_wconf 87' lang='lat' dir='ltr'><strong>erat;</strong></span> <span class='ocrx_word' id='word_1_831' title='bbox 2635 5555 2891 5613; x_wconf 68' lang='lat' dir='ltr'><strong>Eusebius</strong></span> <span class='ocrx_word' id='word_1_832' title='bbox 2920 5571 3099 5613; x_wconf 82' lang='lat' dir='ltr'><strong>tamen</strong></span> <span class='ocrx_word' id='word_1_833' title='bbox 3141 5569 3271 5614; x_wconf 88' lang='lat' dir='ltr'><strong>natu</strong></span> <span class='ocrx_word' id='word_1_834' title='bbox 3302 5561 3474 5630; x_wconf 81' lang='lat' dir='ltr'><strong>major</strong></span> <span class='ocrx_word' id='word_1_835' title='bbox 3503 5561 3803 5617; x_wconf 53' lang='grc' dir='ltr'><strong>(Ἀγρίππα</strong></span> 
     </span>
    </p>
   </div>
   <div class='ocr_carea' id='block_1_116' title="bbox 2206 5649 3801 5725">
    <p class='ocr_par' dir='ltr' id='par_1_116' title="bbox 2206 5649 3801 5725">
     <span class='ocr_line' id='line_1_116' title="bbox 2206 5649 3801 5725; baseline 0.008 -19"><span class='ocrx_word' id='word_1_836' title='bbox 2206 5649 2380 5709; x_wconf 84' lang='lat' dir='ltr'><strong>fuisse</strong></span> <span class='ocrx_word' id='word_1_837' title='bbox 2403 5653 2638 5717; x_wconf 85' lang='lat' dir='ltr'><strong>videtur,</strong></span> <span class='ocrx_word' id='word_1_838' title='bbox 2665 5662 2726 5710; x_wconf 91' lang='lat' dir='ltr'><strong>ut</strong></span> <span class='ocrx_word' id='word_1_839' title='bbox 2764 5655 2881 5724; x_wconf 88' lang='lat' dir='ltr'><strong>ipse</strong></span> <span class='ocrx_word' id='word_1_840' title='bbox 2913 5665 3205 5725; x_wconf 80' lang='lat' dir='ltr'><strong>propterea</strong></span> <span class='ocrx_word' id='word_1_841' title='bbox 3237 5656 3547 5716; x_wconf 66' lang='lat' dir='ltr'><strong>Eusebium:</strong></span> <span class='ocrx_word' id='word_1_842' title='bbox 3579 5660 3801 5718; x_wconf 75' lang='lat' dir='ltr'><strong>fantilite</strong></span> 
     </span>
    </p>
   </div>
   <div class='ocr_carea' id='block_1_117' title="bbox 2205 5741 3802 5823">
    <p class='ocr_par' dir='ltr' id='par_1_117' title="bbox 2205 5741 3802 5823">
     <span class='ocr_line' id='line_1_117' title="bbox 2205 5741 3802 5823; baseline 0.007 -25"><span class='ocrx_word' id='word_1_843' title='bbox 2205 5754 2404 5800; x_wconf 87' lang='lat' dir='ltr'><strong>nomen</strong></span> <span class='ocrx_word' id='word_1_844' title='bbox 2431 5743 2729 5810; x_wconf 83' lang='lat' dir='ltr'><strong>obtineret,</strong></span> <span class='ocrx_word' id='word_1_845' title='bbox 2759 5741 2886 5814; x_wconf 82' lang='lat' dir='ltr'><strong>quia</strong></span> <span class='ocrx_word' id='word_1_846' title='bbox 2911 5750 2964 5800; x_wconf 90' lang='lat' dir='ltr'><strong>et</strong></span> <span class='ocrx_word' id='word_1_847' title='bbox 2993 5757 3140 5802; x_wconf 74' lang='lat' dir='ltr'><strong>auito</strong></span> <span class='ocrx_word' id='word_1_848' title='bbox 3178 5744 3384 5804; x_wconf 85' lang='lat' dir='ltr'><strong>Christi</strong></span> <span class='ocrx_word' id='word_1_849' title='bbox 3407 5747 3510 5806; x_wconf 72' lang='grc'><strong>881</strong></span> <span class='ocrx_word' id='word_1_850' title='bbox 3541 5750 3600 5807; x_wconf 89' lang='lat' dir='ltr'><strong>iu</strong></span> <span class='ocrx_word' id='word_1_851' title='bbox 3627 5748 3802 5823; x_wconf 74' lang='lat' dir='ltr'><strong>Aqui-</strong></span> 
     </span>
    </p>
   </div>
  </div>
