4270 6176
1630 204 1715 269 Ni
1727 203 2007 271 EFATIO
2045 203 2376 274 EDITORls.

3558 205 3670 281 26's

356 321 553 379 leiensi
579 323 815 380 concilio
832 322 1085 394 ipseiam
1109 322 1402 393 episcopus
1424 332 1542 379 erat
1569 325 1955 392 Bononiensis,
1989 330 2034 390 Α
2064 328 2233 383 lentio
2261 339 2524 397 veterum,
2547 339 2604 387 et
2625 327 2946 402 Hieronymi
2975 331 3307 402 prtesertlm,
3330 332 3497 388 vellet
3522 336 3671 406 quis-

353 417 435 472 uti
473 433 540 472 ex
573 417 827 487 superius
866 416 1026 471 dictis
1069 417 1414 485 conjicimus,
1459 417 1587 471 dum
1629 417 1957 472 Chromatius

357 509 543 562 adhuc
573 509 856 579 presbyter
885 517 1095 563 tantum
1130 518 1278 561 esset
1308 507 1676 577 Aquileiensis
1703 525 1718 565 :
1750 518 1804 562 et
1833 517 1959 564 ante

357 600 717 655 Chromatium
739 603 852 669 ipse
875 613 1092 670 quoque
1117 598 1354 654 excessit
1377 615 1408 654 e
1437 601 1542 654 vita
1563 601 1638 653 uti
1671 615 1734 654 ex
1765 599 1956 654 eodem

358 694 699 765 Hieronymo
740 693 1011 749 habemus
1039 694 1269 762 epistola
1302 693 1502 748 ibidem
1547 694 1638 756 60,
1686 707 1837 746 num.
1868 694 1956 761 t9,

357 791 426 843 ad
476 788 842 854 Heliodorum,
878 805 1021 859 quae,
1054 790 1129 842 uti
1173 789 1286 858 jam
1338 787 1596 851 diximus,
1640 789 1706 842 ad
1754 801 1955 842 annum

354 885 595 953 pertinet
646 881 778 937 496.
829 883 907 936 Ex
953 881 1254 937 Eusebiana
1285 882 1457 952 igitur
1509 883 1847 952 Aquileiensi
1878 882 1956 936 fa-

349 976 522 1038 milia,
556 987 607 1029 et
639 974 865 1044 quidem
893 974 948 1028 in
992 975 1188 1043 primis
1219 975 1390 1039 clara,
1437 977 1513 1029 uti
1543 975 1734 1031 eadem
1765 990 1959 1030 monu-

350 1081 668 1124 montanos
705 1067 925 1132 docent,
974 1065 1335 1121 Chromatium
1391 1077 1636 1122 nostrum
1690 1068 1956 1136 prodiisse

353 1161 514 1215 facile
539 1160 820 1214 credimus
852 1175 864 1213 :
898 1158 1041 1213 unde
1071 1174 1178 1212 non
1206 1159 1415 1213 modica
1441 1160 1619 1214 eidem
1653 1161 1771 1213 laus
1795 1173 1953 1214 acce-

350 1254 451 1317 dit,
481 1253 625 1322 quod
658 1253 888 1323 originis
914 1253 1222 1308 claritatem
1248 1253 1374 1308 vitae
1403 1253 1790 1320 sanctimonia,
1819 1252 1951 1309 doc-

354 1348 511 1403 trinae
550 1348 885 1418 splendore,
937 1358 992 1403 et
1041 1347 1337 1402 virtutibus
1383 1349 1642 1402 omnibus
1695 1347 1953 1418 episcopo

353 1444 555 1514 dignis,
580 1458 680 1496 una
713 1458 836 1497 cum
869 1441 1096 1496 Eusebio
1129 1440 1318 1504 fratre,
1371 1442 1680 1494 exornavit.
1720 1443 1952 1495 Exstant

354 1539 495 1610 typis
529 1537 674 1592 edita
704 1552 734 1591 a
767 1536 1088 1591 Cortinovio
1121 1534 1430 1589 Eusebiame
1473 1535 1840 1602 Aquileiensis
1875 1537 1951 1590 la-

352 1631 515 1686 milia!
536 1638 888 1683 monumenta
905 1629 957 1681 in
982 1627 1381 1681 Dissertatione
1397 1642 1490 1681 sua
1517 1626 1700 1680 ltalice
1722 1629 1946 1696 scripta,

2067 421 2149 490 pia
2159 438 2206 474 m
2239 438 2450 492 urgere.

2133 514 2522 582 Nihilominus,
2554 532 2648 570 seu
2684 516 2905 584 viderit,
2936 532 3031 572 seu
3066 533 3172 573 non
3209 519 3428 584 viderit,
3457 519 3663 575 Fonta-

2064 606 2176 660 nini
2225 609 2396 661 nostri
2451 609 2606 678 (satis
2658 609 2989 677 cmteroquin
3033 611 3194 665 etiam
3250 613 3300 665 in
3333 613 3506 666 Callia
3553 615 3667 669 noli

2063 700 2372 768 scriptoris)
2399 711 2676 755 momenta
2702 699 3017 765 Ceillicrns,
3052 705 3100 756 in
3128 719 3221 758 sua
3250 705 3489 759 Histoire
3513 709 3666 778 géné-

2062 795 2170 846 rate
2227 795 2316 848 des
2366 804 2576 849 autenrs
2599 798 2766 850 θαι-τόδ
2801 805 2847 852 ct
2897 797 3333 868 ecclésiastiques,
3383 811 3533 856 tomo
3573 801 3621 858 Χ
3650 845 3666 870 ,

2061 901 2182 955 cap.
2212 888 2263 954 5,
2303 903 2490 957 parum
2521 889 2806 944 dissimilis
2836 907 2864 944 a
2905 891 3281 959 Tilicmtmlin,
3318 893 3391 949 ita
3423 893 3610 951 scribit
3648 917 3661 952 :

2062 979 2213 1033 Nous
2265 998 2326 1035 ne
2355 993 2592 1036 trouvons
2630 984 2738 1036 rien
2769 985 2857 1038 des
2888 986 3040 1038 éct'its
3091 987 3155 1041 de
3182 989 3320 1040 saint
3377 988 3662 1044 (.‘hromace

2061 1073 2190 1126 dans
2217 1089 2386 1128 aucun
2418 1077 2481 1129 de
2502 1093 2631 1130 ccum
2657 1079 2744 1145 qui
2773 1093 2901 1131 nous
2933 1089 3020 1133 ont
3053 1081 3208 1136 luisse
3238 1082 3330 1138 des
3362 1086 3662 1154 calalogues

2060 1163 2148 1215 des
2167 1165 2420 1218 écrivains
2439 1166 2871 1237 erclésiastiqnes.
2901 1168 2928 1222 Ι
2938 1170 2954 1222 ι
2982 1182 3014 1240 y
3042 1183 3072 1223 α
3103 1174 3661 1244 ηέιιηιηοίηεηηινΙηηεδ

2057 1259 2367 1311 manuscrits
2397 1261 2462 1312 uit
2503 1261 2600 1314 l‘on
2640 1273 2819 1316 trouve
2865 1262 2912 1316 le
2961 1279 3078 1316 nom
3117 1265 3179 1316 de
3229 1264 3510 1320 Chromace
3552 1269 3584 1321 ὰ
3610 1269 3662 1322 la

2059 1350 2158 1402 tete
2182 1349 2246 1402 de
2278 1352 2403 1403 trois
2432 1353 2669 1407 discours
2692 1371 2790 1424 que
2837 1355 2939 1408 l‘on
2985 1371 3016 1408 α
3037 1356 3303 1427 imprimés
3342 1359 3473 1413 dans
3499 1360 3546 1412 la
3574 1358 3664 1413 Bi-

2059 1442 2346 1512 bliothéque
2375 1445 2463 1497 des
2492 1444 2746 1499 Péres....
2783 1447 2853 1501 Ce
2885 1449 3038 1515 qu'on
3070 1460 3190 1520 petit
3231 1451 3340 1504 dire
3371 1453 3433 1504 de
3463 1453 3658 1517 uticux,

2057 1533 2174 1585 c‘est
2223 1549 2321 1600 que
2357 1536 2428 1587 les
2455 1537 2607 1590 e'crits
2628 1539 2716 1607 qui
2743 1547 2945 1606 portent
2977 1540 3024 1591 le
3062 1553 3181 1593 nom
3228 1541 3291 1594 de
3330 1543 3465 1596 saint
3497 1541 3663 1596 Chro-

2057 1638 2200 1676 mnce
2224 1639 2288 1676 ne
2309 1636 2427 1678 sont
2455 1629 2599 1696 point
2629 1630 2865 1698 indignas
2897 1633 2959 1682 de
2991 1629 3085 1696 lui,
3112 1641 3160 1685 et
3197 1647 3295 1701 que
3322 1633 3424 1687 l‘on
3455 1651 3516 1687 ne
3538 1650 3661 1688 con-

351 1725 435 1778 cui
470 1723 658 1777 titulus
689 1742 704 1777 :
758 1723 931 1794 Sopra
961 1737 1064 1775 una
1091 1719 1376 1773 Iscrizione
1417 1718 1585 1774 Greca
1629 1720 1944 1790 d‘Aquileia.
1983 1703 2028 1761 Β
2057 1716 2164 1769 nuit
2215 1719 2357 1784 point
2397 1719 2636 1786 d’éeéoue
2665 1722 2729 1775 de
2750 1739 2805 1776 ce
2835 1739 2951 1776 nom
2989 1725 3019 1777 ὰ
3060 1727 3148 1793 qui
3186 1727 3252 1780 ils
3301 1727 3528 1793 puissent
3555 1729 3662 1783 étre

351 1833 446 1872 seu
479 1817 662 1886 potius
689 1817 739 1869 in
777 1814 979 1884 pra-via
1009 1814 1252 1882 ejusdem
1287 1813 1526 1882 ltlpistola
1553 1811 1948 1881 nuncnpatoria

350 1910 416 1964 ad
436 1909 930 1964 eminentissimum
947 1908 1278 1962 cardinaletn
1303 1907 1519 1976 Borgia,
1537 1905 1768 1960 Bassano
1786 1905 1944 1972 i792;

351 2019 566 2058 necnon
615 2003 669 2056 in
724 2002 1118 2055 dissertatione
1172 2002 1342 2055 altera
1373 2044 1387 2064 ,
1461 2001 1712 2054 similiter
1764 2000 1950 2056 Italice

351 2098 558 2164 scripta
587 2136 602 2160 ,
658 2096 742 2149 cui
798 2095 1026 2149 titulus:
1069 2092 1241 2165 Sapra
1282 2109 1351 2146 un
1381 2091 1726 2146 Bassorilicvo
1767 2093 1820 2145 di
1850 2092 1950 2165 Co-

351 2199 530 2244 stanzo
568 2205 596 2242 e
629 2186 916 2252 Giuliano,
962 2200 1082 2256 quae
1127 2187 1308 2240 locum
1354 2184 1521 2240 habet
1566 2186 1617 2238 in
1667 2185 1950 2240 litterariis

348 2282 573 2336 fascicul
585 2284 650 2348 is,
681 2282 959 2349 inscriptis
993 2296 1006 2332 :
1042 2279 1289 2332 Memorio
1311 2289 1399 2348 per
1420 2279 1606 2332 seruire
1632 2277 1740 2330 ulla
1771 2277 1947 2333 Storia

346 2373 640 2429 Letteraria
667 2391 693 2427 e
731 2372 909 2428 Civile.
971 2373 1220 2436 Veneaia,
1263 2388 1441 2441 presso
1491 2370 1738 2441 Pasquali
1783 2373 1944 2428 i799.

352 2465 532 2518 Marco
555 2482 581 2518 e
607 2465 809 2532 Aprile,
848 2478 971 2533 pag.
1004 2463 1037 2516 5
1067 2473 1121 2518 et
1153 2463 1530 2532 sequentibus.

421 2557 581 2611 Aliud
627 2572 770 2610 nunc
813 2571 912 2609 nos
957 2565 1134 2624 urget,
1176 2556 1320 2624 quod
1361 2553 1717 2608 Chromatium
1742 2555 1941 2624 ipsum,

351 2649 418 2703 de
467 2665 577 2720 quo
627 2648 952 2712 scribimus,
1005 2647 1320 2718 singillatim
1362 2648 1588 2716 respicit
1636 2665 1650 2700 :
1708 2655 1947 2717 suntque

350 2742 582 2813 Scripta,
615 2740 734 2795 sive
766 2739 1036 2809 Opuscnl)
1064 2741 1204 2807 ejus,
1243 2754 1364 2808 qua:
1404 2754 1540 2792 nova
1573 2739 1678 2793 hac
1703 2739 1947 2794 editione

352 2837 643 2892 donamus.
681 2841 762 2892 Ac
801 2839 978 2907 primo
1014 2833 1233 2904 quidem
1283 2851 1296 2886 :
1341 2847 1538 2888 suntne
1562 2834 1836 2903 genuinus
1871 2835 1948 2889 fe-

354 2945 442 2987 tus
465 2933 643 2996 illius,
687 2948 808 3002 quae
853 2931 957 2985 sub
996 2931 1114 2998 ejus
1168 2931 1391 2984 nomine
1435 2930 1578 2984 edita
1619 2929 1857 2993 fuerunt,
1893 2940 1949 2984 et

354 3041 499 3080 nunc
527 3025 706 3079 denuo
727 3024 1008 3078 eduntur?
1041 3023 1344 3077 Fatendum
1377 3033 1464 3077 est
1493 3039 1616 3078 cum
1650 3023 1950 3078 Tillemon-

354 3119 448 3180 tio,
481 3117 762 3183 Ccillieto,
796 3117 1054 3189 altisque,
1083 3115 1252 3169 altum
1294 3114 1362 3170 de
1389 3114 1680 3169 Chromatii
1729 3115 1949 3184 scriptis

353 3211 608 3280 cperibus
638 3210 1070 3277 quibuscumque
1096 3222 1218 3262 esse
1245 3208 1522 3262 silentium
1547 3208 1687 3277 apud
1711 3217 1948 3274 veteres,

353 3305 441 3373 qui
495 3303 654 3356 nobis
701 3301 825 3355 data
873 3315 1040 3370 opera
1091 3301 1340 3354 notitiam
1377 3301 1718 3369 reliquerunt
1766 3313 1951 3354 anetu-

355 3412 502 3462 rum,
559 3410 656 3450 seu
708 3394 881 3449 aetatis
933 3411 1046 3448 sua:
1079 3435 1096 3459 ,
1149 3407 1244 3448 seu
1293 3393 1460 3448 etiam
1523 3395 1947 3463 praecedentium

355 3486 480 3559 (xx)
505 3487 826 3540 saeculorum
847 3503 862 3552 ;
884 3488 1084 3556 quique
1103 3486 1342 3550 ipsorum
1369 3485 1580 3552 Scripta
1610 3485 1948 3550 indicarunt,

356 3577 475 3634 sive
492 3579 748 3632 omnibus
767 3587 911 3645 nota,
935 3577 1049 3632 sive
1069 3577 1375 3646 deperdita,
1395 3576 1480 3631 vel
1497 3577 1720 3630 latentia
1745 3595 1755 3629 :
1776 3590 1951 3646 neque

353 3673 686 3728 dissimulari
716 3672 933 3742 quidem
967 3680 1168 3743 potest,
1197 3682 1323 3725 tunc
1349 3671 1566 3726 tandem
1591 3675 1771 3741 primo
1790 3670 1952 3725 iuno-

356 3767 527 3822 tuisse
591 3765 867 3820 litterariae
921 3765 1232 3833 reipublicae
1287 3762 1644 3819 Chromatium
1699 3774 1950 3818 nostrum

354 3860 557 3930 aliquid
599 3860 808 3927 scripto
847 3868 1134 3914 exaratum
1177 3857 1494 3926 reliquisse,
1547 3871 1670 3910 cum
1717 3873 1787 3912 ex
1837 3871 1953 3911 ma-

359 3955 643 4023 nuscripto
672 3952 906 4023 quodam
941 3953 1118 4006 veteri
1150 3950 1364 4018 Scripta
1395 3949 1541 4003 illius
1572 3949 1796 4004 Basilea:
1826 3965 1954 4019 pro-

357 4048 581 4102 dierunt
607 4061 752 4101 anno
773 4043 906 4099 l5'28
930 4046 1128 4100 merito
1153 4052 1208 4098 ct
1227 4059 1395 4114 opera
1418 4043 1644 4098 Joannis
1664 4043 1952 4106 Sichardi;

357 4140 489 4195 licet
518 4139 846 4210 Scriptorum
886 4136 1149 4191 horumce
1179 4136 1516 4190 mentionem
1551 4135 1839 4204 quamdam
1873 4133 1955 4189 fe-

357 4236 491 4290 cerit
510 4235 682 4288 multo
702 4245 828 4288 ante
850 4233 1288 4288 beatusAlbinus
1303 4231 1555 4296 Flaccus,
1575 4245 1672 4284 seu
1689 4230 1953 4284 Alcuinus

356 4327 541 4392 abbas,
576 4328 626 4380 in
667 4327 839 4380 libello
870 4327 1116 4380 adversus
1163 4324 1415 4379 (heresim
1449 4323 1645 4378 Felicis
1695 4322 1950 4394 episcopi.

360 4420 428 4474 Et
470 4419 853 4474 Tillcmontius
899 4418 1144 4488 quidem,
1199 4420 1380 4487 Opere
1411 4433 1474 4470 ac
1505 4426 1652 4472 tonio
1678 4431 1840 4484 supra
1868 4413 1948 4469 ci-

2055 1809 2306 1863 attribués
2335 1826 2456 1864 avec
2486 1813 2604 1882 plus
2652 1815 2716 1866 de
2734 1816 2947 1886 justice.
2985 1817 3063 1870 En
3117 1816 3284 1886 igitur
3335 1835 3363 1872 a
3407 1819 3660 1875 Ceillicro

2053 1913 2332 1957 recoctum
2385 1906 2527 1974 quod
2575 1908 2892 1974 praebuerat
2927 1909 3352 1978 Tillemontius;
3392 1924 3450 1968 ut
3478 1913 3655 1968 adhuc

2054 2006 2268 2050 certum
2293 1997 2780 2069 exploratumque,
2828 2003 2990 2055 etiam
3017 2002 3170 2068 juxtta
3212 2003 3390 2069 illum,
3425 2020 3528 2059 non
3561 2007 3655 2072 sit,

2058 2087 2267 2161 Scripta
2305 2089 2392 2142 illa
2421 2131 2435 2151 ,
2467 2106 2588 2159 qua!
2617 2090 2719 2146 sub
2758 2092 3045 2147 Chromatii
3084 2095 3261 2149 nosu'i
3304 2098 3521 2151 nomine
3551 2097 3659 2151 cir-

2053 2182 2456 2248 cumferuntur,
2501 2185 2671 2254 ipsius
2713 2201 2840 2241 esse
2869 2202 3100 2256 reapse;
3150 2199 3206 2244 et
3253 2191 3355 2244 hoc
3399 2207 3463 2246 ea
3515 2208 3654 2260 prte-

2055 2276 2245 2329 sertitn
2295 2277 2364 2331 de
2413 2292 2598 2340 causa,
2641 2280 2784 2348 quod
2820 2279 2968 2334 nulla
2998 2293 3189 2336 eorum
3224 2285 3433 2338 rneutio
3465 2284 3516 2337 in
3565 2301 3658 2340 vc-

2059 2379 2233 2423 terum
2261 2370 2527 2439 catalogis
2552 2371 2839 2426 habeatur.

2128 2461 2237 2514 Nos
2287 2462 2469 2531 itaque
2521 2461 2781 2519 Ccilliero
2819 2478 3036 2536 quoque
3096 2470 3412 2539 reponimus
3447 2512 3459 2534 ,
3511 2473 3658 2542 quod

2055 2552 2391 2608 Fontaninus
2423 2569 2589 2623 super
2617 2555 2756 2628 [xxi]
2801 2557 3137 2615 Tilleinontii
3179 2563 3660 2621 animadversione

2056 2655 2342 2698 exaratum
2376 2645 2641 2715 reliquit;
2671 2657 2727 2702 et
2760 2650 3053 2705 silentibus
3076 2653 3238 2707 etiam
3264 2656 3535 2722 eatalogis
3566 2667 3659 2711 vc-

2058 2745 2233 2788 terum
2262 2775 2276 2798 ,
2317 2736 2409 2804 qui
2462 2735 2805 2802 ScriptOrum
2838 2741 3338 2797 ecelesiasticorum
3383 2757 3548 2816 opera
3575 2759 3661 2800 ru-

2055 2840 2388 2884 censueruut
2413 2869 2428 2896 ,
2469 2829 2754 2885 indubium
2791 2843 2842 2886 et
2882 2847 3094 2888 certum
3140 2836 3497 2891 nihilominus
3539 2855 3663 2894 esse

2059 2932 2332 2985 tenemus,
2378 2935 2625 2978 sanctum
2677 2926 3032 2981 Chromatium
3065 2940 3310 2984 nostrum
3343 2930 3663 3001 Aquileien-

2057 3033 2172 3072 sem
2221 3018 2540 3088 episcopum
2597 3034 2728 3074 vere
2762 3031 3042 3076 auctorem
3093 3037 3218 3078 esse
3262 3024 3617 3097 Scriptiouum
3647 3069 3660 3090 ,

2058 3123 2180 3177 quae
2209 3110 2308 3164 sub
2331 3109 2447 3178 ejus
2475 3111 2696 3166 nomine
2729 3111 2890 3166 edita:
2920 3112 3230 3169 habentur:
3276 3117 3540 3187 quidquid
3591 3119 3663 3174 sit

2057 3203 2128 3258 de
2172 3202 2395 3258 Romani
2442 3205 2670 3275 episcOpi
2703 3205 2882 3272 titulo,
2919 3221 3026 3276 quo
3074 3221 3101 3260 a
3149 3211 3321 3278 prima
3355 3209 3661 3267 Basilecnsi

2061 3295 2300 3350 editione
2336 3297 2592 3366 insignita
2635 3298 2884 3363 luerunt,
2921 3301 2987 3354 de
3009 3317 3116 3370 quo
3150 3303 3308 3358 titulo
3353 3314 3408 3358 et
3452 3304 3658 3359 Fonta-

2061 3390 2224 3444 ninus
2253 3388 2372 3458 ipse
2417 3401 2471 3445 et
2515 3391 2589 3445 De
2621 3390 2825 3446 Rubeis
2868 3392 3087 3448 abunde
3127 3395 3386 3450 dixerunt
3420 3438 3434 3461 ,
3487 3408 3540 3452 et
3563 3415 3662 3454 nos

2059 3497 2276 3551 quoque
2319 3481 2455 3536 infra
2507 3484 2758 3536 nonnihil
2816 3485 3022 3540 addere
3073 3490 3481 3555 pr0posuiutus.
3515 3489 3662 3546 Nihil

2059 3579 2210 3632 aliud
2231 3591 2519 3646 propterea
2541 3579 2944 3648 inquirendum,
2972 3579 3109 3634 nihtl
3132 3583 3560 3637 desiderandum
3585 3585 3664 3636 ul-

2062 3671 2264 3735 terius;
2299 3673 2455 3741 quasi
2489 3670 2781 3727 silentibus
2810 3681 3054 3727 veterum
3089 3676 3354 3743 catalogis
3383 3676 3567 3730 adhuc
3595 3678 3664 3732 de

2062 3765 2349 3820 Chromatii
2369 3765 2580 3834 scriptis
2608 3765 2710 3818 sub
2731 3765 2916 3834 judice
2943 3766 3006 3819 lis
3031 3777 3199 3830 esset,
3237 3775 3295 3822 et
3323 3769 3477 3837 quasi
3511 3779 3663 3824 cata-

2062 3860 2309 3927 logorum
2342 3865 2588 3911 veterum
2620 3855 2857 3912 delectui
2897 3857 3042 3912 nulla
3071 3858 3176 3912 alia
3203 3861 3429 3915 critices
3475 3863 3662 3931 regula

2061 3952 2129 4006 ad
2162 3952 2449 4007 veritatem
2480 3952 2883 4022 agnoscendum
2924 3953 3171 4022 suppleri
3205 3955 3464 4023 potuerit,
3499 3967 3664 4025 prout

2063 4061 2094 4099 a
2127 4045 2433 4100 Fontanino
2460 4046 2621 4114 plene
2653 4047 2966 4114 suppletum
3001 4046 3123 4100 fuit.
3153 4047 3540 4116 Catalogorum
3571 4064 3665 4104 ve-

2067 4149 2242 4194 terum
2274 4138 2656 4194 auctoritatem
2687 4139 2741 4193 itt
2764 4138 3084 4194 sinceritate
3104 4139 3345 4209 Operum
3371 4140 3663 4208 judicanda

2065 4242 2364 4302 agnoverat
2408 4233 2756 4287 acutissimus
2790 4231 3017 4286 criticus
3061 4231 3301 4288 Joannes
3330 4233 3578 4288 Clericus
3608 4235 3659 4290 in

2063 4341 2161 4379 sua
2192 4326 2315 4379 Arte
2331 4323 2544 4389 Critica,
2569 4335 2724 4395 parte
2751 4340 2828 4387 tn,
2855 4323 3098 4380 sectione
3121 4325 3177 4388 2,
3199 4339 3318 4394 cap.
3345 4326 3399 4391 3,
3433 4339 3585 4380 num.
3610 4328 3664 4393 Ι,

2063 4419 2212 4474 hunc
2237 4420 2493 4474 snnciens
2522 4419 2879 4487 aphorismum
2911 4434 2972 4472 :t
3005 4419 3218 4487 Scripta
3249 4433 3480 4488 quorum
3512 4420 3664 4475 nulla

365 4523 474 4571 tato
505 4530 631 4585 pag.
663 4513 769 4578 5,39
797 4487 1056 4568 editionis
1087 4512 1308 4568 Veneta:
1357 4511 1702 4575 Pitterianas,
1741 4523 1954 4564 occlton
1981 4487 2036 4548 Ῐ)
2062 4513 2274 4567 mentio
2296 4514 2349 4567 in
2378 4512 2572 4582 priscis
2598 4511 2886 4580 catalogis,
2923 4526 3043 4580 qua:
3073 4526 3174 4565 nec
3205 4487 3508 4567 memorata
3541 4525 3670 4568 sunt

365 4620 483 4664 nota
510 4612 566 4678 2,
600 4626 725 4682 pag.
751 4608 876 4676 655,
902 4611 1000 4664 etsi
1033 4611 1269 4679 ingenue
1295 4606 1534 4662 fateatur
1557 4606 1768 4676 Scripta
1791 4604 1959 4660 Chro-

364 4707 519 4760 matio
546 4716 740 4761 nostro
759 4705 1016 4760 attributa
1041 4704 1199 4774 digna
1224 4717 1348 4757 esse
1373 4702 1693 4757 celebritate
1721 4701 1958 4754 nominis

362 4799 553 4869 ipsius,
595 4814 774 4867 neque
803 4797 1160 4851 Chromatium
1189 4795 1421 4850 alterum
1475 4804 1662 4848 notum
1694 4808 1840 4857 esse,
1868 4792 1957 4847 cui

361 4894 572 4962 possint
593 4891 813 4960 dignius
840 4890 1106 4959 assignari
1135 4906 1151 4954 ;
1182 4887 1365 4944 subdit
1394 4885 1778 4952 nihilominus,
1810 4885 1953 4955 quod

361 4984 400 5036 ii
429 4985 586 5038 seruit
609 4985 640 5036 ὰ
666 4983 926 5037 souhaitcr
952 4981 1106 5052 qu’on
1125 4989 1234 5034 eust
1261 4979 1350 5032 des
1381 4993 1599 5047 prcuues
1625 4978 1743 5044 plus
1774 4979 1953 5042 fortes,

358 5082 569 5150 qu’ellcs
599 5089 712 5132 sont
760 5079 823 5132 de
853 5078 924 5131 lui
950 5117 966 5143 ,
1006 5093 1103 5146 que
1130 5075 1254 5128 n‘est
1300 5075 1346 5127 le
1376 5073 1491 5125 titre
1521 5071 1612 5124 des
1656 5071 1960 5124 munuscrits

360 5176 444 5244 qui
495 5176 568 5228 les
607 5173 882 5226 attribuerat
914 5173 945 5225 ὰ
995 5169 1280 5225 Chromace
1322 5183 1530 5237 eresque
1565 5167 1788 5220 remain.
1839 5163 1958 5220 Vim

364 5267 558 5323 borum
606 5265 948 5321 Tillcmontii
983 5264 1276 5319 verborum
1320 5261 1592 5316 intellexit
1622 5258 1962 5312 Fontaninus

364 5372 591 5424 noster;
640 5375 706 5415 ac
751 5369 1039 5430 propterea
1073 5367 1216 5411 totus
1242 5355 1344 5409 fuit
1377 5355 1429 5408 in
1471 5353 1848 5407 Lucttbrntione
1891 5351 1959 5405 de

361 5455 862 5524 Chromatio,qu;n~n
881 5465 1004 5524 post
1023 5451 1234 5520 Scripta
1252 5465 1347 5504 seu
1372 5448 1640 5517 Upuscula
1661 5447 1877 5508 damus,
1905 5453 1962 5498 ιιι

366 5550 542 5604 modis
573 5549 826 5602 omnibus
867 5546 1222 5599 conﬁrmaret
1265 5558 1328 5598 ea
1371 5541 1618 5611 apprime
1664 5539 1962 5594 convenire

368 5643 595 5711 nemini,
632 5642 774 5712 quod
820 5639 1136 5710 pra-lerunt,
1167 5634 1458 5692 Chromatii
1496 5633 1667 5687 nostri
1715 5629 1961 5701 episcopi

369 5737 771 5808 Aquileiensis;
814 5745 868 5788 et
917 5743 974 5787 ut
1009 5733 1224 5802 objecta
1271 5729 1574 5794 refelleret,
1624 5743 1744 5797 qua:
1786 5743 1854 5784 ex
1881 5726 1959 5783 si-

1407 5978 1432 5991 Α.

2067 4607 2135 4660 ab
2170 4605 2283 4659 ullo
2315 4605 2586 4673 scriptore
2629 4605 2973 4672 sequentium
3019 4603 3267 4673 proxime
3315 4607 3664 4673 sa-culorum,

2069 4708 2130 4754 ttt
2161 4698 2457 4767 plurimum
2489 4706 2581 4750 aut
2610 4696 2731 4750 licta
2754 4694 3049 4765 judicanda
3079 4689 3229 4759 sunt,
3261 4705 3353 4750 aut
3379 4697 3665 4753 minimum

2067 4803 2324 4860 suspecta
2376 4789 2647 4844 habenda.
2698 4806 2716 4840 ι
2764 4787 2965 4844 Verum
3015 4801 3149 4845 ecce
3191 4791 3319 4860 quid
3354 4789 3498 4845 idem
3551 4793 3668 4862 ipse

2069 4883 2345 4939 addiderit
2401 4899 2553 4938 num.
2601 4883 2669 4938 i5
2718 4900 2730 4934 :
2775 4899 2794 4933 ι
2841 4883 3102 4950 Quamvis
3153 4885 3437 4955 aphorismi
3493 4887 3670 4944 nostri

2068 4978 2372 5033 auctoritas
2402 4978 2723 5047 plerumque
2755 4976 2961 5032 illibata
3017 4989 3236 5034 maneat
3265 5021 3278 5046 ,
3335 4998 3442 5036 non
3473 4984 3671 5041 dillite-

2072 5071 2253 5125 bimur
2282 5080 2462 5125 tamen
2495 5070 2748 5139 egregios
2779 5069 2937 5124 nobis
2967 5071 3176 5140 aliquot
3204 5087 3500 5141 superesse
3530 5076 3668 5133 scri-

2071 5174 2290 5234 ptorcs;
2341 5177 2570 5232 quorum
2621 5177 2912 5233 suppares,
2958 5163 3051 5230 qui
3095 5167 3317 5234 quidem
3367 5172 3666 5239 supersint,

2072 5258 2280 5313 nullam
2312 5257 2643 5312 mentionem
2678 5257 2880 5312 iecere.
2920 5275 2940 5310 ι
2969 5257 3101 5312 Viro
3135 5261 3300 5330 igitur
3327 5264 3518 5317 critico
3549 5277 3668 5332 per-

2073 5367 2298 5407 suasum
2354 5350 2482 5414 iuit,
2521 5365 2626 5404 non
2673 5350 2809 5404 tanti
2863 5366 3084 5422 semper
3124 5368 3247 5408 esse
3295 5354 3550 5424 ponderis
3581 5367 3670 5406 ve-

2072 5454 2246 5499 terum
2279 5443 2580 5513 catalogos,
2617 5451 2695 5508 nt,
2743 5441 2875 5509 ipsis
2907 5443 3223 5509 silentibus,
3282 5446 3404 5500 aliis
3451 5447 3674 5501 critices

2071 5537 2273 5608 regulis
2317 5536 2548 5591 inVcniri
2609 5537 2810 5591 veritas
2869 5550 2976 5592 non
3013 5541 3184 5604 possit
3214 5537 3268 5591 in
3321 5534 3680 5608 dijudicanda

2069 5629 2393 5686 sinceritate
2449 5645 2700 5700 operum,
2760 5644 2882 5699 qua:
2935 5628 3096 5681 alieni
3147 5629 3357 5683 auctori
3395 5632 3448 5687 in
3481 5641 3690 5689 luant!—

2071 5725 2291 5794 scriptis
2318 5721 2600 5797 codicibus
2643 5721 2970 5774 tribuuntur.
3006 5717 3273 5788 Exempla
3317 5721 3524 5784 ibidem
3555 5731 3710 5793 pro-
