4270 6176
508 242 618 300 265

1534 244 1592 303 S.
1633 240 2088 306 CHROMATIUS
2125 236 2232 302 ΕΡ.
2279 242 2775 315 AQUILEIENSIS.
3288 237 3321 250 ”’

3698 244 3810 303 261

506 357 630 412 tulit
659 355 997 414 Fontaninus
1020 366 1307 415 auctorum
1343 366 1398 414 et
1429 372 1659 428 operum
1698 364 1797 415 toti
1848 361 2107 415 Ecclesiae
2138 365 2184 426 Α
2215 377 2404 417 mense
2441 362 2734 417 Novembri
2780 358 3137 431 praecedentis
3184 358 3310 414 anni
3361 358 3533 425 1744,
3583 358 3811 417 Trevol-

512 450 952 519 notissimorum,
983 452 1049 506 de
1077 452 1271 521 quibus
1299 450 1442 521 apud
1481 454 1706 507 criticos
1734 454 1959 507 dubium
1996 452 2115 506 nul-

513 543 659 609 lum;
694 562 924 614 quorum
975 557 1154 600 tamen
1189 562 1288 601 nec
1319 547 1660 614 Gennadius,
1707 564 1805 602 nec
1852 548 2110 612 Isidorus,

513 652 695 704 neque
728 638 819 691 alii
853 640 1296 694 nomenclatores
1328 641 1504 695 exteri
1529 640 2114 695 metttinere.(‘.lericus

512 747 643 787 vero
691 732 862 788 citato
907 749 1078 802 nuper
1131 734 1276 797 loco,
1329 734 1475 789 inter
1519 747 1776 790 auctores
1837 734 2115 788 Ecclesia-

514 828 703 890 aliens,
736 826 885 880 addit
934 826 1097 881 ctiam
1154 828 1426 883 celebrem
1476 828 1925 898 Athenagoram;
1960 829 2114 898 cujus

515 930 696 978 tamen
729 930 784 975 et
832 937 1029 976 nomen
1061 931 1111 975 et
1140 936 1332 992 Opera,
1364 930 1423 976 ut
1470 921 1587 992 ipse
1615 923 1709 989 ait,
1741 922 1975 978 Eusebio
2000 923 2116 976 Ilie-

518 1032 861 1087 ronytnoque
897 1018 1081 1086 ignota
1120 1017 1290 1071 luere.

587 1108 761 1164 Unum
794 1124 955 1177 super
988 1109 1089 1163 hac
1120 1126 1177 1163 re
1210 1108 1297 1165 hic
1322 1109 1524 1165 addere
1556 1110 1747 1175 liceat,
1799 1110 1942 1181 quod
1984 1124 2115 1165 auc-

514 1212 697 1258 torum
731 1202 1133 1271 Ephemeridum
1169 1204 1580 1269 litterariarum,
1634 1205 1796 1258 etiam
1848 1203 2118 1258 celebrio-

518 1312 635 1351 rum
659 1337 673 1361 ,
699 1296 1049 1363 snpinitatem
1084 1298 1413 1367 quandoque
1451 1309 1505 1352 et
1552 1298 1954 1368 indiligentiam
1998 1313 2120 1367 pro-

517 1388 643 1455 bet,
675 1406 782 1443 nou
834 1389 953 1444 sine
984 1391 1359 1444 studiosorum
1419 1392 1803 1456 incommodo,
1859 1407 1955 1446 nec
2004 1392 2121 1446 sine

521 1486 598 1539 rei
627 1484 909 1539 litterariae
938 1483 1465 1555 detrituento,cujus
1490 1485 1925 1555 imlttojnvaudm
1948 1486 2121 1555 gratia

519 1586 649 1631 sunt
677 1578 961 1632 institutae.
990 1576 1045 1631 In
1078 1576 1381 1647 percelebri
1404 1578 1448 1632 G
1470 1578 1629 1632 dlicaa
1660 1578 1981 1632 litteratura:
2008 1576 2121 1629 dia-

522 1671 639 1736 rio,
662 1674 746 1725 cui
779 1672 967 1723 titulus
993 1670 1223 1723 Journal
1251 1670 1340 1723 des
1385 1670 1615 1733 Scavans
1643 1709 1658 1733 ,
1701 1684 1888 1723 mense
1930 1668 2123 1721 lllartio

2216 456 2416 511 tieuses
2457 458 2683 512 alterius
2728 456 2996 510 netissimi
3052 470 3115 509 ac
3152 454 3591 523 praestantissimi
3628 458 3811 524 operis

2216 549 2464 604 litterarii
2525 551 2843 605 conditores
2890 551 3018 603 :cui
3073 549 3299 610 titulus,
3350 547 3625 603 Mémoires
3682 567 3813 619 pour

2215 640 2485 696 l’llistoire
2508 644 2597 695 des
2622 642 2862 696 Sciences
2885 650 2930 693 et
2954 640 3042 693 des
3066 641 3368 693 beaux-arls
3394 654 3659 708 :quorutn
3685 656 3814 711 syn-

2215 736 2386 804 0psim
2412 777 2425 793 .
2469 740 2760 805 genuinam
2793 750 2857 789 ac
2896 736 3231 804 simplicem,
3263 734 3587 788 Ceillieriani
3621 736 3814 804 capitis

2215 828 2285 883 de
2310 827 2630 884 Chromatio
2647 828 2983 898 Aquileiensi
3008 830 3053 880 si
3080 844 3191 897 pra:
3215 827 3388 881 oculis
3411 828 3690 883 habuisset
3712 844 3815 883 au-

2216 932 2333 976 ctor
2354 923 2616 991 pra-citati
2640 923 2855 976 articuli
2880 922 3035 975 diarii
3064 920 3281 977 Gallici.
3308 921 3395 975 des
3420 922 3649 986 Scaeam;
3677 938 3817 976 nun-

2218 1020 2397 1083 cupati
2418 1058 2432 1081 ,
2460 1032 2749 1086 numquam
2785 1016 3016 1070 fortasse
3047 1032 3233 1069 mense
3256 1014 3449 1069 Martio
3481 1014 3662 1087 [χλιιι]
3685 1016 3814 1071 anni

2219 1107 2601 1176 subsequentis
2652 1108 2790 1161 1745
2822 1117 2930 1160 tam
2980 1108 3137 1177 longe
3179 1117 3233 1161 et
3268 1122 3298 1160 a
3327 1106 3405 1161 rei
3436 1110 3663 1163 veritate
3701 1118 3757 1163 et
3785 1122 3815 1161 a

2220 1200 2455 1255 Ceillieri
2487 1216 2649 1254 sensu
2672 1199 2917 1254 abiisset.

2292 1295 2398 1350 Sed
2435 1296 2547 1365 jam
2576 1310 2717 1348 nunc
2746 1296 2813 1349 de
2848 1294 3069 1364 Scriptis
3094 1297 3212 1349 sive
3245 1294 3528 1362 Opusculis
3561 1292 3696 1362 ipsis
3731 1293 3818 1348 in-

2223 1389 2582 1459 quirendum;
2628 1389 2757 1455 quid
2792 1404 2983 1456 reapse
3012 1390 3156 1455 sint,
3205 1404 3337 1455 cur,
3377 1400 3431 1443 et
3462 1405 3570 1459 quo
3600 1389 3814 1455 ordine,

2224 1493 2279 1537 ct
2328 1496 2435 1551 qua
2485 1482 2777 1535 occasione
2835 1482 3152 1535 elncubrata
3195 1498 3223 1533 a
3266 1492 3456 1535 sancto
3501 1483 3821 1538 Gltrotnatio

2228 1575 2438 1629 nostro?
2468 1574 2746 1629 Vetustior
2768 1575 2961 1629 horum
2991 1578 3314 1645 scriptorum
3346 1576 3603 1630 iudicatio
3622 1592 3683 1630 ea
3713 1587 3817 1644 est,

2226 1682 2386 1735 quam
2434 1668 2598 1720 habet
2636 1667 2833 1722 Beatus
2862 1668 3091 1723 Flaccus
3124 1668 3352 1721 Albinus
3374 1710 3388 1733 ,
3434 1684 3528 1723 seu
3562 1669 3822 1724 Alcuinus

524 1767 652 1818 anni
681 1762 819 1819 1745
850 1763 1010 1817 datur
1031 1764 1285 1834 syuopsis
1305 1778 1399 1817 seu
1424 1762 1806 1833 compendium
1860 1761 1992 1817 tomi
2022 1761 2120 1816 de-
2152 1750 2201 1810 Β
2229 1762 2414 1827 abbas,
2449 1762 2503 1815 in
2534 1760 2704 1815 libello
2744 1762 2988 1815 adversus
3035 1761 3288 1815 Hteresim
3337 1761 3530 1816 Felicis
3569 1764 3819 1833 episcopi,

524 1857 649 1912 cimi
684 1856 934 1926 superius
980 1855 1267 1910 memorati
1299 1859 1484 1925 operis
1515 1855 1670 1927 [χιιι]
1710 1854 1953 1926 [lemygii
1981 1854 2123 1908 Gell-

523 1951 677 2007 lieri:
707 1951 759 2005 in
790 1966 898 2020 quo
930 1952 1110 2018 capite
1134 1950 1168 2003 5
1214 1952 1327 2019 agit
1363 1950 1477 2019 ipse
1505 1950 1571 2004 de
1597 1963 1787 2003 Sancto
1826 1950 2124 2004 Chromatio

526 2045 788 2115 episcopo
820 2044 1179 2113 Aquileiensi,
1207 2044 1383 2113 deque
1413 2043 1639 2113 Scriptis
1682 2044 1849 2099 illius.
1883 2044 1962 2098 En
1997 2060 2127 2100 vero

526 2137 654 2208 quid
703 2147 759 2192 et
796 2137 1069 2207 quomodo
1125 2136 1331 2191 scribat
1387 2136 1550 2206 hujus
1600 2136 1790 2203 diarii,
1821 2153 1915 2192 seu
1948 2137 2127 2207 potius

526 2233 742 2287 articuli
776 2232 937 2301 hujus
965 2232 1125 2286 diarii
1147 2273 1160 2297 ,
1188 2241 1402 2297 auctor,
1427 2232 1497 2286 de
1525 2230 1764 2285 Ceillieri
1789 2233 1873 2285 sui
1906 2244 2129 2286 senten-

529 2325 599 2379 tia
629 2340 793 2393 super
822 2323 1109 2378 Chromalii
1128 2324 1303 2378 nostri
1334 2322 1736 2394 Scriptionibus.
1786 2322 1918 2376 Dom
1962 2323 2125 2395 Remg

530 2417 739 2473 Ceillier
762 2436 815 2472 se
858 2429 1033 2472 trouve
1054 2433 1239 2472 encore
1278 2418 1344 2471 ici
1395 2432 1458 2470 eu
1494 2416 1869 2470 contradiction
1899 2432 2017 2470 avec
2045 2415 2103 2468 Μ
2112 2456 2124 2469 .

531 2510 839 2568 Fontanini.
872 2510 939 2565 Ce
965 2521 1173 2575 spat'aut
1196 2511 1326 2564 dans
1349 2510 1608 2581 l‘ouvrage
1648 2526 1746 2579 que
1790 2527 1918 2563 nous
1942 2526 2129 2564 venons

529 2605 594 2658 de
624 2605 770 2668 siler,
802 2612 848 2657 et
866 2603 933 2658 οὺ
957 2605 995 2656 il
1018 2620 1073 2658 se
1101 2614 1301 2657 montre
1327 2606 1430 2671 fort
1449 2603 1643 2674 jaloua:
1668 2604 1731 2654 de
1772 2603 1823 2655 la
1848 2603 2012 2671 glotre
2040 2603 2129 2655 des

528 2700 1095 2770 écrivainsd'Aqui/ée,
1129 2698 1352 2752 attribue
1399 2698 1431 2750 ὰ
1478 2696 1539 2752 S.
1568 2695 1850 2752 Chromace
1902 2696 2132 2751 dim-ltuit

531 2794 776 2849 homélies
799 2808 889 2848 sur
913 2791 974 2847 S.
1010 2790 1268 2847 Matthieu
1287 2833 1302 2857 ,
1337 2800 1383 2844 et
1412 2790 1643 2857 s’e/force
1668 2791 1731 2843 de
1770 2806 1988 2860 prouver
2037 2806 2133 2859 que

528 2888 651 2941 c‘est
681 2902 801 2941 suns
827 2886 1123 2957 fondemenl
1153 2899 1250 2953 que
1284 2882 1361 2937 Μ.
1413 2884 1476 2936 de
1518 2881 1831 2947 Tillemont,
1880 2883 1966 2951 qui
1997 2883 2069 2935 les
2099 2899 2132 2935 a

527 2995 677 3034 crues
708 2979 1009 3033 néanmoins
1039 2978 1165 3031 d’un
1191 2977 1375 3031 ancien
1395 3018 1411 3043 ,
1456 2985 1504 3030 et
1524 2985 1732 3041 scavant
1755 2986 1959 3042 auteur,
1986 2976 2132 3028 révo-

529 3090 626 3143 que
647 3090 707 3127 en
738 3073 894 3127 doute
914 3072 1123 3143 qu’elles
1154 3072 1319 3127 soienl
1373 3071 1437 3124 de
1477 3072 1610 3125 sainl
1660 3070 1963 3125 Chromacc.
2001 3071 2133 3123 Dom

2226 1854 2313 1909 ubi
2336 1856 2513 1907 omnia
2541 1856 2654 1907 base
2685 1854 2844 1908 simul
2870 1866 3078 1923 sumpta
3104 1854 3393 1908 Chromatii
3429 1856 3622 1926 scripta
3662 1864 3824 1910 vocat

2228 1947 2510 2001 Chromatii
2538 1947 2794 2001 Libellum
2825 1949 2888 2001 de
2919 1962 3032 2004 orto
3062 1948 3496 2003 Beatitudinibus.
3534 1951 3685 2004 lluuc
3713 1952 3825 2004 lor-

2228 2052 2372 2097 tasse
2396 2043 2613 2097 titulum
2635 2044 2866 2112 gerebat
2895 2046 3295 2112 manuscriptus
3316 2046 3484 2097 eodex
3499 2042 3822 2110 Chromatii,

2226 2152 2335 2204 quo
2373 2137 2643 2189 Alcnittus
2669 2137 2838 2190 ald-as
2870 2138 3162 2201 utebatur;
3200 2138 3326 2190 licet
3374 2137 3516 2190 aliud
3566 2135 3639 2189 sit
3680 2134 3825 2206 quod

2229 2228 2309 2282 De
2332 2238 2447 2281 octo
2483 2227 2898 2282 Beatitudimbus
2928 2229 3180 2298 apposite
3210 2230 3555 2283 Chromatius
3581 2228 3820 2295 scripsit,

2230 2332 2282 2377 et
2309 2324 2454 2377 aliud
2485 2323 2537 2376 in
2573 2339 2683 2392 quo
2714 2324 2865 2377 locus
2894 2324 3205 2377 continetur
3236 2322 3302 2377 ab
3334 2323 3566 2377 Alcutno
3597 2325 3822 2387 relatus,

2232 2416 2370 2471 ittter
2400 2417 2502 2469 alia
2551 2417 2876 2471 Sanctorum
2911 2416 3129 2470 Patrum
3180 2417 3517 2483 testimonia,
3565 2415 3826 2470 adversus

2232 2508 2494 2564 lla-resittt
2529 2508 2731 2563 Felicis
2760 2510 3019 2579 episeopi.

2302 2602 2481 2655 Prima
2507 2601 2697 2656 horum
2717 2604 3045 2672 scriptorum
3075 2602 3268 2669 editio,
3300 2618 3443 2674 qum,
3468 2604 3541 2658 uti
3566 2603 3819 2670 vidimus,

2233 2692 2563 2748 Basileensis
2591 2704 2676 2749 est
2704 2699 2829 2749 anni
2869 2694 3028 2761 1525,
3076 2698 3128 2749 in
3159 2697 3294 2750 duas
3324 2709 3507 2765 partes
3547 2714 3606 2751 ea
3642 2697 3827 2753 distri-

2234 2786 2371 2853 buit,
2404 2797 2459 2841 et
2490 2789 2722 2857 primaut
2756 2791 3049 2857 appellavit
3079 2788 3500 2843 Dissertationem
3548 2793 3602 2844 in
3635 2807 3663 2843 ν
3694 2803 3742 2845 et
3772 2807 3826 2845 γι

2236 2892 2391 2947 caput
2427 2879 2687 2943 Mattha’i,
2718 2881 2845 2935 licet
2875 2882 2926 2935 itt
2962 2885 3066 2936 line
3096 2887 3442 2937 continenter
3471 2885 3825 2953 babeatquod

2234 2970 2582 3025 Chromatius
2610 2973 2827 3041 scripsit
2856 2974 3016 3028 etiam
3051 2977 3101 3028 in
3124 2986 3290 3044 caput
3319 2976 3576 3041 tertium;
3602 2976 3829 3032 alteram

2236 3082 2367 3121 vero
2398 3066 2821 3122 declamationem
2848 3071 3005 3125 unice
3034 3070 3167 3124 dixit
3199 3072 3252 3123 in
3277 3073 3450 3125 eodem
3482 3088 3683 3141 genere.
3720 3073 3828 3128 Ho-

530 3138 697 3234 llemy
720 3138 1015 3219 Ceillicr'au
1063 3165 1352 3229 contraire,
1406 3165 1572 3232 ραιήιὶ
1620 3163 1850 3217 dias—ltuit
1890 3165 2132 3219 homélies
2158 3138 2205 3203 Ο
2239 3177 2355 3215 rum
2387 3162 2671 3216 titulorum
2700 3162 2957 3217 editionis
3002 3164 3224 3234 hujusce
3265 3138 3595 3221 Basileensis
3637 3167 3831 3222 obscu-

529 3258 645 3311 n‘en
670 3269 846 3311 trouve
873 3274 972 3327 que
993 3259 1120 3310 lrois
1148 3256 1303 3327 qu’on
1331 3256 1504 3325 puisse
1541 3256 1740 3309 domter
1780 3256 1813 3308 ὰ
1852 3273 1908 3311 ce
1956 3258 2132 3312 saint:

532 3366 715 3404 encore
744 3348 1207 3419 moutre-t-ilqu’il
1239 3357 1313 3401 est
1355 3349 1455 3401 tres
1497 3349 1897 3419 iucertuinqu'il
1932 3367 1994 3403 en
2035 3352 2133 3404 soil

531 3442 785 3496 l‘Auteur.
811 3439 885 3495 Ita
917 3440 1075 3495 diarii
1128 3440 1293 3508 hujus
1333 3439 1557 3503 Gallici,
1604 3454 1699 3494 seu
1730 3440 1943 3495 articuli
1976 3440 2133 3511 hujus

529 3538 689 3593 diarii
714 3579 728 3601 ,
760 3545 972 3591 auctor.
1010 3535 1205 3591 Verum
1241 3536 1363 3605 quis
1393 3533 1464 3589 ita
1496 3534 1738 3589 scribere
1781 3536 1949 3603 pessit
1976 3576 1989 3599 ,
2042 3540 2131 3605 qui

527 3642 785 3688 accurate
813 3630 1003 3702 legerit
1029 3639 1084 3685 et
1119 3629 1482 3684 Fontaninum
1512 3636 1570 3682 et
1597 3628 2132 3699 Geillierumipsum;

528 3726 729 3799 quique
789 3740 903 3796 pra:
947 3721 1120 3778 oculis
1167 3724 1358 3776 saltem
1413 3720 1665 3775 habuerit
1714 3720 1924 3791 Scripta
1967 3720 2132 3775 Chro-

533 3821 680 3874 matii
699 3860 713 3882 ,
748 3818 929 3890 qualia
958 3816 1288 3872 exhibentur
1316 3816 1370 3869 itt
1396 3813 1718 3868 Bibliotheca
1743 3812 1963 3868 Patrum
1990 3815 2135 3884 Lug-

530 3913 788 3979 dunensi,
814 3912 880 3966 ad
903 3926 1065 3983 quant
1080 3909 1368 3965 Geillierus
1390 3908 1753 3978 respiciebat?
1780 3909 2134 3979 Nequaquam

530 4008 576 4062 si
624 4005 845 4077 quidem
878 4003 1175 4059 somniavit
1235 4001 1521 4057 Ceilliertts
1558 4018 1623 4057 ex
1674 4002 1867 4058 decem
1910 4012 1961 4058 et
2012 4015 2137 4060 octo

528 4102 768 4158 homiliis
795 4116 824 4155 a
842 4098 1149 4153 Foutanino
1174 4098 1489 4151 memoratis
1507 4108 1618 4151 tres
1639 4106 1847 4151 tantum
1876 4097 2133 4168 seligere,

532 4210 656 4265 qua:
695 4193 966 4265 genuinus
1001 4193 1141 4245 fetus
1164 4190 1376 4244 censeri
1412 4200 1637 4259 possent
1678 4192 1849 4244 saneti
1872 4188 2134 4245 Chroma-

533 4288 593 4342 tii
623 4304 635 4341 :
660 4286 755 4341 sed
791 4300 858 4338 ne
892 4282 1179 4337 Fontanini
1211 4282 1429 4353 quidem
1476 4280 1754 4337 mentione
1781 4281 1941 4350 facta,
1973 4299 2137 4353 quem

526 4392 834 4449 numquam
865 4376 1101 4432 fortasse
1154 4376 1304 4429 novit
1350 4375 1400 4428 in
1441 4372 1509 4427 iis
1552 4390 1673 4443 qum
1719 4376 1787 4430 de
1818 4376 2138 4434 Cltrontatio

534 4471 789 4544 scrip~it,
853 4485 1031 4539 neque
1070 4468 1404 4522 homiliarum
1449 4483 1677 4523 numero
1728 4484 1887 4538 quem
1933 4472 2138 4540 primus

2236 3256 2452 3309 ritatetu
2495 3258 2713 3321 saltem,
2762 3274 2827 3312 ne
2858 3258 3101 3313 dicamus
3128 3261 3289 3314 etiam
3337 3261 3828 3331 improjtrietatcm,

2237 3348 2357 3415 quis
2390 3363 2498 3401 non
2520 3347 2731 3403 videat?
2757 3352 2878 3415 Quo
2897 3352 3196 3420 prodierint
3221 3352 3439 3418 ordine,
3470 3370 3649 3423 quove
3675 3358 3833 3410 titulo

2239 3439 2472 3493 indicata
2519 3440 2719 3494 fuerint
2749 3442 3048 3497 Chromatii
3078 3448 3247 3498 nostri
3294 3448 3496 3517 scripta
3538 3449 3589 3502 in
3632 3448 3833 3502 Micro-

2238 3536 2525 3607 presbytico
2568 3548 2794 3591 veterum
2823 3541 3165 3607 quorumdam
3192 3541 3415 3595 brevium
3457 3542 3833 3616 Thcologorum

2240 3630 2454 3684 Martini
2486 3632 2674 3700 Lipsii,
2709 3632 2933 3686 Lovanii
2965 3634 3196 3703 primum
3227 3636 3375 3689 edito
3406 3635 3563 3700 1546,
3584 3638 3710 3691 dein
3734 3637 3836 3691 Ba-

2237 3722 2389 3777 silea:
2422 3722 2578 3789 1550,
2614 3740 2736 3793 pag.
2764 3725 2890 3788 412,
2923 3740 3135 3780 necnon
3165 3728 3303 3781 inter
3331 3726 3836 3801 Orlhodoxogropha

2244 3813 2536 3884 Theologia:
2600 3825 2951 3869 sacrosancta’
3021 3816 3247 3874 Joannis
3305 3820 3547 3888 lleroldi,
3606 3821 3836 3878 Basilczn

2242 3906 2402 3972 1555,
2436 3918 2582 3962 tomo
2632 3909 2672 3973 Ι,
2708 3925 2830 3979 pag.
2864 3911 2992 3975 450,
3043 3913 3180 3966 sicut
3228 3915 3388 3967 etiam
3431 3913 3483 3967 in
3515 3914 3839 3971 Bibliotheca

2243 4001 2602 4056 Ilomiliarum
2634 4002 2913 4058 Laurentii
2936 4005 3171 4069 Cumdii,
3207 4006 3454 4077 Lugduni
3488 4010 3648 4071 1588,
3687 4020 3838 4064 totno

2243 4092 2307 4158 ll,
2336 4109 2456 4164 pag.
2506 4095 2644 4149 lt70
2674 4096 2831 4166 (quas
2857 4094 3221 4154 Collectiones
3253 4102 3303 4153 in
3333 4100 3717 4157 Lucubratione
3739 4120 3835 4159 sua

2242 4187 2609 4243 eruditissima
2658 4194 2933 4245 metnol'at
2981 4191 3336 4259 Fontaninus,
3385 4212 3628 4267 quasque
3678 4198 3839 4254 nobis

2243 4278 2425 4348 hodie,
2459 4294 2579 4350 post
2613 4299 2871 4352 nuperam
2905 4286 3138 4341 maxime
3166 4297 3329 4357 atque
3364 4290 3753 4358 deplorandam
3785 4302 3839 4348 et

2245 4378 2528 4447 plusquam
2589 4379 2935 4433 Vandalicatu
2984 4380 3194 4436 cladem
3254 4392 3330 4436 tot
3386 4383 3838 4441 bibliothecaruttt

2244 4484 2522 4523 sacrorum
2554 4481 2795 4526 cmtuum
2823 4472 3151 4542 regulariunt
3184 4476 3341 4544 hujus
3368 4478 3603 4531 civitatis
3619 4482 3730 4533 suis
3755 4496 3842 4534 se-

537 4564 877 4622 Fontaninus
900 4567 1015 4633 ipsc
1036 4560 1319 4632 proposuit
1342 4559 1610 4628 indicato,
1636 4564 1815 4616 omnia
1840 4562 2137 4620 Chromatii
2164 4538 2217 4599 D
2243 4560 2404 4617 dibus
2422 4564 2855 4629 exturbatorum,
2884 4566 3193 4621 viderenon
3224 4569 3422 4639 licuit),
3446 4585 3697 4626 asserere
3724 4588 3842 4629 om-

485 4689 488 4693 ~
536 4662 739 4731 scripta
774 4673 896 4728 qua:
940 4665 1239 4725 supersunt
1296 4655 1347 4709 in
1374 4664 1485 4709 tres
1535 4657 1913 4711 tantummodo
1958 4668 2140 4727 partes

537 4756 712 4812 divisa
738 4795 753 4818 ,
776 4752 956 4824 qualia
989 4765 1187 4817 nempe
1215 4758 1435 4803 exstant
1478 4749 1529 4803 in
1555 4748 1877 4806 Bibliotheca
1921 4750 2141 4807 Patrum

539 4847 886 4917 Lugdunensi
909 4886 924 4909 ,
948 4841 1235 4899 Geillierus
1259 4843 1566 4907 recensuit;
1618 4843 1800 4911 deque
1834 4843 1899 4897 iis
1920 4885 1933 4909 ,
1985 4855 2144 4914 prout

541 4940 745 4996 ibidem
787 4946 1039 5001 exStant,
1066 4949 1294 5005 quaeque
1317 4945 1458 4989 totas
1483 4935 1857 5005 duodeviginti
1890 4935 2142 4992 hontilias

544 5033 835 5091 Fontanini
867 5030 1234 5094 constituunt,
1258 5028 1520 5099 judicium
1545 5045 1700 5084 suum
1736 5030 2142 5101 protulit,qua|e

543 5127 795 5198 superius
818 5125 1133 5187 attulimus,
1166 5123 1313 5178 nulla
1339 5138 1561 5192 prorsus
1589 5125 1725 5177 facta
1757 5126 1989 5193 alicujus
2040 5126 2140 5181 ho-

545 5236 669 5278 rum
702 5219 1028 5289 scriptorum
1064 5216 1233 5285 partis
1259 5215 1584 5271 secretione.
1633 5216 1737 5271 Sed
1786 5218 1901 5272 haec
1930 5220 2139 5284 obiter;

543 5325 596 5373 et
620 5331 687 5371 ne
711 5311 1033 5369 Gedlieruut
1065 5311 1293 5381 quisque
1315 5352 1327 5369 .
1358 5325 1424 5363 ex
1455 5310 1555 5364 hac
1580 5308 1772 5365 Gallici
1827 5312 1981 5367 diarii
2021 5314 2140 5367 iuli-

545 5409 652 5466 deli
681 5417 735 5464 et
765 5420 990 5473 prorsus
1036 5405 1217 5473 inepta
1257 5401 1563 5465 relatione,
1609 5402 1774 5456 veluti
1834 5404 1885 5457 iu
1932 5406 2138 5459 crimen

544 5516 743 5561 vocare
765 5501 896 5555 velit
940 5496 1230 5567 iniquioris
1257 5495 1478 5548 criticcs
1531 5496 1583 5547 in
1622 5494 1922 5549 Chromatii
1977 5499 2146 5553 nostri

549 5596 752 5664 scripta
784 5609 904 5662 qua:
930 5591 1217 5645 habemus.
1242 5586 1397 5641 Scire
1422 5586 1641 5641 interim
1673 5602 1779 5640 non
1815 5588 2004 5642 inutile
2022 5606 2149 5656 quo-

548 5702 658 5758 que
705 5685 1012 5756 iudicamus
1035 5724 1048 5747 ,
1106 5679 1551 5735 accuratissimus
1595 5694 1758 5749 super
1789 5679 1890 5737 hac
1924 5698 1983 5737 re
2015 5698 2144 5741 sane

544 5780 752 5842 fuisse,
809 5785 865 5831 et
911 5789 1131 5847 prorsus
1160 5774 1227 5831 ad
1281 5770 1522 5830 Ccillieri
1564 5781 1802 5830 mentem
1857 5777 2146 5847 scripsisse

2246 4655 2375 4708 ttino
2423 4672 2529 4709 non
2586 4670 2894 4724 pOSsumlH.
2960 4658 3209 4713 Vidimus
3271 4670 3453 4716 tamen
3505 4662 3843 4720 Mouumenta

2244 4750 2439 4804 saltem
2473 4750 2789 4806 Sanctorum
2818 4752 3034 4808 Patrum
3081 4756 3591 4829 Urthodoxographa
3621 4761 3844 4819 Joannis

2244 4844 2486 4916 Gryutci,
2519 4846 2749 4901 Basilea:
2778 4848 3038 4917 impressa
3064 4866 3210 4905 anno
3243 4851 3381 4907 1569
3409 4868 3422 4906 :
3475 4854 3657 4923 ibique
3695 4866 3845 4913 tumo

2246 4938 2311 5002 ll,
2345 4955 2465 5009 pag.
2504 4940 3061 5011 1192,conspeximns
3083 4944 3368 4999 Chromatii
3401 4949 3575 5003 nostri
3606 4949 3842 5023 Scripta,

2245 5032 2444 5087 tributa
2480 5032 2530 5086 in
2576 5045 2761 5103 partes
2787 5035 2953 5102 duas;
3003 5053 3231 5107 quarum
3283 5040 3520 5110 priorem
3561 5046 3848 5100 eonsntnit

2246 5124 2431 5179 Sermo
2465 5127 2573 5189 ille,
2605 5130 2693 5197 qui
2724 5129 2887 5183 etiam
2917 5132 3057 5199 apud
3097 5149 3196 5186 nos
3223 5136 3453 5203 primum
3499 5138 3673 5191 locum
3703 5138 3849 5193 obti-

2246 5229 2367 5282 nct;
2430 5220 2760 5291 titulumque
2793 5223 2923 5277 satis
2975 5228 3255 5293 pr0prium
3309 5228 3506 5283 ibidem
3556 5233 3714 5299 gerit,
3771 5233 3850 5286 De

2248 5322 2361 5365 octo
2414 5328 2614 5381 nempe
2659 5313 3079 5371 Beatitudinibus
3124 5322 3305 5374 concio
3351 5322 3582 5391 elegans,
3618 5322 3747 5378 licet
3794 5327 3849 5380 in

2253 5409 2518 5477 superiori
2549 5419 2701 5478 parte
2734 5410 2940 5480 pagina!
2968 5413 3361 5469 declamationis
3389 5432 3603 5487 quoque
3625 5434 3725 5470 Vox
3756 5435 3851 5489 ap-

2254 5514 2457 5570 pareat,
2492 5519 2653 5573 quam
2688 5505 2773 5560 hic
2815 5523 2983 5562 sermo
3012 5524 3039 5561 a
3091 5511 3258 5577 priori
3307 5510 3548 5566 editione
3595 5512 3849 5567 S.chartli

2253 5595 2510 5651 habuerat
2536 5614 2549 5663 ;
2580 5598 2805 5655 alteram
2833 5617 2961 5655 vero
2983 5605 3319 5658 constituunt
3350 5605 3521 5679 [xxiv]
3547 5606 3849 5663 Chromatii

2251 5691 2455 5758 reliqua
2487 5709 2605 5762 quae
2639 5694 2928 5759 habemus,
2964 5697 3065 5750 sub
3088 5700 3280 5753 titulo:
3309 5700 3371 5754 lu
3413 5702 3651 5770 quintum
3697 5716 3853 5773 caput

2254 5781 2512 5853 Malthwi,
2542 5799 2588 5839 el
2616 5788 2669 5839 in
2714 5799 2910 5857 partem
2937 5791 3091 5861 sexti,
3126 5802 3375 5849 tractatus
3415 5796 3632 5866 aliquot,
3672 5798 3855 5853 erudi-
