4172 6182
415 247 524 304 965

1678 268 2050 331 ΡΗᾹΞἘΑΤΙΟ
2092 274 2441 337 EDITORIS.

3616 300 3723 358 266

413 363 556 478 ripae
584 365 779 433 pariter
806 382 866 421 ac
908 369 1099 439 pietate
1138 371 1387 445 insignes,
1422 375 1618 445 quibus
1650 380 2016 453 snbjungitur,
2048 391 2099 449 Α
2125 385 2440 445 Clu-ornatio
2470 392 2811 463 scripserunt
2841 411 3170 469 perpensum
3204 418 3313 460 nou
3368 405 3490 462 fuit.
3523 409 3723 478 Quidni

414 452 626 523 absque
655 459 910 526 peculiari
942 464 1314 530 separatione,
1347 468 1489 537 quod
1540 480 1708 525 restat
1753 474 1803 526 in
1850 452 2016 545 eaput

415 548 664 615 tertium,
689 551 789 604 sub
810 552 1044 622 simplici
1066 556 1407 615 iudicatione
1428 559 1739 631 Fragmenti
1762 576 2015 624 tractatas

414 639 652 702 alterius.
681 643 769 712 qui
798 646 1028 701 nondum
1058 659 1197 704 totus
1218 652 1271 705 in
1302 654 1464 707 lucem
1494 658 1728 725 prodiit;
1766 664 2013 730 quamvis

415 742 471 787 et
501 735 589 789 bic
618 753 832 806 quoque
862 740 915 793 in
940 742 1207 811 superiori
1239 747 1553 816 paginarum
1586 762 1738 819 parte
1767 753 2014 809 disserta-

416 826 570 882 tionis
602 844 698 884 vox
723 831 974 901 addatur,
1006 851 1036 889 a
1070 838 1236 905 priori
1266 841 1482 898 scilicet
1512 844 1869 902 Sichardiana
1898 849 2014 905 edi-

414 917 560 974 tione
604 934 845 992 sumpta.
901 924 959 980 ln
1011 925 1333 985 Bibliotheca
1387 932 1609 989 Patrum
1666 938 2013 1010 Lugduneusi

407 1012 581 1066 sancti
612 1011 904 1070 Chromatii
938 1020 1136 1085 scripta
1164 1022 1496 1081 exhibentur
1526 1029 1699 1085 divisa
1735 1033 1786 1085 in
1830 1043 2013 1102 partes

409 1115 553 1172 tres;
587 1123 821 1179 quarum
854 1114 976 1167 dine
1011 1115 1222 1182 priores
1254 1120 1353 1174 sub
1380 1136 1488 1175 uno
1535 1125 1774 1187 primunt
1809 1126 2012 1181 indica-

410 1197 574 1253 tionis
627 1202 785 1256 titulo
835 1219 1239 1277 nuncupantur,
1296 1210 1375 1266 De
1434 1222 1549 1266 octo
1596 1213 2011 1272 Beatitadinibas

408 1294 678 1347 conciones
726 1296 863 1361 tlatc,
911 1299 1107 1354 deinde
1136 1302 1309 1356 altera
1350 1305 1514 1358 alium
1560 1308 1838 1376 proprium
1872 1312 2012 1378 gerit

408 1385 646 1449 titulum,
678 1404 897 1456 nempe,
923 1390 992 1446 In
1019 1394 1257 1463 quintum
1287 1407 1443 1465 caput
1476 1399 1711 1455 illattlttri
1736 1404 1859 1457 etin
1890 1421 2011 1472 par-

411 1489 511 1535 tem
535 1483 667 1537 sexti
689 1485 891 1550 concio,
915 1487 1207 1543 eruditione
1237 1493 1433 1559 pariter
1456 1511 1518 1546 ac
1541 1495 1729 1563 pietate
1758 1496 2010 1567 insignis;

408 1576 514 1629 etsi
545 1578 721 1630 atuba:
752 1579 803 1630 in
826 1580 1095 1647 superiori
1126 1599 1444 1650 paginarum
1471 1600 1621 1654 parte
1641 1587 2011 1643 illSCl‘lettlUl‘

404 1682 644 1736 semper,
674 1670 752 1725 De
790 1688 902 1725 octo
927 1671 1366 1731 Beatitadinibus.
1402 1680 1583 1735 'l‘ertia
1617 1697 1747 1737 vero
1785 1683 2005 1750 dicitur,

2119 481 2315 537 clarius
2338 498 2575 541 mentem
2608 504 2760 542 suam
2781 496 3058 559 aperuerit
3080 514 3243 566 super
3272 500 3370 556 hac
3402 519 3462 555 re
3489 506 3719 565 Sanctus

2118 574 2421 645 Episcopus
2475 579 2526 632 in
2574 582 2799 637 exordio
2847 582 3214 643 Cammentarii
3255 592 3361 660 sui,
3398 596 3538 662 quod
3593 611 3715 651 cum

2117 666 2239 720 aliis
2270 667 2515 737 ejusdem
2552 674 2796 741 partibus
2820 675 3238 735 desideraturus?

2186 755 2242 812 Si
2264 758 2392 813 licet
2410 776 2539 815 vero
2552 764 2713 817 etiam
2731 767 3072 823 oet-asionem
3086 771 3459 847 divinare,qua
3486 777 3722 836 fortasse

2117 850 2311 907 duetns
2336 852 2434 909 fuit
2461 867 2684 914 sanctus
2704 860 3057 920 Chromatius
3078 868 3145 921 ad
3178 871 3279 924 hoc
3309 875 3566 930 lectionis
3621 893 3711 946 pa-

2114 942 2299 997 bulum
2324 961 2427 1000 suo
2457 950 2658 1018 popqu
2685 956 3074 1023 accurandum,
3098 975 3203 1013 non
3229 963 3396 1016 aliain
3430 965 3598 1021 fuisse
3621 942 3716 1022 di-

2117 1037 2313 1103 xerim,
2344 1054 2505 1109 quam
2529 1057 2671 1104 eam,
2704 1060 2825 1114 qua:
2872 1048 3018 1103 illum
3050 1053 3265 1121 impulit
3310 1057 3377 1109 ad
3408 1059 3715 1127 cogendum

2114 1126 2368 1185 Rufinum
2402 1151 2618 1205 quoque
2639 1135 3068 1210 Aquileiensem,
3102 1152 3480 1218 presbyterum
3518 1168 3701 1221 suum,

2117 1232 2172 1275 ut
2203 1222 2450 1279 Graecam
2482 1226 2702 1283 Eusebii
2736 1230 3029 1288 Historiam
3060 1241 3487 1297 ecclesiasticam
3511 1245 3720 1303 Latinis

2114 1311 2311 1368 litteris
2333 1315 2587 1372 donaret.
2619 1322 2819 1376 Alarici
2852 1340 3046 1395 nempe
3104 1329 3341 1400 irruptio
3396 1332 3449 1387 iit
3503 1337 3711 1392 Italiam

2115 1420 2213 1475 per
2246 1410 2676 1477 Aquileiensium
2702 1417 2860 1482 littus,
2891 1434 3035 1473 anno
3060 1422 3260 1478 Christi
3282 1425 3601 1499 summos,
3630 1449 3714 1485 ar-

2114 1511 2307 1569 menta,
2338 1505 2471 1558 viros
2502 1507 2654 1576 longe
2697 1511 2898 1581 lateque
2937 1526 3097 1567 vastat
3115 1518 3174 1581 it,
3212 1529 3269 1572 ut
3314 1518 3548 1576 Rufinus
3600 1528 3719 1594 ipse

2112 1593 2371 1664 prtefatur
2388 1598 2453 1649 ad
2479 1599 2856 1657 Chromatium
2885 1605 2935 1658 in
2955 1606 3175 1663 EuStrbii
3210 1610 3432 1667 latinam
3467 1632 3495 1667 a
3525 1633 3584 1671 se
3604 1593 3716 1673 fac-

2114 1693 2222 1739 tam
2257 1687 2570 1756 Historiam,
2598 1692 2905 1761 populisque
2954 1716 2985 1748 tt
3041 1697 3153 1753 Deo
3187 1704 3388 1759 Sancto
3442 1709 3716 1777 Episcotio
3776 1756 3777 1759 η

2599 1758 2607 1761 .
2669 1758 2676 1760 .
2819 1758 2829 1761 -
3368 1758 3371 1759 ν
3444 1758 3711 1777 ηΓ---,.,

408 1758 683 1816 Tractatus
729 1764 782 1817 in
830 1764 1006 1821 illud:
1038 1766 1153 1838 Ego
1197 1788 1229 1823 a
1272 1783 1320 1824 te
1354 1773 1509 1826 debeo
1548 1775 1824 1843 baptizari,
1874 1788 2004 1845 etc.,
2039 1783 2088 1842 Β
2114 1781 2401 1834 commissis
2430 1784 2593 1850 ferale
2620 1787 2830 1840 exitium
2862 1790 3237 1849 minitabatur.
3279 1797 3521 1868 Utigitnr
3549 1820 3714 1857 rente-

403 1850 596 1907 Mattlt.
624 1870 703 1920 ιη,
733 1855 788 1921 4,
822 1857 1195 1931 fragmentum.
1231 1861 1285 1917 In
1321 1866 1615 1920 novissima
1663 1869 1879 1923 demum
1912 1870 2002 1923 Bi-

400 1947 658 2002 bliotheca
709 1950 949 2005 Veterum
993 1952 1240 2021 Patrum,
1280 1969 1412 2019 etc..
1447 1960 1677 2014 Andreae
1708 1961 2003 2030 Gallandii,

400 2040 597 2094 melius
630 2041 848 2111 quidem
892 2054 945 2098 et
990 2050 1296 2102 accuratius
1328 2066 1487 2120 quam
1523 2069 1775 2123 umquam
1821 2064 2001 2121 antea,

396 2130 526 2186 licet
555 2136 791 2189 nondum
822 2138 888 2190 ad
923 2153 1037 2193 rem
1069 2141 1225 2205 satis,
1262 2142 1377 2198 haec
1404 2145 1606 2212 scripta
1636 2148 2000 2216 appellantur,

399 2224 678 2282 Tractatus
700 2246 827 2286 xtttt
866 2233 917 2286 in
948 2237 1115 2289 saneti
1146 2236 1384 2293 Matt/tau
1414 2240 1773 2310 anngelium.
1815 2241 2003 2295 Homi-

393 2320 495 2374 Iias
518 2323 875 2394 duodeviginti
900 2325 1115 2382 dixerat
1141 2332 1350 2400 pridem
1384 2331 1725 2386 Fontaniuus
1745 2335 1797 2388 in
1826 2333 2001 2389 Lucu-

390 2412 627 2469 bratione
669 2431 765 2471 sua
810 2417 879 2473 de
908 2430 1105 2476 sancto
1147 2420 1489 2491 Chromatio,
1520 2441 1684 2495 quam
1726 2424 1864 2481 infra
1898 2428 1995 2482 da-

386 2519 534 2563 mus.

458 2601 589 2656 Post
635 2602 736 2658 hos
764 2604 942 2660 varios
975 2607 1185 2674 titulos,
1218 2625 1355 2680 quos
1406 2611 1496 2668 hic
1540 2612 1783 2670 indicare
1820 2629 1994 2683 neque

383 2709 615 2766 prorsus
640 2697 995 2766 injucundum
1025 2716 1198 2772 neque
1221 2702 1419 2760 inutile
1436 2705 1800 2770 indicavimus
1817 2748 1830 2770 ,
1865 2722 1994 2763 ecce

381 2788 511 2861 quid
541 2790 697 2846 nobis
729 2806 924 2861 reapse
956 2793 1241 2850 videantur
1270 2811 1394 2851 esse
1430 2795 1716 2852 Chromatii
1752 2799 1988 2867 Scripta,

380 2898 506 2953 quae
537 2884 867 2939 recedimus.
901 2884 1204 2952 Tractatus,
1238 2905 1398 2958 quem
1427 2888 1745 2945 Gallandius
1765 2893 1991 2963 primunt

381 2976 521 3032 dixit
552 2996 615 3033 ex
660 2980 855 3035 decem
889 2989 945 3035 et
995 2992 1121 3036 octo
1172 2998 1308 3053 quos
1359 2983 1565 3051 primus
1619 2985 1734 3054 ipse
1780 2986 1985 3053 divisit,

380 3087 648 3145 quemque
681 3090 781 3129 nos
810 3092 1024 3146 quoque
1058 3076 1232 3146 primo
1261 3077 1384 3134 loco
1412 3078 1718 3148 posuimus,
1746 3081 1845 3135 eisi
1881 3082 1989 3149 pri-

2113 1870 2259 1923 dium
2286 1871 2502 1944 aliquod
2555 1878 2773 1933 afflicta:
2831 1883 2971 1949 plebi
3005 1887 3379 1956 conquireret,
3431 1911 3521 1961 per
3576 1899 3715 1966 quod

2111 1980 2265 2034 aigrtc
2319 1978 2533 2033 mentes,
2567 1980 2621 2022 ut
2653 1971 2801 2024 idem
2824 1975 3031 2039 subdit,
3055 1978 3116 2029 ab
3148 1981 3716 2050 ingraentismalicon-

2113 2059 2319 2127 tagione
2340 2060 2636 2126 Stlblt'ltt’ltli,
2674 2064 2975 2117 melioribus
3034 2083 3304 2137 occupata:
3334 2078 3521 2130 studiis
3573 2089 3710 2134 tene-

2109 2161 2310 2218 rentur,
2344 2152 2542 2207 Rulino
2577 2158 2896 2228 presbytero
2921 2175 3022 2214 suo
3050 2162 3121 2231 inj
3136 2169 3309 2229 unxit,
3338 2178 3394 2221 ttt
3419 2171 3712 2230 etclesias-

2108 2245 2267 2297 ticam
2289 2245 2507 2301 Eusebii
2540 2248 2839 2303 llistoriam
2867 2268 2899 2307 e
2921 2253 3112 2310 Cra-co
3136 2260 3184 2310 in
3218 2258 3472 2316 Latinum
3502 2283 3712 2323 sermo.

2107 2350 2228 2389 nem
2248 2346 2508 2403 verteret;
2529 2342 2679 2410 cujus
2695 2344 2911 2396 lectione
2925 2347 3467 2408 artiumsaudientium
3492 2360 3710 2424 rinclas,

2104 2430 2228 2481 dum
2258 2432 2492 2485 notitiam
2522 2450 2691 2487 rerum
2717 2442 3199 2505 gestaramavidius
3223 2450 3367 2512 petit,
3404 2451 3709 2509 oblivionem

2101 2524 2483 2593 quodammodo
2514 2529 2770 2582 malor’am
2800 2548 2915 2601 qua:
2943 2547 3246 2603 gererentur
3275 2543 3545 2612 acciperet.
3579 2547 3711 2614 Qui-

2100 2614 2192 2669 dtti
2227 2617 2389 2686 igitur
2409 2618 2475 2672 ad
2504 2619 2645 2675 hunc
2694 2623 2943 2679 eumdem
2999 2627 3163 2683 linem
3222 2648 3444 2702 operam
3493 2653 3709 2710 quoque

2098 2725 2272 2776 suam,
2312 2728 2409 2781 pro
2459 2728 2521 2766 ea
2555 2713 2819 2769 doctrina:
2876 2734 2939 2771 ac
2962 2725 3267 2777 sanctitatis
3289 2726 3449 2781 laude
3473 2746 3577 2799 qua
3606 2750 3705 2787 ex-

2099 2804 2351 2870 cellebat,
2380 2809 3142 2869 conferrcwducritsanctus
3195 2822 3395 2885 pra-sul
3441 2822 3705 2882 Chroma-

2098 2896 2238 2962 tius;
2306 2896 2539 2967 idcoqne
2594 2914 2736 2966 Opus
2785 2902 3045 2972 episcopo
3101 2906 3322 2973 dignum
3376 2918 3703 2979 susceperit,

2095 2986 2532 3044 Commentarium
2563 3008 2757 3061 nempe
2786 2996 2836 3046 in
2860 2998 3026 3049 sancti
3058 2997 3297 3054 ΜαιιΙιωί
3330 3002 3698 3075 Erangelimn,

2093 3098 2256 3153 quem
2282 3084 2837 3155 legendumlidelilms
2859 3106 2922 3142 eo
2952 3093 3297 3158 p0tissitnum
3334 3108 3699 3168 tetnpnretra-

378 3182 520 3220 nium
568 3183 675 3223 non
729 3170 1054 3238 dixerimus,
1095 3180 1179 3225 est
1220 3170 1498 3225 Tractatas
1550 3172 1854 3243 singularis,
1887 3188 1983 3228 seu
2012 3174 2057 3235 C
2091 3174 2288 3231 deret:
2323 3188 2486 3246 atque
2512 3194 2572 3232 ea
2605 3180 2840 3234 maxime
2867 3197 3052 3249 causa,
3086 3185 3228 3253 quod
3260 3187 3525 3256 ejusmodi
3568 3210 3697 3265 ope-

378 3260 561 3318 Sernto
588 3274 681 3316 aut
706 3261 918 3327 Concio,
960 3275 1015 3319 et
1041 3265 1262 3334 quidem
1295 3280 1488 3335 reapse
1514 3266 1742 3338 elegans,
1778 3276 1836 3322 ul.
1864 3282 1985 3323 eam

372 3353 563 3411 dixere
611 3356 801 3412 Sixtus
850 3357 1111 3413 Senensis
1160 3369 1215 3413 et
1246 3357 1493 3414 Joannes
1538 3358 1827 3432 Grynaeus,
1866 3376 1988 3428 qua:

373 3450 597 3519 proprie
624 3450 887 3518 appellari
919 3449 1079 3506 debet
1113 3451 1379 3521 singulari
1414 3450 1572 3505 titulo
1602 3449 1682 3505 De
1710 3461 1823 3505 octo
1853 3450 1988 3505 Bea-

372 3542 707 3608 titadinibus,
755 3560 989 3614 quinque
1034 3552 1248 3616 partem
1292 3544 1442 3598 nullo
1489 3546 1651 3597 modo
1697 3544 1987 3599 constituit

376 3631 720 3690 Tractatuum
766 3646 1113 3691 cieterorutn.
1158 3637 1284 3691 llzec
1315 3649 1468 3692 certe
1499 3636 1681 3691 habita
1718 3635 1818 3690 fuit
1860 3652 1983 3693 ore-

376 3738 535 3784 tenus
551 3746 581 3782 a
616 3740 811 3785 sancto
837 3732 1097 3800 episc0po
1124 3730 1420 3785 occasione
1444 3729 1676 3799 alicujus
1699 3739 1977 3795 mercatus,

370 3826 527 3892 Cujus
560 3839 725 3879 causa
766 3824 988 3879 adesset
1028 3822 1336 3894 frequentia
1366 3823 1575 3894 populi,
1609 3831 1670 3877 ut
1707 3838 1774 3877 ex
1803 3821 1978 3891 ipsius

370 3915 603 3972 lectione
647 3917 787 3971 satis
834 3927 1026 3985 aperte
1069 3915 1366 3986 colligitur.
1425 3914 1571 3972 Nihil
1623 3916 1726 3971 hoc
1772 3914 1977 3985 scripto

370 4010 688 4081 pra‘clarius
715 4009 860 4065 inter
890 4024 954 4064 ea
991 4010 1165 4064 sancti
1203 4008 1445 4080 episcopi
1484 4024 1605 4078 quae
1646 4017 1970 4077 supersunt,

366 4101 484 4157 sive
514 4102 778 4158 orationis
825 4117 1045 4171 scapum
1098 4103 1385 4169 intuearis,
1429 4100 1546 4156 sive
1585 4102 1811 4173 stylutn,
1858 4104 1973 4156 sive

364 4194 699 4265 ingressum,
727 4210 1073 4267 progressum
1103 4204 1159 4251 et
1186 4196 1416 4251 exitum.
1448 4195 1595 4250 lnter
1625 4195 1970 4265 praeclarium

364 4306 587 4361 quoque
628 4289 870 4361 ejusdem
915 4290 1019 4345 :evi
1071 4299 1129 4345 et
1179 4289 1425 4359 ejusdem
1478 4290 1702 4360 generis
1750 4289 1968 4343 Patrum

362 4382 565 4448 scripta
599 4385 798 4439 merito
828 4383 1018 4438 haberi
1068 4391 1270 4453 potest.
1300 4382 1440 4449 Quid
1470 4397 1601 4437 vero
1630 4381 1698 4436 de
1743 4380 1967 4451 reliquis

362 4474 748 4532 sentiendum?
798 4474 933 4530 Cum
980 4475 1328 4531 Tillemoutio
1372 4476 1608 4545 aliisque
1652 4490 1963 4539 censemus,

2093 3268 2245 3324 ribus
2278 3269 2502 3325 minime
2534 3281 2660 3327 tunc
2686 3271 2875 3327 Latina
2901 3276 3095 3331 saltem
3154 3278 3398 3335 Ecclesia
3450 3286 3697 3342 abunda-

2092 3361 2209 3415 ret?

2159 3454 2454 3522 Caeterum,
2486 3456 2588 3511 etsi
2614 3471 2759 3511 anno
2784 3456 2986 3514 Christi
3026 3463 3565 3537 quadringentesimo
3592 3472 3694 3527 La-

2089 3545 2217 3601 tinis
2273 3546 2750 3617 cxplmationibus
2823 3550 3106 3624 Evangelii
3177 3573 3284 3612 non
3346 3563 3693 3621 abundarent

2085 3634 2291 3691 Christi
2350 3638 2540 3692 fideles
2588 3639 2642 3693 in
2697 3640 3008 3697 Occidentis
3063 3650 3311 3715 partibus
3362 3659 3685 3721 consututi;

2084 3745 2313 3799 quorum
2344 3728 2579 3784 fortasse
2614 3730 2886 3803 plerisque
2945 3736 3031 3788 vix
3061 3749 3203 3791 notae
3237 3753 3363 3798 tunc
3393 3745 3575 3802 forent
3607 3754 3686 3804 vel

2079 3822 2213 3892 ipsae
2246 3822 2429 3876 Ililarii
2461 3821 2815 3877 l’ictaviensis
2843 3825 2895 3877 in
2950 3824 3277 3896 Matt/acum,
3309 3842 3363 3887 et
3410 3838 3681 3896 Ambrosii

2079 3914 2505 3971 Mediolanensis
2534 3920 3029 3973 cotinneutationes
3057 3922 3109 3973 in
3137 3919 3331 3978 Lucam
3362 3942 3379 3979 :
3410 3926 3498 3983 hic
3529 3946 3681 3990 certe

2079 4008 2396 4063 meminisse
2436 4007 2611 4078 juvat,
2667 4006 3073 4076 Aquileiensem
3119 4028 3334 4084 quoque
3377 4018 3675 4080 Ecclesium

2071 4101 2183 4172 jam
2215 4112 2343 4156 tunc
2365 4101 2623 4155 habuisse
2651 4098 3058 4157 Commentarios
3090 4105 3141 4158 in
3191 4105 3498 4181 Evangelia,
3540 4131 3677 4186 Opus

2075 4192 2478 4259 Fortunatiani,
2508 4192 2753 4262 ejusdem
2782 4193 3046 4248 Ecclesia:
3070 4206 3195 4250 ante
3223 4197 3393 4273 [xxvi]
3423 4219 3671 4266 sanetum

2073 4285 2422 4342 Valerianum
2455 4285 2728 4355 episcopi;
2760 4302 2899 4355 quos
2925 4288 3029 4340 sibi
3067 4288 3117 4341 in
3146 4288 3427 4349 Orientem
3472 4300 3611 4354 mitti
3635 4321 3663 4356 a

2072 4379 2239 4434 Paulo
2252 4378 2638 4434 Coneordiensi
2657 4380 3046 4448 postulaverat,
3064 4387 3476 4453 margaritamde
3493 4390 3665 4448 Erau-

2068 4474 2202 4545 gillo
2227 4471 2449 4529 eosdem
2477 4472 2783 4542 appellans,
2811 4482 3033 4528 sattcltls
3051 4475 3414 4549 llicronytttus
3430 4483 3666 4553 Epistula

363 4578 614 4624 tractatus
661 4569 921 4637 reliquos,
957 4570 1047 4638 qui
1094 4570 1146 4623 in
1187 4568 1288 4624 bac
1338 4578 1523 4623 nostra
1563 4567 1803 4624 editione
1852 4582 1959 4621 non
1990 4567 2040 4627 D
2071 4567 2326 4629 10,unm.
2354 4565 2478 4631 5,in
2506 4566 2745 4619 editione
2764 4562 3031 4629 Vallarsii,
3059 4582 3177 4636 qua:
3199 4571 3487 4627 adannum
3513 4594 3667 4647 spec-

360 4663 686 4729 octodecim,
740 4664 834 4719 sed
875 4663 1266 4733 septemdecim
1312 4670 1687 4730 numerantur,
1743 4662 1963 4729 nequic-

358 4772 522 4827 quim
553 4771 673 4811 esse
720 4757 1022 4825 peculiares
1063 4754 1327 4823 Itomilias,
1360 4770 1456 4810 seu
1502 4756 1665 4809 etiam
1712 4765 1963 4809 tractatus

357 4847 670 4913 distinctos,
704 4849 798 4904 sed
842 4851 1067 4919 reliquia
1116 4850 1296 4918 potius
1342 4848 1513 4903 videri
1563 4849 1761 4918 integri
1806 4844 1957 4919 [xxv]

362 4941 756 5008 Conmtentarii,
806 4958 964 5013 quem
1012 4940 1363 4996 Chromatius
1407 4942 1691 5011 scripserit
1726 4941 1778 4995 in
1824 4940 1961 4994 Mat—

359 5040 584 5091 tbzcum.
662 5035 964 5090 Censemus
1031 5050 1246 5105 quoque
1316 5032 1752 5089 Commentarium
1811 5033 1956 5088 hunc

359 5129 647 5197 SCripsisse
693 5125 1094 5193 Chromatium,
1128 5143 1236 5182 non
1278 5127 1329 5181 in
1359 5142 1517 5181 usum
1560 5141 1672 5180 sua:
1702 5124 1956 5195 praedica-

359 5221 524 5276 tionis
568 5221 635 5275 ad
682 5223 959 5291 populum,
1001 5220 1459 5291 quemadmodum
1507 5219 1811 5274 Tractatum
1858 5233 1956 5274 seu

360 5310 666 5367 Contionem
706 5317 771 5369 de
804 5322 915 5366 octo
960 5311 1397 5380 Beatitudinibus,
1428 5312 1523 5367 sed
1558 5313 1609 5366 in
1663 5327 1818 5367 usum
1854 5311 1955 5380 pice

357 5407 663 5474 pra:sertim
707 5422 771 5459 ac
815 5406 1110 5461 fructuoste
1155 5406 1399 5461 tidelinm
1432 5405 1699 5461 lectionis.
1743 5403 1798 5459 ld
1827 5419 1956 5458 vero

357 5510 451 5552 cru
477 5514 597 5552 inus
634 5516 697 5553 es
731 5500 912 5554 verbis
949 5500 1141 5569 ipsius,
1186 5515 1305 5567 qua-
1338 5498 1503 5553 habet
1538 5506 1769 5552 ttat-tatu
1812 5495 1954 5565 apud

357 5606 454 5646 nos
483 5593 540 5657 5,
574 5592 788 5660 aliasb,
824 5610 976 5648 num.
1007 5596 1061 5659 2,
1094 5594 1182 5648 ubi
1226 5594 1297 5647 ita
1328 5594 1523 5647 scribit
1569 5609 1582 5645 :
1622 5610 1641 5645 ‹
1692 5591 1755 5646 Ει
1788 5593 1955 5646 multa

353 5684 552 5741 similia
593 5703 716 5758 qua:
758 5687 1228 5757 przetermisimus,
1271 5702 1339 5741 ne
1382 5686 1600 5741 ltedtum
1649 5684 1959 5755 legentibus

352 5776 681 5836 iaeereums.
715 5798 734 5832 ›
791 5781 926 5847 lloc,
958 5782 1105 5852 quod
1153 5782 1416 5846 sciamus,
1467 5780 1537 5835 ab
1586 5781 1709 5836 aliis
1754 5778 1846 5850 qui
1889 5778 1959 5834 de

605 5874 884 5937 PATROL.
933 5875 1082 5937 XX.

2065 4668 2141 4713 tat
2170 4658 2310 4721 373;
2357 4671 2699 4725 quorumque
2754 4656 2999 4710 meminit
3047 4657 3163 4726 ipse
3200 4675 3419 4717 sanctus
3474 4667 3667 4728 docto,-

2065 4749 2129 4802 de
2154 4748 2291 4803 Viris
2313 4747 2598 4801 illustribus
2622 4744 2799 4810 capiti:
2822 4744 2914 4810 97,
2932 4762 3187 4803 asserens
3207 4749 3659 4819 Fortunatianum

2062 4840 2355 4911 scripsisse
2381 4837 2691 4893 Commenta.
2708 4836 2782 4889 ios
2805 4839 2855 4889 in
2876 4834 3180 4907 Evangelia,
3198 4841 3358 4896 titulis
3381 4846 3656 4923 ordinatis,

2061 4936 2156 4991 scd
2180 4936 2313 4989 brevi
2335 4944 2379 4985 et
2410 4933 2602 4985 rustho
2619 4946 2870 4994 sermone,
2890 4946 3007 4993 seu,
3031 4942 3087 4985 ut
3105 4934 3260 4999 alias,
3281 4938 3451 4995 breves
3472 4948 3660 5003 rustico

2064 5045 2335 5095 sermone;
2364 5029 2566 5097 quique
2589 5023 2799 5094 jamdiu
2852 5024 3201 5081 interierunt.
3248 5031 3386 5087 Male
3437 5038 3657 5106 quidem

2058 5126 2217 5195 vulgo
2246 5122 2397 5177 audit
2432 5118 2881 5185 Fortunatianus,
2907 5120 3399 5193 Arianidogmalis,
3427 5131 3659 5191 etLibe-

2059 5220 2123 5275 τῇ
2158 5216 2386 5271 Romani
2419 5213 2688 5284 pontiﬁcis
2713 5212 2897 5267 fracta:
2953 5217 3277 5271 con~tantia2
3332 5234 3655 5285 accusatus:

2058 5310 2153 5366 sed
2182 5323 2304 5364 eum
2355 5306 2425 5360 ab
2476 5307 2760 5374 utriusque
2816 5304 3039 5372 impacti
3084 5309 3331 5364 criminis
3379 5314 3499 5370 labe
3542 5320 3655 5384 jam

2058 5402 2278 5475 egregie
2309 5408 2594 5471 purgatum
2623 5412 2652 5451 a
2680 5397 2985 5452 clarissimo
3043 5398 3347 5455 Fontanino
3405 5403 3653 5465 Historia

2060 5494 2353 5550 Litteraria:
2398 5490 2741 5555 Aquileiensis
2786 5489 2925 5544 libro
2954 5505 3007 5543 ttt
3041 5493 3222 5561 capite
3256 5492 3325 5555 2,
3358 5494 3651 5556 novissime

2059 5588 2372 5659 repurgavit
2391 5584 2740 5652 defunditque
2768 5586 3070 5639 luculenter
3091 5583 3495 5641 eruditissimus
3518 5591 3651 5652 Zac-

2058 5684 2204 5739 caria
2238 5682 2290 5734 in
2329 5677 2717 5735 Dissertatioue.
2748 5676 2812 5729 de
2848 5677 3194 5730 Commentitio
3232 5674 3423 5730 Liberii
3463 5683 3615 5754 lapsu
3638 5730 3655 5756 ,

2060 5791 2183 5845 qua:
2232 5781 2318 5828 est
2372 5772 2401 5821 7
2433 5769 2588 5825 Tomi
2643 5767 2912 5822 [suarum
2968 5764 3401 5824 Dissertationum
3440 5773 3658 5835 Latina-

3097 5861 3136 5919 9
