4172 6182
473 319 575 376 271

1506 308 1563 365 δ.
1605 303 2055 364 CHROMATllJ-S
2094 302 2202 359 ΕΡ.
2247 297 2748 370 AQUlLElENSlS.

3666 282 3770 344 272

472 448 576 504 que
604 428 887 503 parabola,
911 425 996 498 pie
1018 424 1256 494 quidem,
1276 419 1372 475 sed
1400 434 1523 474 sero
1550 419 1713 473 etiam
1740 416 2069 486 excogitata,
2097 417 2148 477 Α
2175 411 2685 476 animadvertimus,
2718 410 2941 462 monent
2972 417 3071 459 nos
3084 410 3145 458 ut
3171 400 3240 458 de
3260 400 3475 457 duobus
3496 399 3618 456 aliis
3645 414 3779 454 non-

479 527 545 583 ad
586 522 907 596 erigendum
939 518 1153 574 Judaici
1187 514 1372 585 populi
1404 512 1643 567 animum
1679 512 1730 564 itt
1765 508 2073 564 tribulatio-

483 621 663 684 nibus,
688 625 815 687 puta
838 610 1094 669 Antiochi
1124 620 1388 677 tempore,
1415 603 1779 677 perferendis,
1803 619 1870 656 an
1897 602 2073 669 petius

482 730 606 768 vera
637 725 700 764 ac
729 708 959 779 genuina
990 702 1284 775 prodigiosi
1309 711 1539 753 eventus
1569 699 1849 752 enarratio
1873 694 2075 767 (prout

477 801 840 860 communiter
869 815 897 851 a
930 793 1231 851 Catholicis
1261 789 1556 861 habetur),
1581 802 1926 859 quocumque
1956 796 2075 839 tan-

478 897 599 951 dem
654 894 707 948 in
741 893 859 947 loco
900 888 1142 945 Judaicae
1189 885 1433 941 historia:
1480 880 1801 939 eullocanda
1832 879 1903 934 sit
1930 896 1943 934 :
1968 877 2072 933 hoc

481 985 727 1057 profecto
751 980 1058 1037 Chromatii
1091 977 1261 1033 nostri
1294 974 1669 1030 testimonium
1710 973 1775 1025 ad
1816 984 2066 1025 asseren-

476 1079 597 1136 dam
621 1077 783 1146 hujus
805 1073 1038 1130 Juditlta:
1057 1072 1181 1127 libri
1207 1068 1548 1123 divinitatem
1573 1066 1771 1120 merito
1792 1062 2075 1118 accenseri

479 1168 676 1240 puterit
725 1176 805 1221 tot
853 1164 973 1219 aliis
1017 1171 1330 1218 sanctorum
1379 1158 1601 1213 Patrum
1634 1159 2075 1224 scriptorumque

480 1272 724 1316 veterum
778 1255 1127 1319 testimoniis,
1180 1253 1377 1322 quibus
1429 1249 1695 1303 hactenus
1742 1246 1904 1313 hujus
1950 1244 2071 1298 libri

472 1348 919 1406 deuterocanonici
966 1345 1225 1400 divinitas
1272 1343 1537 1397 adversus
1588 1336 1882 1394 haereticos
1919 1351 1949 1389 a
1976 1351 2073 1390 ca-

477 1444 693 1501 tholicis
726 1442 992 1512 theologis
1021 1437 1294 1493 vindicata
1317 1435 1438 1490 fuit.

544 1539 674 1594 Post
702 1535 938 1591 Jnditha:
983 1530 1352 1596 mentionem,
1408 1528 1555 1582 illico
1604 1526 1769 1581 etiam
1802 1524 2075 1579 Est/terem

473 1632 819 1689 Chromatius
874 1629 1154 1690 nominat,
1209 1625 1436 1679 dicens:
1470 1640 1490 1673 t
1534 1620 1802 1677 Similiter
1843 1618 2075 1673 Hesther

472 1721 980 1782 sanctissittta.tlttttt
1015 1721 1123 1774 leta
1156 1717 1295 1772 faeie
1325 1727 1379 1771 et
1406 1716 1585 1784 capite
1623 1722 1807 1777 uncto,
1831 1718 1955 1781 post
1980 1711 2075 1765 tri-

2179 504 2313 560 nihil
2346 503 2613 567 dicamus,
2651 500 2742 569 qui
2767 514 2920 568 mque
2949 513 3046 568 pro
3070 494 3363 550 Canonicis
3401 493 3470 547 ab
3508 491 3781 547 btet-elicis

2180 612 2284 650 non
2319 595 2612 658 habentur,
2630 593 2699 647 de
2727 590 2905 646 Libris
2929 603 3124 659 nempe
3154 586 3460 652 Sapientiae,
3492 595 3656 656 atque
3678 581 3779 638 Ec-

2178 688 2473 743 clesiastici.
2503 684 2790 751 Sapientia:
2819 682 2955 737 liber
2984 697 3012 733 δ
3037 678 3358 735 Chromatio
3389 684 3580 731 nostro
3608 674 3779 730 semel

2180 792 2413 844 tantum,
2438 779 2724 849 inscriptis
2747 793 2867 847 qua:
2889 777 2958 830 de
2984 774 3179 831 eodem
3210 781 3531 840 supersunt,
3558 770 3777 833 citatur,

2177 874 2435 927 nimirum
2470 876 2702 927 tractatu
2752 868 2840 931 10,
2888 882 3038 921 num.
3066 865 3130 931 2;
3164 864 3361 919 citatur
3402 873 3581 917 tamen
3612 858 3780 914 veluti

2176 964 2517 1020 auctoritatis
2544 962 2741 1015 divina:
2774 969 2830 1015 et
2859 958 3156 1025 Scriptura:
3199 970 3369 1010 sacra:
3411 964 3614 1025 partetn
3644 967 3780 1009 eon-

2177 1056 2407 1109 stituens
2433 1071 2447 1108 :
2476 1054 2553 1107 ait
2582 1052 2728 1107 enim
2763 1069 2775 1105 :
2813 1069 2832 1102 t
2874 1048 3178 1119 Perjurium
3210 1056 3266 1103 et
3296 1045 3666 1107 mendacium,
3698 1043 3780 1098 di-

2180 1147 2286 1200 vini
2312 1145 2505 1216 judicii
2551 1160 2707 1215 pmua
2738 1143 3046 1207 damnatur,
3096 1141 3314 1196 dicente
3342 1138 3617 1207 Scriptura
3650 1155 3663 1192 :
3708 1136 3781 1193 Os

2176 1238 2318 1309 quod
2349 1239 2612 1305 mentitur,
2645 1236 2834 1291 occidit
2854 1236 3149 1299 unimanus
3174 1231 3320 1304 quod
3348 1231 3558 1286 scilicet
3586 1227 3783 1300 legitur

2177 1333 2305 1403 Sap.
2345 1349 2383 1395 ι,
2413 1334 2500 1389 il.
2530 1332 2694 1387 Liber
2731 1345 2862 1384 vero
2892 1327 3268 1391 Ecclesiastici,
3319 1341 3426 1380 non
3470 1323 3641 1379 semel
3667 1332 3782 1377 tan-

2180 1436 2292 1482 tum
2322 1435 2417 1481 aut
2439 1429 2659 1487 iterum.
2690 1426 2785 1482 sed
2819 1426 3125 1495 szepissitue
3145 1422 3213 1475 ab
3246 1421 3437 1477 eodem
3466 1418 3782 1476 Chrotnatio

2179 1519 2232 1574 in
2263 1520 2486 1590 scriptis
2511 1535 2630 1590 qua:
2659 1517 2919 1573 habemus
2944 1517 3190 1581 affertur,
3221 1528 3549 1584 semperque
3586 1511 3784 1567 divina:

2179 1614 2521 1670 auctoritatis
2551 1623 2841 1678 Censetur;
2875 1622 2932 1666 ut
2982 1616 3148 1666 verba
3179 1610 3324 1665 illius
3368 1610 3532 1664 verba
3572 1605 3783 1660 Domini

2179 1707 2506 1776 quandoque
2529 1707 2803 1771 dicantur,
2823 1704 3151 1775 quandoque
3170 1703 3332 1758 etiam
3349 1700 3585 1771 Spiritus
3598 1698 3779 1764 sancti,

472 1819 715 1875 duanum
734 1817 1000 1885 jejunium
1028 1811 1259 1879 intelligi
1284 1823 1462 1877 arege
1478 1806 1684 1875 potuit,
1718 1808 1891 1859 Aman
1924 1802 2073 1855 illum
2105 1812 2153 1871 Β
2183 1810 2242 1854 ιιι
2266 1800 2451 1855 videre
2471 1809 2555 1855 est
2575 1808 2809 1854 tractatu
2834 1797 2889 1859 3,
2921 1812 3073 1851 num.
3104 1796 3159 1860 5,
3191 1802 3424 1849 tractatu
3453 1792 3509 1858 6,
3543 1806 3693 1847 num.
3725 1790 3779 1855 ‘2,

475 1910 657 1979 populi
687 1911 767 1962 sui
800 1906 1079 1961 inimicum
1107 1900 1504 1970 ncquissimum
1538 1896 1835 1951 interemit.
1864 1912 1884 1945 ›
1924 1893 2075 1947 llunc

476 2000 706 2056 Est/teris
734 1999 928 2052 librum
944 1994 1225 2049 canonicts
1242 1991 1520 2045 ascribunt
1536 2000 1695 2045 etatn
1723 1986 2076 2050 helerndoxi;

475 2101 683 2160 septem
714 2098 895 2141 tamen
925 2085 1173 2154 exceptis
1207 2084 1499 2151 postremis
1530 2081 1801 2151 capitibus
1831 2079 2075 2149 Vulgata:

476 2192 675 2237 nostra:
698 2223 712 2247 ,
743 2198 771 2235 a
808 2178 1078 2235 versiculo
1108 2184 1305 2245 quarto
1351 2176 1543 2244 capitis
1574 2175 1793 2228 decimi.
1846 2171 2075 2226 Esllteris

473 2277 823 2334 nihilominus
854 2273 1138 2329 historiam
1172 2274 1275 2326 hoc
1308 2271 1499 2325 Diviuo
1530 2268 1695 2324 Libro
1718 2267 2078 2335 comprehen-

472 2386 588 2425 sam
628 2368 1062 2424 Lutheranorum
1115 2366 1335 2436 quidam
1385 2375 1547 2434 atque
1575 2361 1970 2431 Anabaptistm,
2019 2369 2077 2413 ut

467 2463 661 2520 scribit
691 2463 776 2515 vir
814 2460 1151 2516 clarissimus
1193 2457 1433 2513 Joannes
1479 2456 1803 2511 Fraueiscus
1848 2452 2077 2509 Marchi-

473 2556 593 2611 nius
625 2552 701 2607 De
723 2554 992 2607 divinitate
1013 2562 1058 2605 ct
1078 2551 1426 2606 canmticitale
1465 2565 1730 2603 sacrarunt
1763 2547 2073 2613 Bibliorttm,

472 2663 626 2719 parte
653 2663 723 2711 tt,
752 2645 982 2700 articulo
1010 2644 1065 2708 9,
1100 2642 1419 2713 tragoediam
1456 2651 1733 2707 asserum,
1764 2649 1817 2695 et
1849 2639 2078 2708 parabo-

471 2737 631 2795 licam
665 2736 1183 2794 commentationem
1225 2734 1487 2803 dignitate
1528 2744 1825 2789 carentem.
1866 2731 1949 2785 En
1977 2730 2078 2784 ita-

472 2847 578 2903 que
609 2828 985 2883 (Zhromatium
1017 2827 1459 2894 Aquileiensem,
1511 2827 1604 2896 qui
1637 2825 1974 2879 divmitatem
2005 2824 2077 2879 si-

474 2922 583 2977 tnul
616 2922 775 2991 hujus
808 2922 952 2987 libri,
993 2930 1046 2975 et
1070 2918 1354 2974 veritatem
1379 2916 1615 2971 Estheris
1647 2916 1890 2971 historia:
1912 2932 2077 2986 agno-

473 3018 606 3081 scit;
641 3025 699 3069 ut
732 3014 959 3083 proinde
987 3028 1273 3067 numerum
1303 3012 1467 3067 etiam
1494 3022 1691 3081 augeat
1727 3026 1915 3065 eorum
1952 3010 2077 3080 qui,

475 3118 677 3179 printer
713 3106 837 3161 libri
869 3105 1314 3169 canonicitalem,
1363 3102 1644 3159 veritatem
1677 3119 1894 3173 quoque
1919 3103 2079 3171 hujus

2176 1892 2417 1962 alibique
2451 1892 2789 1962 frequt'nter.
2824 1888 2979 1944 Adeo
3024 1904 3214 1943 verum
3251 1896 3337 1941 est
3377 1885 3523 1957 quod
3553 1880 3785 1939 Marchi-

2178 1987 2302 2040 nius
2317 1988 2367 2039 in
2385 2002 2551 2056 opere
2565 2001 2729 2052 supra
2747 1984 2916 2038 citato
2936 1994 3086 2053 parte
3109 1997 3166 2048 tt,
3187 1981 3423 2035 articulo
3445 1980 3530 2036 16.
3549 1978 3618 2033 de
3642 1977 3784 2031 libro

2178 2079 2528 2134 Ecclesiastici
2560 2078 2871 2143 asserebat;
2925 2075 3068 2147 quod
3104 2076 3248 2129 inter
3290 2070 3783 2126 deuterocauonicos

2185 2191 2203 2225 ι
2241 2180 2393 2227 certe
2418 2174 2598 2226 nullus
2614 2182 2697 2227 est
2724 2169 3021 2240 Scriptura:
3044 2184 3215 2223 sacra:
3246 2167 3407 2232 liber,
3424 2166 3581 2237 cujus
3602 2171 3782 2219 auctc~

2178 2265 2323 2319 ritati
2381 2264 2576 2321 Patres
2607 2264 2979 2335 sttﬂragentur
3031 2264 3237 2333 magis,
3294 2242 3515 2316 tametsi
3569 2259 3787 2329 publico

2176 2357 2407 2412 decreto
2457 2358 2701 2413 Ecclesia
2728 2358 2985 2413 universa
3019 2357 3261 2411 nondum
3304 2372 3423 2410 eam
3451 2355 3779 2409 sanxisset.»

2180 2449 2616 2520 Verumquidetn
2648 2449 3133 2506 estChromatium
3164 2459 3409 2505 nostrum
3440 2449 3785 2504 existimasse

2179 2544 2378 2599 librum
2411 2544 2758 2601 Ecclesiustici
2780 2553 3062 2602 auctorem
3097 2544 3356 2600 habuisse
3398 2544 3781 2609 Salomouem,

2181 2647 2237 2692 ut
2268 2638 2383 2707 ipse
2416 2639 2735 2709 frequenter
2785 2640 2981 2695 scribit
3027 2639 3155 2694 dum
3202 2639 3449 2709 ejusdem
3494 2637 3617 2693 libri
3668 2640 3783 2694 loca

2181 2742 2597 2786 commemorat.
2619 2731 2795 2801 Hujus
2817 2747 2949 2787 vero
2980 2733 3272 2787 sententia:
3293 2730 3384 2785 alii
3407 2744 3625 2802 quoque
3647 2729 3784 2786 San-

2180 2833 2394 2879 ctorum
2439 2824 2661 2879 Patrum
2718 2827 2977 2879 fuerunt:
3014 2825 3119 2879 nisi
3174 2823 3356 2895 porius
3401 2824 3678 2891 dicamus,
3731 2832 3789 2879 et

2179 2914 2559 2972 Chromatium
2612 2917 2826 2987 ipsum,
2878 2926 2934 2971 et
2966 2917 3210 2987 reliquos
3245 2918 3336 2988 qui
3384 2916 3579 2972 eodem
3624 2915 3787 2971 modo

2181 3010 2530 3081 scripserunt
2562 3012 2778 3078 Patres,
2833 3011 2957 3065 ideo
3001 3010 3357 3066 Ecclesiastici
3399 3012 3601 3066 librum
3632 3010 3788 3068 Salo-

2182 3105 2362 3160 monis
2383 3103 2625 3166 dixisse,
2654 3106 2780 3175 quia
2814 3104 2962 3159 Libri
3008 3105 3155 3161 illius
3202 3116 3396 3163 auctor
3434 3104 3785 3162 Salomonem

478 3199 721 3253 historia:
753 3208 875 3266 post
922 3197 1262 3267 Syuagogant
1293 3214 1322 3249 a
1357 3196 1545 3265 primis
1579 3196 1836 3250 Ecclesia:
1864 3195 2078 3250 saxulis
2105 3188 2151 3250 C
2183 3206 2268 3251 est
2294 3196 2561 3262 imitatus,
2588 3206 2642 3251 et
2662 3196 2785 3265 quia
2811 3196 2863 3250 in
2885 3195 3251 3250 Ecclesiastico
3278 3198 3545 3252 ttonnttlla
3567 3210 3786 3267 quoque

477 3302 837 3364 agnoverunt.
862 3290 969 3345 Sed
997 3290 1126 3361 quid
1154 3290 1221 3345 de
1248 3301 1456 3359 septem
1489 3289 1779 3359 postremis
1807 3289 2076 3359 capitibus

481 3388 641 3457 hujus-
663 3386 819 3451 libri,
861 3401 983 3455 qua:
1005 3384 1197 3439 odioso
1217 3383 1688 3438 additameutorum
1714 3383 1983 3438 vocabulo
2009 3382 2078 3438 ab

480 3478 757 3534 haereticis
785 3476 1151 3546 appellantur,
1184 3491 1413 3546 qumque
1444 3475 1512 3530 ab
1539 3476 1743 3529 eisdem
1788 3476 1926 3530 inter
1951 3490 2081 3543 apo-

479 3570 680 3643 crypha
698 3568 900 3638 scripta
921 3568 1314 3623 numerantur?
1341 3573 1416 3623 Ex
1442 3567 1618 3622 allatis
1634 3566 1934 3622 Chromatii
1962 3583 2083 3622 ver-

477 3662 563 3722 bis
613 3676 720 3716 non
752 3662 1024 3715 immerito
1066 3659 1557 3730 deprehendimus,
1592 3662 1708 3716 haec
1742 3675 1956 3730 quoque
1980 3676 2080 3731 po-

481 3765 680 3810 stretna
709 3754 912 3822 capita,
933 3768 1028 3807 seu
1056 3752 1432 3820 additamenta,
1463 3754 1640 3823 ipsum
1672 3753 1960 3822 agnovisse
1981 3768 2082 3808 ceu

478 3848 723 3919 ejusdem
763 3843 996 3898 Est/teris
1041 3844 1165 3899 libri
1190 3854 1431 3914 partem,
1483 3860 1546 3898 ac
1577 3845 1803 3914 proinde
1832 3845 2082 3915 ejusdem

484 3939 689 3995 Divina:
735 3953 857 3992 cum
913 3937 1181 4005 capitibus
1223 3935 1497 4004 prioribus
1535 3937 1896 3991 anetoritatis.
1928 3935 2084 4005 Quod

484 4030 627 4087 enim
647 4029 745 4093 ait,
771 4030 878 4081 tota
905 4027 1039 4095 facie
1055 4038 1102 4080 et
1125 4027 1294 4095 capite
1322 4036 1506 4093 uncto,
1542 4028 1786 4097 potuisse
1813 4027 2085 4084 Estherem

484 4142 538 4178 a-
570 4139 697 4194 rege
737 4121 993 4191 intelligi,
1044 4120 1265 4176 minime
1303 4137 1498 4177 eruere
1528 4133 1742 4191 poterat
1775 4137 1844 4177 ex
1898 4124 2085 4193 primis

485 4232 682 4273 novem
702 4228 797 4269 aut
819 4214 1010 4270 decem
1041 4215 1185 4269 illius
1217 4214 1340 4269 libri
1368 4217 1667 4284 capitibus,
1700 4218 1789 4272 ubi
1816 4217 1949 4273 nihil
1972 4236 2089 4273 ont-

489 4309 621 4365 nino
668 4308 737 4362 de
780 4308 935 4361 iStius
975 4307 1118 4362 modi
1155 4306 1306 4362 faciei
1346 4317 1401 4363 et
1430 4310 1622 4379 capitis
1657 4310 2085 4378 prteparatiooe;

491 4398 589 4457 sed
615 4401 757 4454 eruit
788 4399 973 4469 procul
998 4398 1164 4454 dubio
1188 4415 1251 4452 ex
1292 4398 1660 4454 additamentis
1692 4401 1822 4472 ipsis
1848 4418 1969 4473 quae
2003 4419 2090 4459 re-

493 4502 697 4567 spuunt
732 4491 1050 4549 heterodoxi
1073 4535 1088 4555 ,
1135 4492 1390 4546 nimirum
1417 4509 1482 4546 ex
1518 4494 1698 4563 capite
1726 4510 1816 4549 xw
1849 4495 2089 4565 Vulgata:

2181 3288 2462 3357 leguntur,
2492 3305 2614 3357 qua:
2656 3289 2918 3344 Salomon
2963 3289 3081 3360 ipse
3112 3290 3168 3345 itt
3217 3292 3353 3358 suis,
3387 3290 3788 3348 Prorerbiorttm

2182 3381 2488 3451 praesertim
2529 3392 2693 3453 atque
2718 3380 3053 3438 Ecclesiastes
3083 3382 3244 3440 libris
3263 3426 3276 3451 ,
3306 3384 3418 3455 jam
3447 3385 3659 3455 pridem
3691 3386 3788 3442 do-

2182 3483 2396 3529 cuerat.

2257 3569 2335 3623 Ad
2364 3570 2475 3624 alia
2526 3586 2670 3627 nunc
2721 3573 3161 3644 progrediamur,
3193 3574 3417 3641 eodem,
3471 3575 3562 3647 qui
3601 3576 3787 3645 prius,

2183 3660 2446 3718 Ceilliero
2461 3662 2707 3720 ductore.
2730 3665 2809 3720 De
2825 3676 3018 3721 sancto
3045 3666 3258 3724 J0anne
3288 3667 3531 3735 Baptista
3555 3668 3794 3736 loquens

2186 3768 2413 3811 sanctus
2443 3756 2801 3813 Chromatius
2831 3758 3049 3833 [\Xxul]
3074 3770 3304 3815 tractatu
3331 3762 3382 3823 1,
3414 3777 3563 3816 nunt.
3589 3761 3642 3821 5.
3673 3761 3793 3818 ha'c

2188 3847 2393 3904 habet:
2433 3868 2452 3901 ‹
2491 3850 2557 3904 Et
2601 3851 2896 3919 baptizavit
2942 3852 3165 3923 quidem
3210 3853 3447 3909 Joannes
3496 3853 3789 3910 Dominum

2186 3954 2253 3993 ae
2282 3942 2622 3997 Salvatorem
2653 3951 2928 4006 uostrurn,
2961 3944 3056 3999 sed
3106 3946 3287 4012 potius
3316 3945 3407 4001 ille
3431 3946 3738 4018 baptizatus
3761 3960 3793 4001 a

2187 4029 2413 4088 Christo
2439 4042 2529 4088 est
2556 4053 2568 4087 :
2598 4036 2727 4104 quia
2765 4037 2855 4092 ille
2881 4052 3049 4107 aquas
3078 4038 3475 4102 sanctiﬁeavit,
3528 4038 3613 4094 hic
3638 4042 3795 4106 aquis

2188 4124 2564 4181 sanetiticatus
2593 4137 2707 4192 est;
2739 4128 2834 4184 ille
2869 4133 3099 4200 gratiam
3128 4130 3373 4195 donavit,
3422 4130 3511 4185 hic
3544 4131 3792 4201 accepit;

2191 4218 2277 4274 hic
2300 4233 2517 4290 peccata
2544 4221 2824 4293 deposuit,
2859 4223 2954 4279 ille
2976 4225 3191 4280 remisit
3341 4224 3584 4282 Joannes
3616 4224 3793 4293 bapti-

2191 4330 2312 4370 smo
2342 4315 2562 4386 egebat,
2592 4317 2719 4387 quia
2757 4318 2878 4374 sine
2932 4331 3157 4389 peccato
3198 4334 3320 4375 esse
3356 4336 3465 4375 non
3501 4329 3731 4391 poterat.
3771 4338 3791 4372 ι

2194 4406 2310 4461 1)υο
2338 4407 2449 4473 hic,
2482 4418 2575 4463 aut
2601 4409 2766 4464 etiam
2786 4411 2888 4466 tria
2923 4412 2975 4466 itt
3006 4410 3308 4468 Chromatii
3341 4415 3526 4468 verbis
3558 4413 3796 4469 notanda

2191 4498 2418 4554 veniunt
2443 4516 2457 4553 :
2490 4512 2739 4556 sanctum
2760 4501 3028 4559 Joannem
3052 4504 3353 4573 Baptistam
3377 4521 3409 4561 a
3434 4504 3658 4561 Christo
3692 4506 3796 4562 Do-

492 4597 717 4649 nostrm,
748 4585 835 4640 ubi
872 4600 1034 4638 versu
1061 4583 1097 4636 2
1125 4583 1340 4652 legitur.
1372 4584 1538 4653 quod.
1572 4584 1754 4639 audi”)
1785 4584 1969 4639 ΕδιΙιει·
1994 4585 2089 4640 Ju-
2114 4586 2168 4646 D
2193 4590 2364 4655 ntino,
2388 4591 2540 4660 juxta
2565 4590 2979 4661 Chromatium,
3013 4596 3346 4665 baptizatutu
3396 4597 3592 4663 fuisse;
3639 4612 3797 4653 eum-

493 4677 876 4752 dairteixxxtt]
901 4677 1133 4732 nationis
1149 4676 1410 4746 periculo,
1432 4690 1487 4732 et
1502 4678 1697 4734 volens
1710 4678 1776 4733 ad
1796 4679 2087 4736 Dominum

491 4774 775 4831 orationes
804 4786 931 4827 suas
962 4769 1191 4825 fundere
1219 4785 1317 4839 pro
1343 4770 1517 4826 salute
1550 4771 1739 4841 ipsius,
1772 4789 1889 4827 cum
1932 4777 2091 4845 depo-

492 4866 678 4919 suisset
716 4862 1034 4917 humilitatis
1071 4876 1233 4916 cnusa
1281 4872 1441 4916 vestes
1504 4864 1671 4933 regias
1699 4902 1812 4932 ....,
1863 4882 1956 4936 pro
1997 4882 2095 4918 utt-

497 4958 700 5030 gttentis
735 4956 912 5018 rariis,
944 4956 1112 5008 cinere
1140 4963 1187 5007 et
1214 4964 1436 5009 stercore
1465 4957 1697 5025 implevit
1726 4971 1879 5027 caput
1896 4975 1915 5024 ;
1944 4959 2092 5014 unde

496 5063 695 5123 sponte
727 5053 995 5119 sequitur,
1039 5050 1182 5121 quod
1222 5066 1346 5104 cum
1380 5051 1467 5104 die
1496 5052 1676 5114 tertia,
1712 5064 1831 5121 post
1854 5052 2001 5108 fusis
2028 5054 2093 5108 ad

498 5146 789 5202 Dominum
821 5158 1033 5214 preces,
1066 5141 1276 5195 aditura
1315 5152 1461 5196 ESsel
1517 5158 1723 5213 rt'gcttt,
1756 5154 1811 5197 ut
1842 5161 1965 5199 eum
2001 5161 2096 5214 pro

498 5236 1129 5310 pepulodeprecaretur,
1155 5234 1385 5301 ideoque
1413 5237 1671 5306 regalibus
1689 5238 1886 5292 iterum
1916 5240 2096 5294 induta

495 5339 648 5390 esset
676 5329 1016 5395 vestimentis,
1051 5337 1211 5397 prout
1239 5329 1291 5382 in
1323 5338 1495 5392 textu,
1524 5331 1699 5400 capite
1728 5348 1783 5399 γ,
1819 5333 1871 5397 1,
1913 5335 2095 5403 [aciem

495 5425 736 5499 priurum
766 5423 947 5477 laverit
965 5437 1114 5475 suam
1144 5421 1399 5476 sordibus
1424 5438 1491 5476 ex
1515 5424 1688 5491 capite
1718 5424 2098 5483 decidentibus

494 5517 855 5585 inquinatam,
890 5523 944 5569 et
969 5524 1118 5585 caput
1152 5514 1347 5582 ipsum,
1381 5527 1611 5567 excusso
1654 5514 1840 5572 cinere
1866 5527 1920 5572 et
1951 5526 2090 5573 ster-

490 5621 648 5675 core,
679 5605 955 5678 anguentis
987 5604 1151 5657 variis
1176 5603 1244 5657 de
1289 5618 1437 5657 more
1467 5603 1781 5674 delibuetit,
1814 5620 1977 5679 prout
1999 5626 2088 5667 ac-

490 5698 775 5755 cedentem
801 5698 867 5753 ad
893 5697 1038 5767 regis
1064 5694 1260 5750 solium
1285 5694 1527 5765 reginam
1556 5694 1801 5755 decebat.

566 5788 697 5854 Qua:
720 5786 791 5844 de
806 5788 1046 5843 Juditha:
1069 5795 1230 5856 atque
1251 5783 1499 5843 Estheris
1522 5787 1674 5845 libris
1695 5789 1749 5846 in
1769 5788 2085 5853 Chromatio

2190 4681 2428 4753 demque
2459 4685 2734 4754 baptismo
2772 4703 2968 4756 reapse
3002 4689 3336 4760 indiguisse,
3360 4691 3485 4759 quia
3515 4691 3635 4746 sine
3668 4706 3797 4761 pce-

2191 4784 2314 4830 cato
2338 4790 2459 4831 esse
2491 4792 2599 4832 non
2631 4788 2879 4849 poterat;
2908 4781 3025 4836 sive
3064 4781 3169 4837 hoc
3196 4782 3264 4839 de
3303 4794 3528 4852 peccato
3565 4782 3799 4855 originis

2188 4883 2441 4923 aSserere
2470 4870 2862 4936 voluerit,sive
2889 4873 2958 4927 de
2982 4884 3209 4944 peccato
3239 4876 3428 4947 aliquo
3459 4877 3661 4932 actuali
3685 4891 3798 4948 quo

2192 4963 2506 5018 Praecursor
2533 4966 2696 5020 etiam
2748 4966 2963 5023 Domini
3017 4968 3316 5026 obstrictus
3359 4986 3483 5028 esse
3530 4971 3792 5043 potuerit.

2194 5053 2417 5124 Singula
2448 5056 2748 5113 videamus.

2266 5147 2527 5204 Sanctum
2556 5149 2823 5206 Joannem
2858 5151 3160 5222 Baptistatn
3202 5169 3232 5208 a
3282 5154 3505 5210 Christo
3554 5154 3793 5212 Domino

2198 5240 2526 5313 baptizatum
2555 5246 2746 5311 fuisse,
2765 5259 2957 5318 aperte
2978 5258 3239 5304 asserunt
3264 5249 3411 5305 inter
3436 5250 3628 5306 Patres
3649 5249 3796 5307 Crte-

2194 5347 2290 5387 cos
2328 5346 2549 5391 sanctus
2586 5336 2890 5424 Gregorius
2943 5338 3319 5397 Nazianzenus
3371 5341 3634 5397 Oratione
3680 5341 3789 5410 39,

2198 5443 2318 5499 pag.
2345 5430 2470 5492 655.
2497 5433 2633 5489 edit.
2666 5433 2842 5490 Paris.
2868 5436 3032 5501 1609,
3060 5446 3117 5493 et
3149 5439 3289 5494 inter
3317 5437 3542 5495 Latinos
3571 5447 3791 5494 sanctus

2196 5521 2534 5594 Augu-ttnus
2569 5525 2834 5584 Sermone
2863 5531 2989 5595 295,
3028 5529 3055 5602 §
3092 5531 3179 5596 12,
3216 5531 3351 5586 edit.
3387 5532 3789 5588 Maurinornm.

2194 5615 2402 5689 Negant
2431 5629 2609 5677 tamen
2631 5663 2645 5687 ,
2678 5634 2770 5679 aut
2807 5624 2996 5679 saltem
3026 5624 3314 5693 dubitant,
3347 5638 3569 5683 sanctus
3617 5626 3791 5683 Joan-

2192 5727 2290 5768 nes
2319 5712 2742 5787 Clu-ysttstomus
2771 5719 2822 5773 in
2846 5718 3157 5774 Matthaeum
3189 5720 3412 5777 homilia
3437 5722 3535 5787 19,
3562 5729 3789 5778 sanctus

2189 5803 2553 5880 Hieronymus
2604 5812 2654 5867 in
2701 5822 2863 5881 caput
2900 5812 3200 5883 ttcjusdem
3252 5815 3526 5884 Matthaei,
3566 5823 3789 5895 sanctus
