4172 6182
368 223 477 279 275

1632 229 2010 289 PlhEFATIO
2046 231 2389 290 EDITORIS.

3573 252 3679 307 274

365 343 643 399 Maximus
668 344 1020 400 Tauriuensis
1054 344 1277 400 hontilia
1306 346 1395 410 3|,
1423 360 1542 416 quae
1571 354 1656 401 est
1675 347 1739 401 de
1763 345 1970 419 Baptis-
1998 353 2043 410 Λ
2074 350 2264 405 matris
2288 350 2604 421 loquuntur,
2633 364 2690 408 ut
2714 354 2934 411 dubium
2969 358 3173 413 nullum
3205 362 3527 432 relinquant,
3551 366 3679 434 quin

364 454 450 492 mo
482 436 709 505 Christi,
739 440 792 503 3,
837 454 960 509 pag.
997 438 1100 505 92,
1144 438 1459 493 novissimae
1490 439 1746 493 editionis
1779 440 1976 495 Itoma-

362 546 484 594 me,
518 532 739 599 aiiiquc.
786 531 893 586 lies
920 540 1029 595 est,
1053 548 1173 598 qum
1204 532 1257 586 in
1284 541 1570 601 utramque
1604 539 1813 600 partem
1846 534 1972 587 abs-

361 638 471 693 que
503 624 719 695 piaculo
756 623 1017 694 disputari
1066 632 1275 695 potest;
1324 624 1447 679 licet
1482 626 1817 693 probabilius
1858 624 1969 679 l‘or-

362 724 518 771 tasse
578 716 857 781 videatur,
909 732 1122 770 necnon
1182 716 1510 786 Evangelico
1555 722 1719 772 textui
1755 719 1973 772 confor-

362 806 538 871 mius,
593 808 767 879 ipsum
818 822 1035 879 quoque
1080 808 1375 875 Baptistam
1415 823 1444 862 a
1494 808 1711 863 Cbristo
1742 810 1971 864 Domino

363 896 700 966 baptizatum
738 900 906 955 luisse
948 900 1128 954 statim
1170 915 1234 955 ac
1276 902 1392 968 ipse
1438 902 1695 956 eumdem
1729 904 1971 971 baptiza-

363 1003 545 1056 verat;
577 991 656 1046 uti
706 993 941 1047 maxime
988 1008 1053 1048 ex
1099 992 1208 1047 illis
1248 992 1432 1048 verbis
1476 994 1720 1060 ejusdem
1754 995 1969 1049 Domini

366 1085 430 1140 ad
462 1085 793 1154 Raptis-tam,
837 1086 949 1139 sine
996 1087 1185 1151 modo,
1232 1086 1467 1141 Mattluei
1510 1101 1592 1149 ut,
1638 1088 1727 1153 15,
1770 1088 1968 1157 quibus

366 1178 723 1247 responderat
751 1178 817 1233 ad
859 1178 1155 1249 Baptistam
1186 1180 1361 1249 ipsum
1392 1180 1664 1234 dicentem
1684 1222 1698 1242 ,
1732 1180 1840 1251 Ego
1866 1192 1970 1236 ate

366 1275 519 1329 debeo
556 1272 846 1344 baptizari;
891 1274 1005 1339 uti,
1049 1273 1304 1343 inquatn,
1353 1288 1419 1329 ev
1453 1273 1636 1328 verbis
1681 1274 1787 1327 illis
1833 1289 1969 1329 non-

363 1368 455 1423 nul
481 1366 499 1421 i
527 1366 889 1437 [interpretum
912 1365 1355 1436 deprehendunt.
1378 1366 1554 1421 Partis
1578 1365 1792 1419 interim
1820 1364 1967 1420 al‘lir-

363 1462 611 1525 mativze,
640 1460 709 1516 de
739 1460 1067 1529 baptismate
1095 1475 1123 1513 a
1155 1459 1365 1515 Joanne
1394 1468 1650 1529 suscepto
1679 1476 1709 1515 a
1747 1458 1966 1515 Christo

367 1555 620 1620 Domino,
654 1564 779 1625 post
808 1553 1208 1610 Nazianzenum
1250 1564 1417 1621 atque
1442 1554 1806 1625 Augustinum
1828 1594 1843 1618 ,
1874 1568 1963 1608 as-

362 1660 629 1705 sertorem
690 1646 957 1702 habemus
1011 1648 1174 1703 etiam
1236 1645 1613 1702 Chromatium
1673 1658 1958 1703 nostrum:

364 1745 507 1812 quod
539 1742 743 1796 dixisse
774 1739 1025 1796 sufﬁciat.

422 1835 502 1887 ‘At
523 1832 800 1903 quomodo
822 1831 1097 1901 indigebat
1117 1839 1338 1886 sanctus
1358 1830 1595 1886 Joannes
1616 1831 1963 1900 baptismate,

363 1928 481 1997 quia
506 1927 617 1981 sine
640 1936 849 1996 peccato
879 1942 989 1980 esse
1016 1942 1115 1979 non
1143 1936 1363 1992 poterat,
1394 1935 1453 1979 ut
1477 1927 1550 1979 ait
1576 1925 1965 1980 Chromatius?

362 2018 523 2073 Aliud
581 2034 817 2088 namque
866 2027 949 2072 est
996 2018 1323 2084 baptizatum
1365 2016 1628 2072 Joannem
1685 2016 1880 2081 fuisse;
1912 2024 1967 2071 et

362 2109 509 2165 aliud
540 2109 812 2181 baptismo
865 2108 1186 2179 indiguisse.
1238 2108 1346 2165 Lex
1395 2108 1645 2177 baptismi
1687 2108 1966 2162 christiani

365 2199 607 2256 nandum
639 2210 764 2255 tunc
807 2202 909 2255 lata
956 2198 1132 2254 fuerat
1160 2217 1171 2251 :
1202 2200 1531 2270 quinimtno,
1562 2208 1849 2269 antequam
1879 2199 1963 2253 lex

364 2290 671 2355 huiusmodi
704 2311 732 2347 a
763 2292 984 2348 Christo
1013 2292 1315 2354 diceretur.
1350 2290 1591 2361 Baptista
1617 2290 1728 2360 jam
1762 2300 1965 2362 martyr

357 2392 689 2438 exceSSt-rat.
720 2385 758 2437 Α
796 2390 1020 2453 peccato
1049 2397 1181 2437 vero
1212 2380 1440 2451 originis
1471 2395 1662 2436 omnes
1699 2391 1825 2436 tunc
1873 2380 1965 2435 Ju-

359 2474 483 2543 daei,
507 2492 603 2530 seu
632 2492 727 2545 per
755 2487 1036 2543 parentum
1071 2475 1237 2529 ﬁdem
1260 2474 1311 2529 iu
1344 2474 1660 2539 Venturum,
1686 2489 1781 2529 seu
1801 2473 1962 2529 etiam

362 2584 460 2640 per
489 2569 981 2631 circumcisionem,
1008 2568 1409 2624 mundabantur
1434 2586 1446 2622 :
1479 2567 1619 2621 unde
1647 2572 1821 2621 altero
1852 2567 1961 2620 sal-

363 2670 469 2716 tem
497 2675 563 2714 ex
590 2660 673 2714 bis
692 2659 865 2715 modis
886 2660 1202 2716 mundalum
1219 2661 1329 2729 jam
1359 2661 1450 2714 ditt
1482 2659 1648 2715 fuisse
1671 2660 1962 2729 Baptistatu

362 2754 431 2808 ab
446 2754 696 2822 originali
720 2754 859 2818 labe,
876 2768 1034 2824 quam
1052 2754 1104 2807 in
1120 2755 1472 2823 conceptione
1486 2762 1852 2815 cootraxerat,
1874 2767 1964 2805 ne-

362 2862 453 2901 mo
477 2846 1112 2916 negaverit.Quatnquatn
1124 2848 1261 2917 ,quis
1274 2849 1435 2901 etiam
1454 2847 1644 2901 dixerit
1666 2847 1746 2900 his
1758 2845 1961 2902 eisdem

364 2937 886 3012 [sxxt\]iudiguisse
906 2940 1179 2994 veteribus
1199 2938 1372 2993 modis
1387 2938 1649 2993 Joannem
1668 2939 1961 3007 Baptistam

364 3041 428 3086 ut
472 3048 502 3085 a
552 3033 669 3087 labe
714 3032 940 3100 originis
972 3031 1347 3096 mundaretur,
1381 3046 1503 3085 cum
1537 3032 1743 3102 Spiritu
1786 3039 1964 3083 sancto

2076 443 2168 497 tali
2201 446 2489 499 sanctitate
2521 457 2645 501 tunc
2667 446 2807 502 idem
2855 448 3015 503 fuerit
3063 452 3347 522 perfusus,
3377 471 3497 525 qum
3527 460 3676 513 omni

2074 536 2307 605 antiqua!
2332 539 2787 607 pra-Varicationis
2812 541 2931 595 labe
2958 544 3204 612 protinus
3232 546 3404 615 ipsum
3444 549 3674 603 munda-

2075 629 2234 683 verit.
2274 650 2292 682 ‹
2328 632 2520 685 Sancta
2554 645 2667 686 erat
2710 634 2890 687 anima
2924 635 3069 690 Beati
3102 638 3361 704 Joannis;
3402 649 3455 695 et
3501 642 3678 698 adlmc

2076 720 2127 774 in
2152 722 2338 777 matris
2363 733 2515 777 utero
2540 724 2743 790 clausa,
2764 736 3098 797 venturaque
3126 730 3176 783 in
3211 732 3469 786 mttudum
3486 776 3500 795 ,
3524 736 3675 804 quasi

2073 826 2172 881 per
2198 814 2547 883 experientiae
2589 830 2807 871 seusmn
2840 818 3049 873 sciebat
3093 837 3213 891 qua:
3260 824 3420 879 Israel
3457 828 3678 894 ignora-

2072 904 2163 960 bat
2193 924 2205 959 :
2239 924 2257 957 ι
2296 908 2363 960 ita
2391 907 2676 978 Origenes,
2716 910 2943 965 humilia
2975 912 3042 967 10
3082 916 3133 966 ἰιι
3176 914 3375 970 Lucam
3409 934 3422 969 :
3452 934 3472 969 ‹
3506 917 3673 972 Joan-

2072 1012 2261 1051 nes....
2294 998 2385 1053 ille
2408 998 2586 1053 divina
2617 1001 2789 1069 gratia
2819 1002 2998 1057 adlmc
3041 1005 3091 1058 in
3139 1016 3294 1061 utero
3342 1010 3531 1063 matris
3570 1010 3674 1063 im-

2070 1089 2246 1159 pletus
2278 1109 2290 1145 :
2331 1110 2349 1143 ›
2380 1091 2451 1145 ita
2493 1104 2714 1148 sanctus
2744 1094 3046 1165 Cyprianus
3072 1098 3301 1167 epistola
3344 1100 3433 1162 75,
3466 1100 3534 1154 ad
3582 1099 3680 1155 Ju-

2068 1181 2345 1247 baianum,
2377 1199 2543 1253 prope
2568 1184 2751 1240 linem.
2794 1187 3048 1242 Concinit
3095 1197 3320 1245 sanctus
3346 1193 3677 1247 Athanasius

2069 1289 2322 1330 sermone
2351 1277 2407 1339 4,
2436 1286 2627 1331 contra
2660 1277 2897 1333 Arianos
2920 1321 2934 1346 ,
2966 1292 3187 1334 sanctus
3216 1280 3446 1351 Cyrillus
3485 1282 3677 1338 Hiero-

2068 1370 2427 1441 solymitauus
2471 1371 2742 1426 catechesi
2788 1373 2843 1433 5.
2875 1384 3098 1428 sanctus
3124 1374 3444 1430 Ambrosius
3468 1377 3607 1432 libro
3637 1392 3676 1433 ιι

2068 1460 2122 1515 in
2151 1461 2385 1527 Lucam,
2438 1474 2659 1518 sanctus
2702 1465 2969 1519 Maximus
3017 1466 3370 1521 Taurinensis
3420 1483 3674 1524 sermone

2067 1552 2158 1619 56,
2204 1556 2257 1608 in
2290 1554 2452 1608 natali
2499 1556 2673 1609 sancti
2716 1554 2945 1611 Joannis
2968 1558 3002 1613 5
3024 1598 3038 1621 ,
3075 1572 3197 1627 pag.
3226 1558 3354 1620 554,
3382 1559 3674 1627 prtecitatte

2066 1647 2338 1714 editionis,
2384 1657 2605 1701 sanctus
2659 1646 2957 1719 Gregorius
3005 1649 3230 1719 Magnus
3276 1649 3557 1704 Mora'ium
3609 1651 3672 1704 li-

1997 1745 2045 1806 Β
2073 1737 2170 1793 bro
2192 1754 2274 1804 tu,
2299 1754 2419 1807 cap.
2450 1736 2502 1791 5.
2529 1738 2783 1793 Omnium
2812 1756 2943 1795 vero
2972 1750 3283 1796 sanctorum
3310 1740 3528 1795 Patrum
3552 1756 3673 1797 sen-

2071 1847 2189 1887 sum
2217 1833 2284 1886 de
2310 1832 2533 1887 Joannis
2579 1833 3008 1889 sanctiﬁcatione
3050 1834 3103 1888 in
3148 1843 3303 1889 utero
3346 1836 3531 1890 matris
3562 1850 3674 1889 uta-

2069 1924 2519 1994 guilicentissime
2570 1927 2841 1994 expressit
2888 1923 3074 1996 [xxxv]
3123 1926 3315 1979 beatus
3356 1926 3550 1981 Petrus
3578 1927 3679 1980 Da-

2070 2017 2287 2071 miauus
2315 2032 2576 2071 sermone
2614 2017 2662 2081 1,
2704 2018 2773 2071 de
2819 2028 3011 2071 sancto
3049 2017 3261 2071 Joanne
3305 2017 3571 2085 Baptista,
3603 2018 3676 2072 ita

2069 2108 2301 2178 loquens
2334 2126 2345 2161 :
2383 2127 2401 2160 ι
2437 2107 2723 2164 Neminem
2750 2124 3004 2178 umquam
3034 2110 3351 2163 mortalium
3384 2114 3524 2163 intra
3560 2126 3675 2164 ma-

2072 2211 2220 2255 terna
2246 2203 2455 2255 viscera
2478 2204 2873 2256 sanct.licatum
2901 2202 3155 2271 legimus,
3184 2214 3382 2271 praner
3404 2200 3670 2257 Juanuem

2071 2295 2370 2363 Baptistam
2400 2308 2452 2349 et
2482 2294 2799 2349 Jeremiam.
2830 2294 2938 2351 Sed
2984 2295 3145 2365 longe
3195 2298 3375 2349 tninor
3418 2294 3674 2351 Jeremia:

2070 2385 2453 2450 sanctiﬁcatio,
2498 2401 2660 2455 quam
2704 2384 2953 2440 Joannis.
3002 2385 3095 2440 Ille
3146 2385 3368 2453 quidem
3418 2387 3469 2439 in
3519 2398 3675 2441 utero

2070 2482 2261 2535 matris
2283 2481 2654 2534 sauctilicatus
2695 2492 2802 2542 est,
2839 2480 2926 2533 hic
2957 2480 3204 2548 repletus
3229 2478 3437 2547 Spiritu
3471 2478 3674 2533 Sani-to

2070 2574 2239 2629 fuisse
2293 2574 2661 2643 cognoscitur.
2716 2573 2887 2627 Multo
2936 2576 3136 2643 quippe
3184 2573 3543 2627 excellentius
3590 2583 3677 2628 est

2068 2664 2276 2735 Spiritu
2324 2678 2513 2717 saneto
2561 2664 2782 2733 repleri,
2816 2678 2978 2731 quam
3018 2662 3369 2716 sanetilieari.
3404 2662 3479 2716 lbi
3525 2664 3672 2717 enim

2068 2757 2428 2812 sanetilicatio
2464 2757 2929 2819 emundatiom-m,
2975 2756 3063 2810 hic
3096 2756 3332 2825 repletio
3362 2756 3675 2811 inundatio-

2070 2867 2193 2906 nem
2226 2851 2424 2920 signat.
2460 2849 2703 2918 Denique
2728 2860 2783 2903 et
2829 2848 3102 2918 Apostoli,
3132 2850 3221 2914 qui
3268 2848 3517 2902 ntauibus
3556 2849 3672 2904 snis

2070 2954 2442 2999 tractaverunt
2469 2944 2535 2997 de
2566 2943 2734 2996 verbo
2768 2943 2927 3007 vitae,
2961 2957 3084 2994 cum
3116 2940 3378 3009 Spll‘illllll
3421 2954 3668 2995 sanetum

2068 3038 2406 3107 accepissent
2432 3037 2501 3091 de
2529 3034 2830 3090 Salvatoris
2856 3033 3041 3087 afﬂatu
3060 3073 3075 3098 ,
3103 3038 3189 3086 vix
3218 3032 3669 3102 quinquagesimo

360 3125 590 3192 repletus
616 3126 778 3194 fuerit
799 3124 974 3179 adhuc
996 3141 1062 3179 ex
1087 3134 1231 3178 utero
1259 3125 1435 3178 matris
1459 3140 1598 3187 sure,
1623 3124 1699 3177 uti
1726 3122 1963 3192 Angelus
1990 3138 2036 3200 ο
2068 3145 2097 3181 a
2129 3128 2570 3183 ResurrectiOuis
2593 3125 2680 3181 die
2710 3126 2776 3180 ad
2801 3126 2952 3179 illum
2983 3124 3207 3193 gradum
3234 3133 3528 3194 potuerunt
3552 3139 3674 3192 per-

364 3217 583 3275 Gabriel
624 3218 903 3275 Zacharim
938 3218 1086 3272 Patri
1118 3217 1513 3288 pra-nunciavit
1534 3256 1549 3281 ,
1581 3215 1743 3270 Luem
1773 3232 1822 3280 ι,
1858 3215 1965 3269 15ἳ

436 3310 691 3365 Nonnulli
720 3310 939 3377 quidem
982 3320 1295 3364 sanctorum
1337 3308 1555 3362 Patrum
1588 3308 1838 3361 dubitare
1862 3306 1965 3362 fisi

363 3412 522 3466 sunt,
552 3419 680 3457 nutu
714 3417 776 3458 ea
798 3401 1241 3456 sanctiﬁcationis
1268 3402 1438 3471 gratia
1476 3414 1579 3469 qua
1613 3400 1663 3453 in
1695 3414 1848 3453 un-ru
1873 3415 1968 3453 cu-

362 3498 605 3550 mutatus
653 3492 750 3549 fuit
791 3491 1062 3559 Joannes,
1102 3493 1533 3564 regenerationis
1560 3492 1724 3546 etiam
1767 3493 1963 3557 fuerit;

360 3601 473 3659 qua
495 3587 741 3641 nimirum
757 3586 1007 3641 abSIerso
1028 3585 1258 3654 originis
1280 3587 1414 3639 vitio
1440 3592 1658 3639 renatus
1682 3582 1967 3637 iuChristo

362 3683 435 3736 sit
455 3723 470 3746 ,
500 3680 589 3748 qui
616 3681 666 3735 in
698 3681 865 3735 Adam
891 3680 1120 3734 carnalis
1151 3679 1528 3748 concep'ionis
1559 3678 1676 3747 lege
1721 3685 1967 3731 ﬂltll‘llJllS

363 3784 501 3831 erat.
530 3774 676 3829 Inter
706 3774 803 3827 hos
837 3783 921 3828 est
944 3787 1163 3827 sanctus
1201 3775 1531 3839 August‘nus
1569 3772 1620 3823 in
1644 3771 1869 3840 epistola
1899 3772 1968 3824 ad

366 3864 705 3930 Dardanum,
754 3864 877 3929 187,
922 3864 996 3918 al.
1037 3864 1126 3925 57,
1179 3880 1325 3918 nutu.
1377 3864 1437 3918 3|
1498 3872 1553 3917 et
1601 3862 1699 3926 3‘2,
1752 3878 1965 3917 neetton

364 3969 585 4013 sanctus
612 3956 918 4013 Betnardus
940 3958 1170 4025 epistola
1206 3957 1329 4019 174,
1355 3972 1473 4023 ιιιιτη
1501 3967 1583 4009 est
1605 3957 1675 4008 ad
1694 3956 1969 4010 canonicos

367 4046 755 4119 Lugdunenses,
786 4049 943 4117 cujus
976 4050 1139 4102 etiam
1167 4049 1325 4102 verba
1361 4049 1567 4102 referre
1597 4048 1745 4102 libet.
1788 4068 1805 4099 ι
1839 4047 1971 4101 Cer-

366 4142 607 4201 tissime.
658 4143 864 4212 inquit,
918 4140 1152 4211 Spiritus
1193 4152 1449 4204 sanctus,
1499 4159 1657 4211 quem
1711 4144 1966 4211 replevit,

366 4234 745 4289 sanctilicavit.
777 4236 1047 4288 leet'uut
1089 4244 1358 4304 quatenus
1398 4236 1662 4289 ad~ersus
1707 4237 1969 4305 originale

367 4338 646 4396 peccatum
681 4326 796 4381 Itzec
835 4327 951 4395 ipsa
997 4327 1357 4381 sanctilicatio
1386 4328 1652 4393 valuerit,
1706 4327 1821 4382 sive
1871 4343 1969 4397 pro

369 4418 473 4474 i5to
517 4420 733 4488 (sancto
770 4418 1025 4489 Joanne),
1075 4421 1189 4473 sive
1228 4435 1328 4490 pro
1368 4420 1640 4486 Jeremia,
1686 4420 1800 4475 sive
1848 4420 1967 4490 quis

2070 3223 2281 3283 venire.
2309 3231 2367 3275 ut
2402 3221 2679 3275 diceretur
2704 3219 2774 3273 de
2804 3219 2884 3272 eis
2916 3236 2928 3270 :
2961 3215 3168 3284 Repleti
3194 3227 3313 3270 sunt
3344 3233 3518 3271 omnes
3550 3217 3676 3287 Spi-

2069 3316 2175 3368 ritu
2211 3324 2407 3368 saaclo.
2461 3314 2525 3367 Et
2568 3313 2693 3366 licet
2733 3311 2971 3381 Spititus
3018 3318 3240 3364 sanctus
3292 3310 3509 3379 largiori
3547 3320 3673 3363 tunc

2071 3424 2296 3462 munere
2334 3407 2672 3462 credentium
2721 3404 2889 3459 corda
2943 3406 3273 3475 repleverit;
3332 3407 3435 3457 hoc
3490 3415 3670 3457 tamen

2069 3500 2307 3555 Joannes
2338 3501 2532 3569 legitur
2566 3500 2618 3551 in
2649 3510 2805 3551 utero
2834 3510 3142 3558 assecutus,
3175 3495 3319 3565 quod
3352 3495 3669 3564 Apostolica

2070 3595 2337 3649 celsitudo
2379 3592 2596 3646 tandem
2648 3591 2880 3659 longiori
2915 3588 3273 3658 permiSsione
3310 3589 3485 3656 potuit
3530 3586 3673 3642 obti-

2071 3702 2223 3742 nere.
2262 3706 2279 3738 ι
2318 3687 2393 3739 Ita
2416 3697 2634 3739 sanctus
2662 3683 2857 3737 Petrus
2883 3684 3198 3735 [)amiauus.
3230 3680 3461 3734 Peecato
3491 3684 3672 3745 ilathO

2072 3780 2319 3846 originis,
2350 3794 2457 3848 quo
2495 3776 2897 3831 mumlabautur
2944 3774 3182 3835 Ilebra-i,
3224 3786 3318 3825 seu
3370 3787 3464 3838 per
3506 3772 3667 3825 iidem

2074 3884 2356 3944 parentum
2406 3873 2460 3924 in
2524 3870 2856 3931 Venturum,
2908 3882 3003 3921 seu
3052 3881 3146 3935 per
3198 3865 3667 3918 circumcisiouem

2074 3969 2216 4038 (qme
2247 3965 2355 4019 duo
2384 3964 2576 4019 Joanni
2614 3963 2838 4017 minime
2866 3959 3203 4029 dt'fut'rnnl),
3236 3974 3332 4027 per
3368 3956 3672 4012 sanctiﬁcaw

2073 4060 2275 4113 tionem
2308 4056 2579 4127 pra-cipue
2609 4056 2660 4109 in
2701 4065 2856 4108 utrro
2887 4054 3075 4107 matris
3106 4066 3407 4121 acceptam,
3442 4050 3673 4104 infit-tua

2074 4146 2191 4214 ipse
2221 4160 2344 4198 esse
2373 4160 2477 4197 non
2525 4152 2737 4212 poterat
2767 4156 2888 4195 cum
2940 4158 2967 4192 ιι
3006 4139 3223 4193 Christo
3275 4138 3501 4191 Domino
3527 4147 3675 4192 esset

2075 4238 2451 4306 baplimudus,
2487 4247 2545 4290 ut
2576 4237 2676 4291 hac
2703 4236 2770 4289 de
2797 4251 2959 4289 causa
3002 4249 3068 4287 co
3104 4233 3431 4301 baptismate
3460 4232 3669 4299 indige-

2074 4339 2159 4385 ret
2186 4348 2197 4383 :
2222 4329 2527 4383 certissime
2554 4327 2697 4381 enim
2732 4334 2971 4390 constat,
3018 4340 3125 4377 non
3157 4338 3317 4393 pos~e
3347 4336 3672 4391 quemquam

2075 4425 2362 4479 sanctitate
2380 4423 2594 4488 donlri,
2626 4422 2896 4491 simulque
2916 4420 3168 4486 originali
3204 4431 3428 4486 peccato
3459 4418 3626 4471 teneri
3656 4433 3671 4472 :

369 4513 505 4568 alius
541 4515 701 4568 simili
735 4525 1042 4579 prreventus
1070 4523 1152 4567 est
1184 4521 1380 4583 gratia,
1426 4528 1533 4568 non
1571 4522 1779 4567 temere
1810 4513 1965 4569 dixe-

2077 4521 2168 4576 l)ei
2194 4536 2289 4590 per
2314 4518 2539 4587 gratiam
2565 4516 2687 4570 ami
2713 4532 2801 4569 um
2829 4514 2965 4573 lieri.
2992 4514 3263 4578 simulque
3294 4528 3388 4579 per
3409 4510 3674 4580 originale

371 4606 493 4661 rim.
526 4605 905 4660 S'~ncttﬁcal0s
954 4614 1130 4659 tamen
1186 4620 1292 4659 non
1336 4604 1698 4659 dubitaverim
1744 4604 1962 4671 dicere,

370 4713 505 4768 quos
532 4697 674 4752 Deus
696 4698 1047 4751 sanctiticavit
1068 4738 1082 4761 ,
1105 4704 1161 4752 et
1184 4712 1308 4751 cum
1332 4697 1521 4752 eadem
1542 4697 1968 4753 sanctiﬁcatione

372 4789 639 4860 prmliisse
660 4787 934 4853 exutero‘,
964 4804 1123 4857 qttam
1170 4798 1502 4855 acceperunt
1542 4790 1594 4843 iu
1646 4799 1837 4843 utero:
1868 4803 1968 4843 nec

370 4892 614 4946 reatum,
656 4898 817 4953 quem
873 4882 924 4935 in
974 4884 1328 4951 conceptione
1375 4890 1699 4947 traxerunt,
1731 4885 1968 4937 valuisse

371 4977 642 5033 ullatenus
668 4977 859 5031 horum
891 4976 1052 5029 natali
1078 4977 1189 5043 jam
1215 4976 1472 5031 donatam
1506 4977 1836 5045 prmpedire,
1870 4990 1967 5029 seu

372 5071 663 5139 pra-ripere
694 5068 1145 5122 benedictionem.
1188 5069 1443 5122 Attamen
1489 5068 1612 5137 quis
1638 5067 1781 5122 dicat
1807 5085 1820 5120 :
1845 5067 1966 5135 Spi-

370 5161 476 5215 ritu
504 5163 706 5215 Saucto
730 5160 997 5227 repletmn
1031 5174 1251 5214 manere
1278 5159 1455 5215 adhuc
1492 5160 1667 5214 ﬁlium
1695 5158 1969 5213 nihilomi-

371 5267 474 5305 nus
505 5252 622 5313 ine,
652 5259 708 5305 et
752 5251 796 5304 si
836 5250 971 5304 mori
1005 5251 1057 5305 in
1099 5260 1253 5305 utero
1294 5252 1645 5321 contigisset,
1698 5267 1818 5304 cum
1868 5254 1967 5307 bac

374 5341 708 5413 plenitudine
754 5340 989 5411 Spiritus
1036 5356 1225 5410 paruas
1272 5343 1527 5397 luiturum
1575 5343 1967 5397 damnatimtis?

376 5434 575 5491 Durum
606 5443 711 5491 e-t.
734 5434 949 5489 Minime
971 5446 1149 5489 tamen
1176 5436 1346 5490 ausim
1364 5477 1380 5501 ,
1407 5435 1530 5490 hinc
1555 5435 1825 5505 quidpiam
1851 5452 1970 5492 mea

375 5529 643 5584 sententia
676 5527 928 5582 delinire.
970 5546 988 5577 ›
1027 5528 1153 5583 ΙΙωε
1182 5537 1402 5583 sanctus
1432 5529 1753 5583 Bcrnardus.

445 5622 665 5677 Plurimi
698 5620 1054 5675 nihilominus
1080 5630 1388 5675 sanctorum
1423 5621 1637 5675 Patrum
1668 5622 1805 5676 adeo
1836 5636 1974 5691 prte-

369 5715 513 5771 clare
553 5713 623 5769 de
665 5711 886 5768 Joannis
933 5711 1189 5783 Baptista:
1232 5711 1667 5769 sanctiﬁcatione
1715 5713 1770 5769 in
1816 5728 1974 5769 utero

2072 4618 2381 4682 peceatum,
2412 4606 2506 4661 ira:
2541 4608 2714 4660 lilium
2746 4619 3070 4667 remanere;
3101 4600 3298 4653 divinae
3329 4612 3531 4652 uatum
3557 4614 3677 4666 par-

2073 4702 2291 4771 ticipem
2331 4699 2481 4760 fieri,
2514 4698 2785 4765 simulque
2826 4694 3045 4750 diabolo
3081 4691 3396 4759 mancipari.
3436 4690 3561 4743 llam
3591 4689 3669 4743 fu-

2074 4796 2189 4849 sius
2225 4791 2365 4861 aptul
2416 4789 2593 4843 virum
2626 4787 2986 4842 clarissimum
3033 4783 3292 4837 JacUbum
3349 4780 3673 4851 Hyaciutum

2072 4890 2260 4957 Serry.
2292 4882 2721 4945 Exercitationes,
2748 4889 2878 4940 etc.,
2911 4878 2973 4929 de
3000 4874 3201 4929 Christo
3226 4874 3434 4942 ejusque
3471 4870 3679 4940 Virgine

2078 4982 2268 5043 Matre,
2300 4976 2691 5031 exercitatione
2716 4972 2808 5032 ⁸28,
2839 4986 2984 5024 unm.
3020 4968 3088 5022 10
3126 4977 3180 5021 et
3226 4966 3313 5031 Η,
3363 4963 3505 5017 unde
3538 4979 3680 5016 nou-

2083 5072 2227 5127 nulla
2258 5084 2471 5133 eorum,
2511 5081 2632 5136 qum
2671 5064 2930 5126 diximus,
2964 5058 3192 5112 mtttuati
3223 5072 3429 5110 sumus.
3468 5055 3605 5109 Ilinc
3633 5053 3686 5109 si

2081 5161 2431 5220 Cltromatius
2465 5169 2655 5213 noster
2680 5155 2943 5211 Joannem
2977 5151 3275 5220 Baptistam
3322 5147 3504 5204 aiebat
3539 5146 3681 5199 iudi-

2080 5255 2265 5325 guisse
2294 5250 2643 5319 baptismate,
2670 5248 2789 5317 quia
2815 5246 2927 5298 sine
2948 5254 3155 5313 peccato
3184 5255 3294 5293 esse
3318 5256 3419 5293 non
3446 5245 3680 5309 poterat;

2080 5346 2187 5402 hoc
2233 5343 2381 5398 illum
2431 5354 2772 5411 nequaquam
2825 5337 3029 5390 duxisse
3073 5332 3349 5388 fatendum
3398 5342 3515 5391 est,
3552 5325 3679 5395 quia

2081 5439 2381 5508 Baptistam
2412 5433 2664 5502 originali
2696 5429 2908 5485 macula
2935 5429 3114 5484 adhuc
3144 5424 3395 5481 crederet
3429 5423 3556 5488 inqu
3582 5432 3684 5471 na-

2081 5542 2228 5595 tum;
2262 5530 2356 5585 sed
2389 5530 2565 5598 potius
2594 5528 2739 5597 quia,
2774 5532 2833 5579 ut
2870 5522 3056 5587 homo,
3094 5520 3212 5574 sine
3242 5517 3417 5583 aliqua
3451 5508 3681 5565 acutulis

2083 5624 2257 5691 culpae
2290 5622 2411 5675 labe
2440 5633 2547 5673 non
2576 5628 2713 5673 erat.

2154 5690 2345 5782 Neque
2373 5712 2477 5766 hoc
2498 5709 2719 5779 quidem
2747 5704 3021 5761 sanctitati
3052 5699 3185 5756 tanti
3206 5695 3311 5750 viri
3339 5690 3688 5762 adversatur,
