4172 6182
468 262 572 313 279

1537 259 1593 311 S.
1636 255 2084 311 CHItOMA'l‘lUS
2124 255 2235 309 El’.
2280 253 2775 322 AQUILElliNSIS.

3668 254 3775 310 230

469 376 558 431 illa
625 377 897 442 solemni,
958 377 1219 446 Conﬁteor
1274 376 1460 438 dicta,
1514 386 1567 426 et
1628 383 1758 429 ante
1810 371 2071 427 Euchari-
2099 373 2329 439 Agrave
2357 379 2508 435 esset,
2558 380 2646 423 aut
2672 367 2851 422 saltent
2881 384 3037 438 grave
3080 386 3187 421 esse
3214 369 3577 437 formidarent,
3616 373 3773 435 prout

465 469 585 523 stite
612 468 979 535 sumptionem
1008 482 1224 536 semper
1266 466 1528 530 adhibita,
1581 468 1729 535 viget
1777 465 2069 519 institutio.

542 559 790 613 Diximus
840 574 1004 628 porro
1056 561 1315 628 antiquos
1369 557 1612 623 Fideles,
1656 556 1940 628 quotidie,
1977 567 2071 611 aut

471 661 623 707 certe
666 653 1113 719 frequentissime
1153 654 1651 718 communicantes,
1678 669 1785 707 non
1831 668 2065 707 consue-

469 745 615 798 visse
662 744 1067 798 eottfessiunem
1096 743 1551 798 S‘Icrﬂltteltlﬂil'm
1592 743 2073 811 pr:emittere,nisi

470 837 647 904 aliquo
688 848 897 905 peccato
934 854 987 890 se
1027 838 1301 890 obstrictos
1330 838 1613 903 aliquando
1639 838 1907 900 sentirent,
1935 836 2071 905 quod

471 946 627 1000 grave
682 941 832 994 esset,
867 941 954 984 aut
1003 932 1179 984 saltem
1212 949 1366 1003 grave
1408 948 1517 984 esse
1559 933 1920 1003 formidarent.
1960 931 2073 986 Hoc

474 1038 606 1077 vero
652 1031 709 1077 ut
764 1026 1104 1093 compertius
1137 1026 1313 1079 adlmc
1352 1024 1466 1088 fiat,
1496 1027 1661 1080 alium
1694 1024 1941 1095 ejusdem
1965 1026 2071 1097 Cy-

476 1120 649 1187 priani
685 1119 938 1189 superius
959 1120 1161 1173 laudati
1187 1120 1363 1174 locmn
1391 1120 1671 1175 all'erimus
1697 1135 1759 1174 ex
1785 1120 1904 1188 ejus
1935 1119 2074 1173 libro

478 1212 540 1265 de
572 1210 774 1282 Lapsis,
809 1228 928 1281 pag.
969 1212 1069 1267 t86
1092 1212 1387 1281 pratcitatrc
1417 1212 1697 1267 editionis.
1730 1211 1840 1266 Eos
1864 1211 1951 1266 hic
1977 1211 2075 1264 ob-

473 1306 700 1374 jurgans
748 1315 969 1358 Satictus
1025 1307 1335 1374 episcopus,
1366 1306 1456 1376 qui
1499 1308 1663 1359 nimia
1711 1306 2073 1375 quorumdam

483 1399 859 1452 ministrorum
909 1398 1169 1453 facilitate
1214 1416 1276 1454 ac
1323 1402 1659 1471 benignitate
1692 1400 1931 1470 decepti,
1970 1400 2074 1454 Eu-

480 1489 796 1543 ebaristiam
831 1492 1081 1559 accipere
1116 1508 1222 1545 non
1258 1494 1587 1547 verebantur
1634 1494 1839 1562 absque
1873 1494 2072 1562 prievia

481 1596 543 1635 ac
573 1583 784 1651 publica
808 1587 1151 1654 poenitentia,
1180 1587 1302 1640 licet
1338 1601 1527 1641 recens
1550 1597 1741 1641 essent
1761 1590 1811 1641 in
1840 1587 2073 1641 Deciana

480 1676 872 1743 persecutione
902 1687 994 1729 aut
1042 1678 1288 1747 sacri/itii
1318 1690 1409 1731 aut
1454 1679 1617 1733 libelli
1648 1679 1866 1748 publico
1914 1689 2076 1749 atque

2174 463 2425 532 superius
2456 463 2861 517 asserebamus.
2908 464 3084 532 Atque
3113 460 3229 514 ha-c
3275 460 3343 515 de
3372 460 3568 529 insigni
3599 457 3776 513 Chro-

2177 558 2322 613 matii
2356 558 2496 621 loco,
2530 557 2618 612 ubi
2649 556 2966 624 quotidiana:
2996 565 3089 611 aut
3128 565 3276 612 certe
3318 554 3775 624 frequentissime

2174 651 2439 707 Fidelinm
2490 650 2927 715 Communioais,
2956 666 3022 705 eo
3052 658 3302 718 tempore
3340 650 3392 703 in
3437 647 3777 719 Aquileiensi

2174 761 2391 816 quoque
2418 746 2657 800 Ecclesia
2693 745 2949 816 vigentis,
2974 760 3155 798 sermo
3184 744 3437 798 habetur.

2248 840 2476 893 Textum
2528 853 2671 891 nunc
2710 840 2876 891 alium
2906 838 3081 890 sancti
3109 836 3414 891 Chromatii
3450 835 3607 890 nobis
3637 834 3780 890 indi-

2176 941 2261 985 cat
2290 930 2605 994 Ceillierns,
2630 931 2722 1000 qni
2750 930 2815 983 ad
2841 930 3248 984 matrimonium
3282 928 3513 997 pertinet
3541 944 3556 993 ;
3589 927 3781 997 cujus-

2176 1040 2283 1095 que
2308 1034 2599 1094 propterea
2630 1024 2733 1078 hoc
2764 1024 2867 1076 loci
2894 1023 3211 1077 meminisse
3235 1022 3381 1092 leges
3413 1020 3662 1092 quzcdam
3694 1020 3777 1075 ci-

2180 1118 2317 1173 viles
2362 1132 2529 1186 super
2552 1116 2883 1171 matrimonii
2934 1125 3274 1185 argumento,
3319 1129 3441 1184 quae
3488 1113 3779 1183 pra-teritis

2179 1213 2331 1268 hisce
2356 1216 2516 1267 annis
2545 1213 2596 1266 in
2617 1211 2791 1267 Gallia
2815 1209 3251 1279 conditm,atque
3276 1209 3381 1264 huc
3409 1223 3624 1279 quoque
3654 1222 3778 1262 mox

2178 1305 2380 1368 allatae,
2406 1320 2511 1358 non
2553 1304 2670 1358 sine
2699 1303 3019 1373 gravissima
3053 1301 3338 1372 religionis
3361 1300 3559 1370 injuria
3590 1314 3644 1353 ct
3686 1301 3782 1354 hoc

2181 1412 2376 1450 norum
2423 1397 2664 1449 omnium
2702 1395 3078 1464 indignatione
3106 1393 3488 1459 obtinuerunt,
3516 1407 3616 1446 nos
3645 1406 3782 1460 quo-

2180 1491 2471 1546 dammodo
2518 1490 2822 1559 impellunt.
2856 1488 3060 1543 Textns
3102 1490 3285 1558 itaque
3314 1498 3398 1542 est
3420 1487 3580 1556 hujus
3612 1486 3780 1541 modi.

2188 1604 2206 1638 t
2246 1584 2365 1655 Ipse
2389 1584 2537 1639 enim
2589 1583 2901 1654 (DomintIS)
2947 1581 3060 1636 ait:
3097 1579 3249 1648 Quod
3298 1598 3419 1652 ergo
3481 1580 3619 1633 Deus
3662 1596 3784 1634 ron-

2171 1678 2353 1747 jttnxit
2374 1678 2426 1730 in
2450 1677 2799 1742 ununt,ltomo
2823 1692 2922 1728 non
2945 1685 3244 1742 separet....
3280 1686 3471 1744 aperte
3498 1671 3657 1745 ικιιι]
3688 1672 3785 1727 dc-

480 1768 704 1823 imtnani
750 1770 994 1825 facinore
1040 1772 1251 1839 polluti,
1288 1774 1488 1840 quique
1530 1789 1558 1826 a
1614 1772 1810 1827 diaboli
1853 1774 1984 1835 aris,
2019 1783 2077 1826 ut
2108 1761 2155 1820 Β
2184 1779 2515 1830 monstrans,
2551 1785 2674 1823 cum
2727 1778 2916 1823 eontra
2949 1767 3038 1821 Dei
3094 1782 3256 1838 agere
3296 1766 3650 1826 voluntatem.
3694 1762 3784 1835 qui

484 1861 601 1930 ipse
631 1862 836 1927 aiebat,
862 1874 1191 1930 revertentes,
1225 1866 1293 1917 ad
1325 1864 1579 1919 Sanctum
1611 1866 1817 1919 Domini
1847 1864 2077 1921 sordidis

478 1964 525 2008 et
565 1956 771 2025 infectis
803 1956 985 2009 nidore
1035 1960 1271 2011 manibus
1311 1960 1601 2023 accedunt;
1648 1959 1770 2012 illos
1815 1974 1844 2013 e
1890 1969 2078 2013 eontra

481 2059 604 2114 pag.
640 2046 740 2100 190
788 2048 1017 2099 mirifice
1064 2048 1269 2112 laudat,
1307 2066 1325 2099 ‹
1361 2049 1452 2117 qui
1485 2049 1860 2121 qnamvis(en
1914 2052 2076 2104 verba

481 2138 635 2193 illius
658 2139 814 2205 digna
854 2140 1068 2211 notato)
1099 2142 1190 2209 qui
1232 2144 1483 2211 quamvis
1514 2144 1665 2197 nullo
1696 2146 1956 2198 sacrificii
1987 2154 2081 2199 aut

478 2233 648 2287 libelli
695 2231 941 2287 facinore
987 2236 1291 2295 constriCti,
1327 2235 1589 2302 queuiam
1628 2245 1810 2290 tamen
1863 2236 1929 2290 de
1976 2241 2079 2293 hoc

478 2327 566 2381 vel
598 2326 1000 2396 cogitaverunt,
1032 2327 1136 2381 hoc
1186 2328 1363 2394 ipsum
1414 2330 1556 2398 apud
1608 2329 1928 2385 sacerdotes
1984 2330 2077 2385 Dei

480 2422 733 2475 dolenter
788 2430 843 2476 et
892 2421 1220 2488 simpliciter
1276 2421 1625 2485 confitentes,
1660 2424 2079 2493 exornologcsin

476 2515 831 2569 conscientia
885 2514 1318 2579 faciunt,animi
1373 2516 1454 2568 sui
1512 2515 1725 2584 pondus
1772 2525 2076 2585 exponunt,

478 2607 774 2662 salutarem
833 2607 1101 2661 medelam
1148 2605 1280 2679 [xu]
1328 2609 1508 2676 parvis
1569 2607 1693 2662 lieet
1741 2618 1795 2661 et
1850 2608 2080 2663 modicis

477 2700 798 2753 vulneribus
828 2700 1143 2767 exquirunt.
1176 2718 1194 2749 ι
1235 2699 1313 2752 En
1342 2700 1505 2769 igitur
1527 2701 1801 2770 graviora,
1828 2711 1879 2755 et
1911 2701 2081 2756 maxi-

479 2806 567 2846 me
621 2792 857 2861 pnblica,
917 2791 1151 2856 delicta,
1208 2807 1330 2861 quae
1390 2808 1419 2845 a
1462 2792 1865 2848 Communione
1928 2809 2079 2848 arce-

476 2883 631 2947 bant,
667 2884 843 2938 donec
869 2884 1239 2949 confessione,
1267 2892 1323 2939 et
1352 2887 1667 2954 ptenitentia
1704 2888 1868 2941 etiam
1899 2887 2077 2957 publi-

473 2990 562 3042 ca,
597 2991 696 3045 pro
744 2992 934 3030 eorum
975 2979 1266 3046 gravitate,
1300 2988 1696 3047 purgarentur;
1727 2994 1793 3032 en
1842 2979 2077 3045 leviora,

476 3085 653 3139 eaque
688 3070 853 3123 etiam
915 3071 1158 3134 oeculta,
1209 3086 1331 3137 qua!
1382 3068 1837 3126 Communionem
1893 3072 2075 3141 quoti-

2185 1864 2593 1918 matrimoninm
2621 1878 2649 1915 a
2680 1862 3053 1930 lleojunclum
3088 1860 3277 1914 illicita
3308 1859 3531 1914 divortii
3565 1872 3788 1929 Separa-

2185 1958 2329 2011 tione
2381 1964 2654 2009 temerare
2687 1954 3117 2023 pra‘snmpserit.
3156 1950 3310 2007 Unde
3351 1967 3456 2005 tton
3504 1951 3782 2020 ignorent,

2182 2063 2342 2119 quam
2366 2062 2531 2115 grave
2561 2045 2706 2113 apud
2738 2045 2904 2099 Deum
2941 2044 3310 2098 damnationis
3359 2041 3568 2097 crimen
3594 2041 3783 2094 incur-

2159 2140 2433 2208 rant,qni
2457 2154 2553 2209 per
2572 2138 2888 2193 effrenatam
2923 2137 3165 2191 libidinis
3190 2136 3521 2205 voluptatem
3553 2134 3784 2206 (absque

2184 2232 2557 2290 fornicationis
2586 2235 2772 2302 causa)
2803 2231 3046 2285 dimis~is
3074 2230 3358 2292 nitoribus,
3381 2228 3434 2282 in
3459 2228 3563 2281 alia
3601 2228 3786 2279 volunt

2183 2328 2417 2384 transire
2473 2325 2746 2395 eonjngia.
2781 2324 2932 2392 Quod
2966 2323 3173 2378 idcirco
3212 2338 3270 2376 se
3299 2321 3535 2376 credunt
3566 2321 3784 2388 impune

2182 2421 2554 2485 committere,
2579 2420 2702 2489 quia
2738 2419 2993 2471 humanis
3025 2428 3079 2471 et
3107 2416 3297 2470 sa’cnli
3321 2415 3531 2484 legibus
3560 2412 3611 2466 id
3640 2411 3786 2465 vide-

2184 2524 2271 2569 tur
2297 2513 2648 2584 permissum,
2680 2512 2990 2566 nescientes
3021 2512 3072 2564 in
3105 2510 3210 2565 hoc
3237 2525 3295 2564 se
3312 2511 3528 2579 gravius
3566 2521 3627 2561 ac
3668 2520 3781 2559 ma-

2181 2609 2263 2680 gis
2285 2608 2626 2678 delinquere,
2658 2606 2782 2675 quia
2829 2604 3096 2658 humanas
3144 2602 3293 2671 leges
3338 2600 3538 2655 divinis
3589 2597 3781 2667 pra-fe-

2184 2709 2348 2764 rant;
2376 2708 2433 2753 ut
2474 2698 2617 2768 quod
2666 2697 2912 2750 illicitum
2962 2696 3103 2749 Deus
3149 2709 3271 2749 esse
3324 2691 3626 2754 constituit,
3659 2689 3780 2744 ideo

2185 2793 2391 2848 licitttm
2443 2791 2695 2856 credant,
2722 2791 2845 2859 quia
2889 2789 2956 2843 ab
2985 2787 3204 2842 homine
3232 2788 3303 2840 sit
3335 2784 3503 2840 libere
3550 2784 3778 2854 permis-

2184 2901 2359 2940 sum.»
2392 2884 2466 2938 Ita
2496 2896 2718 2938 sanetus
2769 2882 3139 2944 Chromatius,
3186 2888 3415 2933 tractatu
3446 2877 3498 2932 in
3532 2878 3631 2930 liae
3661 2875 3779 2930 edi-

2186 2980 2337 3034 tione
2388 2979 2479 3043 10,
2533 2992 2680 3031 num.
2718 2976 2767 3028 1.
2803 2975 2946 3029 Duas
2993 2973 3153 3028 habet
3196 2983 3380 3042 partes
3435 2969 3523 3024 hic
3556 2978 3775 3024 textus:

2184 3070 2414 3138 primam
2461 3084 2677 3140 nempe,
2703 3066 2754 3121 in
2780 3082 2885 3137 qua
2914 3066 3237 3135 simpliciter
3264 3064 3486 3133 exponit
3514 3061 3775 3116 Chroma-

471 3158 692 3214 dianam
724 3163 949 3216 minime
998 3162 1395 3230 impediebant,
1419 3163 1513 3217 sed
1558 3164 1626 3217 de
1655 3164 1854 3231 quibus
1880 3163 2077 3217 nihilo-
2103 3141 2153 3207 (ἶ
2185 3163 2290 3219 tius
2318 3161 2628 3217 Servatoris
2658 3162 2831 3215 nostri
2862 3159 3162 3213 doctrinam
3198 3154 3433 3210 Mattluei
3468 3169 3519 3217 v,
3551 3154 3641 3219 5t,
3666 3151 3773 3206 32:

474 3253 680 3318 minus,
712 3254 782 3306 ob
812 3255 887 3307 rei
925 3264 1261 3307 moinentnm
1300 3265 1353 3308 et
1378 3254 1448 3306 ob
1480 3263 1785 3323 temporum
1814 3254 2077 3310 acerbita-

475 3358 608 3414 tem,
657 3347 757 3402 sibi
810 3353 1139 3417 quandoque
1188 3348 1488 3403 Christiani
1538 3348 1615 3401 illi
1672 3349 1840 3402 anxio
1894 3349 2075 3403 animo

474 3440 815 3499 metuebant.
842 3450 894 3493 et
919 3454 1152 3509 quorum
1183 3454 1344 3493 causa
1389 3439 1507 3495 sine
1537 3440 1908 3509 exomologesi
1939 3456 2075 3495 con-

475 3532 723 3587 scientize
753 3531 819 3584 ad
861 3531 1316 3586 Communionem
1346 3532 1610 3587 accedere
1640 3547 1748 3586 non
1779 3533 2071 3588 audebant.

546 3624 651 3680 Sed
683 3624 827 3677 aliud
861 3624 927 3676 ad
967 3625 1217 3678 eamdem
1274 3640 1388 3679 rem
1441 3626 1817 3680 illustrandam
1871 3638 2076 3696 prtesto

474 3726 559 3770 est
588 3726 1025 3777 momtmentum,
1058 3715 1202 3785 quod
1235 3717 1301 3769 ad
1356 3716 1527 3784 ipsam
1556 3716 1858 3772 Chromalii
1900 3721 2074 3775 noSIri

472 3818 685 3879 spectat
734 3818 992 3877 mtatem;
1053 3811 1283 3881 ideoque
1331 3812 1555 3866 minime
1602 3813 2069 3882 prtetereundum.

473 3901 629 3972 Apud
657 3903 843 3956 divum
887 3903 1157 3970 siquidem
1206 3904 1599 3970 Augustinum,
1644 3906 1767 3960 loco
1824 3907 2072 3977 superius

473 3994 649 4047 relato
680 3993 927 4059 epi~tolae
958 3994 1129 4061 ipsius
1155 3994 1224 4045 ad
1253 3994 1609 4063 inquisitiones
1646 3994 1911 4063 Januarii,
1947 4014 2071 4067 pars

472 4100 538 4141 ea
587 4085 1059 4150 Christianorum,
1124 4102 1244 4154 quae
1296 4088 1672 4156 quotidianum
1725 4090 2070 4146 eucharistite

472 4196 631 4235 usum
662 4181 1102 4244 commendabat,
1132 4179 1397 4234 adversus
1426 4190 1632 4249 partem
1665 4183 1919 4249 alteram,
1949 4200 2069 4253 qua:

470 4288 584 4330 non
631 4273 1008 4344 quotidianum
1058 4274 1238 4343 potius
1266 4317 1279 4339 ,
1336 4274 1411 4327 uti
1465 4274 1724 4339 vidimus,
1756 4276 2065 4343 suadebat;

466 4384 593 4440 pars
619 4384 704 4435 ea,
740 4369 984 4434 inquam,
1016 4383 1079 4421 et
1106 4368 1381 4422 communi
1412 4368 1599 4437 procul
1630 4370 1796 4425 dubio
1829 4380 1959 4427 tunc
1991 4372 2069 4427 vi-

467 4473 628 4533 gente
660 4461 997 4532 probataque
1053 4461 1324 4526 doctrina,
1356 4463 1407 4517 in
1439 4466 1727 4519 sententia:
1760 4480 1872 4520 sure
1919 4466 2067 4521 favo-

2182 3255 2296 3325 Ego
2318 3265 2492 3307 autem
2530 3253 2645 3306 dico
2666 3254 2804 3305 vobis
2832 3269 2851 3307 :
2878 3252 2999 3322 quia
3027 3250 3195 3303 omnis
3243 3250 3328 3318 qui
3366 3247 3616 3301 dimiserit
3648 3260 3777 3299 uxo-

2178 3366 2287 3403 rem
2316 3365 2484 3411 suam,
2515 3356 2724 3418 excepta
2747 3344 3107 3415 fornicationis
3130 3358 3308 3407 causa,
3339 3341 3464 3411 facit
3506 3356 3619 3394 eam
3654 3354 3775 3392 mat-

2180 3443 2323 3496 cltari
2352 3460 2370 3509 ;
2398 3442 2623 3498 alteram
2652 3455 2801 3505 vero,
2830 3439 2882 3493 in
2914 3453 3015 3508 qua
3040 3452 3138 3491 eos
3164 3437 3363 3505 arguit,
3393 3434 3485 3503 qui
3517 3432 3775 3486 humana-

2178 3553 2299 3592 rum
2342 3537 2519 3603 legum
2569 3542 2856 3604 przetexlu,
2904 3529 3141 3584 divinam
3212 3528 3658 3581 eonstitutioocm
3707 3524 3775 3579 de

2178 3626 2412 3697 conjugii
2441 3625 2704 3695 religione
2758 3623 3061 3687 solvebant,
3092 3620 3293 3689 quique
3322 3618 3446 3671 inde
3474 3618 3636 3672 etiam
3668 3616 3776 3670 cri-

2180 3733 2497 3774 mensuum
2550 3716 2843 3785 augebant.
2876 3714 3019 3783 quod
3056 3714 3204 3781 leges
3258 3712 3519 3765 humanas
3572 3708 3773 3763 divinis

2177 3810 2558 3865 sanctionibus
2584 3810 2942 3863 anteferrent.

2251 3905 2325 3958 De
2349 3904 2517 3973 priori
2544 3902 2703 3971 hujus
2735 3908 2915 3955 textus
2948 3907 3101 3967 parte
3134 3898 3271 3953 nihil
3298 3910 3377 3953 εει
3421 3896 3564 3968 quod
3619 3893 3769 3949 dica-

2179 4012 2318 4051 mus.
2350 3996 2739 4051 Tillemontius
2786 3995 2956 4056 enim,
2989 4002 3153 4064 atque
3184 4002 3309 4062 post
3354 4007 3479 4046 eum
3510 3989 3769 4045 Fontani—

2178 4103 2301 4155 nus,
2330 4098 2385 4144 et
2434 4089 2730 4143 novissime
2779 4103 2995 4157 quoque
3036 4088 3323 4143 Ceillierns
3362 4086 3763 4141 animadverte-

2175 4192 2325 4247 runt,
2357 4196 2696 4251 nequaquam
2738 4181 3109 4235 Chromatium
3163 4178 3359 4233 ibidem
3408 4180 3478 4231 ita
3526 4179 3763 4232 locutum

2174 4276 2365 4343 fuisse,
2408 4291 2472 4331 ac
2519 4279 2563 4330 si
2617 4293 2812 4330 novum
2871 4278 3299 4341 matrimonium,
3344 4274 3566 4330 dimissa
3598 4289 3765 4329 urere

2172 4370 2440 4434 adultera,
2471 4369 2720 4425 contrahi
2755 4385 2915 4440 posse
2964 4370 3340 4433 exi~timaret;
3373 4369 3468 4423 sed
3526 4370 3763 4437 Evange-

2172 4464 2311 4519 lista:
2335 4466 2517 4520 verbis
2570 4464 2703 4519 nihil
2755 4465 2930 4535 ipsum
2979 4464 3273 4525 addidisse,
3306 4461 3437 4516 nihil
3469 4475 3636 4530 super
3664 4461 3764 4512 ttae

464 4568 581 4609 rem
613 4553 816 4619 aiebat,
849 4554 994 4621 quod
1025 4573 1043 4605 ι
1078 4567 1302 4625 peccata
1328 4555 1373 4610 si
1398 4564 1548 4609 tanta
1591 4572 1699 4609 non
1729 4558 1857 4624 sint,
1888 4567 1945 4612 ut
1975 4575 2067 4614 ex-
2091 4532 2147 4593 D
2172 4576 2231 4615 re
2257 4559 2546 4614 sententiae
2573 4573 2684 4612 su;e
2734 4558 3047 4627 protulisse,
3081 4559 3183 4610 hac
3206 4554 3533 4625 qttmstiune,
3561 4552 3628 4607 de
3650 4566 3764 4604 ma-

464 4645 954 4701 communicaudus
981 4648 1213 4717 quisque
1255 4646 1553 4717 judicetur,
1584 4664 1688 4704 non
1735 4664 1795 4704 se
1839 4650 2005 4706 debet
2032 4669 2061 4709 a

461 4740 780 4808 quotidiana
827 4739 1091 4794 medicina
1125 4740 1388 4795 Dominici
1417 4742 1676 4811 corporis
1706 4758 2001 4811 separare;
2038 4766 2053 4797 i

459 4832 605 4899 quod
637 4842 924 4901 propterea
980 4832 1048 4887 de
1099 4833 1357 4903 gravibus
1388 4842 1595 4889 tantum
1619 4878 1633 4900 ,
1665 4836 2056 4908 letalibusqne,

461 4923 537 4976 uti
562 4933 785 4990 vocant,
813 4925 1047 4994 peccatis
1076 4925 1305 4997 intelligi
1330 4927 1513 4991 debet,
1548 4944 1669 4999 quae
1691 4931 1810 4986 sola
1846 4932 2060 4988 confes-

455 5014 668 5071 sionem
727 5018 1174 5072 sacramentalem
1224 5020 1557 5089 exigebant,
1616 5032 1670 5077 ct
1727 5039 1826 5092 pro
1871 5035 2055 5080 reatus

458 5110 624 5165 modo
676 5111 1074 5180 pmuitentiam,
1100 5120 1159 5164 nt
1197 5113 1319 5182 quis
1376 5114 1442 5167 ad
1474 5116 1861 5171 eucharistiam
1898 5134 2055 5174 acce-

453 5201 589 5259 dere
616 5212 804 5273 posset
832 5222 846 5269 ;
876 5204 1021 5258 unde
1047 5206 1234 5271 tiebat,
1259 5206 1402 5276 quod
1434 5210 1747 5277 quotidiana
1779 5211 1865 5265 illa
1892 5211 2050 5266 Com-

451 5299 643 5351 mun‘o
671 5296 985 5352 necessario
1015 5297 1288 5352 interdum
1319 5314 1349 5353 a
1380 5300 1708 5357 Christianis
1740 5303 1848 5357 illis
1876 5303 2049 5359 inter-

448 5389 591 5444 mitti
641 5390 893 5454 deberet,
940 5390 1033 5459 qni
1075 5392 1311 5458 peccatis
1352 5391 1661 5462 hujusmodi
1716 5407 1902 5451 essent
1949 5399 2047 5452 oh-

442 5484 613 5536 noxii.
642 5481 837 5537 Libere
867 5482 1048 5553 itaque
1076 5482 1295 5538 Fideles
1324 5484 1533 5553 antiqui
1558 5485 1623 5537 ad
1652 5500 1862 5540 sacram
1884 5485 2046 5541 Com-

441 5574 758 5627 munionem
781 5614 797 5639 ,
827 5574 911 5628 Vc]
972 5574 1240 5643 qu0tidie,
1274 5576 1356 5628 vel
1398 5584 1547 5629 certe
1574 5574 2039 5646 frequentissime,

434 5665 769 5720 accedebant
808 5668 1017 5738 absque
1064 5667 1451 5721 sacramentali
1497 5667 1888 5737 confessione,
1938 5673 2041 5727 nisi

428 5754 606 5821 aliqua
650 5769 862 5827 peccato
883 5776 938 5813 se
968 5758 1239 5814 obstrictos
1270 5758 1555 5827 aliquando
1600 5762 1868 5827 sentirent,
1898 5766 2039 5833 quod

2170 4654 2428 4709 trimonio
2444 4653 2516 4708 ob
2540 4651 2953 4715 adulterium,si
2984 4651 3190 4715 lubeat,
3221 4649 3589 4712 dissolvendo,
3620 4661 3757 4701 non-

2168 4747 2295 4802 duin
2331 4747 2563 4801 fortasse
2619 4754 2746 4800 tunc
2790 4748 3043 4799 excitata.
3089 4744 3160 4798 De
3213 4743 3383 4798 altera
3422 4756 3551 4797 vero
3605 4751 3760 4811 parte

2166 4839 2411 4895 nonnihil
2428 4839 2669 4893 dicamus
2694 4846 2927 4907 oportet,
2960 4845 3243 4907 postquam
3260 4836 3552 4905 postremis
3572 4832 3757 4889 Gallo-

2164 4932 2313 4987 ltalze
2341 4931 2728 4985 dominationis
2758 4930 2965 5000 legibus
2987 4940 3247 4985 temerata
3277 4927 3604 4983 matrimonii
3626 4943 3752 4982 san-

2162 5026 2322 5079 ctitas
2356 5022 2478 5077 fuit.
2542 5021 2616 5077 De
2666 5022 2925 5092 antiquis,
2958 5037 3053 5077 seu
3113 5037 3353 5076 romana:
3411 5019 3745 5088 reipublicae,

2161 5134 2257 5173 seu
2288 5115 2518 5172 Romani
2538 5115 2745 5183 imperii
2770 5115 2979 5185 legibus
2994 5116 3317 5184 loquebatur
3338 5126 3561 5169 sanctus
3578 5114 3750 5168 ειη-ο⁴

2161 5212 2379 5273 tnatius,
2403 5209 2531 5263 dum
2572 5208 2875 5263 scriberet:
2912 5208 3063 5273 Quod
3100 5209 3298 5263 idcirco
3326 5224 3381 5263 se
3406 5208 3623 5262 credunt
3650 5208 3751 5261 im-

2157 5318 2292 5373 pune
2320 5301 2657 5363 committere,
2705 5300 2829 5369 quitt
2883 5301 3123 5354 Immanis
3148 5312 3197 5355 et
3226 5300 3404 5355 swculi
3453 5300 3651 5371 legibus
3695 5301 3750 5353 id

2158 5394 2357 5449 videtur
2400 5394 2728 5464 permissum.
2762 5392 2857 5447 Hm
2885 5410 3048 5464 porro
3085 5394 3256 5465 leges,
3292 5403 3351 5449 ut
3392 5402 3591 5448 norunt
3641 5392 3749 5447 Ro-

2150 5487 2294 5540 mani
2319 5488 2459 5556 juris
2490 5487 2672 5555 periti,
2702 5487 3033 5541 matrimonii
3089 5488 3416 5542 solutionem
3471 5488 3746 5555 permitte-

2146 5577 2297 5645 bant,
2341 5579 2572 5647 exempli
2600 5579 2797 5649 gratia,
2826 5578 2896 5633 ob
2945 5593 3178 5634 mortem
3218 5595 3437 5650 quoque
3496 5582 3744 5645 civilem,

2144 5690 2243 5729 seu
2270 5675 2537 5740 ttctitiam,
2581 5674 2743 5727 unius
2797 5672 2989 5742 partis,
3016 5674 3193 5742 qualis
3225 5673 3565 5729 intercedere
3590 5673 3743 5729 dice-
3806 5664 3813 5671 ’

2144 5768 2328 5834 batur,
2351 5767 2443 5823 uhi
2473 5767 2594 5836 quis
2626 5766 2680 5820 in
2711 5764 3082 5833 captivitatem
3115 5780 3211 5820 seu
3241 5766 3564 5821 servitutem
3600 5766 3744 5822 redi—
