4172 6182
340 242 440 298 231

1602 232 1971 290 PREFATIU
2012 235 2348 295 EDITURIS.

3538 236 3647 293 282

336 363 566 427 geretur
625 370 640 407 ι
694 352 1077 423 permittebant
1123 352 1288 406 etiam
1346 351 1416 404 ob
1482 348 1940 417 deportationem,
1970 356 2018 417 Α
2047 366 2266 410 sanctus
2296 357 2544 413 Justinus
2571 360 2778 431 Martyr
2807 358 3074 429 Apologia
3104 358 3145 424 l,
3172 371 3325 411 num.
3359 357 3443 418 15,
3469 351 3645 428 [ιιιν]

334 446 499 516 quasi
531 446 853 517 deportatus
880 443 1109 499 eiii-ctus
1156 443 1345 498 fuisset
1374 457 1568 497 servus
1595 458 1789 511 pinnae.
1815 442 1947 497 Pero

336 540 642 595 mittebant
688 539 908 607 insuper
952 537 1282 591 matrimonii
1328 535 1661 589 Solutionem
1694 550 1789 604 per
1825 552 1941 589 tutt-

340 644 498 690 tuum
531 635 762 703 partium
792 646 1119 686 consensum
1154 647 1168 696 ;
1200 647 1320 700 qua:
1371 631 1575 685 solutio
1621 632 1753 684 bona
1779 633 1945 701 gratia

344 728 465 784 fieri
498 726 879 791 dicebatur,ad
902 727 1315 781 distinctionem
1348 727 1578 781 aliarum
1611 728 1941 782 solutionum

340 838 467 894 quin
490 821 813 876 dicebantur
844 820 960 874 ﬁeri
988 836 1053 873 ea:
1082 836 1266 874 causa.
1291 818 1426 874 Cum
1456 820 1601 888 leges
1634 819 1943 889 ltujusmodi

339 916 409 970 ab
437 916 671 971 ethnicis
696 913 1132 969 dominatoribus
1156 911 1331 985 [sun]
1354 914 1625 978 conditas,
1654 914 1744 983 qui
1774 914 1942 969 Deum

341 1023 446 1063 non
474 1017 766 1071 noverant,
819 1008 1122 1061 invenisset
1173 1007 1472 1062 christiana
1504 1007 1693 1075 religio
1738 1010 1789 1061 in
1820 1009 1943 1062 uni-

342 1116 500 1157 verSo
553 1102 803 1155 ltotttano
860 1100 1092 1170 imperio
1146 1100 1417 1169 vigentes,
1446 1100 1732 1155 christiani
1762 1102 1944 1170 gregis

344 1198 723 1253 moderatores
748 1198 799 1251 in
830 1212 895 1251 eo
928 1196 1117 1266 procul
1143 1196 1313 1251 dubio
1354 1197 1448 1250 toti
1479 1195 1720 1261 fuerunt,
1752 1206 1812 1249 ut
1854 1196 1943 1266 qui

342 1290 562 1347 ChriSIo
590 1305 789 1345 nomen
817 1290 1044 1355 dabant,
1068 1290 1257 1345 civiles
1288 1290 1436 1360 leges
1488 1290 1828 1343 matrimonia
1861 1305 1946 1344 re-

344 1387 641 1457 spicientes
690 1387 915 1454 insuper
944 1387 1229 1451 haberent,
1260 1385 1613 1455 divinumque
1644 1383 1943 1438 indissolu-

348 1477 474 1533 bilis
527 1476 857 1531 matrimonii
915 1478 1180 1547 originem
1236 1476 1339 1546 ipsi
1387 1479 1753 1541 intuerentur,
1802 1492 1944 1531 novo

346 1575 533 1636 etiam,
553 1588 617 1627 ea
648 1574 763 1641 ipsa
786 1573 855 1627 de
884 1586 1046 1626 causa
1074 1572 1196 1641 quia
1227 1572 1362 1626 solvi
1391 1588 1496 1625 non
1525 1580 1727 1642 potest,
1750 1570 1944 1625 Sacra-

345 1666 512 1722 menti
536 1666 745 1720 honore
767 1681 795 1718 a
816 1665 1035 1721 Christo
1060 1666 1288 1720 Domino
1318 1667 1670 1720 cumulatum.

2049 465 2173 520 pag.
2217 451 2288 506 52
2332 451 2593 507 editionis
2622 452 2883 507 Manrinte
2915 449 3247 506 Parisiensis
3276 447 3415 504 1742
3439 492 3453 511 ,
3485 446 3647 501 allata

2048 546 2198 614 prius
2229 546 2556 617 Evangelira
2589 546 2675 601 illa
2708 546 2826 616 lege
2848 545 3085 600 Matthrei
3118 561 3150 598 v
3172 586 3187 609 ,
3216 544 3320 609 52,
3362 550 3420 598 et
3442 558 3553 609 xu,
3578 541 3647 597 9:

2050 638 2312 703 Quiducit
2339 640 2668 708 repudiatam
2696 640 2761 693 ab
2777 640 2943 692 altera
2971 638 3102 701 viro,
3130 636 3572 699 ntmcltatur,sctt,
3590 641 3649 689 ut

2048 729 2272 800 Vulgata
2307 741 2496 785 nostra
2531 732 2712 795 habet,
2750 731 2852 798 Qui
2880 731 3153 784 dimissam
3182 730 3411 795 duxerit,
3441 728 3650 782 adultae

2049 833 2128 877 rat
2151 864 2165 891 ,
2199 825 2316 878 sive
2350 823 2635 878 moechatur
2659 867 2673 889 ,
2705 837 2895 892 aperte
2924 825 3171 880 scribere
3202 839 3314 877 non
3347 821 3649 889 metuebat,

2047 916 2192 986 quod
2231 935 2248 968 ι
2285 916 2447 971 etiam
2479 918 2555 982 ii,
2588 917 2679 988 qui
2713 932 2777 971 ex
2811 917 2929 987 lege
2962 916 3196 971 humana
3220 915 3422 985 duplex
3457 913 3649 968 matri.

2048 1010 2286 1065 monium
2317 1010 2508 1065 ineunt
2544 1011 2622 1082 (id
2644 1019 2729 1065 est
2759 1052 2773 1077 ,
2804 1011 2893 1081 qui
2926 1054 2941 1077 ,
2976 1010 3146 1080 prima
3171 1009 3393 1064 dimissa
3426 1022 3595 1062 uxore
3628 1048 3645 1075 ,

2046 1102 2273 1157 alteram
2305 1103 2555 1170 ducunt,
2590 1114 2751 1173 prout
2778 1105 2926 1175 leges
2968 1105 3076 1159 illae
3107 1104 3479 1157 Romanorum
3515 1117 3643 1171 per-

2050 1202 2364 1273 mittebant)
2516 1213 2834 1273 peccatores
2859 1212 2982 1257 sunt
3008 1202 3151 1273 apud
3177 1201 3496 1271 magistrum
3522 1211 3650 1252 nos-

2049 1304 2210 1350 trum.
2259 1315 2279 1347 ι

2121 1387 2199 1442 Ex
2247 1388 2333 1443 his
2392 1388 2571 1459 itaque
2619 1388 2971 1458 intelligimus
3022 1388 3265 1458 priorum
3317 1383 3646 1439 saeculorum

2047 1477 2412 1549 Christianos,
2429 1497 2494 1535 ex
2517 1480 2823 1551 gentilitate
2843 1481 3041 1546 factos,
3064 1478 3241 1549 etjam
3261 1476 3354 1531 diu
3385 1476 3648 1530 Rontaute

2048 1574 2382 1644 legislationi
2412 1586 2685 1642 assuetos,
2711 1575 2959 1645 apprime
2990 1573 3219 1629 edoctos
3247 1588 3277 1626 a
3307 1573 3420 1625 suis
3452 1576 3647 1640 pasto-

2049 1667 2202 1720 ribus
2234 1667 2402 1721 fttisse
2426 1668 2493 1721 de
2529 1667 2814 1721 christiani
2864 1666 3200 1721 matrimonii
3243 1664 3508 1733 dignitate
3538 1703 3553 1727 ,
3584 1676 3649 1716 ac

413 1757 733 1812 Corinthios
758 1769 1043 1829 propterea
1071 1800 1085 1823 ,
1111 1760 1199 1827 qui
1230 1774 1294 1813 ex
1328 1759 1632 1829 gentilitate
1664 1757 1729 1811 ad
1756 1757 1943 1812 Ecclc-
1973 1756 2021 1815 B
2048 1762 2115 1817 de
2138 1764 2425 1833 prtecipnis
2451 1762 2695 1832 ejusdem
2740 1762 2951 1831 legibus
2978 1803 2992 1825 ,
3026 1776 3147 1830 qttte
3172 1768 3325 1814 certe
3354 1773 3477 1812 cum
3508 1756 3649 1827 legi-

343 1849 478 1905 siam
514 1860 778 1904 venerant
805 1891 821 1916 ,
854 1865 921 1906 en
952 1852 1230 1920 quomodo
1260 1865 1423 1921 super
1450 1852 1785 1905 matrimonii
1823 1851 1943 1904 vino

343 1944 468 1999 eulo
498 1959 564 1997 ex
606 1943 812 1998 Christi
860 1944 1074 1999 Domini
1121 1945 1370 1999 doctrina
1398 1987 1412 2009 ,
1443 1958 1634 2000 eontra
1666 1962 1727 2000 ac
1754 1945 1947 2000 civiles

342 2036 689 2089 etlmicornm
721 2036 868 2105 leges
901 2037 1323 2106 permitterent,
1357 2037 1614 2092 mouebat
1652 2038 1947 2105 Apostolus

345 2124 362 2180 Ι
390 2124 509 2180 Cor.
538 2142 641 2191 vn,
674 2127 772 2193 10,
803 2128 899 2182 li:
942 2127 1022 2183 lis
1046 2169 1063 2195 ,
1096 2130 1184 2198 qui
1214 2128 1547 2181 matrimonio
1582 2130 1755 2201 juncti
1777 2137 1896 2181 sunt
1927 2168 1941 2195 ,

346 2224 597 2294 prwcipio
627 2240 726 2277 non
749 2240 847 2295 ego
873 2266 890 2290 ,
934 2226 1027 2280 sed
1069 2224 1323 2280 Dominus
1350 2267 1365 2291 ,
1410 2243 1619 2279 uxorem
1648 2243 1677 2277 a
1708 2228 1814 2279 viro
1844 2241 1946 2277 non

342 2315 604 2369 discedere
623 2332 642 2369 :
671 2319 808 2385 quod
837 2317 883 2370 si
912 2317 1223 2383 discesserit,
1259 2334 1466 2371 manere
1496 2319 1765 2386 innuptam
1793 2359 1807 2381 ,
1856 2326 1946 2370 aut

342 2410 452 2463 viro
478 2426 572 2463 suo
605 2411 953 2465 reconciliari.
987 2408 1057 2465 Et
1084 2411 1159 2465 uir
1174 2428 1387 2466 uxorem
1412 2429 1513 2464 mm
1530 2411 1775 2465 dimittat.
1811 2410 1945 2463 llinc

344 2500 413 2554 ad
457 2502 818 2573 Polycarpum
861 2504 1113 2558 scribens
1157 2504 1325 2560 etiam
1372 2515 1578 2575 martyr
1613 2505 1850 2572 lgnatins
1892 2503 1943 2556 in

346 2611 441 2650 sua
469 2596 700 2665 epistola
732 2602 965 2667 genuina
997 2612 1145 2651 num.
1177 2598 1213 2653 5
1241 2639 1255 2663 ,
1302 2598 1443 2667 apud
1472 2598 1802 2651 Cotelcrium
1840 2595 1945 2647 Pa-

348 2696 449 2741 tres
469 2688 758 2759 Apostolici
785 2688 891 2742 vol.
925 2687 990 2747 ll.
1010 2705 1130 2761 pag.
1156 2689 1251 2752 41,
1285 2703 1450 2759 supra
1474 2689 1655 2743 citata-
1682 2686 1941 2742 editionis

345 2778 879 2836 AmsteIa-dmnensis
909 2780 1073 2844 179.4,
1099 2783 1167 2836 ita
1189 2781 1568 2852 praecipiebat:
1599 2800 1618 2834 ι
1655 2780 1943 2836 Sororibus

347 2875 483 2928 meis
510 2874 701 2941 dicito,
732 2885 783 2928 ut
815 2874 1099 2929 Dominum
1122 2883 1325 2940 ament,
1347 2886 1403 2930 et
1431 2876 1641 2929 maritis
1670 2884 1943 2929 contenta}

349 2967 462 3021 sint
504 2982 664 3024 carne
705 2984 768 3024 ac
811 2970 1032 3040 spiritu.
1083 2970 1351 3025 Similiter
1400 2981 1452 3025 ct
1500 2971 1760 3025 fratribus
1807 2971 1943 3024 meis

349 3063 542 3116 manda
570 3104 583 3127 ,
617 3062 667 3117 in
700 3066 922 3118 nomine
952 3063 1080 3118 Jesu
1121 3064 1324 3119 Christi
1355 3106 1370 3131 ,
1410 3064 1638 3133 diligant
1686 3064 1941 3134 eonjuges

345 3170 473 3209 suas
500 3197 515 3221 ,
567 3157 707 3210 sicut
755 3157 1012 3211 Dominus
1062 3157 1367 3213 Ecclesiam
1523 3159 1689 3213 Decet
1721 3174 1853 3212 vero
1882 3165 1941 3211 ιιι
1970 3142 2014 3205 C

344 3249 527 3316 Sponsi
560 3263 613 3305 et
645 3266 858 3320 sponsre
882 3294 896 3316 ,
938 3252 1004 3305 de
1031 3254 1298 3307 sententia
1328 3253 1573 3321 episcopi
1621 3252 1939 3322 conjugium

341 3341 577 3409 faciant;
611 3360 720 3415 quo
743 3347 942 3413 nuptia:
971 3347 1080 3400 sint
1113 3348 1411 3401 secundum
1440 3348 1810 3416 Dominum,et
1833 3365 1939 3403 non

342 3440 645 3495 secundum
675 3441 1049 3509 cupiditatem.
1092 3461 1110 3493 ι
1146 3442 1202 3497 lu
1228 3442 1758 3513 haneposteriorem
1788 3444 1943 3511 Igna-

339 3531 405 3586 tii
437 3533 762 3587 sententiam
790 3550 855 3587 eu
879 3534 1153 3604 quomodo
1177 3535 1456 3604 eleganter
1476 3536 1755 3603 scripserit
1775 3535 1938 3588 etiam

342 3623 717 3681 Tertulliaous
759 3627 899 3681 libro
944 3644 977 3680 ιι
1029 3628 1093 3680 ad
1128 3627 1387 3691 Uxorem,
1428 3643 1575 3681 nttm.
1616 3627 1683 3680 8:
1723 3649 1743 3683 ι
1784 3626 1940 3682 Unde

343 3717 678 3773 sufﬁciamus
722 3719 786 3774 ad
833 3720 1197 3775 enarrandam
1247 3719 1556 3775 felicitatem
1601 3720 1717 3787 ejus
1749 3720 1939 3772 matri-

346 3815 535 3879 monii,
565 3815 709 3884 quod
741 3815 989 3869 Ecclesia
1017 3815 1293 3880 conciliat,
1324 3824 1379 3869 et
1401 3814 1686 3868 continuat
1714 3812 1938 3877 oblatio,

344 3915 402 3959 et
429 3906 676 3976 obsignat
728 3908 1035 3961 benedictio
1067 3948 1081 3971 ,
1124 3907 1318 3977 Angeli
1369 3905 1686 3961 renuntiant
1716 3947 1730 3969 ,
1779 3905 1940 3959 Pater

344 4009 525 4052 ratum
556 3999 758 4054 habet?
795 4018 814 4050 ι
853 3999 906 4053 lu
938 3998 1404 4054 Constitutionibus
1435 4011 1616 4053 autem
1658 3998 1938 4069 Apostolo-

342 4107 480 4155 rum,
502 4094 657 4162 vulgo
686 4090 963 4147 Clementis
991 4092 1356 4158 Romani,'~sed
1390 4093 1666 4146 veteribus
1692 4091 1799 4144 illis
1822 4092 1941 4160 qui-

343 4183 467 4240 dem
492 4226 509 4251 ,
537 4196 591 4241 et
618 4201 712 4240 sua
741 4188 1065 4241 auctoritate
1092 4186 1333 4253 praeditis
1362 4228 1375 4250 ,
1408 4185 1523 4239 haec
1548 4184 1937 4251 Apostolorum

342 4280 566 4334 nomine
594 4280 793 4334 dictata
824 4280 893 4335 de
924 4279 1252 4334 matrimonii
1286 4295 1426 4333 nexu
1459 4276 1822 4331 indissolubili
1848 4276 1941 4328 ha-

343 4370 542 4426 bentur
583 4373 722 4426 libro
748 4388 799 4426 vt
826 4415 841 4436 ,
872 4388 991 4439 cap.
1031 4373 1097 4426 14
1126 4414 1141 4439 ,
1173 4373 1312 4440 apud
1346 4372 1568 4426 citatum
1607 4370 1937 4425 Cotelerium

347 4461 532 4518 Patres
559 4464 849 4533 Apostolici
876 4465 984 4519 vol.
1013 4465 1057 4530 Ι,
1092 4480 1213 4534 pag.
1246 4466 1353 4519 516
1382 4464 1631 4533 ejusdem
1657 4462 1936 4517 editionis.

2052 1858 2153 1911 hns
2184 1869 2274 1910 aut
2319 1858 2577 1911 Romana:
2608 1856 2927 1925 reipublicae
2970 1864 3057 1909 aut
3090 1851 3304 1923 imperii
3349 1861 3497 1906 stare
3538 1865 3647 1905 non

2053 1960 2322 2022 poterant.
2354 1950 2472 2005 Jam
2505 1951 2639 2005 satis
2673 1950 2837 2019 igitur
2860 1949 3255 2019 apparet.quid
3287 1946 3391 1999 sibi
3420 1943 3651 1998 voluerit

2049 2046 2402 2100 Chromatius
2420 2053 2626 2106 noster,
2646 2043 2775 2096 dum
2796 2058 2907 2096 suae
2926 2041 3104 2095 aetatis
3121 2040 3442 2093 admoneret
3465 2036 3656 2091 Chris-

2052 2140 2225 2192 tianos
2251 2178 2265 2200 ,
2295 2154 2447 2207 quam
2479 2153 2633 2209 grave
2673 2134 2814 2206 apud
2859 2134 3024 2188 Deum
3069 2132 3413 2187 damnationis
3459 2130 3652 2185 crimen

2049 2231 2371 2284 incurrerent
2400 2272 2413 2294 ,
2457 2231 2543 2297 qui
2568 2246 2658 2298 per
2681 2227 2989 2294 eﬂ'renatam
3019 2225 3255 2281 libidinis
3285 2225 3601 2294 voluptatem
3632 2263 3650 2291 ,

2050 2322 2274 2375 dimissis
2306 2322 2556 2375 uxoribus
2584 2361 2597 2385 ,
2627 2321 2681 2373 in
2712 2320 2817 2373 alia
2850 2318 3088 2373 volebant
3118 2316 3342 2371 transire
3366 2315 3649 2385 conjugia;

2049 2424 2096 2469 et
2140 2415 2235 2467 Itoc
2276 2414 2468 2467 idcirco
2508 2430 2563 2465 se
2590 2412 2864 2465 credebant
2893 2413 3104 2480 impune
3132 2411 3450 2463 committere
3477 2448 3491 2471 ,
3526 2408 3650 2476 quia

2050 2510 2291 2562 Immanis
2319 2517 2367 2561 et
2388 2508 2564 2561 δωειιιὶ
2585 2506 2785 2576 legibus
2807 2505 2861 2558 id
2891 2504 3158 2557 ridebatur
3187 2504 3530 2571 permissum;
3560 2515 3651 2553 ne-

2048 2603 2263 2655 scientes
2277 2601 2329 2653 in
2352 2600 2451 2653 ltoc
2473 2616 2525 2653 se
2546 2601 2753 2671 gravius
2782 2615 2841 2651 ac
2867 2600 3033 2667 magis
3055 2596 3379 2665 delinquere,
3400 2594 3523 2663 quia
3549 2592 3651 2646 Itu-

2047 2710 2227 2749 manas
2278 2693 2413 2763 leges
2461 2692 2650 2744 divinis
2701 2690 3081 2761 prirferebant;
3122 2699 3177 2741 ut
3224 2689 3364 2758 quod
3405 2687 3649 2739 iuit-itum

2049 2786 2190 2841 Deus
2220 2802 2331 2839 esse
2361 2784 2626 2838 constituit
2651 2824 2667 2849 ,
2714 2782 2831 2835 ideo
2866 2781 3065 2834 licitum
3095 2780 3359 2833 crederent
3385 2818 3401 2843 ,
3430 2780 3556 2848 quia
3585 2778 3649 2831 ab

2048 2880 2255 2933 homine
2285 2878 2443 2949 fuerit
2471 2876 2629 2930 libere
2652 2875 2979 2946 permissum.
3012 2872 3109 2925 llic
3147 2880 3331 2923 autem
3365 2885 3529 2923 unum
3558 2883 3655 2922 an-

2048 2982 2238 3028 notare
2264 2970 2499 3042 pretium
2524 2970 2710 3039 operis
2736 2966 3159 3021 exi~timamus:
3199 2963 3453 3017 nimirum
3490 2960 3652 3029 paulo

2046 3077 2172 3121 ante
2203 3080 2363 3133 quam
2397 3064 2511 3118 htec
2539 3060 2886 3116 Chromatius
2916 3074 3014 3127 pro
3058 3054 3497 3128 Aquileiensibus
3525 3053 3640 3108 suis

2046 3158 2351 3222 scriberet,
2401 3155 2591 3211 eadem
2621 3152 2910 3209 Mediolani
2960 3150 3217 3204 docuisse
3263 3164 3480 3217 gregem
3533 3146 3637 3200 sibi

2046 3249 2313 3306 creditum
2346 3250 2510 3303 etiam
2541 3246 2843 3302 Chromatii
2874 3244 3107 3299 amicum
3137 3283 3151 3306 ,
3179 3241 3538 3312 ejusdemque
3571 3241 3645 3293 uti

2046 3359 2129 3414 pet
2148 3343 2366 3398 hibetur
2392 3341 2459 3396 ad
2483 3342 2829 3411 episcopatus
2855 3340 3065 3408 apicem
3099 3336 3439 3390 initialotem
3468 3375 3484 3399 ,
3521 3335 3650 3388 Am-

2045 3436 2289 3492 brosium
2320 3435 2637 3505 episcOpnm
2672 3474 2685 3497 ,
2718 3431 2895 3502 quoad
2927 3430 3151 3485 easdem
3178 3428 3455 3482 Romanas
3496 3426 3642 3495 leges

2045 3528 2112 3582 ad
2136 3527 2409 3583 connubia
2436 3526 2771 3592 pertinentes
2795 3540 2809 3587 ;
2835 3538 2957 3593 quae
2976 3564 2990 3587 ,
3024 3530 3223 3590 prteter
3246 3534 3308 3572 ea
3333 3534 3454 3587 qua!
3484 3531 3647 3585 supe-

2045 3622 2158 3675 rius
2177 3618 2619 3675 memorabamns
2644 3658 2658 3681 ,
2688 3615 2792 3669 hoc.
2822 3629 3041 3683 quoque
3078 3624 3265 3665 contra
3296 3611 3535 3664 divinam
3566 3609 3646 3663 le-

2043 3732 2165 3787 gem
2199 3714 2517 3775 habebant,
2566 3720 2623 3765 ut
2654 3709 2907 3764 adulterii
2950 3708 3160 3777 judicio
3210 3722 3316 3759 non
3366 3713 3643 3758 teneretur

2044 3810 2371 3879 conjugatus
2414 3818 2756 3875 cognoscens
2784 3804 3017 3855 solutam
3053 3840 3068 3863 ,
3117 3799 3366 3868 quamvis
3392 3794 3646 3849 adulterii

2044 3906 2274 3960 crimine
2303 3903 2659 3956 damnaretur
2706 3896 2992 3966 conjugata
3040 3893 3277 3948 Solutum
3326 3888 3642 3944 admittens.

2050 4020 2069 4053 ι
2110 4001 2216 4053 Vos
2242 4042 2256 4062 ,
2289 3998 2465 4067 inquit
2491 4038 2505 4057 ,
2541 4008 2739 4050 moueo
2772 3992 2911 4053 viri,
2938 3990 3173 4045 maxime
3201 3986 3293 4057 qui
3320 3985 3387 4039 ad
3412 3984 3645 4055 gratiam

2046 4092 2263 4146 Domini
2294 4088 2539 4150 tenditis,
2576 4102 2685 4140 non
2717 4082 3061 4139 commisceri
3094 4079 3406 4134 adulterino
3428 4077 3644 4147 corpori

2156 4184 2328 4240 Nemo
2352 4182 2455 4237 sibi
2480 4179 2797 4235 blandiatur
2817 4178 2883 4232 de
2905 4177 3115 4246 legibus
3144 4173 3446 4228 hominum.
3475 4170 3648 4225 Omne

2044 4289 2292 4348 stuprum
2323 4273 2657 4329 adulterium
2690 4280 2805 4334 est,
2835 4283 2935 4323 nec
2966 4268 3082 4322 viro
3105 4267 3228 4319 licet
3252 4265 3399 4335 quod
3434 4261 3648 4317 mulieri

2044 4387 2150 4425 non
2186 4371 2334 4423 licet.
2366 4368 2567 4422 Eadem
2596 4381 2624 4418 a
2649 4365 2791 4428 viro,
2817 4378 2937 4432 qum
2962 4363 3029 4415 ab
3057 4374 3249 4421 uxore,
3277 4356 3509 4413 debetur
3530 4370 3649 4409 cas-

2047 4463 2291 4518 timonia.
2338 4460 2612 4531 Quidquid
2665 4460 2716 4512 in
2758 4472 2877 4511 eam
2907 4498 2923 4521 ,
2970 4469 3095 4525 qua:
3128 4468 3234 4507 non
3280 4452 3353 4505 sit
3400 4450 3642 4518 legitima

351 4571 373 4605 ι
400 4555 780 4625 Signiﬁcamus
807 4557 965 4610 vobis
1112 4557 1521 4609 matrimonium
1548 4556 1786 4625 legitime
1811 4571 1941 4607 con-
1968 4534 2023 4595 Ῑ)
2050 4555 2577 4619 uxor,commissnm
2600 4550 2780 4616 fuerit,
2799 4547 3053 4603 adulterii
3080 4546 3375 4599 damnatur
3399 4542 3648 4597 crimine.

346 4647 702 4703 trahendum:
734 4650 839 4704 tale
861 4649 1003 4703 enim
1034 4650 1189 4718 culpa
1221 4658 1410 4713 vacat;
1439 4650 1559 4717 quia
1583 4657 1639 4702 et
1660 4666 1691 4701 a
1716 4646 1941 4701 Domino

344 4752 553 4811 aptatur
581 4760 710 4797 uxor
742 4744 853 4797 viro
1001 4742 1119 4797 Non
1166 4757 1298 4811 ergo
1346 4753 1468 4812 post
1516 4746 1736 4811 nuptias
1781 4744 1942 4796 liceat

345 4835 545 4903 ejicere
593 4836 923 4900 inculpatam
1101 4835 1233 4890 Nam
1287 4836 1549 4890 Dominus
1594 4835 1766 4890 dicit:
1814 4835 1943 4900 Quae

347 4923 487 4983 Deus
502 4931 706 5002 juna‘it,
733 4931 885 4983 homo
913 4946 1015 4984 non
1041 4939 1242 4999 separet
1262 4945 1281 4982 :
1309 4928 1457 4985 Uxor
1487 4929 1941 4999 quippe,ronsors

344 5031 427 5074 est
449 5024 603 5084 vitm,
634 5038 699 5076 ex
724 5022 938 5077 duobus
970 5024 1023 5075 in
1057 5037 1219 5075 unum
1243 5036 1444 5089 corpus
1468 5037 1499 5075 a
1530 5023 1641 5075 Deo
1672 5020 1938 5075 adunata:

344 5113 437 5183 qui
467 5124 650 5170 autem
682 5131 849 5170 unum
893 5130 1080 5169 rursus
1122 5115 1173 5168 in
1219 5113 1328 5168 duo
1361 5113 1569 5168 dirimit
1597 5156 1612 5178 ,
1660 5112 1830 5165 boStis
1859 5119 1944 5165 est

346 5209 643 5263 creationis
673 5208 790 5272 Dei,
816 5218 870 5263 et
895 5208 1097 5262 divina:
1125 5206 1486 5278 providentia:
1514 5206 1882 5260 adverSarins.
1919 5223 1938 5255 ι

350 5299 484 5357 Hinc
511 5313 567 5357 et
591 5303 926 5373 principibus
957 5302 1087 5372 ipsis
1117 5303 1362 5372 paganis,
1386 5300 1701 5354 christiana:
1728 5297 1945 5368 religio-

350 5394 450 5460 ni,
503 5394 732 5451 infensis
767 5438 782 5461 ,
830 5394 1139 5464 Christique
1185 5393 1427 5447 ﬁdelium
1475 5392 1898 5447 inseetatoribus
1930 5433 1945 5457 ,

422 5533 494 5603 (a)
513 5534 609 5589 llic
637 5537 689 5589 in
714 5533 953 5589 editione
975 5548 1136 5600 quam
1161 5528 1768 5593 reeudimus.secnndis
1792 5527 1941 5603 ruris

347 5600 638 5663 interclusa
672 5610 962 5679 sunt,_sine
992 5612 1133 5664 notis
1161 5626 1193 5679 ρ
1213 5606 1499 5679 nginarnm:
1521 5611 1754 5679 quatuor
1786 5600 1937 5679 folia,

346 5693 579 5746 quorum
614 5679 666 5731 in
697 5676 855 5744 primi
898 5675 1079 5729 fronte
1107 5669 1292 5735 notttla
1335 5670 1747 5746 btechabetur:
1787 5688 1804 5719 ι
1846 5669 1946 5723 Pa-

356 5741 494 5816 gina:
520 5764 643 5804 xuv
677 5741 1010 5817 praefationis
1039 5753 1105 5807 ad
1137 5754 1385 5806 sanctum
1416 5741 1943 5808 (lltromattum,post

2049 4648 2197 4717 Ergo
2227 4645 2544 4700 advertistis
2576 4642 2707 4712 quid
2738 4640 2988 4695 debeatis
3031 4654 3229 4692 cavere
3258 4678 3272 4700 ,
3304 4650 3373 4689 ne
3402 4635 3525 4702 quis
3554 4633 3652 4686 Sa-

2046 4742 2343 4797 cramentis
2359 4755 2419 4793 se
2448 4737 2724 4805 indignum
2755 4733 3019 4803 prtebeat.
3050 4751 3067 4778 ι
3094 4731 3166 4785 Ita
3188 4730 3421 4783 Sanctus
3448 4726 3651 4779 Doctor

2045 4837 2115 4892 de
2146 4836 2421 4891 Abraham
2449 4832 2543 4887 lib.
2578 4847 2619 4895 ι,
2654 4844 2775 4898 cap.
2808 4827 2864 4893 4,
2890 4842 3042 4881 num.
3074 4825 3167 4887 25,
3199 4823 3293 4893 qtti
3317 4821 3475 4884 liber,
3496 4818 3649 4888 juxta

2047 4928 2324 4983 Manrinos
2337 4925 2595 4982 editores.
2613 4929 2869 4976 exaratos
2898 4918 2999 4973 fuit
3024 4921 3166 4972 circa
3186 4931 3389 4970 annum
3414 4913 3519 4969 387
3544 4912 3647 4983 (a).

2118 5019 2335 5092 [Atque
2368 5018 2483 5069 ha-c
2514 5013 2731 5082 quidem
2762 5010 2828 5064 ad
2860 5009 3157 5065 Chromatii
3199 5008 3370 5063 nostri
3411 5005 3655 5059 illttStra-

2049 5113 2253 5167 tionem
2279 5106 2573 5169 sulliciunt,
2602 5105 2654 5159 in
2675 5119 2742 5159 eo
2762 5104 2903 5174 quod
2930 5103 3000 5157 de
3017 5102 3368 5156 matrimonio
3386 5098 3651 5154 Christia-

2050 5218 2249 5259 norum
2295 5199 2557 5269 scripsit,
2607 5180 2830 5267 accepta
2879 5213 2943 5250 ex
2996 5194 3233 5251 lectione
3279 5195 3600 5264 Evangelica
3630 5232 3645 5256 ,

2048 5312 2212 5368 quam
2251 5291 2612 5360 eitplanabat,
2644 5290 2954 5346 occasione.
3006 5289 3166 5343 PJura
3208 5287 3564 5343 nihilominus
3592 5293 3651 5337 ut

2051 5388 2141 5443 hic
2168 5386 2429 5441 addamus
2456 5382 2537 5438 rei
2564 5384 2805 5453 gravitas
2839 5383 3043 5453 exigit,
3073 5396 3289 5437 necnon
3321 5380 3483 5433 timor
3510 5389 3648 5444 quo-

2052 5525 2255 5580 lineam
2286 5523 2534 5577 ultimam
2566 5537 2687 5589 qua:
2717 5521 2919 5576 desinit
2960 5522 3013 5575 in
3046 5521 3212 5575 verba
3239 5562 3253 5581 ,
3280 5524 3520 5572 exoratus
3550 5516 3651 5585 fuit

2045 5598 2185 5651 circa
2228 5613 2425 5650 annum
2465 5595 2568 5648 557
2600 5636 2614 5656 ,
2646 5594 2895 5647 addenda
2944 5604 3069 5645 sunt
3106 5607 3229 5655 quze
3257 5599 3580 5652 sequuntur.
3620 5603 3640 5637 ι

2044 5669 2219 5735 Quam
2251 5664 2758 5736 superfuatationem
2791 5665 3004 5719 uncinis
3035 5660 3381 5715 ineludimus.
3430 5656 3588 5712 Ent'r.
