4270 6176
532 227 633 282 287

1561 234 1617 287 S.
1658 232 2109 290 CllROMA'l‘IUS
2145 234 2254 291 ΕΡ.
2299 234 2796 304 AQUILEIENSIS.

3726 242 3833 299 288

522 358 667 412 rum,
699 353 755 400 et
800 344 869 399 ad
917 361 1114 401 annum
1169 347 1399 416 pertinet
1445 346 1574 412 458,
1606 347 1696 418 qui
1728 356 1813 403 est
1838 363 2018 402 annus
2057 347 2127 403 ab
2153 350 2203 411 Λ
2233 349 2341 404 titts
2370 349 2756 422 val‘rorumque
2784 352 3056 423 perversis
3087 353 3334 408 consiliis
3365 352 3702 409 avelluntur.
3737 352 3833 409 His

522 436 787 507 Aquileite
808 437 1020 493 excidio
1041 449 1248 493 sextus.
1275 442 1451 508 Atque
1469 441 1584 495 hinc
1605 456 1820 512 quoque
1835 457 1905 496 ex
1925 441 2123 496 divinze

526 528 660 600 legis
686 529 1026 599 prtescripto,
1048 530 1319 601 simulque
1340 547 1406 586 ex
1429 533 1739 604 evangelica
1764 535 2125 600 institutione,

519 634 707 681 contra
738 640 799 678 ac
829 623 1090 679 Romamn
1134 625 1486 694 rciptthlicm,
1531 627 1872 695 Romanique
1914 628 2128 697 imperii

528 716 700 787 leges,
734 726 1021 786 tantopere
1054 718 1366 787 celebratur,
1399 721 1694 791 aliquando
1716 723 2065 781 sancivermt.

597 808 879 866 Stluerunt
926 822 1110 879 postea
1145 810 1405 867 Romanae
1447 813 1597 884 leges
1642 830 1808 885 super
1838 820 2127 871 matrimo-

531 906 747 961 niorum
775 905 1252 960 dissolvendorum
1277 908 1549 973 libertate,
1570 919 1729 978 atque
1753 918 1879 965 tunc
1898 910 2133 966 maxime

527 1013 655 1055 cum
689 997 988 1053 christiana
1022 997 1233 1069 religio,
1255 999 1564 1054 idololatria
1590 999 1809 1055 tandem
1834 1002 2129 1068 exstincta,

527 1093 582 1148 itt
618 1102 732 1147 toto
782 1094 917 1148 orbe
969 1093 1216 1148 Romano
1244 1092 1361 1149 sola
1389 1092 1582 1163 religio
1608 1093 1729 1149 fuit.
1768 1093 2134 1163 Imperatores

530 1186 637 1257 ipsi
682 1186 966 1241 christiani
1022 1197 1144 1256 post
1186 1184 1606 1241 Constantinum
1657 1186 1928 1257 Magnum,
1967 1187 2132 1243 etiam

528 1280 873 1335 ethnicorum
927 1278 1073 1333 cultu
1128 1279 1444 1349 superstite,
1476 1278 1696 1335 modttm
1748 1279 1985 1349 aliquem
2036 1295 2135 1349 pro

534 1380 841 1441 temporum
890 1372 1103 1425 ratione
1149 1382 1447 1441 posuerunt
1492 1374 1730 1442 antiqua:
1779 1373 2131 1443 rcpudiorum

536 1479 601 1522 ac
631 1466 990 1521 divortiorum
1027 1481 1093 1521 ex
1123 1465 1366 1520 Romana
1400 1465 1740 1536 Iegislalione
1766 1465 2000 1521 licentia:
2034 1481 2135 1520 :ac

534 1556 753 1612 demum
788 1572 854 1610 eo
901 1556 1119 1611 tandem
1161 1563 1459 1625 prostrato,
1491 1557 1637 1624 leges
1666 1557 1800 1627 ipsae
1841 1557 2135 1628 antiquatte

536 1650 778 1716 fuerunt,
802 1651 1243 1721 iurisperitorum
1275 1650 1472 1705 deinde
1500 1651 1817 1715 eruditioni,
1840 1667 1904 1706 ac
1930 1652 2137 1707 littera-

2231 456 2396 513 porro
2420 442 2764 515 miseris,qui
2792 444 3120 499 matrimonii
3162 444 3511 499 sanctitatem
3546 460 3651 499 non
3681 460 3836 499 men-

2235 533 2305 588 tis
2352 533 2644 606 cordisque
2698 536 3075 608 improhitate,
3107 540 3201 592 sed
3242 536 3568 607 deceptione
3594 537 3837 607 correpti

2232 627 2646 695 prostituerunt,
2667 628 2951 698 aptissime
2973 627 3325 684 Chromatius
3346 642 3532 684 noster
3554 628 3657 684 hac
3670 630 3836 685 etiam

2231 729 2391 774 mlale
2433 721 2664 776 dixisset
2701 741 2713 777 :
2750 740 2768 773 t
2810 723 2964 788 Quod
3018 722 3223 779 idcirco
3251 738 3310 779 se
3342 723 3578 779 credunt
3610 724 3836 790 impune

2229 814 2599 877 committere,
2627 814 2752 885 quia
2772 813 3048 879 humanis,
3080 830 3141 870 ac
3164 815 3350 871 surculi
3373 816 3585 885 legibus
3615 816 3668 871 id
3695 816 3840 872 vide~

2234 917 2320 961 tttr
2336 907 2684 977 permissum,
2705 910 3017 965 nescientes
3048 911 3099 965 in
3129 908 3232 963 hoc
3257 927 3316 963 sc
3344 908 3564 979 gravius
3577 926 3640 965 ac
3665 908 3837 980 magis

2232 1000 2579 1071 delinquere,
2609 1003 2735 1073 quia
2767 1002 3034 1057 humanas
3068 1003 3217 1073 leges
3259 1001 3463 1057 divinis
3512 1005 3831 1072 praeferunt,

2236 1104 2291 1148 ut
2323 1093 2465 1162 quod
2516 1095 2765 1148 illicitum
2800 1095 2943 1150 Deus
2984 1109 3107 1149 esse
3138 1093 3443 1161 constituit,
3473 1093 3595 1148 ideo
3625 1094 3838 1149 licitum

2235 1185 2493 1249 credant,
2529 1186 2658 1255 quia
2707 1185 2778 1240 ab
2823 1186 3043 1240 homine
3095 1185 3164 1239 sit
3208 1184 3378 1239 libere
3426 1187 3775 1253 permissum.
3813 1202 3835 1237 ι

2308 1276 2415 1333 Sed
2462 1278 2654 1349 gratia)
2684 1278 2902 1334 tandem
2936 1277 3274 1334 immortales
3302 1278 3412 1332 Deo
3438 1279 3646 1348 optimo
3669 1277 3842 1332 maxi-

2233 1387 2341 1440 mo,
2361 1372 2781 1442 sospitatori,ac
2811 1373 3012 1429 vindici
3034 1358 3556 1443 peragattlur;quod
3587 1373 3834 1442 proxime

2240 1466 2536 1535 praeteritis
2567 1466 2726 1521 annis
2760 1466 2899 1523 l8”
2935 1476 2991 1520 et
3021 1466 3182 1529 1815,
3215 1465 3407 1519 accitis
3434 1464 3487 1519 in
3517 1480 3710 1531 unum,
3739 1477 3842 1519 suo

2237 1556 2426 1613 divino
2449 1558 2695 1625 numine,
2733 1559 2903 1614 semel
2936 1570 2989 1614 et
3022 1558 3219 1613 iterum
3252 1558 3423 1612 totius
3452 1559 3683 1629 Europa:
3705 1558 3840 1613 viri-

2243 1651 2365 1716 bus,
2390 1652 2635 1721 mireque
2662 1652 2967 1722 compactis
3011 1654 3255 1706 omnium
3302 1651 3612 1722 principum
3643 1667 3708 1705 ac
3740 1667 3840 1721 p0-

538 1751 715 1798 torum
769 1744 991 1814 ingenio
1036 1743 1198 1798 unice
1246 1744 1470 1797 relictae.
1500 1742 1630 1797 Post
1661 1743 1890 1798 Romani
1922 1744 2134 1814 imperii
2167 1733 2215 1793 Β
2245 1746 2520 1816 pulorum,
2570 1747 2699 1801 licet
2753 1747 2998 1812 natione,
3032 1746 3235 1815 lingua,
3268 1745 3535 1810 moribus,
3578 1745 3845 1817 religione

538 1848 821 1901 occasum,
850 1849 973 1889 cum
1011 1843 1089 1889 tot
1119 1834 1364 1905 undique
1391 1835 1705 1891 dominatus
1734 1850 1797 1891 ac
1828 1851 1991 1905 regna
2025 1853 2137 1892 sur-

539 1928 806 1990 rexeriut,
855 1925 1088 1996 aliisque
1146 1926 1383 1981 vicissim
1432 1926 1753 1983 cadentibus
1809 1930 2140 1984 emerserint

537 2019 665 2079 alia.
698 2034 929 2088 cumque
972 2036 1037 2074 ex
1074 2018 1320 2072 Romano
1368 2022 1675 2089 prmsertim
1712 2021 1833 2088 jure
1873 2022 2039 2076 veluti
2070 2038 2139 2077 ex

540 2112 743 2176 veteri,
778 2126 840 2167 ac
869 2111 1237 2166 celeberrimo
1281 2110 1436 2167 fonte
1482 2114 1756 2182 a-quitatis
1791 2122 1955 2184 atque
1979 2114 2139 2185 justi-

538 2204 647 2271 tiae,
685 2203 736 2259 in
790 2204 875 2259 his
910 2219 1031 2273 qu'e
1066 2219 1214 2259 mere
1246 2205 1473 2259 humani
1514 2216 1639 2259 sunt
1663 2206 1824 2276 juris,
1859 2206 2007 2278 leges
2037 2209 2140 2264 sihi

541 2299 903 2364 sanciveriut;
935 2299 1078 2353 nulla
1102 2298 1567 2366 Christianorum,
1596 2311 1650 2355 et
1679 2299 1916 2357 maxime
1941 2301 2140 2357 Catho-

539 2395 796 2458 licornm.
829 2394 1137 2449 dominatio
1166 2395 1288 2461 fuit,
1312 2412 1434 2467 qum
1481 2406 1673 2451 contra
1713 2396 1887 2465 legem
1936 2395 2056 2461 Dei,
2086 2406 2141 2451 et

542 2487 929 2557 Evangelicam
984 2487 1290 2542 doctrinam
1348 2488 1678 2543 reviviscere
1732 2489 1962 2555 fecerit,
2019 2506 2139 2561 qua:

544 2583 771 2638 Romani
804 2584 981 2653 legum
1014 2583 1218 2638 latores
1240 2583 1447 2651 antiqui
1489 2582 1826 2637 tradiderant
1848 2583 1915 2638 de
1947 2585 2138 2639 matri-

544 2677 851 2731 moniorum
882 2677 1156 2731 solutione
1180 2692 1276 2747 per
1307 2678 1612 2747 repudium,
1631 2689 1790 2741 atque
1818 2677 2138 2745 divortium,

539 2782 596 2829 et
639 2788 802 2828 causa
851 2775 1182 2843 captivitatis
1207 2817 1221 2839 ,
1260 2774 1563 2835 servitutis,
1591 2774 2011 2842 deportationis,
2045 2782 2141 2827 aut

541 2886 606 2928 ex
639 2880 829 2924 mutuo
869 2870 1103 2939 partium
1136 2885 1429 2925 consensu.
1463 2870 1517 2925 ιιι
1566 2880 1767 2925 nostra:
1811 2884 1947 2924 sera:
1994 2868 2140 2923 tutati

542 2961 762 3018 tandem
814 2964 992 3018 fuerat
1036 2975 1401 3025 reservatum.
1437 2973 1494 3018 ιιι
1523 2980 1588 3019 ex
1631 2964 2009 3019 dominatione
2038 2981 2139 3020 nu-

540 3057 805 3126 perrima,
831 3073 990 3121 quam
1025 3074 1206 3112 rerum
1239 3057 1671 3124 vicissitudines,
1702 3059 1850 3124 justo
1882 3058 1971 3113 Dei
1996 3058 2142 3127 judi-

2244 1839 2583 1909 negotiisque
2611 1838 3011 1909 sejunctorutn,
3036 1839 3089 1893 in
3112 1840 3368 1895 eumdem
3401 1854 3625 1907 scopum
3654 1839 3846 1894 volun-

2244 1932 2466 1996 tatibus,
2490 1931 2918 1987 dominationem
2948 1932 3095 1987 illam
3137 1947 3449 2003 procacem,
3480 1947 3602 2002 quae
3625 1948 3685 1987 se
3709 1946 3845 1986 con-

2244 2034 2325 2079 tra
2380 2024 2587 2090 Deum,
2620 2024 2845 2094 ejusque
2890 2025 3039 2095 leges
3088 2025 3465 2080 sanctissimas
3492 2068 3504 2090 ,
3548 2033 3604 2079 et
3653 2036 3848 2080 contra

2244 2115 2548 2171 Ecclesium
2580 2116 2910 2171 catholicam
2958 2116 3267 2170 divinatum
3313 2116 3487 2185 legum
3540 2131 3850 2187 propuguao

2246 2206 2469 2270 tricem,
2514 2207 2907 2276 superbissime
2958 2217 3234 2269 erexerat,
3284 2207 3543 2263 contrivit
3597 2208 3842 2275 demum,

2247 2300 2562 2370 prostravit,
2596 2302 2921 2371 penitmque
2965 2301 3203 2365 delevit;
3259 2309 3317 2355 ut
3344 2301 3598 2371 exemplo
3627 2303 3846 2358 sarculis

2243 2394 2498 2449 omnibus
2528 2408 2650 2449 esse
2681 2395 2877 2464 p0ssit,
2908 2410 3070 2464 quam
3110 2410 3241 2449 vere
3270 2394 3533 2463 scriptum
3581 2394 3674 2461 sit,
3700 2395 3844 2465 quod

2246 2504 2347 2541 non
2375 2499 2448 2542 est
2478 2489 2738 2559 sapientia
2762 2531 2775 2553 ,
2800 2506 2902 2542 non
2924 2499 2999 2542 est
3028 2488 3323 2559 prudentia,
3345 2504 3446 2542 non
3469 2496 3543 2542 est
3571 2488 3845 2541 consilium

2246 2589 2426 2634 contra
2450 2578 2753 2643 Dominum,
2792 2580 2950 2634 Prov.
2980 2596 3094 2646 xxi,
3126 2581 3229 2644 30;
3259 2590 3315 2635 et
3343 2580 3487 2650 quod
3520 2582 3635 2650 ipso
3663 2579 3847 2634 Domi-

2247 2689 2342 2726 nus
2370 2674 2589 2740 dissipat
2621 2672 2839 2727 consilia
2879 2675 3127 2743 gentiam,
3154 2673 3397 2743 reprobat
3438 2684 3609 2726 autem
3649 2674 3846 2740 wgita-

2247 2765 2411 2819 tiones
2463 2767 2804 2837 populorum,
2858 2774 2906 2819 et
2945 2764 3187 2837 reprobat
3237 2765 3457 2818 consilia
3505 2765 3843 2835 principum,

2244 2856 2392 2913 Psal.
2428 2874 2605 2920 xxxii,
2650 2859 2735 2914 lt).
2771 2858 2837 2913 Et
2892 2875 3029 2912 nunc
3082 2875 3227 2929 reges
3286 2858 3469 2925 itaque
3521 2857 3793 2928 intelligite
3824 2876 3843 2914 :

2246 2951 2542 3017 erudimini,
2573 2956 2661 3022 qui
2685 2952 2936 3022 judicatis
2963 2961 3189 3017 terram;
3221 2952 3290 3004 ita
3324 2965 3420 3004 rex
3441 2950 3842 3019 sanctissimus,

2244 3044 2427 3101 divino
2455 3046 2652 3114 spiritu
2700 3046 2937 3110 alllatus,
2971 3060 3127 3115 reges
3150 3058 3344 3099 omnes
3372 3043 3522 3097 orbis
3547 3051 3842 3109 terrarum,

540 3149 628 3204 cio
657 3148 1032 3215 permittente,
1058 3150 1111 3203 in
1138 3159 1464 3219 potestatem
1490 3152 1879 3218 amplissimam
1904 3166 1969 3207 ex
1992 3152 2139 3219 priu-

2244 3138 2336 3208 qui
2382 3137 2547 3192 futuri
2595 3148 2801 3202 essent,
2832 3136 3181 3204 admonebat,
3220 3136 3362 3191 Psal.
3399 3151 3477 3201 xt,
3512 3134 3598 3189 l0.
3637 3134 3744 3192 Sed
3774 3136 3845 3195 de

540 3239 700 3307 cipiis
732 3240 945 3308 exiguis
971 3243 1307 3304 etttttlerunt,
1341 3257 1569 3312 qumque
1603 3258 1662 3297 se
1685 3242 1750 3295 ad
1776 3242 2009 3297 fallenda
2043 3243 2142 3296 ho-

542 3330 749 3385 mimun
778 3332 957 3387 studia
986 3331 1342 3389 christianam
1372 3345 1535 3401 atque
1574 3335 1900 3390 catholicam
1946 3336 2142 3402 prmdi—

540 3423 729 3489 Cubal;
758 3434 841 3488 ιιι,
866 3426 1110 3494 inquam,
1135 3443 1203 3482 ex
1231 3443 1292 3483 ea
1322 3427 1565 3483 codicem
1595 3428 1771 3497 legum
1792 3428 2137 3496 haberemus,

539 3518 901 3573 dominatoris
942 3520 1162 3574 nomine
1194 3519 1561 3577 NAPOLEONEI
1598 3523 1967 3577 communiter
2005 3539 2141 3576 tutn-

541 3624 819 3678 cupatum,
843 3625 897 3671 et
945 3618 1044 3673 toti
1086 3632 1227 3685 pene
1262 3616 1515 3684 Europae,
1542 3633 1648 3688 qua
1677 3620 1752 3684 vi,
1785 3634 1887 3690 qua
1933 3619 2142 3674 lilautli-

543 3709 654 3767 tiis.
688 3725 795 3777 qua
838 3710 1207 3780 negotiatione
1253 3712 1547 3777 indictum;
1576 3712 1630 3767 in
1675 3728 1784 3783 quo
1832 3714 2141 3780 posthabito

541 3800 729 3857 divino
748 3803 891 3869 jure.
919 3804 1292 3875 neglectisque
1320 3804 1657 3872 Evangelicis
1684 3806 1967 3867 institutis.
1988 3821 2144 3861 revo-

540 3906 801 3951 carentur
833 3899 885 3950 in
913 3912 1095 3962 usmn,
1131 3913 1251 3963 quae
1284 3898 1488 3953 tamdiu
1512 3898 1915 3961 obsoleverant,
1941 3898 2135 3952 Roma-

542 4000 736 4040 norum
791 3996 1063 4053 veterum,
1109 3988 1199 4057 qui
1260 3989 1429 4044 Deum
1480 4004 1586 4043 non
1631 4000 1934 4056 noverant,
1991 3990 2142 4059 leges

540 4077 878 4131 matrimonii
902 4080 1249 4133 sanctitatem
1280 4079 1606 4136 allicientes.
1631 4080 1764 4146 Quis
1794 4095 1899 4135 non
1937 4081 2141 4136 exhor-

540 4169 675 4231 ruit,
706 4169 828 4239 quis
852 4186 958 4225 non
982 4171 1267 4241 ingemuit.
1287 4172 1415 4228 dttm
1449 4173 2135 4243 ibidem,cxempligratia,

538 4281 741 4336 paruam
770 4265 1027 4332 infamite,
1049 4276 1266 4320 mortem
1288 4268 1490 4321 civilem
1513 4268 1851 4337 appellatam,
1873 4268 2142 4324 intellexit

539 4372 759 4413 causam
792 4358 899 4413 dici
934 4360 1221 4415 solutionis
1246 4361 1453 4416 vinculi
1485 4360 1804 4431 coniugalis,
1820 4361 2139 4417 adulterium

539 4468 759 4524 quoque
798 4452 1116 4509 alterutrius
1144 4454 1349 4524 partis;
1378 4455 1547 4511 immo
1573 4466 1807 4511 mutuum
1845 4456 2032 4520 etiam,
2058 4466 2141 4511 at-

539 4557 648 4613 que
713 4554 1057 4601 constantem
1109 4561 1439 4603 consensum
1498 4548 1834 4619 conjugum?
1874 4549 2141 4605 Mittimus

540 4644 737 4693 Caetera
779 4652 948 4707 super
990 4641 1088 4693 hac
1120 4655 1178 4692 re
1208 4639 1277 4693 ab
1300 4640 1491 4697 eodem
1518 4641 1708 4697 codice
1745 4643 2063 4704 constituta.
2089 4653 2145 4699 et

539 4727 740 4785 divinis
771 4731 1003 4801 legibus.
1034 4732 1409 4802 doctrinaeque
1447 4734 1709 4790 Ecclesiae
1740 4736 2025 4793 catholicae.
2052 4753 2142 4791 re-

543 4826 878 4893 pugnantia,
912 4841 1034 4897 quas
1077 4825 1281 4883 addere
1333 4827 1421 4881 hic
1471 4841 1791 4896 possemus.
1826 4828 1871 4882 si
1928 4828 2167 4898 singula,

538 4917 795 4988 persequi
822 4927 970 4973 esset
1009 4918 1246 4988 aninms,
1277 4929 1371 4974 aut
1419 4920 1652 4976 instituti
1685 4920 1855 4975 noswi
1886 4920 2025 4974 ratio
2049 4936 2142 4992 pa-

540 5017 770 5067 teretur.

617 5104 824 5160 Paucos
852 5106 1070 5175 quidem
1105 5106 1295 5161 habuit
1336 5108 1481 5163 inter
1501 5106 1820 5162 Catholicos
1851 5106 2023 5161 codex
2055 5106 2146 5161 ille

542 5199 964 5254 auticatholicus
994 5201 1081 5270 qtti
1108 5216 1174 5255 eo
1208 5201 1330 5272 jure
1360 5205 1437 5257 uti
1472 5201 1746 5256 voluerint
1774 5200 1839 5254 ad
1864 5198 2145 5254 matrimo-

540 5291 615 5346 nii
650 5293 995 5350 sanctitatem
1028 5295 1338 5351 violandam
1372 5313 1386 5350 :
1417 5304 1581 5362 atque
1622 5294 1676 5349 hi
1722 5294 1804 5348 vel
1853 5309 1919 5348 ex
1951 5309 2145 5348 eorum

541 5397 771 5439 numero
799 5385 1038 5451 luerunt,
1061 5389 1149 5455 qui
1184 5386 1537 5456 perditissimi
1563 5385 1842 5439 hominum
1872 5385 2142 5451 appellari

536 5489 767 5548 possunt
796 5477 867 5532 ob
888 5480 1201 5548 proﬂigatos
1228 5494 1430 5544 mores,
1456 5478 1887 5548 religionemque
1919 5477 2140 5545 penitus

537 5584 570 5627 e
600 5571 770 5626 corde
799 5586 1087 5626 excussam
1123 5590 1136 5626 :
1170 5572 1253 5626 vel
1300 5587 1367 5626 ex
1399 5570 1499 5630 eis.
1529 5571 1617 5641 qui
1652 5585 1752 5641 pro
1791 5570 2023 5639 quadam
2054 5568 2139 5624 iu-

538 5661 682 5729 genii
707 5662 1010 5731 mentisque
1034 5662 1255 5717 levitate
1282 5662 1441 5716 facile
1461 5662 1828 5731 decipiuntur,
1848 5673 1900 5718 et
1930 5678 1958 5715 a
1986 5672 2142 5717 recto

535 5766 563 5802 r
594 5750 783 5815 amite,
815 5769 923 5807 non
952 5770 1051 5809 sua
1092 5752 1310 5825 quidem
1350 5765 1570 5824 sponte,
1596 5755 1691 5810 sed
1726 5755 2013 5825 impiorum
2041 5770 2137 5825 po-

2247 3232 2351 3287 ltoc
2373 3233 2483 3301 jam
2515 3231 2671 3286 satis.
2694 3232 2712 3303 ]

2316 3323 2463 3398 [xcv]
2495 3325 2617 3378 Post
2647 3324 2788 3378 dicta
2814 3323 3084 3394 quaedam.
3113 3339 3235 3393 qua:
3258 3324 3635 3393 expendimus,
3668 3326 3843 3380 sancti

2244 3417 2567 3481 ChrOtnatii,
2589 3418 2868 3487 praeterire
2892 3431 3034 3472 nunc
3055 3417 3272 3471 silentio
3297 3432 3403 3471 non
3429 3417 3555 3473 licet
3583 3417 3840 3487 elojtium,

2244 3527 2353 3581 quo
2384 3511 2636 3565 eumdem
2681 3518 2925 3564 sanctum
2972 3510 3259 3579 praesulem
3296 3510 3578 3575 exornavit
3620 3510 3843 3564 Buliuus

2246 3607 2532 3676 presbyter
2574 3604 2622 3656 in
2656 3602 2882 3673 Prologo
2909 3602 2976 3656 ad
2995 3600 3372 3656 Chromatium
3398 3604 3593 3671 ipsum,
3622 3600 3676 3655 itt
3704 3599 3841 3655 Tra-

2244 3708 2436 3753 ctatum
2468 3698 2705 3766 Origenis
2728 3712 2882 3762 super
2904 3696 3088 3749 librum
3108 3693 3142 3747 ,Ι
3149 3712 3235 3749 esu
3255 3694 3304 3748 Ν
3310 3711 3416 3756 une.
3432 3696 3684 3764 quodque
3700 3694 3843 3748 inter

2254 3789 2493 3845 Veterum
2514 3790 2579 3844 de
2602 3788 2896 3843 Chromatio
2914 3787 3232 3842 Tcstintonia
3253 3787 3652 3842 collocavimus.
3669 3783 3843 3840 Chro-

2245 3884 2466 3937 matium
2490 3893 2758 3947 nostrum,
2782 3891 3015 3934 sanctum
3041 3880 3598 3952 papaut,venerabilem
3628 3895 3838 3949 papam,

2245 3976 2449 4044 plurics
2470 3974 2681 4027 dixerat
2707 3983 2926 4027 sanctus
2949 3973 3339 4043 Hieronymus;
3364 3971 3637 4027 communi
3661 3981 3841 4026 tamen

2242 4069 2457 4123 illorum
2490 4080 2793 4136 temporum
2824 4067 3038 4121 dicendi
3066 4067 3449 4137 scribendique
3472 4070 3698 4134 ratione,
3717 4082 3839 4120 cum

2241 4160 2311 4216 de
2332 4160 2604 4231 epist-Opis
2627 4175 2807 4215 sermo
2835 4169 2983 4216 eSSet
3003 4178 3015 4213 :
3037 4161 3245 4215 dixerat
3264 4175 3481 4230 quoque
3502 4159 3669 4229 (quod
3693 4175 3841 4214 com-

2243 4269 2405 4308 mune
2456 4270 2561 4307 nun
2619 4253 2767 4323 erat)
2822 4254 3178 4324 cpiscOporum
3230 4253 3619 4316 doctissimum;
3675 4254 3841 4307 immo

2241 4346 2599 4417 episcoporum
2641 4346 3026 4399 sanctissimum
3065 4357 3217 4409 atque
3256 4344 3634 4410 doctissimum,
3666 4344 3743 4399 ttti
3785 4344 3838 4400 in

2244 4438 2450 4493 eisdem
2496 4436 2737 4492 Veterum
2781 4438 3083 4491 testimoniis
3122 4438 3307 4492 videre
3355 4446 3458 4492 est.
3500 4436 3619 4507 Ipse
3658 4444 3839 4491 auto'n

2251 4531 2478 4585 llulinus
2535 4530 2879 4584 venerandum
2928 4528 3141 4584 Patrem
3185 4530 3550 4601 appellaverat
3576 4528 3843 4584 Chroma-

2248 4626 2403 4690 titttn,
2437 4638 2646 4677 necnon
2695 4638 2798 4677 una
2842 4638 2964 4677 cum
3008 4623 3246 4678 Eusebio
3288 4624 3407 4691 ejus
3447 4621 3633 4683 fratre,
3677 4636 3840 4692 atque

2244 4716 2461 4779 Jovino,
2505 4718 2920 4784 apinatt'ssimnm
2959 4726 3007 4771 et
3051 4718 3463 4786 probatissimum
3505 4716 3559 4770 in
3601 4714 3844 4771 Ecclesia

2248 4812 2346 4868 Dei
2390 4814 2710 4882 episcopum,
2744 4820 2903 4878 prout
2935 4815 2988 4866 in
3028 4813 3211 4867 citatis
3251 4809 3598 4865 Testimomis.
3638 4807 3839 4864 Verum

2246 4909 2413 4963 multa
2446 4919 2499 4962 et
2528 4922 2719 4976 magna
2746 4906 3048 4962 Chromatii
3080 4909 3271 4961 merita
3306 4906 3423 4975 ipse
3455 4905 3615 4959 simul
3643 4920 3844 4976 congc-

2247 5005 2340 5070 rit,
2374 5014 2535 5075 atque
2566 5003 2758 5058 eodem
2804 5012 3048 5072 tempore
3090 5018 3210 5072 qua:
3256 5001 3405 5055 illius
3443 5000 3843 5069 quodammodo

2248 5097 2439 5152 merita
2471 5097 2741 5168 pratcipua
2776 5095 2972 5151 fuerint
3002 5095 3239 5149 ostendit
3292 5096 3343 5148 in
3388 5096 3554 5148 citato
3585 5092 3843 5164 Prologo,

2248 5190 2375 5245 dum
2404 5206 2526 5244 eum
2558 5189 2877 5255 simpliciter
2917 5186 3203 5242 Beselelteli
3245 5186 3510 5242 Israelita:
3538 5195 3843 5254 comparat,

2246 5289 2303 5337 et
2328 5280 2671 5335 Beseleltelem
2698 5282 2861 5334 nostri
2880 5281 3124 5352 temporis
3144 5278 3499 5334 Chromatium
3519 5277 3670 5332 dicit.
3690 5276 3847 5330 Bese-

2246 5376 2461 5430 lehelem
2489 5392 2653 5447 porro
2680 5392 2842 5430 nemo
2864 5376 3096 5445 ignorat,
3112 5374 3285 5430 Exodi
3306 5388 3461 5439 xxxi,
3480 5387 3509 5426 a
3540 5372 3649 5427 Deo
3680 5385 3845 5425 voca-

2243 5477 2383 5534 tum,
2431 5478 2486 5523 et
2532 5467 2813 5538 impletum
2853 5467 3059 5536 Spiritu
3089 5466 3204 5534 Dei,
3235 5465 3513 5536 sapientia,
3559 5474 3606 5518 et
3648 5464 3845 5518 intelli-

2245 5567 2435 5636 gentia.
2466 5575 2514 5619 et
2559 5565 2774 5619 scientia
2820 5564 2873 5618 in
2920 5564 3063 5618 omni
3112 5578 3283 5633 opere,
3328 5561 3395 5615 ad
3444 5559 3848 5632 excogitandum

2242 5658 2494 5729 quidquid
2517 5656 2661 5729 [abre
2691 5656 2805 5726 ﬁeri
2827 5665 2991 5725 potest
3014 5665 3081 5708 ex
3108 5670 3259 5719 auro,
3288 5664 3335 5707 et
3364 5664 3600 5724 argento,
3628 5661 3678 5705 et
3702 5664 3843 5716 aere,

2243 5767 2519 5816 marmore,
2548 5760 2594 5803 et
2620 5750 2855 5820 gemmis,
2895 5758 2944 5802 et
2987 5748 3285 5802 diversitate
3331 5748 3615 5818 lignorum,
3647 5746 3701 5801 in
3748 5760 3847 5802 ex-
