4172 6182
335 278 445 335 289

1600 276 1971 337 PREFATIO
2009 276 2347 336 EDITORIS.

3529 283 3640 342 9.90

334 389 643 446 structione
668 388 1052 454 Tabernaculi,
1080 404 1242 459 quam
1270 390 1442 459 Moysi
1476 390 1618 444 Deus
1649 391 1765 459 ipse
1796 406 1947 445 man-
1973 396 2022 453 Α
2052 394 2343 460 quominus
2376 389 2602 460 justitite
2625 391 2747 461 jura
2788 389 3131 457 defenderet,
3162 390 3423 449 Ecclesia:
3453 395 3658 451 utilita-

336 484 589 539 daverat.
635 483 908 553 Spirituali
965 484 1147 548 itaque
1199 498 1363 537 sensu
1413 482 1527 536 haec
1576 483 1835 553 intelligit
1879 484 1946 537 de

336 573 661 631 Chioniatiu
690 574 939 639 Ruﬁnus,
969 574 1099 628 dum
1134 574 1313 636 ipsum
1339 572 1687 629 Beseleltelem
1710 576 1791 627 sui
1821 584 1947 628 mn-

341 672 493 741 poris
523 669 787 725 nominat.
828 668 969 735 Quid
1016 667 1180 738 igitur
1219 682 1287 723 ex
1328 667 1431 723 hoc
1462 667 1642 723 Ruﬁni
1673 668 1853 737 elogio
1894 669 1945 722 in

344 764 562 822 tandem
595 762 891 820 Chromatii
923 760 1219 817 eruamus?
1244 760 1399 829 Quod
1426 760 1652 815 Ruﬁnus
1674 760 1741 814 de
1766 760 1944 814 Chro-

340 861 515 915 matio
569 857 841 912 scribebat
881 857 935 909 itt
991 853 1222 923 Prologo
1265 854 1319 908 in
1368 852 1663 907 Tractatum
1709 851 1948 925 Origenis

341 966 498 1021 super
548 947 737 1002 librum
766 945 893 1001 lem
924 944 1093 1012 Nave,
1130 948 1232 1000 hoc
1270 946 1447 1013 ipsum
1478 957 1702 1001 sanctus
1736 943 1947 1015 Grego-

340 1044 455 1101 rius
484 1042 860 1098 Nazianzenus
887 1042 955 1095 de
986 1048 1179 1095 sancto
1220 1038 1425 1094 Basilio
1463 1038 1659 1109 Magno
1701 1038 1948 1093 Oratione

339 1137 392 1191 in
412 1137 621 1189 tandem
640 1134 887 1203 ejusdem
912 1149 1036 1205 pag.
1069 1132 1177 1189 ’546
1202 1131 1460 1187 editionis
1487 1130 1809 1186 Parisiensis
1830 1131 1945 1185 Mo-

339 1229 438 1285 rell
459 1245 579 1282 ante
603 1226 766 1292 1609,
788 1227 1041 1283 eumdem
1070 1225 1329 1280 nimirum
1351 1236 1404 1279 et
1436 1226 1551 1295 ipse
1572 1224 1945 1280 Beselehelem

340 1321 608 1394 spiri.uali
649 1336 815 1376 sensu
844 1320 1149 1389 appellans,
1190 1332 1351 1390 atque
1398 1317 1505 1374 hoc
1545 1327 1704 1388 pacto
1732 1333 1947 1373 sermo-

338 1430 467 1473 nem
502 1415 813 1469 instituens.
847 1431 865 1464 ι
904 1411 1109 1467 Deinde
1137 1412 1395 1482 quoniam
1433 1426 1587 1481 atque
1624 1412 1946 1481 imperfecta

341 1524 436 1566 res
460 1517 565 1573 est,
588 1506 730 1561 actio
762 1520 1016 1560 sermone
1037 1506 1319 1567 destituta,
1350 1514 1404 1557 et
1432 1518 1616 1558 sermo
1636 1503 1706 1557 ab
1732 1504 1948 1557 actione

340 1612 607 1665 remotus,
643 1597 851 1654 idcirco
882 1597 1115 1652 actionis
1145 1596 1446 1650 subsidium
1477 1595 1718 1650 sermoni
1749 1594 1947 1664 adjun-

341 1694 500 1764 gebat
548 1691 856 1762 (Basilius),
890 1690 1026 1745 alios
1058 1691 1315 1745 nimirum
1344 1688 1559 1751 adiens,
1593 1689 1659 1743 ad
1696 1691 1835 1744 alios
1870 1689 1949 1744 le-

2052 492 2181 549 tem,
2221 485 2311 539 ltei
2355 483 2620 538 honorem
2656 495 2709 538 et
2740 483 2967 551 gloriim
3013 484 3350 540 inmunibus
3392 502 3655 554 procura-

2051 586 2155 630 ret.
2186 576 2312 630 lla-c
2344 576 2523 647 itaque
2554 576 2793 631 celebria
2842 586 2989 644 sunt,
3020 589 3073 631 et
3102 578 3315 647 publica
3354 578 3657 636 Cltrouatii

2050 668 2222 722 nostri
2264 668 2457 723 merita
2496 669 2549 724 in
2596 667 2767 723 divini
2820 669 3160 724 tabernaculi
3203 670 3655 728 constructione:

2050 765 2145 819 sed
2170 765 2236 818 ad
2259 764 2374 819 haec
2387 766 2497 819 sola
2516 765 2826 835 respexisse
2839 766 3093 821 Ruﬁnum
3112 782 3219 822 non
3242 766 3504 831 arbitror,
3527 768 3655 822 dum

2050 856 2301 913 etundetn
2346 857 2691 914 Beseleltelem
2740 860 2904 913 nostri
2945 861 3193 929 temporis
3238 862 3549 930 appellavit.
3579 860 3657 917 lla

2049 951 2327 1006 scribebat
2374 952 2601 1006 Ruﬁnus
2632 952 2899 1021 Aquileia:
2947 953 3159 1022 positus
3204 952 3348 1023 apud
3393 950 3661 1008 Chroma-

2050 1043 2209 1107 tium,
2262 1044 2341 1097 uti
2390 1044 2465 1098 De
2516 1044 2719 1099 Rubeis
2773 1043 2828 1098 in
2878 1043 3265 1100 dissertatione
3311 1046 3381 1102 de
3429 1045 3658 1111 Ruﬁno;

2051 1135 2283 1206 ideoque
2310 1135 2467 1190 tesiis
2498 1135 2618 1207 ipse
2655 1146 2773 1191 erat
2805 1135 2977 1191 totius
3005 1144 3061 1192 et
3088 1137 3317 1207 publica:
3344 1150 3398 1193 et
3435 1138 3658 1208 privata:

2051 1231 2174 1285 vitae
2203 1230 2509 1285 Chromatii
2536 1248 2549 1289 :
2580 1231 2802 1286 videbat
2848 1233 3128 1299 nimirum,
3180 1245 3380 1304 praeter
3427 1251 3491 1291 ea
3536 1252 3662 1307 quae

2054 1324 2271 1393 publice
2300 1334 2423 1377 nota
2463 1333 2653 1390 erant;
2686 1324 2923 1391 videbat,
2957 1326 3204 1397 inquam,
3236 1329 3366 1398 quid
3398 1330 3462 1385 ad
3489 1329 3663 1388 di\itli

2053 1418 2386 1472 tabernaculi
2417 1418 2911 1481 constructionem,
2946 1421 3111 1475 veluti
3162 1421 3214 1475 iu
3263 1436 3377 1477 suic
3426 1422 3661 1480 ofﬁcina:

2050 1509 2300 1573 latebris,
2326 1510 2493 1563 etiam
2530 1509 2738 1577 absque
2767 1511 3021 1578 testibus,
3053 1513 3413 1583 operabatur;
3441 1514 3663 1571 videbat

2054 1601 2271 1657 labores
2302 1601 2491 1674 [sun]
2530 1603 2828 1659 Chromatii
2874 1605 3101 1660 diurnos
3143 1616 3304 1677 atque
3338 1616 3658 1673 nocturnos,

2055 1695 2311 1750 instantia
2356 1697 2500 1751 illius
2543 1698 2883 1765 quotidiana,
2930 1709 2985 1755 et
3029 1701 3457 1758 sollicitudinem
3498 1703 3662 1759 totius

340 1788 613 1859 gationem
657 1786 912 1849 mittens;
960 1786 1099 1839 alios
1142 1799 1462 1851 accersens,
1507 1784 1811 1849 admonens,
1855 1800 1936 1836 ar-
1978 1782 2027 1841 Β
2055 1786 2405 1854 amplissima:
2432 1786 3019 1859 ditecesis;qunmodo
3048 1793 3259 1847 scilicet
3285 1796 3660 1863 susciperetiu

341 1896 524 1954 gneus,
549 1881 842 1951 increpans.
871 1878 1035 1933 minis
1066 1878 1365 1941 insectans,
1395 1877 1611 1946 probris
1643 1878 1946 1940 incessens,

342 1989 443 2044 pro
469 1973 749 2042 gentibus,
781 1987 879 2042 pro
907 1971 1153 2037 urbibus,
1194 1986 1294 2040 pro
1317 1970 1547 2038 singulis
1574 1969 1738 2024 etiam
1770 1968 1946 2022 homi-

342 2067 503 2124 nibus
531 2078 811 2123 certamen
838 2066 1167 2135 suscipiens,
1189 2080 1354 2121 omne
1382 2062 1577 2118 salutis
1597 2078 1768 2134 genus
1789 2077 1948 2117 exco-

344 2158 545 2229 gitans,
592 2158 973 2229 undecumque
1024 2157 1351 2212 medicinam
1397 2156 1590 2210 morbo
1642 2155 1946 2217 adhibens;

342 2248 613 2305 Beselehel
636 2251 749 2316 ille,
766 2251 880 2316 ille,
902 2252 1140 2318 inquam,
1159 2250 1327 2303 divini
1346 2249 1644 2305 iabricator
1669 2249 1948 2304 Taberna-

343 2344 475 2407 cult,
489 2344 774 2399 materiam
792 2358 1008 2398 omnem
1024 2352 1079 2397 et
1091 2352 1263 2397 artem
1279 2344 1344 2395 ad
1360 2343 1634 2412 opilicium
1648 2356 1953 2396 acontnmo-

342 2436 501 2501 dans,
519 2446 684 2507 atque
701 2438 881 2491 omnia
902 2432 1397 2506 contexens,[xr.vi]
1413 2434 1478 2488 ad
1496 2436 1747 2488 eximiam
1760 2418 1950 2504 quam;

344 2531 469 2586 dam
495 2533 660 2585 unius
682 2532 864 2601 operis
883 2530 1343 2601 pulchritudinem
1368 2538 1422 2582 et
1459 2530 1900 2583 concinnitatem.
1926 2547 1945 2580 ι

346 2621 473 2680 Περ
507 2625 608 2678 sub
648 2624 979 2680 Beselehelis
1012 2626 1180 2694 ﬁgura
1212 2623 1281 2677 de
1315 2622 1515 2676 Basilio
1557 2621 1946 2677 Nazianzenus.

422 2717 545 2773 llaec
568 2717 759 2773 eadem
786 2716 967 2788 itaque
992 2715 1236 2771 Voluisse
1266 2715 1517 2769 Rulinutn
1547 2714 1615 2770 de
1635 2713 1952 2769 Chromatio

347 2810 671 2881 praedicare,
718 2809 845 2864 dum
905 2810 1078 2881 ipsum
1132 2808 1509 2865 Beselehcletn
1563 2810 1646 2865 sui
1692 2808 1952 2879 temporis

349 2905 673 2974 appellavit,
717 2904 913 2959 merito
966 2902 1270 2959 inferimus.
1327 2905 1464 2960 Sunt
1508 2903 1727 2974 quidem
1768 2904 1952 2974 aliqua

349 2995 652 3051 Ctiromatii
681 2997 928 3067 episcopi
948 2997 1079 3052 satis
1107 3006 1256 3060 nota,
1283 3014 1403 3067 quae
1426 2996 1765 3053 Fontaninus
1787 3008 1952 3065 atque

348 3090 429 3147 De
454 3089 651 3145 Rubeis
672 3090 1073 3159 expenderunt,
1092 3105 1432 3159 quorumque
1459 3091 1761 3146 meminere
1784 3089 1953 3145 Tille-

2054 1877 2164 1932 ﬁde
2197 1878 2461 1944 inﬁrmos,
2506 1882 2782 1950 quomodo
2809 1882 3019 1938 debiles
3046 1884 3350 1953 adjuvarct,
3385 1887 3661 1955 quomodo

2053 1967 2371 2023 obsecraret
2396 1979 2451 2023 et
2492 1972 2834 2040 admoneret,
2869 1975 3142 2042 quomodo
3169 1988 3453 2047 argueret,
3488 1980 3662 2036 incre-

2054 2070 2231 2129 paret,
2254 2065 2714 2132 quemadmodum
2747 2066 2815 2121 de
2839 2066 3039 2123 Basilio
3066 2068 3439 2126 Nazianzenus
3459 2073 3663 2129 aiebat.

2055 2151 2182 2207 Htec
2212 2154 2395 2208 omnia
2438 2156 2598 2211 simul
2640 2168 2854 2228 sumpta
2887 2160 3259 2217 Chromatium
3310 2173 3557 2219 nostrum
3607 2166 3661 2221 in

2057 2247 2389 2313 Aquileiensi
2424 2248 2671 2305 Ecclesia
2705 2251 3077 2309 Beselehelem
3110 2255 3192 2309 sui
3226 2256 3489 2327 temporis
3530 2272 3663 2313 con-

2052 2338 2353 2396 Stituebant
2392 2343 2445 2396 in
2493 2343 2662 2397 dii-ini
2706 2345 3039 2402 tabernaculi
3071 2348 3469 2406 aediﬁcatione:
3500 2364 3664 2423 atque

2055 2430 2172 2487 htec
2202 2434 2383 2489 omnia
2423 2433 2725 2491 Chrotnatii
2758 2438 2954 2493 merita
2981 2441 3166 2509 procul
3204 2439 3371 2496 dubio
3398 2443 3663 2513 respicie-

2056 2523 2148 2580 bat
2182 2526 2429 2594 Ruﬁnus,
2452 2528 2581 2582 dum
2609 2528 2990 2587 Chromatium
3020 2532 3392 2591 Beseleheletn
3419 2536 3503 2592 sui
3529 2547 3665 2593 tetu-

2054 2624 2202 2693 poris
2225 2624 2540 2693 appellavit.
2562 2625 2619 2681 Si
2648 2627 2782 2683 ﬁdes
2799 2639 2983 2685 autem
3001 2630 3246 2688 habenda
3270 2644 3351 2690 est
3375 2634 3664 2709 Anonytno

2054 2726 2109 2770 et
2155 2716 2383 2786 antiquo
2423 2720 2633 2774 auctori
2678 2721 2869 2786 libelli,
2915 2725 2999 2778 cui
3038 2725 3226 2780 titulus
3263 2745 3277 2779 :
3325 2726 3584 2782 Cantuum
3621 2737 3667 2784 et

2055 2823 2301 2861 cursuum
2328 2808 2796 2865 ecclesiasticarum
2828 2812 2975 2884 origo
2994 2814 3182 2885 :cujus
3202 2826 3406 2871 textum
3433 2819 3483 2873 in
3514 2820 3669 2876 testi-

2056 2902 2256 2955 moniis
2279 2900 2476 2955 ultimo
2499 2902 2619 2956 loco
2646 2904 3017 2972 posuitnus,et
3038 2906 3106 2961 de
3130 2923 3238 2977 quo
3261 2908 3315 2963 in
3335 2909 3667 2966 lucubratio-

2057 3009 2126 3048 ne
2142 2996 2423 3049 suaetiam
2454 2995 3202 3063 Fontaniuus,Chromatium
3237 3013 3479 3057 nostrum
3512 3003 3667 3061 dixe-

2056 3086 2227 3141 rimus
2243 3086 2311 3142 de
2332 3088 2706 3145 ecclesiastica
2735 3106 2951 3161 quoque
2972 3092 3183 3163 liturgia
3210 3093 3347 3150 bene
3370 3093 3536 3151 fuisse
3554 3112 3669 3154 nic-

346 3186 592 3242 montius
634 3200 852 3255 quoque
891 3196 1057 3256 atque
1085 3184 1415 3250 Ceillicrus;
1450 3201 1515 3240 ex
1545 3185 1747 3257 quibus
1777 3186 1949 3240 Cltro-
1976 3171 2021 3234 C
2056 3178 2219 3233 ritum
2254 3179 2309 3234 in
2344 3181 2586 3236 Ecclesia
2631 3182 2992 3253 Aquileiensi,
3039 3194 3202 3256 atque
3249 3186 3349 3242 hac
3386 3187 3551 3244 etiam
3594 3189 3667 3247 de

347 3279 573 3335 matiam
606 3289 851 3333 nostrum
880 3276 1256 3347 dignissimum
1291 3278 1665 3349 intelligimus,
1708 3280 1799 3349 qui
1836 3282 1947 3349 spi-

348 3373 533 3430 rituali
574 3387 739 3427 sensu
776 3370 1062 3426 Beseleheli
1095 3371 1171 3425 illi
1199 3371 1443 3441 antiquo,
1478 3371 1646 3426 divini
1675 3372 1951 3426 Taberna-

350 3467 458 3523 culi
513 3466 848 3533 rubricatori,
892 3474 1320 3537 compararetur.
1371 3465 1651 3533 Ejusmodi
1693 3468 1947 3521 nimirum

345 3572 481 3618 sunt
506 3576 629 3632 qua:
660 3561 835 3631 gessit
878 3560 1007 3615 dum
1052 3559 1346 3632 presbyter
1374 3572 1525 3616 esset
1563 3560 1665 3616 sub
1692 3560 1951 3630 epi~copo

350 3654 672 3721 Valeriano,
703 3654 937 3708 maxime
959 3668 1090 3707 vero
1118 3652 1170 3707 in
1196 3653 1431 3708 concilio
1454 3652 1792 3723 Aquileiensi
1822 3654 1952 3708 anni

348 3748 445 3804 3Sl
496 3757 692 3803 contra
739 3748 975 3802 Ariauos
1001 3747 1295 3817 episcopos
1325 3745 1631 3801 Palladium
1662 3756 1716 3801 et
1744 3746 1952 3801 Secun-

350 3840 595 3897 dianum.
644 3838 926 3909 Ejusmodi
968 3848 1096 3893 sunt
1140 3853 1263 3907 qua:
1309 3846 1431 3908 post
1459 3836 1807 3892 Valerianum
1843 3838 1954 3908 egit

349 3933 638 4005 cpisi-oput
670 3933 785 3999 ipse
814 3929 1205 4001 Aquileiensis,
1250 3937 1307 3985 et
1355 3927 1522 3984 verbo
1568 3938 1624 3984 et
1663 3932 1950 4000 exemplo;

348 4025 510 4094 cujus
540 4024 846 4080 teSIimonia
885 4031 1139 4094 prostant
1175 4023 1228 4077 in
1271 4021 1537 4078 Sermone
1577 4022 1667 4092 qui
1702 4030 1957 4092 superest

345 4118 421 4174 de
446 4131 572 4174 octo
614 4116 1069 4179 Beatztndinibus,
1098 4124 1157 4171 et
1195 4115 1247 4170 in
1287 4116 1538 4187 reliquiis
1566 4115 1955 4173 Commentarii

349 4229 512 4285 quem
540 4212 834 4283 scripserat
868 4214 921 4266 in
964 4210 1317 4276 Matthzeum;
1348 4220 1406 4265 ut
1441 4210 1575 4265 nihil
1607 4210 1851 4266 dicamus
1885 4211 1953 4265 de

346 4306 471 4359 aliis
495 4321 619 4376 quae
665 4304 851 4375 procul
888 4302 1056 4359 dubio
1083 4302 1446 4368 elucubravit,
1489 4317 1718 4373 qumque
1758 4302 1953 4371 injuria

352 4410 657 4467 temporum
692 4400 996 4469 perierunt.
1031 4398 1308 4453 Addamus
1350 4412 1597 4466 operam,
1637 4412 1797 4468 quam
1838 4395 1954 4466 ipse

350 4497 599 4553 adhibuit
628 4496 773 4568 apud
816 4496 1230 4567 Hieronymum,
1263 4493 1623 4563 suppeditatis
1661 4494 1825 4548 etiam
1855 4507 1952 4562 pe-

2057 3288 2221 3327 causa
2248 3273 2590 3331 Beselelirlem
2618 3279 2780 3331 nostri
2808 3280 3054 3349 temporis
3076 3279 3202 3350 jure
3222 3282 3389 3337 luisse
3414 3298 3443 3337 a
3467 3283 3670 3341 Ruﬁno

2056 3369 2381 3439 presbytero
2411 3384 2510 3426 suo
2540 3373 2872 3441 appellatum
2907 3391 2919 3428 :
2950 3375 3096 3445 quod
3128 3376 3371 3433 innuisse
3407 3378 3666 3436 sufﬁciat.

2128 3459 2248 3514 Alia
2272 3476 2416 3516 nunc
2441 3477 2539 3517 nos
2557 3472 2743 3518 manet
2761 3465 2980 3519 dicendi
2998 3468 3248 3530 materia.
3265 3471 3665 3541 qua-plurimo-

2056 3568 2175 3607 rum
2189 3554 2407 3623 quidem
2432 3555 2568 3609 ursit
2596 3556 2897 3625 ingenia,et
2913 3559 2981 3613 de
3003 3575 3106 3629 qua
3131 3562 3403 3631 prmeipue
3422 3563 3664 3635 scripse-

2057 3654 2186 3700 runt
2207 3644 2546 3702 Fontaniuus
2572 3660 2739 3720 atque
2759 3651 2833 3705 De
2867 3651 3069 3707 Rubci~
3095 3655 3145 3707 in
3174 3653 3662 3726 Lurubrationtbus,

2056 3756 2193 3810 quas
2204 3738 2503 3796 Chromatii
2519 3745 2739 3813 scriptis
2753 3744 3095 3812 subiicimus;
3112 3763 3211 3802 cur
3226 3749 3479 3803 nimirqu
3493 3750 3664 3809 Coro.

2058 3831 2255 3885 matius
2274 3830 2363 3885 hic
2382 3842 2569 3888 noster
2582 3833 2950 3904 Aquileiensis
2966 3836 3017 3891 iu
3040 3839 3211 3907 prima
3235 3839 3663 3914 Basileensit-jus

2058 3924 2406 3992 scriptorum.
2442 3940 2563 3994 qua:
2594 3936 2919 3997 supersunt,
2947 3928 3190 3985 editione
3239 3932 3367 3986 anni
3400 3932 3541 3989 1528
3567 3952 3665 4005 ap-

2058 4018 2290 4086 pellatus
2315 4018 2480 4073 luerit
2500 4019 2771 4092 episcopus
2798 4020 3088 4085 Romanos;
3111 4031 3167 4079 et
3189 4039 3287 4079 cur
3310 4026 3511 4080 tamdiu
3535 4035 3663 4084 ante

2058 4108 2355 4166 editionem
2382 4111 2528 4166 illam
2553 4112 2805 4168 eumdem
2835 4114 3188 4183 appellaverit
3212 4128 3403 4172 sanrttr
3415 4116 3665 4174 Romana:

2057 4204 2335 4258 antistitem
2364 4201 2609 4259 Ecclesia:
2632 4207 2795 4259 etiam
2822 4206 3010 4261 beatus
3040 4206 3269 4263 Flaccus
3288 4210 3537 4275 Albinus,
3563 4226 3662 4267 seu

2058 4298 2319 4352 Alcuinus
2344 4297 2527 4353 Alibas
2577 4299 2631 4353 in
2673 4299 2851 4354 libello
2877 4302 3120 4357 adversus
3163 4302 3415 4359 Ilwresim
3468 4303 3665 4363 Felicia

2059 4390 2304 4460 episcopi,
2326 4390 2461 4460 §26.
2485 4390 2574 4445 ubi
2600 4402 2806 4447 textum
2830 4393 3075 4462 ejusdem
3093 4396 3573 4454 Clironiatiirel'ert
3595 4400 3665 4456 do

2059 4484 2407 4539 sanctissimo
2433 4483 2721 4539 Trinitatis
2749 4486 3035 4557 mysterio.
3074 4487 3209 4544 Tota
3258 4489 3557 4547 difﬁcultas
3606 4494 3661 4547 in

352 4592 635 4644 cumarum
663 4588 947 4652 subsidiis,
970 4597 1029 4641 ιιι
1053 4586 1234 4642 studia
1259 4601 1354 4639 sua
1383 4585 1436 4639 in
1469 4599 1637 4639 sacrm
1656 4584 1953 4654 Scriptum
1980 4572 2034 4633 Ῑ)
2060 4576 2501 4632 nomenclatione
2539 4577 2757 4633 Alcuini
2791 4593 2915 4633 esse
2959 4579 3181 4635 videtur
3227 4599 3241 4637 Ξ
3277 4600 3398 4636 natn
3423 4583 3663 4641 Joannes

352 4681 507 4739 libris
536 4681 603 4735 ad
633 4682 799 4735 totius
844 4678 1109 4735 Ecclesia:
1157 4678 1445 4732 utilitatem
1491 4688 1951 4748 prosequeretnr;

354 4789 458 4830 nec
499 4790 606 4829 non
649 4772 902 4829 stimulos
939 4788 1076 4843 quos
1114 4770 1363 4826 admovit
1411 4770 1627 4837 Ruﬁno,
1679 4787 1839 4842 quem
1889 4785 1955 4825 ex

355 4866 579 4923 Oriente
606 4865 864 4921 reducem
899 4866 1344 4937 presbyterorum
1380 4879 1599 4919 suorum
1642 4863 1957 4935 Aquileien-

356 4958 494 5013 sium
526 4958 651 5014 a‘bo
677 4957 796 5027 ipse
821 4956 1161 5027 adscriptum
1195 4954 1393 5021 voluit,
1430 4966 1484 5009 ut
1509 4956 1751 5011 Graecam
1786 4955 1952 5011 Euse-

356 5048 432 5104 bii
463 5049 760 5107 llistoriam
791 5049 1219 5106 ecclesiasticam
1252 5048 1459 5103 Latinis
1482 5048 1675 5104 litteris
1699 5050 1950 5116 donaret,

359 5155 411 5199 et
441 5154 499 5198 ut
532 5144 636 5199 alia
664 5160 878 5216 quoque
904 5160 969 5199 ex
998 5143 1315 5199 Grmcorum
1347 5143 1541 5212 Opibus
1569 5141 1848 5198 conferret
1882 5141 1951 5196 ad

355 5234 774 5291 aediﬁcationem
803 5235 977 5291 divini
1007 5234 1391 5301 Tabernaculi,
1418 5244 1577 5302 prout
1607 5243 1733 5288 sunt
1761 5232 1951 5304 Orige-

360 5327 446 5383 nis
501 5327 778 5395 bomiliae,
828 5342 923 5383 seu
975 5326 1347 5382 oratiuncula:
1398 5325 1451 5380 in
1506 5324 1703 5379 librum
1761 5324 1950 5380 Josue.

359 5419 685 5492 Susceptum
739 5437 870 5477 vero
917 5437 946 5475 a
994 5419 1312 5476 Cliromatio
1368 5426 1556 5473 nostro
1604 5432 1702 5487 pro
1749 5416 1959 5473 Joanne

362 5513 752 5587 Chrysostomo
798 5514 1184 5583 patrocinium,
1228 5510 1498 5566 fervorem
1554 5508 1768 5579 pietatis
1812 5509 1957 5563 illius

364 5616 419 5664 et
444 5609 679 5680 vigorem
706 5608 828 5664 lidei
855 5607 1120 5666 ostendit.
1145 5606 1235 5677 qtti
1261 5605 1403 5660 nulla
1435 5604 1679 5658 locorum
1700 5602 1953 5659 distantia

366 5714 736 5769 coerceretur,
771 5703 935 5758 nullis
962 5700 1375 5759 ditﬁeultatibus
1403 5708 1782 5758 atterreretur.
1808 5698 1955 5754 nulla

366 5808 581 5867 qucque
613 5796 928 5867 temporalis
960 5793 1221 5866 potentia:
1251 5792 1548 5850 acerbitate
1578 5790 1955 5864 frangeretur;

2057 4667 2490 4740 Siclt.irdus,qui
2532 4669 2832 4725 editionem
2885 4671 3038 4726 illam
3091 4672 3462 4730 Basileensem
3500 4677 3661 4733 ador-

2055 4764 2227 4828 navit,
2260 4762 2386 4817 ideo
2413 4761 2638 4817 Romani
2664 4763 2892 4834 episcopi
2943 4763 3164 4818 titulum
3211 4764 3534 4822 Chromalio
3558 4783 3659 4839 po-

2055 4855 2165 4910 suit
2188 4896 2202 4919 .
2236 4865 2329 4909 aut
2350 4866 2501 4910 certe
2544 4854 2596 4909 in
2619 4870 2720 4909 suo
2754 4871 2969 4927 quoque
3021 4856 3216 4913 codice
3247 4860 3513 4929 scriptum
3542 4861 3664 4931 ipse

2063 4958 2239 5004 ratum
2263 4948 2471 5012 habuit,
2493 4951 2623 5020 quia
2665 4948 2736 5003 ita
2756 4950 3091 5020 appellatum
3119 4951 3188 5007 ab
3211 4952 3446 5010 Aleuino
3466 4954 3663 5011 abbate

2058 5040 2437 5095 Chromatium
2490 5039 2726 5095 invenit.
2778 5040 3065 5096 Alcuinum
3134 5060 3265 5100 vero
3318 5063 3659 5118 nequaquam

2061 5134 2361 5204 putaverint
2388 5141 2581 5204 sponte
2609 5149 2706 5188 sua
2729 5136 3035 5205 appellasse
3055 5134 3437 5194 Chromatium
3465 5142 3660 5213 episco-

2061 5246 2183 5299 pum
2216 5229 2531 5295 Romanum,
2566 5244 2661 5284 seu
2696 5228 2942 5285 Romanae
2973 5228 3541 5297 Ecclesireantistitem;
3562 5236 3659 5291 sed

2060 5322 2112 5378 id
2139 5322 2349 5386 fecisse,
2392 5324 2518 5394 quia
2562 5324 2630 5376 ita
2672 5324 2873 5379 dictum
2921 5325 3126 5380 invenit
3157 5327 3210 5381 in
3249 5328 3441 5384 codice
3473 5329 3661 5397 Scrip-

2060 5426 2226 5470 torum
2265 5416 2381 5471 sive
2422 5416 2808 5483 Opusculorunt
2855 5416 3177 5486 Chromatii,
3226 5437 3334 5489 quo
3382 5422 3659 5479 utebatur.

2060 5510 2198 5578 Quid
2226 5511 2384 5581 igitur
2414 5511 2482 5565 de
2507 5512 2609 5567 hac
2646 5512 3014 5583 appellatione
3044 5514 3417 5569 censendum?

2135 5603 2189 5657 In
2216 5605 2363 5658 varia
2410 5603 2839 5674 abieruntsupcr
2861 5605 2964 5660 hac
2996 5622 3054 5660 re
3110 5606 3343 5667 Eruditi.
3377 5616 3535 5674 prout
3583 5608 3665 5664 vi-

2062 5694 2192 5752 dere
2229 5705 2314 5752 est
2363 5694 2619 5751 incitatis
2664 5696 3049 5770 Scriptionibu:
3076 5697 3497 5752 Duumvirorum
3530 5715 3660 5756 nos‘

2065 5799 2297 5847 troruni.
2316 5789 2429 5860 Ipsi
2448 5804 2578 5846 vero
2605 5790 2734 5860 quid
2755 5792 3047 5859 senserint,
3075 5789 3261 5861 paucis
3277 5790 3486 5864 accipe.
3510 5792 3659 5854 Fon-
