4172 6182
310 311 426 370 293

1580 291 1958 364 puerulo
1995 288 2344 364 Ibt't'otus.

3517 296 3625 368 est

314 443 462 483 anno
492 424 727 484 cadente
769 424 897 495 588,
945 425 1022 481 uti
1050 424 1275 495 coniicit
1304 424 1382 481 De
1407 422 1617 479 Rubeis
1653 425 1702 478 in
1733 424 1928 477 Monu-
1954 420 2009 482 Δ
2034 423 2251 495 dempta
2282 426 2513 498 syllaba,
2539 434 2629 482 aut
2672 427 2837 483 altera
2869 427 2919 483 in
2954 442 3113 484 unam
3144 427 3385 485 litteram
3436 429 3627 484 immo-

307 533 526 587 mentts,
549 534 606 578 et
645 523 930 576 ceniirmat
976 521 1028 574 in
1070 518 1542 574 Dissertationibus
1565 519 1722 572 varia:
1748 518 1924 572 erudi-

310 619 498 672 tionis.
554 618 657 672 Hic
676 628 853 671 autem
885 617 1001 684 ipse
1052 630 1226 670 annus
1259 613 1377 677 init,
1420 627 1527 681 quo
1558 611 1927 681 Aquileiensis

310 711 450 763 urbs
514 709 850 763 obsidionem
912 710 1134 775 pertulit
1188 707 1258 762 ab
1314 708 1561 761 exorcitn
1625 702 1924 759 ’l’heodosii

318 799 497 870 Magni
544 799 794 868 Augusti,
827 799 917 869 qui
958 807 1249 868 tyrannum
1286 795 1574 850 Maximum
1619 794 1926 849 insectaba-

314 901 411 947 tur
456 893 768 961 Aquileiam
819 891 1125 962 ingressum
1177 906 1299 945 eum
1345 891 1518 959 copiis
1562 890 1699 955 suis,
1745 888 1927 959 ibique

312 990 471 1043 brevi
522 987 694 1042 etiam
733 989 804 1040 ab
831 990 1076 1057 Augusto
1121 986 1242 1055 ipso
1271 987 1477 1039 victore
1508 998 1723 1054 captum
1754 992 1807 1036 et
1833 998 1927 1036 ca-

319 1083 434 1151 pite
462 1080 810 1134 damnatum.
842 1077 1147 1134 Chromatii
1179 1088 1359 1132 tamen
1387 1077 1732 1146 inauguralio
1758 1077 1925 1144 Aqui:-

325 1175 439 1229 leim
474 1172 837 1243 probabiliter
877 1173 1055 1225 locum
1095 1170 1278 1225 habuit
1309 1178 1431 1238 post
1480 1170 1703 1240 Augusti
1741 1170 1926 1223 vieto-

320 1270 458 1324 riam
487 1276 542 1322 et
572 1268 791 1322 Maximi
822 1282 1035 1330 necem,
1063 1266 1457 1335 tranquillitate
1486 1262 1924 1320 resdtntmcutn

325 1379 431 1417 non
458 1361 535 1416 ita
559 1373 679 1431 post
710 1362 933 1416 Maximi
968 1375 1159 1415 casum
1214 1359 1562 1433 tyrannidem
1604 1361 1929 1429 arripuisset

324 1455 623 1526 Eugenius,
679 1452 819 1506 idem
852 1451 1201 1507 Theodosius
1224 1455 1275 1506 in
1300 1452 1513 1507 Italiam
1542 1452 1762 1506 rediens
1785 1463 1929 1505 anno

323 1546 451 1607 394i.
504 1561 625 1600 mm
664 1559 859 1613 magna
906 1544 1143 1599 militum
1196 1545 1377 1612 copia,
1427 1546 1491 1597 ad
1522 1543 1925 1614 Aquileiensem

321 1655 511 1711 agrum
546 1639 819 1709 pervenit,
852 1639 941 1692 ubi
974 1639 1341 1693 commissum
1365 1640 1607 1707 praelium
1637 1636 1660 1690 i'
1678 1638 1757 1703 tit,
1783 1636 1925 1705 quod

320 1732 551 1788 exitium
582 1740 637 1784 et
675 1740 907 1784 mortem
936 1745 1078 1783 novo
1108 1740 1342 1801 tyranno
1375 1730 1572 1783 intulit.
1609 1731 1766 1783 Anno
1797 1728 1922 1793 400,

2024 529 2159 584 tata,
2186 523 2237 575 in
2270 520 2494 575 Romani
2518 522 2981 594 episwpititnlum
3008 523 3303 588 ccurcrtit,
3335 526 3421 593 qui
3468 534 3628 580 tautze

2026 614 2437 682 disceptationis
2492 629 2709 669 causam
2762 615 2986 671 eruditis
3029 616 3247 670 laudent
3308 618 3631 689 poSIerioris

2028 707 2203 759 aetatis
2236 706 2583 775 prmbuisset.

2101 796 2287 868 Neque
2312 813 2441 853 vero
2468 798 2746 869 singulare
2768 798 2870 855 hoc
2898 802 3211 871 exemplum
3240 802 3292 855 in
3314 800 3630 856 Chromatio

2029 890 2290 961 episeopo
2322 892 2587 960 quisp'am
2619 891 2932 950 crediderit.
2971 906 3027 947 ut
3067 909 3162 962 pro
3196 895 3631 949 nomenclatione

2029 984 2257 1053 episcopi
2298 985 2642 1055 Aquileiensis
2667 1028 2681 1051 ,
2719 987 2880 1041 aliam
2914 988 3164 1042 obtinere
3200 991 3471 1060 potuerit,
3505 989 3631 1060 Epi-

2028 1080 2174 1144 scom'
2205 1095 2400 1149 nempe
2433 1078 2662 1135 Romani
2708 1092 2800 1135 aut
2842 1081 3139 1151 Roonazini,
3172 1099 3237 1137 ex
3293 1099 3440 1138 mora
3468 1098 3631 1154 quam

2028 1172 2082 1225 in
2113 1172 2351 1226 Romulia
2380 1188 2472 1227 seu
2502 1172 2778 1228 Romulino
2806 1176 2975 1229 veteri
3008 1173 3176 1229 Porlu
3209 1176 3439 1231 fortasse
3483 1174 3631 1232 fece-

2028 1265 2100 1319 rit
2130 1266 2452 1336 aliquando,
2505 1266 2569 1320 ad
2620 1268 2863 1334 pacatius
2912 1278 2967 1323 et
3013 1270 3259 1322 securius
3294 1268 3633 1324 donncilium

2029 1360 2443 1426 capessendum.
2471 1358 2832 1428 Aquileiensis
2862 1359 2977 1428 ipsa
3014 1359 3257 1415 Ecclesia
3291 1360 3501 1431 insigne
3534 1361 3632 1416 hu-

2027 1448 2180 1517 ju~ce
2213 1450 2290 1504 rel
2326 1450 2480 1506 nobis
2507 1452 2728 1507 exhibet
2769 1464 3175 1523 argtnnentum,
3209 1455 3353 1522 qttod
3388 1455 3635 1508 revocari

2028 1542 2220 1611 nequit
2261 1542 2313 1596 in
2343 1541 2586 1597 dubium.
2619 1541 2843 1597 Constat
2887 1542 3269 1614 Aquileienses
3321 1546 3592 1599 antistites
3618 1587 3632 1612 ,

2032 1633 2279 1702 Aquileia
2310 1634 2378 1687 ob
2401 1636 2523 1691 creti
2550 1636 2940 1703 malignitatem
2973 1638 3181 1706 relicta,
3204 1639 3292 1693 diu
3317 1640 3499 1695 sedem
3528 1650 3639 1694 sta-

2026 1726 2194 1779 bilem
2224 1728 2531 1782 incivitate
2577 1726 2703 1783 Furi
2736 1728 2861 1784 Julii
2914 1729 3207 1799 habuisse,
3259 1745 3451 1787 oetaro
3502 1750 3637 1800 ptan-

320 1833 380 1880 et
401 1822 732 1892 abEugenii
768 1800 1143 1878 internecione
1186 1832 1371 1890 sexto,
1420 1823 1666 1876 Alaricus
1699 1820 1923 1877 Golthtl-
1954 1800 2005 1866 Β
2032 1822 2220 1875 sertint
2261 1822 2463 1876 sarculo
2493 1835 2655 1893 atque
2684 1839 2856 1892 nono,
2900 1836 3065 1903 prout
3096 1827 3167 1880 De
3201 1822 3407 1881 itubcis
3438 1827 3487 1881 in
3519 1826 3637 1880 Μο-

322 1932 443 1972 rum
483 1918 591 1971 dux
643 1917 694 1969 in
726 1916 934 1970 Italiam
982 1916 1215 1985 irrupit;
1262 1925 1319 1970 et
1365 1914 1735 1984 Aquileiensis
1777 1917 1925 1985 regio

324 2018 496 2083 prima
538 2014 786 2067 omnimu
837 2011 1012 2082 patuit
1065 2010 1344 2079 cupiditati
1399 2009 1779 2071 ltarlrarorum,
1834 2009 1925 2080 qui

316 2115 477 2173 tunc,
509 2116 751 2160 nontam
780 2104 1013 2158 dominii
1041 2102 1379 2173 acquirendi,
1415 2116 1573 2172 quam
1600 2102 1804 2172 ‘pt‘mdzt:
1832 2101 1927 2155 ab-

323 2199 595 2254 ducenda:
642 2212 805 2253 causa
852 2196 1213 2251 advenerant.
1248 2194 1381 2249 Post
1430 2192 1707 2249 Alaricum
1740 2235 1754 2258 ,
1795 2204 1925 2248 tunc

323 2291 548 2348 demum
604 2291 757 2345 italia
800 2291 1037 2359 pulsum,
1088 2288 1281 2343 eadem
1335 2302 1439 2358 qua
1508 2286 1622 2351 ille,
1680 2284 1926 2355 improba

316 2394 532 2448 mente,
581 2383 744 2439 etiam
799 2382 1176 2451 Radagaisius,
1228 2381 1369 2435 alter
1419 2380 1743 2436 Gotthorom
1795 2380 1922 2447 dux,

322 2491 469 2531 anno
495 2475 605 2531 404
652 2485 745 2528 aut
788 2476 1128 2544 insequente,
1170 2474 1377 2527 italiam
1416 2473 1718 2544 ingressus,
1761 2473 1929 2541 Aqui-

328 2569 591 2626 leiensem
646 2568 835 2623 itidem
890 2582 1079 2638 agrum
1139 2568 1396 2633 tentavit,
1462 2568 1751 2638 multisque
1795 2566 1927 2621 locis

327 2668 572 2727 vastatis,
624 2660 682 2716 in
726 2660 959 2715 Thuscia
1013 2660 1231 2715 tandem
1279 2659 1555 2715 occubuit.
1588 2659 1733 2726 Quid
1761 2670 1928 2729 porro

327 2758 384 2811 in
426 2756 542 2810 illis
574 2756 838 2831 angustiis
882 2752 1233 2809 Chromatius
1269 2756 1568 2824 episc0pus
1618 2751 1929 2823 Aquileien-

328 2851 438 2906 sis?
468 2850 551 2904 Nil
582 2861 731 2904 certe
756 2850 980 2915 mirum,
1012 2849 1080 2903 ab
1101 2846 1438 2919 Aquileiensi
1468 2836 1688 2903 civitate
1713 2857 1769 2902 et
1800 2861 1929 2918 agro

324 2944 481 3000 illum
514 2954 567 2998 et
598 2944 790 3005 semel,
848 2951 901 2997 et
938 2942 1140 2996 iterum
1172 2951 1333 3013 atque
1364 2942 1565 2998 iterum
1608 2940 1927 3006 recessisse,

330 3052 398 3093 ac
420 3038 625 3091 duabus
655 3038 955 3107 praesertim
983 3038 1276 3105 postremis
1308 3035 1454 3090 hisce
1480 3032 1692 3089 vicibus
1721 3046 1927 3088 moram

330 3136 497 3188 etiam
529 3131 930 3185 diuturniorem
981 3145 1045 3185 eo
1076 3131 1181 3185 loci
1227 3131 1587 3200 protraxisse,
1630 3143 1788 3200 quem
1828 3126 1929 3182 sibi

2034 1916 2289 1968 numentis
2317 1919 2554 1971 ostendit
2594 1919 2770 1987 capite
2813 1917 2901 1973 Sti.
2953 1919 3115 1991 Atqui
3157 1936 3221 1973 ex
3258 1920 3361 1974 hoc
3410 1920 3639 1991 Foroju-

2035 2007 2190 2062 liensi
2232 2006 2509 2062 domicilio
2563 2011 2989 2080 Aquileiensium
3046 2014 3392 2079 antistitum,
3449 2026 3499 2069 et
3537 2015 3637 2085 ipsi

2026 2114 2252 2171 quoque
2289 2102 2516 2173 episc0pi
2541 2099 2958 2175 Forojnlienses,
2991 2118 3057 2158 eo
3088 2113 3357 2174 tempere,
3388 2106 3548 2161 etiam
3584 2106 3635 2160 in

2025 2194 2263 2263 publirls
2295 2198 2688 2263 monumentis,
2723 2200 2899 2267 potius
2932 2214 3093 2268 quam
3124 2197 3477 2269 Aquileicnsrs
3510 2201 3636 2257 dicti

2032 2285 2218 2352 fuere;
2248 2299 2297 2342 et
2322 2287 2692 2357 Aquileiensis
2725 2291 2841 2357 ipsa
2864 2290 3108 2346 Ecclesia
3134 2292 3638 2349 denominatioucm

2030 2379 2245 2448 accepit
2290 2379 2535 2434 Ecclesiae
2576 2379 2979 2451 Foroiuliensis.
3018 2382 3320 2438 Vidcantur
3366 2386 3526 2456 hujus
3560 2386 3640 2441 rei

2034 2469 2363 2525 documenta
2387 2473 2438 2525 in
2471 2483 2661 2527 Sancto
2690 2473 2896 2537 Niceta,
2929 2474 3105 2544 rapite
3121 2474 3172 2542 6,
3208 2493 3259 2546 p.
3300 2477 3403 2533 155
3432 2492 3482 2532 et
3518 2496 3634 2549 seq.

2030 2559 2221 2631 Neque
2253 2562 2405 2618 deest
2437 2564 2585 2619 aliud
2628 2566 2815 2635 vigens
2858 2569 3167 2639 exenplnm
3212 2568 3269 2622 in
3300 2569 3639 2640 Aquileiensi

2034 2656 2162 2710 olim
2190 2656 2499 2727 provincia,
2548 2673 2840 2729 numnunc
2884 2663 3163 2728 ptovincia
3210 2660 3490 2718 Utinensis
3522 2674 3637 2733 vri,

2032 2758 2159 2818 post
2193 2749 2573 2818 patriarchalis
2604 2751 2745 2805 illius
2780 2751 3043 2806 Ecclesia:
3084 2754 3431 2822 partitionem
3466 2757 3517 2809 in
3554 2775 3641 2809 ar-

2033 2840 2465 2925 chiepiscopatus
2489 2844 2648 2899 sedes
2677 2845 2829 2899 duas.
2856 2843 3283 2902 ConCordiensis
3308 2850 3499 2904 civitas
3528 2850 3643 2923 rpi-

2035 2934 2290 3004 scopulis,
2339 2937 2573 2992 utittettsi
2624 2938 3059 3008 metropolitana:
3107 2939 3352 3009 addiCta,
3382 2959 3502 3007 qum
3552 2959 3643 2996 ca-

2038 3030 2341 3087 tbedraiem
2392 3033 2555 3088 habet
2590 3044 2986 3103 pet-vetustam,
3022 3045 3076 3091 et
3118 3036 3264 3091 {edes
3304 3036 3421 3111 [ut]
3475 3039 3639 3093 etiam

2038 3125 2382 3195 episcopales
2425 3140 2592 3199 prope
2622 3142 2741 3183 eam
2787 3128 3035 3199 positas;
3103 3146 3228 3185 raro
3267 3140 3481 3195 tamen,
3534 3144 3645 3187 sta-

330 3224 642 3298 pnetulerat
676 3223 1027 3279 incolendum
1057 3243 1068 3276 :
1096 3234 1259 3295 atque
1286 3224 1364 3278 ita
1392 3225 1444 3277 id
1472 3222 1694 3286 factum,
1728 3232 1785 3278 ut
1818 3222 1934 3292 ejus
1956 3187 2007 3256 Ω
2043 3221 2219 3292 lisque
2252 3232 2457 3278 tantum
2503 3240 2598 3294 per
2626 3240 2826 3280 annum
2858 3224 3010 3281 horis
3041 3227 3220 3297 potius
3245 3245 3405 3300 quam
3450 3231 3642 3287 (lielms

328 3320 436 3374 ioci
479 3321 792 3388 episcOpus,
837 3321 1014 3387 potius
1058 3334 1217 3389 quam
1259 3319 1498 3374 civitnis
1540 3316 1931 3390 Aquileiensis,

330 3412 738 3483 quodammodo
790 3412 1092 3466 videretur.
1154 3408 1448 3467 Romulium
1501 3427 1631 3466 vero
1670 3410 1933 3478 Parium,

329 3523 428 3563 seu
458 3505 814 3572 Romainum,
849 3506 913 3561 ad
935 3505 1165 3562 ﬂuvium
1195 3506 1723 3610 ejusdenytnminis,
1758 3507 1935 3560 locum

331 3613 525 3668 reapse
564 3596 736 3654 fuisse
784 3597 1078 3652 secessioni
1132 3596 1437 3651 Chromatii
1484 3605 1615 3650 tunc
1671 3597 1938 3665 temporis

335 3704 722 3763 Opportunum,
751 3693 867 3747 sive
896 3691 1052 3747 illius
1096 3690 1289 3746 "Portus
1319 3690 1535 3745 nomine
1562 3690 1741 3744 locum
1780 3690 1937 3745 lutei-

337 3787 589 3851 ligamus,
604 3785 695 3856 qui
712 3799 851 3840 nunc
870 3782 1339 3839 Portns—Gruarius
1363 3799 1422 3837 su
1436 3800 1527 3851 pra
1548 3781 1936 3850 Cuncordiam,

338 3876 436 3951 [Li]
475 3882 590 3932 sive
623 3878 790 3932 alium
852 3887 973 3947 post
1001 3877 1359 3931 Concordiam
1390 3918 1402 3940 ,
1438 3892 1467 3931 a
1498 3876 1672 3931 Plinio
1731 3891 1940 3931 memo-

338 3980 542 4036 ratum,
574 3970 641 4025 ad
694 3971 849 4026 ﬂuvii
893 3971 1139 4041 ejusdem
1194 3973 1419 4033 ostium,
1462 3969 1606 4025 unde
1636 3972 1688 4025 in
1720 3968 1940 4026 Estua-

342 4062 485 4119 rium
528 4064 754 4131 labitur,
788 4065 930 4135 quod
965 4066 1299 4136 probabilius
1326 4080 1540 4135 quoque
1576 4065 1827 4131 videtur;
1864 4066 1941 4118 lo-

340 4170 467 4212 cum
519 4156 684 4223 hunc,
737 4157 978 4226 inquam,
1014 4158 1635 4212 SCCt‘SSiOﬂiCitl‘Olllalii
1681 4167 1942 4228 Opportu-

342 4266 469 4306 num
494 4251 693 4315 iuissc,
722 4261 837 4305 tum
871 4252 935 4304 ad
972 4250 1195 4305 bellicas
1247 4251 1613 4306 Romanorum
1650 4253 1834 4307 turbas
1866 4252 1942 4307 vi-

341 4345 562 4410 tandas,
592 4352 703 4397 tum
752 4343 817 4397 ad
868 4342 1519 4398 Barbarorumincurstts
1566 4342 1939 4411 declinandos,

343 4435 502 4492 facile
544 4438 797 4508 quisque,
839 4438 898 4492 ni
935 4437 1198 4501 fallimur,
1234 4436 1584 4502 intellexerit,
1614 4437 1704 4507 qui
1746 4435 1945 4492 Roma-

348 4545 443 4584 nas
479 4531 591 4583 vias
623 4539 752 4584 tunc
795 4529 1045 4585 celebres
1076 4529 1311 4595 noverit,
1345 4531 1579 4585 maxime
1606 4543 1737 4584 vero
1772 4530 1939 4596 illam,

2040 3314 2186 3369 videt
2232 3316 2545 3388 episcopum
2591 3335 2792 3385 suum,
2823 3319 2915 3390 qui
2970 3330 3292 3391 perpetuum
3340 3337 3402 3376 ac
3443 3325 3644 3380 snabile

2041 3406 2206 3462 habet
2247 3400 2580 3465 domiCilium
2605 3453 2619 3475 ,
2653 3421 2709 3467 et
2754 3415 3116 3482 episcopalem
3149 3413 3338 3470 sedem
3396 3416 3553 3469 lixam
3591 3418 3642 3472 itt

2040 3501 2283 3568 proxima
2314 3502 2534 3556 civitate
2566 3502 3079 3569 Portns-Gruarii;
3115 3505 3205 3560 ubi
3245 3515 3300 3560 ct
3348 3507 3450 3564 alia
3498 3510 3645 3563 a-des

2041 3608 2193 3657 sacra
2226 3594 2554 3653 cathedralis
2588 3596 2729 3673 loco,
2763 3610 2815 3651 et
2848 3599 3209 3668 episcopium,
3255 3612 3308 3654 et
3341 3601 3489 3656 curia
3528 3602 3644 3673 rpi-

2042 3687 2307 3756 sCopalis,
2341 3696 2395 3742 et
2422 3689 2711 3758 collegium
2745 3693 3164 3755 canonicorum,
3202 3705 3254 3745 et
3286 3696 3641 3748 seminarium

2041 3777 2391 3833 clericorum.
2441 3779 2557 3849 Ipse
2587 3782 2803 3849 quidem
2834 3781 3127 3850 Episcopus
3156 3783 3557 3838 Concordimsis
3589 3786 3641 3841 in

2045 3869 2273 3939 publicis
2299 3871 2509 3926 actibus
2548 3888 2767 3941 semper
2811 3874 3117 3943 appellatur
3148 3891 3159 3927 :
3190 3886 3247 3939 at
3285 3876 3337 3929 in
3367 3877 3643 3932 cmnntnni

2047 3960 2302 4031 loquendi
2331 3972 2384 4016 et
2406 3963 2678 4018 scribendi
2705 3980 2923 4034 quoque
2950 3980 3073 4031 usu,
3102 3974 3209 4029 tum
3240 3968 3380 4037 apud
3414 3968 3644 4037 incolas,

2042 4064 2156 4119 tum
2208 4056 2348 4125 apud
2400 4066 2658 4125 exteros,
2712 4060 2879 4114 veluti
2927 4059 3201 4129 antiquata
3246 4058 3646 4117 Concordicnais

2046 4150 2271 4221 epismpi
2292 4151 2676 4219 appellatione,
2701 4149 2989 4226 Episcopus
3016 4155 3181 4225 vulgo
3208 4156 3405 4211 dicitur
3429 4154 3647 4211 Portus-
3712 4152 3715 4155 λ

2046 4242 2281 4298 Gram-ii.
2304 4246 2447 4312 Quid
2483 4246 2644 4315 igitur
2693 4248 2925 4312 mirum,
2972 4247 3015 4302 si
3058 4260 3121 4307 et
3150 4249 3501 4321 Cltrotnatius
3532 4250 3649 4320 epi-

2048 4350 2244 4405 scopus
2268 4338 2649 4407 Aquileiensis,
2675 4352 2867 4412 quarto
2896 4342 3110 4396 labente
3134 4353 3190 4399 et
3208 4346 3395 4414 quimo
3427 4345 3648 4401 ineunte

2047 4428 2269 4495 smculo,
2304 4443 2424 4484 cum
2473 4442 2527 4485 et
2557 4414 2726 4487 semel
2775 4444 2827 4487 et
2876 4434 3106 4504 iterum,
3141 4446 3304 4505 atque
3335 4440 3495 4490 etiam
3541 4446 3651 4499 ter.

2052 4521 2204 4587 tium,
2257 4524 2708 4597 gravissimisque
2758 4528 3082 4599 urgentibus
3109 4528 3323 4597 causis,
3372 4529 3441 4583 ab
3477 4529 3649 4601 Aqui-

491 4578 575 4583 .-π
628 4578 750 4584 ---η
801 4578 1042 4585 -.-ων-
1618 4578 1733 4584 --.η
2194 4578 2203 4587 ,
2258 4578 2287 4592 υ
2612 4578 2635 4597 τ
2666 4578 2703 4580 η
2762 4578 2854 4599 πο
3477 4578 3615 4601 -_,_-

348 4618 465 4674 sive
518 4618 839 4673 Flaminium
881 4619 1113 4686 dixeris,
1168 4620 1285 4675 sive
1326 4619 1673 4685 Postumiam,
1712 4635 1833 4692 quae
1874 4578 2240 4674 abDleiensi
2287 4616 2420 4669 urbe
2484 4619 2815 4684 recesserit,
2870 4630 3032 4697 atque
3082 4620 3132 4673 in
3181 4618 3507 4673 Rotnalinum
3554 4637 3653 4676 seu

350 4710 597 4781 Aquileia
634 4727 731 4782 per
792 4712 1074 4769 Venetiam
1108 4721 1267 4783 atque
1317 4711 1589 4768 Emittam
1633 4714 1697 4768 ad
1743 4717 1946 4785 primas

350 4804 520 4859 Italiae
546 4805 733 4869 nrbes,
772 4820 836 4860 ac
865 4807 1081 4860 demum
1110 4805 1176 4859 ad
1198 4806 1381 4875 ipsam
1409 4804 1568 4861 Orbis
1601 4802 1945 4876 Metropolim

351 4898 616 4964 ducebat;
667 4907 721 4953 et
760 4912 791 4955 a
838 4916 964 4971 qua,
1015 4908 1128 4955 tum
1182 4899 1449 4954 Rammius
1498 4916 1591 4957 seu
1645 4901 1946 4956 Romalinns

353 4992 585 5060 Portus,
639 5004 749 5050 tum
802 4996 1005 5050 ﬂuvius
1054 4994 1296 5063 dualem
1331 4997 1584 5063 nominis,
1642 4996 1708 5052 ad
1758 4998 1945 5051 larvam

350 5087 597 5156 ejusdem
618 5089 729 5142 ενὶεη
757 5088 826 5144 ab
858 5089 1103 5159 Aquileia
1120 5088 1497 5155 venientibus,
1527 5088 1677 5158 quasi
1710 5091 1949 5159 ignotus,

350 5182 654 5236 aututinus
691 5192 841 5237 certe
887 5197 915 5235 a
963 5181 1219 5237 Barbaris
1271 5189 1401 5237 tunc
1446 5183 1555 5236 alio
1601 5180 1949 5235 teudentdms

348 5275 653 5343 expetitus,
680 5275 935 5330 distabat.
976 5277 1053 5328 lix
1099 5274 1201 5329 hoc
1232 5274 1395 5343 igitur
1426 5273 1666 5329 Romulia
1694 5289 1789 5328 St'll
1843 5270 1951 5328 Ro-

357 5368 551 5421 ntatino
602 5365 790 5430 Porta,
854 5366 921 5420 ad
976 5383 1137 5436 quem
1200 5368 1556 5436 probabiliter
1606 5367 1950 5423 Chromatius

363 5467 570 5525 noster,
605 5468 663 5514 ct
690 5460 929 5515 indicas
960 5457 1169 5521 turbas,
1216 5470 1271 5515 et
1294 5458 1659 5515 Barbatornm
1696 5460 1954 5519 incursus

363 5552 631 5623 devitans,
685 5552 981 5613 identidem
1025 5554 1348 5629 ventitabat,
1392 5564 1449 5617 et
1492 5551 1579 5621 ubi
1624 5555 1957 5626 aliquamdiu

362 5647 589 5711 fortasse
634 5659 1000 5712 conmoratus
1026 5647 1160 5713 fuit;
1209 5663 1275 5703 ex
1307 5646 1435 5713 hoc,
1462 5647 1708 5718 iam»,
1758 5648 1959 5707 Renun-

368 5740 424 5795 lii
449 5757 542 5796 seu
576 5739 841 5794 Romatini
871 5740 1096 5811 episc0pi
1124 5756 1319 5797 nomen
1348 5740 1606 5809 obtinuit,
1636 5742 1780 5811 quod
1810 5758 1958 5798 ama-

365 5831 584 5890 nuensis
614 5830 807 5903 aliquis
836 5832 1014 5889 minus
1042 5832 1370 5905 intelligens,
1402 5832 1681 5903 facillime,
1728 5845 1822 5892 aut
1853 5852 1957 5893 una

2055 4706 2349 4762 Romulium
2378 4708 2617 4776 Portum,
2653 4714 2934 4767 securitati
2962 4727 3025 4765 ac
3054 4713 3222 4789 quieti
3257 4724 3646 4787 opportunum,

2052 4805 2287 4875 atquein
2319 4804 2539 4861 dioecesi
2574 4818 2699 4860 tunc
2725 4823 2818 4861 sua
2851 4808 3108 4876 positum,
3138 4822 3196 4861 se
3221 4808 3509 4876 receperit,
3550 4807 3651 4863 ibi-

2054 4912 2159 4968 que
2200 4898 2513 4968 aliquandiu
2558 4916 2764 4953 moram
2795 4898 3010 4967 iecerit;
3044 4898 3205 4969 quid,
3261 4904 3511 4970 inquam,
3546 4900 3650 4954 mi-

2055 5012 2196 5057 rum,
2221 4992 2264 5047 si
2297 5006 2489 5046 nomen
2518 5007 2733 5063 quoque
2761 4991 2990 5045 Romolii
3012 5009 3107 5045 seu
3125 4990 3395 5046 Ronmlini
3423 4993 3653 5064 epierpi

2058 5091 2308 5148 obtinere
2338 5090 2594 5161 potuerit,
2629 5087 2773 5158 quod
2810 5086 3029 5159 Scriptis
3063 5102 3160 5141 seu
3193 5085 3471 5157 Opusculis
3499 5092 3655 5151 abeo

2055 5183 2259 5240 relictis
2290 5182 2445 5237 facile
2474 5181 2920 5253 praiponeretur?
2975 5244 2980 5250 ,

2127 5275 2263 5343 Quid
2296 5291 2426 5331 vero
2470 5276 2512 5329 si
2544 5275 2595 5329 in
2638 5274 2740 5329 hoc
2774 5270 3020 5327 Romulia
3047 5287 3141 5328 seu
3181 5273 3454 5328 Romolino
3486 5272 3654 5327 Porlu

2059 5370 2199 5426 diem
2232 5383 2446 5442 quoque
2473 5368 2828 5424 Chromatius
2863 5367 2978 5444 ipse
3007 5367 3266 5423 clauserit
3305 5378 3605 5441 extremum
3637 5381 3652 5419 :

2059 5463 2201 5536 quod
2232 5472 2383 5520 certe
2433 5463 2694 5531 majorem
2744 5462 2875 5517 huic
2904 5463 3256 5533 appellationi
3288 5458 3657 5527 communiter

2062 5574 2250 5617 annm
2280 5556 2560 5613 dedisset?
2586 5559 2741 5612 Anno
2768 5557 2871 5621 W7
2919 5566 3009 5611 aut
3037 5556 3143 5610 ωε
3170 5554 3459 5615 ῐηοι-ιεῄρω
3490 5553 3654 5605 vitam

2058 5652 2410 5709 Chromatius
2440 5668 2562 5707 cum
2594 5651 2801 5707 caelesti
2834 5651 3006 5727 gloria
3035 5651 3422 5718 commutavit,
3470 5648 3547 5703 uti
3585 5646 3661 5703 De

2057 5741 2263 5806 Bubeis
2295 5745 2348 5802 in
2400 5742 2751 5799 Monnmenlis
2799 5742 2941 5816 typis
2991 5741 3155 5798 editis
3186 5756 3335 5809 anno
3368 5738 3549 5816 174οξ
3598 5750 3663 5816 μ

2061 5837 2206 5907 gravi
2250 5834 2469 5904 quidem
2502 5836 2833 5903 conjectura,
2878 5841 2935 5888 ut
2967 5832 3110 5888 idem
3144 5831 3263 5903 ipse
3316 5833 3664 5894 conﬁrmavit
