4172 6182
518 267 624 329 295

1536 269 1595 325 S.
1634 264 2093 324 CHROMATIUS
2132 264 2241 320 ΕΡ.
2282 262 2785 333 AQUILEIENSIS.

3718 258 3822 322 I90

523 380 576 437 iu
609 379 1067 436 Dissertationibus
1102 378 1258 434 varia:
1278 377 1610 441 eruditionis.
1646 396 1769 451 cap.
1817 379 1874 443 9,
1906 394 1960 448 p.
1988 376 2115 443 l99,
2147 377 2199 437 A
2224 376 2354 432 ralis
2399 392 2520 431 cum
2572 386 2686 431 toto
2724 374 3051 431 numismate
3098 373 3310 431 censeri
3354 374 3557 446 possit?
3600 373 3825 429 Constat

520 490 642 541 qua:
686 489 834 527 anno
882 473 1023 528 1702
1068 469 1420 539 prodierunt.
1472 482 1660 527 contra
1703 488 1768 528 ac
1811 472 2039 526 dixisset
2068 470 2122 523 in

522 565 903 621 Dissertatione
951 566 1014 618 de
1043 564 1235 635 Ruﬁno
1259 606 1274 631 ,
1304 580 1425 634 quae
1464 564 1742 633 prodierat
1771 581 1915 620 anno
1949 558 2117 629 1764,

523 661 614 714 ubi
646 676 766 730 pag.
801 658 907 715 144
946 668 1003 715 et
1032 659 1133 713 H7
1172 674 1373 713 anitum
1416 657 1712 713 Cltroniatii
1761 659 2122 714 emortualem

519 762 787 808 statuerat
815 750 941 806 406.
974 750 1185 806 Eodem
1228 766 1394 821 porro
1426 752 1545 819 ipso
1571 766 1715 805 anno
1741 752 1845 806 407
1874 758 1969 804 aut
1994 750 2119 814 408,

520 844 768 900 Alaricus
798 838 1127 899 Gotibormn
1174 843 1283 898 dux
1312 843 1563 912 superius
1606 852 1961 910 memoratus,
1997 843 2125 897 viri-

519 936 623 993 bus
648 936 993 1001 instauratis,
1014 937 1209 990 iterum
1241 936 1294 990 in
1328 935 1538 990 Italiam
1567 935 1930 999 descendens,
1957 937 2124 1006 Aqui~

521 1028 787 1085 leiensizm
831 1033 1033 1098 Agrum
1064 1028 1261 1082 itcrtim
1304 1039 1511 1083 terrore
1552 1029 1860 1093 concussit;
1903 1029 2027 1082 licet
2072 1038 2128 1082 et

522 1121 849 1193 Aquileiam,
886 1133 937 1177 et
964 1132 1191 1177 ceteras
1214 1120 1462 1177 Venetiae
1489 1123 1654 1177 urbes
1686 1132 1813 1177 tunc
1848 1123 2127 1192 praeterie-

524 1216 627 1281 rit,
662 1224 720 1271 ut
750 1224 901 1270 recto
935 1215 1128 1268 itinere
1173 1213 1399 1269 Romam
1437 1225 1677 1283 peteret,
1712 1230 1875 1285 quam
1907 1213 2123 1269 demum

523 1322 666 1361 anno
694 1304 947 1376 sequenti
979 1305 1084 1361 409
1111 1314 1201 1358 aut
1231 1305 1358 1369 “0,
1389 1305 1535 1375 cepit
1563 1315 1727 1375 atque
1754 1304 2123 1375 depopulavit.

522 1398 607 1455 Nil
632 1398 794 1469 igitur
816 1398 1176 1468 probabilius,
1207 1414 1368 1467 quam
1389 1397 1764 1452 Chromatium
1789 1396 1982 1450 eodem
2008 1397 2126 1465 ipso

525 1490 649 1547 loco
677 1506 734 1544 se
766 1490 1085 1544 maturrime
1114 1492 1421 1557 recepisse,
1450 1498 1523 1543 uti
1548 1498 1929 1553 consueverat,
1960 1496 2124 1542 etiam

525 1585 579 1641 in
609 1584 710 1640 ltac
740 1600 876 1639 nova
903 1600 966 1639 ac
1008 1583 1239 1639 terriﬁca
1270 1583 1634 1638 Barbarorum
1668 1584 2002 1652 irroptione;
2029 1583 2129 1636 ibi-

522 1693 629 1749 que
675 1677 885 1740 morbo,
919 1694 1026 1747 quo
1076 1687 1234 1732 autea
1295 1677 1575 1731 laborabat
1624 1676 1745 1747 (uti
1789 1692 1856 1731 ex
1884 1675 2129 1746 Chryso-

2231 476 2408 524 autetn
2439 470 2573 524 satis
2606 471 2749 523 inter
2774 468 3020 523 eruditos
3042 509 3056 533 ,
3114 482 3256 523 anno
3291 467 3499 523 Christi
3548 466 3654 521 420
3694 482 3827 521 non-

2228 562 2356 618 dutn
2382 564 2431 617 in
2450 579 2549 619 usu
2563 562 2695 637 [LIV]
2711 562 2879 618 fuisse
2895 572 3051 617 notas
3068 571 3373 632 temporum
3392 560 3824 616 Christianorum

2226 660 2383 711 anuis
2414 673 2443 710 a
2475 656 2678 712 Christi
2702 672 2797 710 seu
2821 655 3194 711 incarnatione
3221 671 3320 709 seu
3347 654 3628 709 nativitate
3648 652 3829 708 ductis

2227 748 2475 818 signare;
2506 749 2672 804 immo
2705 748 2867 818 longe
2909 760 3097 818 postea
3136 762 3290 802 usum
3336 748 3501 812 hunc,
3553 747 3604 801 in
3652 746 3827 802 eccle-

2230 841 2467 896 siaSticis
2497 842 2663 895 etiam
2708 842 2893 906 rebus,
2929 841 3200 911 coepisse;
3247 853 3302 896 et
3334 839 3548 910 longius
3586 854 3825 910 quoque,

2228 935 2423 988 saltem
2451 934 2502 987 io
2530 933 2850 1000 Occidente,
2882 936 3082 1003 passim
3113 934 3437 988 obtinuisse.
3472 934 3701 987 Abunde
3738 948 3830 989 su-

2230 1040 2327 1095 per
2360 1024 2459 1077 hac
2510 1041 2569 1079 re
2598 1025 2799 1079 eruditi
2830 1030 3133 1093 scriptores
3173 1038 3501 1096 temporum,
3552 1034 3608 1080 et
3648 1026 3832 1080 novis-

2229 1118 2365 1171 sime
2388 1115 2617 1170 Maurini
2641 1127 2895 1171 auctores
2924 1120 3107 1188 operis
3132 1118 3563 1187 pra-stantiSsiiui
3590 1116 3743 1172 L‘Art
3766 1118 3830 1170 de

2230 1208 2433 1278 reri/Ser
2454 1210 2527 1262 les
2548 1211 2716 1275 dates,
2736 1221 2867 1277 etc.,
2890 1210 2941 1263 in
2966 1210 3354 1265 dissertatione
3385 1209 3581 1279 prmvia
3609 1220 3760 1276 parte
3790 1225 3826 1277 ι,

2233 1300 2261 1370 §
2290 1300 2325 1352 ‘2
2351 1316 2417 1353 ex
2442 1300 2686 1355 editione
2719 1301 3015 1355 Parisicusi
3053 1301 3209 1363 i770,
3246 1302 3386 1356 sicut
3420 1303 3586 1354 etiam
3617 1301 3711 1357 llci
3745 1303 3832 1356 Di-

2233 1392 2534 1459 plomatica:
2560 1392 2819 1463 Magistri,
2846 1394 2990 1449 inter
3014 1411 3152 1464 quos
3171 1412 3335 1448 unum
3360 1394 3447 1449 ltic
3469 1395 3827 1450 clari~simum

2231 1481 3019 1539 Tiraboschiumnominamus
3048 1486 3226 1541 Storia
3269 1485 3640 1541 A'onmitoi'ana
3687 1499 3830 1543 tonio

2230 1591 2287 1640 tt,
2322 1591 2443 1646 pag.
2480 1576 2564 1641 16,
2612 1577 2699 1632 ubi
2732 1594 2885 1631 usum
2930 1581 3215 1645 eumdem,
3249 1581 3390 1650 apud
3434 1582 3594 1636 Italos
3636 1582 3832 1637 saltem

2233 1668 2321 1721 vix
2369 1683 2514 1722 nouo
2554 1670 2770 1724 labente
2819 1674 3024 1726 sasculo
3064 1673 3298 1741 cii-pisse
3343 1675 3736 1728 animadvertit
3777 1675 3831 1730 in

520 1771 706 1835 stotui,
734 1772 860 1825 anni
900 1769 1031 1835 406,
1062 1770 1291 1839 epistola
1332 1768 1629 1838 novimus),
1665 1768 1863 1822 saevius
1894 1768 2127 1822 fortasse
2157 1774 2206 1834 Β
2232 1763 2542 1817 chartarum
2594 1764 2922 1833 signatioue.
2980 1767 3036 1820 ln
3083 1771 3202 1837 ipso
3242 1767 3464 1821 Eusebii
3508 1767 3763 1821 Lhronico
3801 1783 3829 1821 a

523 1872 862 1931 correptum,
890 1865 1124 1916 animam
1180 1860 1508 1915 reddidisse.
1562 1867 1740 1931 Atque
1772 1859 1889 1914 hiBC
1917 1858 1986 1914 de
2025 1858 2131 1912 lio—

525 1957 667 2009 ntani
715 1955 945 2027 episcopi
984 1954 1179 2020 titulo,
1209 1968 1368 2023 quem
1418 1953 1718 2007 Chromatii
1768 1954 2131 2024 Aquileiensis

527 2045 668 2121 [LIII]
696 2048 907 2117 Scripta
936 2062 1029 2102 seu
1063 2046 1332 2117 Opuscula
1358 2047 1502 2117 apud
1531 2048 1820 2103 Alcoinutn
1852 2047 2128 2115 abbatem,

522 2148 580 2194 et
597 2140 954 2194 iuBasileenSt
972 2138 1149 2210 prima
1164 2139 1482 2193 eorumdem
1498 2137 1738 2193 editione
1757 2139 2129 2208 praztulet'uut.

600 2230 802 2286 Metilio
824 2238 1009 2284 tamen
1036 2231 1163 2284 attriti
1185 2229 1511 2285 emortualis
1536 2230 1843 2284 Chromati‘t
1867 2230 2127 2299 episc0pi,

523 2339 687 2395 quem
729 2323 1137 2378 doumvirorum
1194 2336 1506 2378 nostrorum
1538 2323 1827 2393 opinimtes
1859 2323 1998 2378 ultra
2025 2322 2132 2378 408

526 2414 767 2488 volgaris
787 2430 913 2471 atra:
952 2430 1058 2470 non
1086 2415 1437 2485 protendunt,
1470 2415 1729 2471 admonet
1752 2431 1898 2471 nunc
1927 2432 2050 2481 nos,
2078 2424 2134 2469 ut

525 2508 730 2579 aliquid
760 2510 828 2563 de
858 2522 1067 2578 nupero
1105 2508 1329 2562 invento
1361 2507 1643 2574 dicamus,
1677 2508 1820 2578 quod
1867 2508 2133 2560 hactenus

526 2600 703 2657 lucem
734 2600 1002 2671 publicam
1031 2616 1137 2655 non
1163 2598 1327 2664 vidit;
1360 2608 1418 2655 et
1446 2616 1514 2654 cx
1544 2615 1671 2670 quo,
1703 2599 1750 2653 si
1780 2598 1915 2653 nihil
1949 2603 2131 2653 obsta-

523 2702 631 2759 ret,
685 2690 980 2745 Llirumatii
1031 2688 1204 2745 nostri
1258 2691 1363 2744 vita
1414 2694 1480 2745 ad
1526 2706 1731 2745 annum
1784 2691 1976 2745 Saltem
2026 2689 2131 2743 4'20

522 2782 743 2840 extendi
770 2783 1017 2838 deberet.
1050 2782 1336 2838 loveutum
1370 2782 1471 2838 hoc
1510 2795 1596 2838 est
1625 2794 1779 2838 vetus
1817 2782 2129 2852 plumbeum

519 2876 780 2946 sigillum,
813 2889 909 2929 seu
952 2876 1249 2944 numisuta,
1296 2876 1441 2946 quod
1485 2875 1842 2946 subjicituus;
1880 2878 2131 2947 qttquue

522 2967 770 3025 Venetiis
803 2970 946 3024 inter
976 2972 1129 3040 plura
1161 2971 1539 3040 hujuscemodi
1570 2982 1753 3027 vetera
1783 2977 2130 3025 monumenta

518 3082 642 3124 cum
674 3082 869 3122 recens
889 3066 1196 3123 detexisset
1221 3067 1565 3123 clarissimus
1590 3064 1953 3136 pra-laudatus
1983 3065 2132 3120 Illan-

2236 1859 2362 1913 divo
2395 1858 2728 1931 llierouymo
2768 1859 2963 1915 Latine
2993 1861 3231 1927 reddito,
3279 1869 3336 1915 ct
3372 1860 3439 1915 ad
3477 1877 3630 1915 suam
3669 1876 3836 1927 usijue

2235 1961 2450 2006 :L-tatem
2484 1954 2783 2024 producto,
2829 1955 3029 2008 areola:
3074 1955 3199 2021 illic,
3232 1956 3321 2008 tibi
3357 1956 3481 2008 anni
3516 1954 3727 2008 Domitii
3768 1953 3839 2008 ab

2236 2042 2405 2113 ipsius
2443 2045 2723 2099 nativitate
2763 2045 2829 2098 ad
2874 2048 3194 2116 paginarum
3246 2063 3399 2101 oram
3443 2045 3751 2116 signantur,
3786 2047 3836 2100 iu

2236 2138 2628 2193 vetustioribus
2657 2139 2938 2194 codtcmus
2997 2156 3101 2194 ms.
3145 2140 3365 2207 desunt,
3409 2151 3462 2195 ct
3497 2141 3836 2194 eruditorum

2230 2226 2436 2297 judicio
2490 2231 2785 2285 additionis
2841 2232 2996 2286 ι’ςιΙιΙο
3059 2233 3379 2302 posterioris
3447 2245 3606 2298 sunt;
3663 2233 3837 2288 cidem

2236 2322 2466 2391 proinde
2494 2322 2755 2391 Eusebio,
2795 2336 2960 2394 atque
2985 2326 3323 2396 llietouymo
3366 2341 3593 2397 prorsus
3624 2330 3839 2397 ignolw.

2237 2413 2373 2470 Vide
2403 2413 2696 2471 Chronicon
2723 2418 2899 2485 ipsum
2935 2418 3302 2474 Eusebiaoum
3343 2420 3396 2473 in
3428 2418 3672 2474 editione
3711 2435 3844 2489 ope-

2236 2523 2355 2561 rum
2384 2507 2491 2561 divi
2525 2509 2838 2580 Hieronymi
2872 2526 2901 2562 a
2941 2510 3212 2565 Vallarsio
3242 2512 3508 2567 adornata
3544 2521 3691 2565 tomo
3718 2526 3837 2579 rut,

2236 2600 2342 2655 col.
2377 2600 2505 2665 655,
2539 2610 2666 2655 nota
2711 2618 2773 2667 a;
2815 2618 3026 2657 necnon
3058 2603 3288 2658 Arualdi
3334 2604 3555 2659 Pontaci
3599 2601 3767 2658 Notas
3797 2612 3844 2658 et

2237 2693 2610 2765 Castigationes
2641 2696 2695 2748 in
2740 2695 2951 2749 Eusebii
2991 2694 3306 2764 Chroniion,
3357 2698 3410 2751 iti
3461 2698 3565 2752 line
3594 2697 3841 2765 eju~dem

2237 2785 2643 2858 llieronymiaui
2676 2787 2805 2840 tomi
2831 2788 3151 2853 editas,col.
3179 2789 3309 2851 2'50,
3340 2788 3470 2844 231.
3490 2788 3588 2843 Vel
3615 2787 3715 2842 hac
3742 2788 3841 2857 igi-

2239 2888 2327 2933 tur
2355 2881 2482 2932 anni
2508 2878 2617 2933 4'20
2641 2880 3021 2935 enuntiatione
3054 2880 3368 2949 plumbeum
3404 2880 3530 2934 illttd
3573 2881 3840 2934 nomisma

2235 2973 2683 3028 Chromatiautmt
2715 2975 2901 3043 procul
2928 2974 2997 3029 ab
3025 2978 3216 3028 eodem
3250 2991 3394 3029 anno
3437 2973 3749 3043 rcjiciuius;
3785 2981 3843 3026 ut

2236 3070 2306 3121 sit
2333 3067 2557 3121 omnino
2598 3081 2735 3137 opus
2756 3067 2854 3121 ιιινί
2882 3066 3225 3136 posterioris,
3255 3075 3311 3121 ct
3342 3075 3401 3121 ιιι
3432 3081 3717 3136 propterea
3762 3064 3843 3119 ni-

521 3176 615 3218 rus
651 3160 805 3225 Boni,
840 3160 997 3215 nobis
1023 3162 1190 3215 etiam
1218 3160 1368 3215 illico
1394 3160 1771 3217 Chromatium
1805 3159 2125 3215 illustrauti-
2158 3166 2202 3229 ο
2237 3161 2307 3217 hil
2357 3162 2681 3234 synchroutn
2736 3161 2937 3216 habent
2980 3161 3320 3215 auctoritatis
3367 3161 3434 3213 ad
3476 3157 3839 3215 evinceudum

519 3251 624 3307 bus
652 3252 1045 3306 humanissime
1073 3252 1525 3320 communicavit,
1555 3262 1610 3307 ut
1640 3252 1845 3323 aliquid
1873 3266 2037 3322 super
2056 3266 2123 3307 eo

523 3358 743 3415 quoque
765 3342 891 3397 data
914 3345 1322 3413 opportunitate
1348 3344 1715 3410 scriberemus
1737 3353 1783 3399 ιι.

889 3555 1049 3633 0M

603 3582 888 3887 [ὃςδέ
941 3617 1259 3949 [ριάἠί
1504 3718 1512 3725 “

584 3846 707 4009 0|
792 3941 859 4018 0
976 3961 1036 4022 ᾴ
1156 3917 1254 4059 [ἡ.
1526 3853 1993 4144 ΟΟῦΟΧΧ

664 4052 1149 4207 (ὶθιᾶίδ

516 4363 710 4424 Partes
730 4366 917 4420 ambas
941 4366 1029 4419 hic
1050 4364 1203 4420 vides
1228 4363 1388 4433 hujus
1413 4363 1615 4419 veteris
1631 4364 1860 4434 plumbi,
1888 4367 2121 4421 aulicam

518 4466 684 4531 atque
714 4458 997 4526 posticam.
1032 4458 1265 4512 Dubium
1292 4472 1457 4527 porro
1488 4457 1695 4513 nullum
1716 4499 1730 4525 ,
1766 4460 1909 4529 quod
1953 4460 2120 4515 Clu-o-

520 4559 712 4611 rnatius
762 4557 1026 4627 episcopus
1064 4552 1402 4621 Aquileiensis
1440 4552 1493 4606 in
1534 4552 1712 4607 antica
1747 4552 2015 4622 scriptus,
2049 4554 2117 4609 sit
2144 4547 2196 4607 D
2222 4568 2350 4623 stat,
2384 4559 2609 4615 fortuito
2634 4561 2994 4630 protulerunt,
3022 4577 3143 4632 qua:
3172 4562 3374 4617 eruditi
3410 4572 3597 4631 postea
3620 4560 3837 4617 adhibi-

518 4663 719 4719 reapse
744 4658 933 4702 noster
954 4645 1151 4713 dequo
1181 4645 1413 4715 agimus.
1447 4644 1587 4713 Quid
1611 4661 1742 4700 vero
1764 4646 1865 4702 sibi
1889 4647 2005 4701 vult
2030 4664 2127 4703 an-

519 4757 627 4799 nus
671 4740 779 4797 420
831 4740 885 4795 in
934 4738 1140 4810 posdca
1188 4754 1311 4795 cum
1363 4740 1617 4808 pastorali
1652 4741 1798 4811 virga
1848 4741 2127 4811 signatus?

518 4831 792 4901 Numquid
825 4831 953 4889 inde
1002 4831 1192 4887 inferri
1228 4832 1432 4902 possit,
1466 4842 1558 4886 aut
1602 4830 1797 4887 eodem
1838 4848 2001 4898 anno,
2050 4834 2130 4889 vi-

518 4934 632 4981 tam
663 4926 1041 4981 Chromatium
1087 4942 1211 4981 cum
1259 4926 1472 4981 cmlesti
1512 4926 1683 4997 gloria
1733 4941 2125 4994 commutasse,

520 5030 611 5074 aut
645 5018 839 5073 eodem
884 5028 1037 5073 certe
1070 5033 1216 5073 anno
1261 5018 1313 5072 in
1348 5019 1472 5073 vita:
1509 5034 1621 5073 sua:
1675 5035 1841 5075 cursu
1869 5022 2120 5077 eumdem

518 5111 699 5167 adhuc
733 5110 938 5177 fuisse;
989 5113 1143 5183 quasi
1186 5112 1406 5167 demum
1454 5113 1509 5167 in
1546 5122 1777 5182 utraque
1818 5116 2120 5186 signiticatu

511 5205 761 5278 ejusdem
794 5205 965 5276 ipsius
990 5209 1118 5261 anni
1148 5221 1286 5277 opus
1319 5205 1436 5262 haec
1469 5207 1719 5277 plumbea
1762 5220 1888 5264 nota
1928 5226 2121 5268 nume-

591 5400 617 5427 α
648 5389 724 5444 De
750 5387 879 5448 hoc,
909 5386 1140 5457 aliisque
1170 5389 1569 5443 recentioribus
1606 5390 1989 5458 antiquitatum
2040 5395 2113 5447 iii-

516 5462 719 5523 ventis,
748 5470 805 5515 et
833 5460 1188 5530 quidetuinon
1219 5459 1445 5514 Vottetis
1476 5461 1636 5513 modo
1666 5462 1759 5515 sed
1796 5464 2111 5530 Aquileien-

513 5536 654 5591 sium
686 5548 902 5604 quoque
931 5529 1400 5604 Gradensiuoiqne
1429 5533 1682 5604 propriis,
1712 5529 2113 5589 idemmeritis-

514 5601 931 5662 situm-Maurus
962 5601 1095 5672 Boni
1125 5601 1419 5658 certiorem
1454 5603 1687 5657 reddidit
1739 5619 1837 5672 pro
1884 5604 2113 5661 instituti

516 5680 729 5733 ratione
758 5676 920 5731 etiam
962 5671 1210 5729 Venetuoi
1243 5674 1540 5729 Athenarum
1564 5720 1576 5733 .
1610 5671 1767 5739 cujus
1801 5675 1916 5743 ipse
1948 5692 2118 5732 mem-

518 5743 679 5803 brum
709 5749 1028 5817 praeclarum
1053 5756 1157 5803 est.
1191 5744 1381 5801 Exstat
1410 5762 1538 5801 vero
1565 5745 1704 5816 typis
1734 5753 1879 5802 edita
1905 5788 1921 5814 ,
1952 5763 2117 5820 super

2231 3257 2601 3313 Chromatium
2634 3267 2884 3311 nostrum
2920 3256 3083 3310 vitam
3111 3271 3265 3310 suam
3300 3254 3624 3322 perduxisse
3648 3253 3715 3308 ad
3744 3268 3843 3308 an-

2234 3366 2361 3405 num
2393 3352 2587 3404 saltem
2612 3349 2932 3405 vicesimum
2961 3348 3138 3419 quinti
3169 3349 3376 3417 saeculi,
3420 3357 3607 3404 contra
3631 3363 3694 3401 ac
3714 3362 3841 3402 eru-

2234 3444 2330 3499 diti
2384 3445 2457 3497 illi
2500 3444 2768 3498 duumviri
2817 3452 3110 3510 nostrates,
3164 3442 3506 3497 Footaninus
3552 3450 3716 3509 atque
3763 3439 3839 3495 De

2236 3537 2439 3593 llubcis
2466 3536 2808 3606 scripserint,
2838 3538 2929 3608 qui
2962 3553 3029 3592 ex
3062 3538 3265 3591 coaevis
3288 3536 3616 3593 certissimis
3645 3549 3842 3587 tuonu-

2236 3633 2434 3688 mentis
2455 3634 2559 3688 rite
2585 3632 2839 3700 expensis
2864 3632 3000 3686 ultra
3041 3648 3245 3686 annum
3268 3631 3515 3701 ejusdem
3547 3628 3754 3694 sa-culi,
3784 3638 3841 3683 ut

2235 3725 2488 3788 maxime,
2522 3733 2770 3779 octavum
2793 3724 2955 3777 vitam
2988 3724 3129 3777 illius
3160 3740 3267 3778 non
3298 3722 3691 3792 produxerunt.

2309 3817 2451 3887 Quid
2481 3833 2616 3872 vero
2645 3817 2691 3871 si
2735 3818 2999 3886 suspicari
3042 3828 3303 3887 prieterca
3331 3817 3490 3873 liceat
3521 3814 3836 3886 plumbeum

2236 3909 2365 3964 illud
2391 3909 2658 3963 nomisma
2704 3923 2797 3962 seu
2825 3908 3059 3979 sigillum
3105 3910 3441 3977 probabilius
3480 3918 3605 3980 post
3633 3923 3836 3963 annum

2235 4002 2395 4055 etiam
2426 4000 2627 4054 Christi
2656 4000 3006 4057 millesimum
3036 4001 3315 4058 Conditum
3363 4001 3565 4066 fuisse;
3614 4018 3676 4057 ac
3722 4011 3835 4057 tum

2235 4094 2567 4164 prmsertim,
2599 4110 2721 4149 cum
2754 4103 2833 4149 tot
2862 4096 3061 4167 ubique
3093 4096 3292 4158 passim
3337 4111 3437 4167 per
3478 4095 3647 4151 Italiae
3674 4096 3837 4151 urbes

2230 4187 2504 4243 Chronica
2552 4202 2906 4245 monumenta
2954 4190 3368 4257 seribercutur,
3409 4207 3533 4261 qua:
3577 4192 3717 4245 sicut
3779 4190 3834 4246 iu

2231 4295 2454 4335 suorum
2489 4293 2791 4352 temporum
2820 4283 2979 4337 annis
3002 4285 3353 4354 assignandis
3381 4283 3699 4352 plerumque
3722 4298 3831 4338 non

2230 4374 2513 4439 falluntur,
2566 4374 2641 4429 ita
2699 4376 2750 4430 in
2810 4378 3211 4446 praeteritarum
3282 4387 3505 4431 aetatum
3558 4376 3719 4431 rebus
3765 4375 3833 4429 ad

2229 4466 2593 4522 Christianam
2632 4485 2795 4522 rerum
2840 4468 3144 4527 referendis
3186 4472 3377 4533 multa,
3412 4479 3469 4524 ut
3519 4471 3656 4525 satis
3698 4484 3832 4524 con-

2227 4652 2296 4707 tis
2321 4652 2541 4707 critices
2567 4653 2768 4724 regulis
2803 4654 3101 4710 emendare
3132 4670 3238 4711 non
3286 4656 3405 4710 sine
3454 4654 3617 4709 tardio
3646 4670 3711 4709 ac
3755 4655 3830 4710 la-

2233 4744 2367 4801 bore
2410 4746 2584 4801 coacti
2634 4748 2803 4801 sunt?
2846 4747 2910 4803 Ut
2948 4756 3132 4803 autem
3165 4749 3214 4804 id
3245 4749 3587 4817 suspicemur
3628 4749 3696 4803 de
3728 4748 3833 4805 hoc

2230 4839 2484 4909 plumbeo
2506 4850 2860 4895 monumento
2884 4841 3298 4911 Cltrotuatiano,
3354 4842 3391 4898 li
3422 4852 3553 4900 terte
3586 4843 3719 4913 ipsa:
3751 4842 3833 4898 la-

2231 4934 2401 4995 ciunt,
2432 4950 2527 4989 seu
2559 4936 2858 4990 litterarum
2899 4936 3109 5005 formie,
3165 4954 3289 5007 qua:
3338 4939 3393 4993 in
3438 4954 3506 4992 co
3538 4938 3828 4993 visuntur:

2231 5043 2295 5083 ac
2322 5029 2557 5084 maxime
2584 5030 2885 5085 litterarum
2918 5033 2985 5095 Α.
3011 5032 3070 5099 Ε,
3096 5031 3144 5087 Μ
3172 5040 3227 5087 et
3256 5032 3325 5089 Β.
3358 5048 3588 5101 quarum
3620 5032 3829 5088 similes

2228 5131 2322 5177 aut
2343 5125 2567 5178 omnino
2609 5133 2703 5178 aut
2742 5126 3137 5195 propemodum
3161 5126 3349 5182 videas
3386 5125 3497 5198 [ιν]
3527 5132 3613 5191 (ut
3638 5135 3826 5183 nostra

2231 5233 2372 5273 nunc
2400 5219 2577 5288 potius
2624 5232 2785 5288 quam
2814 5231 3038 5275 externa
3096 5219 3432 5292 promamus)
3490 5220 3545 5275 iti
3592 5221 3830 5276 numinis

2221 5396 2324 5451 hoc
2364 5399 2609 5453 Boniano
2640 5410 2916 5470 succepto,
2964 5402 3173 5457 Relatio
3214 5405 3520 5461 Academico
3552 5404 3734 5461 habita
3772 5406 3825 5461 in

2220 5470 2432 5536 publica
2484 5472 2709 5527 sessione
2764 5474 3009 5538 ejn~tlom
3072 5474 3307 5530 Atheniei
3367 5482 3456 5533 ttie
3497 5477 3569 5531 ‘28
3620 5493 3827 5533 mensis

2221 5540 2341 5612 Maii
2366 5544 2488 5595 anui
2517 5545 2781 5612 pi'mteriti
2812 5544 2973 5610 1815,
3002 5562 3029 5598 a
3060 5547 3178 5600 viro
3200 5550 3506 5604 clarissimo
3531 5548 3827 5605 Francisco

2221 5611 2467 5692 dg‘ietti,
2496 5611 2665 5692 ipsius
2700 5613 2953 5673 sianiliter
2985 5617 3185 5688 insigni
3239 5622 3519 5686 membro,
3550 5619 3619 5675 ad
3660 5637 3826 5692 quam

2222 5684 2483 5741 lectorem
2512 5689 2804 5743 mittimus.
