4172 6182
314 285 423 344 397

1580 281 1954 342 ΡΒίΕΙτΑἸΊΟ
1992 280 2331 340 EDITORIS.

3516 285 3624 342 298

310 402 748 475 patriarcharum
780 400 1214 471 Aquileiensium
1237 443 1252 469 ,
1281 402 1373 475 qui
1424 417 1617 459 omnes
1662 410 1787 473 post
1814 418 1912 457 an-
1940 401 1991 459 Α
2019 399 2197 455 adlmc
2225 415 2291 455 eo
2315 408 2563 470 tempore
2589 368 2921 471 imperabat,
2943 400 3306 470 probabiliter
3327 399 3629 471 pertinent,

311 510 449 550 num
483 495 830 551 millesimum
868 496 983 550 cusi
1018 494 1256 559 fuerunt,
1306 506 1355 551 et
1390 505 1637 565 prostant
1666 495 1809 565 apud
1845 495 1919 549 De

311 586 524 643 Rubeis
550 588 937 644 dissertatione
985 590 1159 660 prima
1205 590 1268 644 de
1312 589 1555 644 Nummis
1597 590 1920 660 patriarcha-

313 694 433 757 rum
476 678 906 748 Aquileiensium,
956 691 1011 734 et
1050 682 1196 751 apud
1226 682 1473 737 Lirututn
1518 680 1670 736 Delta
1712 680 1919 735 Moneta

314 770 396 826 ch‘
424 774 547 826 ebbe
570 789 717 827 σοι-σο
746 773 799 826 in
823 772 1018 839 Friuli,
1052 784 1158 830 etc.

385 867 504 923 Non
560 867 856 923 difﬁtemur
902 868 1121 940 quidem
1162 869 1473 941 singulares
1521 884 1648 925 esse
1705 869 1762 924 in
1814 867 1921 924 hoc

315 963 573 1035 plumbeo
604 965 937 1020 numismate
968 981 1065 1020 seu
1094 966 1272 1036 sigillo
1306 967 1506 1021 formas
1538 965 1846 1020 litterarum
1878 961 1919 1017 C

314 1054 463 1121 etO,
493 1071 723 1125 quarum
757 1056 907 1123 prior
935 1058 988 1111 in
1016 1057 1193 1111 antica
1236 1066 1394 1127 parte
1424 1058 1502 1112 uti
1530 1058 1729 1118 littera.
1762 1064 1818 1111 et
1863 1055 1917 1110 in

313 1148 522 1218 postica
575 1148 651 1201 uti
704 1157 829 1203 nota
885 1149 1223 1217 numeralis,
1265 1150 1484 1205 duobus
1513 1151 1679 1205 rectis
1704 1149 1919 1217 angulis

315 1248 531 1296 constat
550 1257 579 1296 a
610 1251 764 1311 tergo
794 1242 947 1308 sitis;
976 1243 1218 1298 etaltera
1248 1244 1551 1314 quaternis.
1576 1244 1665 1313 qui
1691 1242 1916 1313 figuram

314 1332 560 1403 perfecte
606 1334 930 1403 quadratam
968 1337 1328 1391 constituunt.
1380 1336 1581 1391 Vrrum
1632 1336 1748 1391 haec
1804 1338 1918 1406 ipsa

314 1426 540 1483 duarum
571 1428 875 1484 litterarum
913 1430 1273 1501 singularitas
1318 1431 1697 1501 antiquitatem
1743 1429 1919 1501 quinti

314 1520 558 1577 ineuntis
584 1522 773 1576 swculi
805 1522 874 1576 ab
906 1523 1010 1577 hoc
1051 1525 1379 1579 numismate
1427 1523 1702 1589 excludit,
1734 1540 1797 1579 ac
1828 1540 1917 1579 se-

312 1616 557 1685 quiorem
600 1616 850 1685 ejusdem
884 1628 1099 1671 rctatem
1130 1618 1403 1682 05tendit,
1435 1632 1796 1688 quzrcumque
1825 1618 1921 1672 de-

312 1724 461 1763 mum
507 1724 570 1764 ea
618 1709 893 1765 censenda
927 1710 1020 1764 sit.
1054 1710 1122 1765 Et
1155 1712 1393 1780 priorem
1432 1711 1651 1779 quidem
1682 1710 1918 1765 litteram

2025 490 2159 564 [ωσι]
2202 507 2265 547 ac
2294 493 2491 549 eodem
2522 502 2673 549 certe
2702 494 3033 563 posteriores
3062 509 3185 549 esse
3214 509 3322 548 non
3355 502 3580 563 possunt
3612 508 3627 545 :

2022 598 2255 654 quorum
2289 600 2632 641 nummorum
2674 598 2833 658 typos
2863 598 3119 643 accurate
3150 602 3261 642 tere
3300 587 3505 641 incisos
3549 585 3629 639 vi-

2022 677 2151 732 deas
2185 678 2235 732 iu
2267 681 2487 749 egregia
2540 680 2920 737 lucubratione
2968 680 3168 735 nobilis
3211 679 3317 733 viri
3356 676 3628 733 Leonardi

2022 770 2224 824 Manini
2255 772 2501 834 comitis,
2548 772 2767 828 Patricii
2797 773 3017 840 Veneti,
3049 775 3138 828 cui
3170 771 3359 827 titulus
3386 789 3400 826 :
3428 769 3628 825 Memo-

2021 866 2097 919 rie
2134 866 2572 921 storico-critiche
2603 868 2810 921 interno
2836 870 2889 922 la
2917 870 3049 937 vita,
3083 869 3417 932 traslazione,
3451 868 3515 920 ed
3541 868 3624 921 in-

2021 959 2255 1013 νεηιὶοηὶ
2280 960 2335 1012 di
2363 977 2458 1014 san
2496 959 2675 1015 Marco
2699 963 3054 1033 evangelista,
3103 963 3396 1033 principale
3427 971 3624 1030 protel-

2022 1060 2131 1105 tore
2159 1051 2214 1104 di
2246 1051 2490 1107 Venezia.
2530 1052 2754 1107 Venezia
2789 1056 2947 1111 1815.

2092 1144 2248 1209 Quod
2278 1161 2409 1199 vero
2435 1155 2648 1215 spectat
2677 1146 2742 1201 ad
2767 1146 3005 1203 litteram
3029 1148 3096 1214 Ο,
3126 1148 3180 1203 in
3210 1163 3278 1204 eo
3302 1147 3526 1219 plumbo
3552 1150 3628 1203 ita

2022 1237 2331 1301 formatam,
2357 1249 2415 1294 ut
2436 1241 2659 1296 schema
2688 1242 2932 1311 perfecte
2953 1242 3276 1314 quadratum
3296 1245 3626 1306 cunsdtuat;

2022 1332 2124 1385 etsi
2159 1333 2210 1385 in
2244 1333 2451 1389 Graecis
2497 1336 2705 1405 aliquot
2749 1336 3139 1392 vetustissimis
3183 1339 3419 1392 nummis
3461 1354 3629 1408 appa-

2021 1434 2177 1479 reant
2203 1426 2273 1478 ita
2307 1426 2608 1481 ell'urrnatae
2632 1428 2836 1484 Graeca:
2860 1430 3056 1485 litterm
3084 1434 3313 1485 omicron
3344 1442 3396 1485 et
3424 1448 3627 1503 omega,

2022 1525 2081 1570 ut
2108 1517 2367 1573 admonet
2398 1520 2743 1575 clarissimus
2773 1521 3104 1579 Franciscus
3136 1524 3484 1588 Ncumanus,
3524 1524 3633 1578 Po-

2023 1612 2265 1681 pulorum
2312 1624 2361 1669 et
2404 1632 2582 1686 regum
2641 1616 2806 1669 Νωνιὶ
2864 1628 3051 1673 veteres
3098 1620 3311 1687 inediti,
3366 1630 3519 1689 parte
3573 1634 3627 1683 ι,

2022 1720 2143 1777 pag.
2192 1707 2331 1775 231,
2365 1708 2703 1764 Vindobonze
2732 1712 2907 1777 1779;
2955 1713 3230 1767 fatendum
3284 1724 3462 1767 tamen
3492 1712 3629 1767 nihil

312 1799 386 1866 C,
420 1819 489 1859 eo
518 1804 680 1857 modo
711 1805 928 1859 ductam
959 1805 1050 1874 qui
1094 1806 1147 1859 in
1181 1806 1404 1873 plumbo
1438 1817 1627 1860 nostro
1652 1813 1916 1875 apparet,
1949 1785 1998 1845 Β
2025 1799 2186 1853 nobis
2216 1800 2531 1869 hujusmodi
2556 1806 2863 1861 occurrisse
2888 1805 2938 1859 in
2975 1806 3180 1860 Latinis
3205 1808 3483 1860 veteribus
3515 1820 3632 1859 mo-

312 1896 533 1952 exhibet
561 1913 761 1968 parvus
788 1915 1044 1954 nummus
1073 1912 1373 1970 argenteus
1402 1901 1644 1956 Venetus
1676 1900 1817 1970 apud
1840 1899 1918 1954 ci-

314 1998 483 2044 latum
517 1990 764 2045 Lirntnm
800 1993 910 2045 tab.
948 2008 1034 2055 vt,
1076 1992 1179 2045 sub
1223 2008 1371 2047 num.
1422 1991 1491 2047 60
1517 2007 1532 2056 ;
1563 2008 1725 2061 quam
1752 1992 1913 2046 etiam

311 2082 599 2152 pertinere
620 2082 685 2136 ad
716 2082 1195 2153 Langobardorum
1230 2094 1472 2153 tempora
1499 2085 1618 2152 ipse
1644 2092 1911 2150 autumat,

308 2187 374 2227 ac
406 2173 637 2229 fortasse
669 2173 736 2228 ad
767 2185 973 2245 partem
1011 2178 1248 2243 priorem
1292 2176 1476 2230 s:ccu|i
1517 2191 1644 2242 vm,
1683 2176 1757 2228 uti
1789 2191 1914 2229 eru-

309 2265 423 2321 dite
472 2266 697 2321 diSserit
754 2269 951 2322 ibidem
1002 2284 1122 2339 pag.
1176 2268 1279 2323 140
1332 2278 1387 2323 et
1442 2284 1593 2337 srqq.
1653 2267 1913 2322 Eamdem

310 2360 486 2430 ipsam
537 2363 771 2414 litteram
827 2362 1011 2415 Romae
1059 2361 1267 2416 viderat
1320 2376 1388 2417 eo
1422 2362 1701 2429 ipsis~imo
1752 2360 1914 2414 modo

313 2448 572 2514 scriptam
602 2447 765 2499 etiam
816 2447 867 2497 in
903 2446 1206 2516 lmgmento
1233 2446 1410 2500 Latini
1444 2444 1637 2512 lapidis
1668 2446 1718 2499 in
1768 2445 1915 2514 pavi—

308 2551 495 2593 mento
522 2538 738 2595 Sancta:
767 2539 991 2608 Agathzr
1017 2538 1346 2593 Goltltorttm
1371 2538 1436 2593 ad
1473 2539 1742 2593 Suburam
1766 2540 1911 2592 cele-

308 2630 422 2686 bris
455 2634 724 2684 Antonius
756 2631 920 2685 Maria
947 2630 1179 2699 LUj‘tiIIS;
1215 2631 1358 2699 quod
1391 2633 1751 2701 rragtneutttm
1788 2632 1916 2685 licet

306 2728 453 2779 omni
482 2740 645 2778 sc'nsu
675 2727 1024 2788 destitutum,
1052 2726 1122 2777 ob
1149 2725 1581 2793 singularitatem
1608 2734 1786 2777 tamen
1818 2723 1915 2776 Ιιιι-

301 2815 393 2885 Ῑιις
428 2815 623 2869 litterze
672 2818 933 2871 exhibere
966 2816 1135 2870 voluit
1168 2816 1220 2870 in
1252 2832 1347 2870 sua
1386 2816 1758 2871 eruditis-iuta
1802 2818 1914 2872 (ιτε-

306 2914 608 2965 sertationc
652 2911 718 2964 ad
756 2910 1092 2981 Epitaphium
1126 2911 1331 2965 Serene
1356 2912 1619 2980 martyris,
1651 2926 1769 2979 pag.
1811 2909 1912 2965 104

306 3005 568 3059 editionis
619 3004 1017 3058 Panormitanae
1062 3002 1217 3057 1734.
1266 3003 1384 3057 Jum
1428 3019 1555 3058 \eru
1604 3003 1910 3056 Gotthuruin

308 3114 511 3155 nomen
537 3098 632 3152 a-di
666 3102 892 3167 Agatba:
921 3100 1213 3153 adhzerens
1240 3100 1372 3151 satis
1425 3098 1664 3153 indicare
1698 3099 1911 3151 Vidrltll‘

308 3192 571 3261 originem
598 3191 744 3245 illitis
773 3194 933 3247 fracti
963 3194 1159 3260 lapidis
1186 3193 1394 3262 absque
1417 3208 1580 3247 sensu
1605 3209 1618 3254 ;
1649 3208 1699 3247 Ut
1728 3194 1908 3247 mirari
1939 3171 1985 3234 C

308 3298 434 3354 amp
459 3288 539 3337 ius
570 3300 677 3337 ttutt
709 3285 905 3337 ειιιιιιιιι
939 3284 1175 3337 litteram
1197 3301 1411 3354 quoque
1438 3285 1477 3337 ι)
1510 3284 1759 3339 Latinam
1800 3286 1911 3338 lio-

309 3393 523 3434 manant
585 3376 813 3432 fortnam
867 3378 1008 3447 apud
1074 3394 1195 3432 eant
1238 3389 1456 3449 gentem
1504 3380 1911 3447 quodammodo

308 3473 563 3536 exuisse,
616 3479 673 3525 et
705 3482 762 3523 ιιι
808 3469 1025 3524 demum
1055 3472 1378 3541 Colligamus
1410 3471 1475 3523 ad
1524 3474 1694 3542 quinti
1729 3472 1914 3526 saeculi

308 3561 523 3617 initium
554 3579 676 3617 eam
710 3562 963 3629 formant,
998 3580 1023 3615 a
1062 3566 1237 3631 prisca
1268 3566 1336 3615 ita
1366 3563 1715 3633 degenerem,
1747 3566 1917 3634 porti-

310 3672 441 3712 nere
465 3674 573 3710 nun
608 3674 789 3726 posse.
813 3659 1080 3711 Ca-terum
1116 3658 1343 3711 fortnam
1378 3658 1518 3710 hanc
1546 3662 1725 3711 tertiae
1752 3658 1914 3726 hujus

312 3748 519 3805 Latina:
551 3752 746 3803 littera:
792 3750 950 3804 valde
976 3752 1318 3819 frequentem
1352 3752 1548 3804 εδει-1³η
1590 3752 1642 3802 in
1685 3750 1916 3817 inscrip-

316 3846 553 3901 tionibus
584 3845 770 3899 sa-culi
801 3860 854 3899 ιι
885 3849 1121 3899 (Ιηιιιιιιιε
1145 3845 1437 3898 Vainesius
1467 3859 1531 3898 ex
1563 3843 1915 3897 Benedictina

311 3940 737 4009 congregatione
780 3939 965 3994 Sancti
996 3940 1165 3994 Mauri
1197 3940 1249 3993 in
1295 3953 1395 3993 suo
1428 3936 1779 3991 Dictionnaire
1805 3938 1914 3990 rai-

308 4036 471 4088 sonné
499 4039 559 4085 de
607 4031 1012 4104 Diplomatique,
1062 4042 1209 4085 tomo
1240 4030 1289 4095 Ι,
1339 4046 1461 4100 pag.
1489 4029 1617 4093 215,
1659 4030 1915 4085 editionis

315 4124 645 4179 Parisicn~is
693 4123 851 4179 1774.
885 4123 1041 4192 Quod
1088 4134 1267 4178 autem
1326 4123 1378 4176 in
1425 4123 1661 4178 nummis
1700 4138 1915 4193 quoque

316 4217 490 4285 ipsius
526 4217 714 4271 smcnli
749 4231 801 4271 x1
834 4218 1027 4272 eadem
1078 4216 1239 4284 hujus
1272 4214 1449 4269 tertize
1485 4214 1690 4269 Latina;
1722 4216 1914 4270 littera}

314 4310 489 4367 forma
517 4319 807 4380 appareret
839 4314 918 4381 (ut
947 4310 1052 4363 alia
1077 4310 1163 4365 hic
1184 4318 1538 4364 monumenta
1571 4324 1751 4363 cmeva
1778 4326 1915 4378 pra:-

317 4404 613 4476 tereamu~)
652 4406 784 4460 satis
812 4406 1111 4459 ostendunt
1138 4404 1345 4460 nummi
1385 4403 1599 4457 Henrici
1627 4404 1912 4475 imperato-

316 4499 392 4552 ris
446 4497 669 4553 nomine
709 4497 939 4567 signati.
979 4498 1069 4564 qui
1119 4498 1415 4551 novissime
1450 4496 1681 4552 Venitiis
1709 4496 1914 4551 inventi

2018 1893 2293 1947 numentis
2322 1894 2464 1965 typis
2492 1897 2671 1960 editis,
2705 1914 2824 1967 quae
2874 1901 3167 1955 consulere
3200 1902 3492 1970 potuimus.
3529 1900 3621 1955 Ni-

2018 1982 2320 2039 lnlominus
2350 1987 2542 2041 horum
2575 1989 2694 2043 loco
2715 1990 2933 2045 abunde
2964 2000 3049 2045 est
3081 1992 3223 2061 quod
3260 1992 3446 2047 ridere
3473 1992 3625 2046 licuit

2018 2076 2070 2132 in
2120 2080 2329 2149 paginis
2361 2094 2455 2134 seu
2495 2082 2699 2137 tabulis
2730 2084 3000 2155 plumbeis
3022 2128 3036 2150 ,
3071 2103 3243 2155 nuper
3273 2086 3516 2141 Venetiis
3548 2087 3632 2142 in-

2017 2172 2194 2225 ventis
2221 2188 2249 2226 a
2298 2174 2637 2244 prtelandato
2668 2179 2787 2233 viro
2836 2180 3144 2235 clarissimo
3175 2180 3331 2235 Mot-o
3366 2181 3528 2241 Boni.
3560 2198 3629 2238 ex

2016 2277 2232 2320 vetusm
2277 2276 2331 2321 et
2373 2268 2653 2339 hucusque
2702 2274 3065 2341 scriptoribus
3111 2275 3367 2331 omnibus
3409 2277 3628 2345 ignota,

2016 2356 2339 2415 Corrariana
2360 2366 2624 2419 sorietate
2652 2366 2912 2420 litterario
2934 2411 2946 2431 ,
2975 2384 3097 2437 qua:
3126 2370 3234 2437 jatn
3267 2386 3294 2422 a
3323 2372 3525 2424 sarculo
3551 2388 3625 2437 x1,

2017 2454 2092 2505 uti
2122 2470 2152 2507 a
2187 2454 2290 2510 lide
2317 2456 2494 2526 dignis
2521 2460 2781 2528 omnique
2805 2459 3112 2514 eruditione
3142 2461 3465 2515 clarissimis
3495 2463 3630 2515 viris

2016 2550 2359 2616 accepimus,
2404 2550 2605 2606 ibidem
2654 2554 2942 2617 exsrabat;
2997 2556 3230 2622 cnique,
3290 2557 3434 2610 inter
3482 2557 3626 2623 alia,

2015 2654 2160 2694 curas
2184 2642 2527 2709 potissimum
2556 2643 2655 2697 fuit
2675 2647 2725 2698 in
2746 2647 3032 2716 plumbeas
3058 2648 3176 2700 illas
3203 2649 3430 2700 laminas
3455 2659 3629 2703 trans-

2017 2731 2193 2795 ferre,
2243 2748 2337 2787 seu
2386 2733 2615 2799 Latino,
2670 2752 2764 2791 seu
2819 2739 3028 2806 vulgari
3084 2754 3270 2793 eorum
3319 2750 3628 2807 temporum

2016 2822 2346 2878 Venetorum
2400 2842 2689 2889 sermone.
2731 2828 3042 2897 \‘igentiquc
3094 2840 3219 2883 tunc
3260 2832 3583 2888 charactere
3612 2874 3625 2896 ,

2015 2917 2277 2985 quidquid
2323 2919 2713 2972 memoriarum
2763 2935 2827 2973 ac
2876 2920 3327 2976 documentorum
3377 2936 3622 2979 veterum

2017 3010 2217 3064 habere
2249 3022 2301 3063 et
2336 3012 2611 3080 inquirere
2643 3014 2814 3080 potuit
2851 3014 2902 3067 in
2938 3015 3282 3085 perganu-uis
3311 3031 3617 3082 erara'um,

2017 3111 2074 3155 ut
2101 3103 2182 3155 his
2210 3104 2373 3157 etiam
2415 3104 2649 3160 decurm
2697 3108 2958 3170 temporis
3009 3108 3302 3178 fragilitate
3348 3126 3442 3165 sua
3475 3110 3625 3162 fatis-

2017 3194 2268 3247 rentibus
2288 3234 2304 3260 ,
2339 3204 2431 3248 aut
2463 3196 2688 3250 omnino
2718 3213 2935 3266 quoque
2969 3200 3331 3267 pereuntibus
3353 3244 3368 3266 ,
3394 3201 3624 3257 solidior

2018 3287 2223 3350 plumbi
2258 3290 2482 3341 materia
2507 3289 2811 3356 posteritati
2844 3306 2905 3343 ea
2937 3294 3115 3345 Otnttin
3143 3304 3491 3347 conservaret
3518 3296 3619 3366 (η).

2018 3380 2073 3433 In
2119 3380 2200 3433 Itis
2252 3396 2413 3449 porro
2459 3382 2656 3435 tabulis
2703 3383 2844 3453 (quzn
2876 3384 2997 3437 luce
3042 3385 3205 3439 etiam
3262 3388 3509 3454 publica,
3549 3390 3624 3441 uti

2016 3488 2331 3542 speramus,
2393 3475 2688 3543 aliquando
2740 3477 3121 3548 gaudebupt),
3172 3480 3625 3549 qn0tirseumque

2018 3566 2174 3639 [Lvn]
2203 3569 2381 3621 littera
2412 3569 2477 3632 0,
2503 3585 2599 3622 seu
2634 3568 2685 3621 in
2718 3570 2911 3623 Latino
2952 3587 3048 3624 seu
3083 3572 3134 3624 in
3167 3574 3463 3626 vernaculo
3495 3583 3624 3627 tunc

2018 3658 2348 3714 Venetorum
2374 3676 2629 3715 sermone
2656 3665 2914 3725 Oreurrit,
2943 3662 3058 3718 lta-e
3089 3678 3351 3729 perpetuo
3383 3670 3623 3737 perfecte

2016 3754 2384 3823 quadrangula
2431 3764 2556 3821 est,
2614 3766 2773 3824 prout
2826 3758 2875 3809 in
2920 3759 3245 3813 numismate
3293 3775 3388 3814 seu
3444 3764 3626 3827 sigillo

2017 3847 2404 3902 Chromatiauo
2427 3858 2660 3917 apparet
2686 3863 2700 3911 ;
2733 3848 2887 3902 sicuti
2917 3850 3187 3919 angulata:
3217 3852 3378 3906 etiam
3402 3894 3417 3916 ,
3449 3855 3623 3907 modis

2020 3948 2203 3994 tamen
2233 3940 2465 3993 diversis
2487 3981 2501 4004 ,
2533 3940 2757 4009 reliquae
2789 3955 2980 3995 omnes
3012 3942 3211 3996 ibidem
3244 3944 3441 3998 littera:
3470 3955 3619 4012 stmt,

2019 4049 2084 4090 ex
2114 4034 2368 4104 quadarn,
2402 4045 2455 4086 ιιι
2486 4034 2719 4100 videtur,
2753 4035 3045 4104 angulatim
3075 4037 3350 4092 scribendi
3381 4043 3621 4107 p'0prie-

2020 4136 2129 4181 tate
2150 4166 2165 4189 ,
2196 4142 2318 4195 qua:
2344 4134 2471 4180 tunc
2502 4127 2699 4181 ibidem
2718 4169 2734 4191 ,
2758 4127 3041 4196 cujusdam
3076 4131 3308 4184 fortasse
3335 4132 3621 4199 elegantiae

2019 4234 2179 4274 causa
2202 4260 2219 4285 ,
2253 4221 2306 4272 in
2334 4233 2432 4272 usu
2464 4218 2634 4274 fuisse
2667 4219 2897 4273 videtur.
2940 4220 3109 4290 Hujus
3134 4221 3314 4275 Latini
3345 4222 3619 4288 alphabeti

2018 4312 2223 4367 littera:
2278 4311 2323 4365 Ο
2369 4312 2687 4381 quadratam
2738 4313 3008 4379 lormam,
3069 4317 3119 4367 in
3174 4315 3623 4383 inscriptionibus

2018 4414 2358 4472 usurpatam,
2381 4404 2601 4457 exhibet
2634 4401 2886 4457 laudatus
2915 4420 3127 4474 quoque
3155 4405 3440 4459 Vainesius
3466 4405 3519 4459 in
3549 4407 3626 4461 ci-

2020 4506 2130 4552 tato
2153 4496 2488 4551 Dictioiiario
2512 4512 2611 4549 suo
2635 4496 3017 4565 Diplomatico,
3056 4506 3205 4552 tomo
3232 4497 3299 4563 ll,
3331 4516 3451 4567 pag.
3482 4500 3577 4555 Ml
3607 4518 3621 4565 ;

314 4599 442 4646 sunt
469 4590 524 4644 in
558 4594 696 4645 Area
716 4631 732 4651 ,
766 4564 855 4645 ubi
885 4606 1033 4645 anno
1066 4589 1205 4645 1091-
1244 4591 1544 4645 recondita:
1587 4590 1801 4645 luerunt
1828 4606 1915 4645 sa-
1941 4564 1995 4625 D
2020 4607 2183 4660 quam
2216 4602 2394 4644 tamen
2415 4630 2430 4653 ,
2461 4602 2564 4642 una
2593 4564 2715 4643 cum
2745 4590 3067 4657 quibusdam
3099 4592 3221 4646 aliis
3254 4564 3624 4661 peculiaribus

312 4696 422 4738 cra:
444 4683 658 4737 exuviae
700 4682 814 4735 diri
848 4682 1011 4736 Marci
1054 4682 1441 4751 evangelistte;
1486 4683 1683 4752 quique
1710 4683 1915 4738 idcirco

314 4776 381 4832 ad
403 4774 701 4831 Henricum
731 4776 1031 4847 Augustum
1061 4775 1222 4846 hujus
1246 4775 1477 4830 nominis
1498 4784 1749 4846 quartum
1772 4817 1787 4843 ,
1822 4778 1911 4847 qui

386 4891 466 4962 (ιι)
498 4891 707 4947 Inventi
740 4891 898 4956 hujus
930 4892 1350 4958 auspicatissimi
1375 4892 1603 4961 primam
1628 4893 1783 4949 nobis
1814 4909 1910 4947 no-

312 4963 486 5019 tiliam
520 4964 751 5033 pnebnit
778 4963 1135 5025 clarissimus,
1168 4965 1451 5031 nostrique
1478 4964 1905 5031 ainamissitnus,

316 5035 481 5088 abbas
518 5034 956 5088 (Iamaldulensis
984 5034 1039 5089 in
1070 5038 1242 5088 sancti
1270 5034 1548 5089 Michaelis
1573 5034 1643 5088 de
1665 5036 1912 5089 Muriano

317 5105 706 5165 Venetiarum,
751 5104 1004 5161 Placidus
1043 5104 1242 5170 Zurla,
1272 5104 1415 5159 datis
1460 5105 1526 5158 ad
1571 5121 1670 5158 nos
1718 5106 1910 5160 litteris

318 5178 428 5231 suis
450 5178 552 5229 sub
576 5175 664 5230 die
692 5176 759 5231 27
785 5175 910 5231 Julii
944 5175 1111 5239 1514;
1146 5178 1199 5229 in
1226 5177 1422 5239 qubus
1446 5179 1723 5241 specimen
1775 5192 1911 5245 quo-

318 5262 419 5317 que
446 5248 607 5317 nobis
638 5246 1011 5301 ﬁdelissimum
1031 5246 1433 5307 transmittens,
1463 5263 1568 5300 non
1594 5248 1753 5301 modo
1780 5251 1911 5301 cha-

318 5316 548 5373 ractetis
582 5318 953 5385 plumbearum
985 5320 1195 5371 illarum
1228 5318 1571 5380 laminarum,
1602 5317 1699 5372 sed
1724 5333 1907 5371 rerqu

319 5393 477 5515 ﬁgam
522 5391 883 5460 quarumdam
928 5404 1048 5460 quae
1091 5388 1146 5443 in
1197 5387 1304 5442 illis
1336 5389 1625 5453 habentur,
1668 5390 1741 5442 ita
1776 5387 1911 5443 scri-

425 5473 499 5512 οι.

391 5461 499 5514 bat.

396 5549 414 5582 ι
439 5532 559 5586 Ella
592 5532 809 5587 trovera
837 5530 985 5585 varie
1021 5544 1147 5585 cose
1178 5530 1231 5584 in
1282 5529 1480 5583 diversi
1515 5530 1787 5601 linguaggi
1809 5570 1825 5593 ,
1878 5530 1913 5584 il

320 5609 461 5656 tuttu
508 5603 880 5666 fedelmente,
922 5620 953 5657 e
999 5617 1099 5655 con
1154 5601 1432 5655 iudicibile
1475 5604 1729 5668 pazieuza
1779 5616 1919 5655 tras-

317 5672 480 5727 critto
505 5676 570 5727 da
599 5684 752 5729 certe
776 5675 1055 5727 Iaminette
1082 5671 1136 5726 di
1168 5672 1384 5739 piombo
1407 5713 1422 5735 ,
1447 5671 1533 5739 gia
1561 5674 1612 5725 di
1645 5672 1918 5741 pr0prieta

318 5742 371 5799 di
402 5760 506 5799 una
529 5744 756 5815 patrizia
780 5743 1020 5815 lamiglia
1050 5744 1267 5807 Correr,
1294 5744 1343 5815 la
1367 5744 1528 5815 quale
1552 5757 1719 5815 aveva
1751 5748 1809 5815 in
1824 5758 1921 5815 sua

315 5828 445 5874 casa
473 5816 587 5873 lino
611 5814 701 5870 dal
730 5813 991 5872 secolu‘xt
1017 5815 1107 5870 uu’
1127 5814 1456 5887 Accademia
1476 5814 1532 5871 di
1552 5813 1840 5884 Letterati,
1872 5814 1923 5870 1a

601 5908 886 5974 Ρηιιοι..
919 5906 1073 5969 XX.

2022 4682 2266 4749 ejusdem
2298 4679 2555 4733 elementi
2588 4677 2778 4733 [armis
2802 4721 2817 4742 ,
2848 4696 3188 4749 nequaquam
3218 4684 3283 4733 ad
3318 4681 3495 4749 priora
3521 4690 3619 4739 seu

2025 4784 2152 4830 ante
2176 4789 2268 4829 seu
2302 4782 2425 4843 post
2468 4771 2747 4827 Christum
2796 4774 3029 4839 sa‘cula,
3073 4774 3167 4829 sed
3192 4775 3259 4828 ad
3292 4775 3397 4829 late
3430 4783 3622 4842 patens

2012 4892 2138 4964 qual
2176 4889 2497 4964 Accademia
2520 4932 2533 4951 ,
2555 4904 2717 4964 come
2738 4890 2804 4943 da
2831 4890 2948 4964 vari,
2974 4891 3277 4961 argomenti
3306 4895 3611 4961 apparisce,

2013 4960 2152 5019 ébbe
2188 4977 2315 5015 cura
2351 4962 2401 5013 di
2437 4960 2521 5013 l'ar
2554 4960 2795 5015 incidere
2828 4963 2879 5015 in
2906 4960 3120 5029 piombo
3157 4964 3208 5018 le
3252 4960 3463 5019 vetuste
3497 4982 3614 5021 me-

2016 5035 2187 5089 morie
2217 5034 2318 5085 cbo
2352 5033 2403 5084 in
2450 5041 2599 5084 carte
2634 5034 2861 5099 pellicee
2904 5034 3216 5087 esistevano
3246 5036 3314 5088 ab
3342 5037 3554 5101 antico,
3591 5055 3623 5094 e

2014 5105 2307 5176 andavano
2334 5119 2362 5155 a
2399 5104 2609 5176 perire}
2647 5101 2793 5156 delle
2831 5104 2977 5168 quali
3011 5114 3161 5159 caute
3206 5106 3434 5174 pellici-e
3456 5111 3622 5176 origi-

2014 5177 2120 5230 nali
2155 5174 2317 5246 rrust-i
2345 5189 2476 5241 pure
2500 5177 2547 5225 al
2576 5172 2705 5246 Boni
2745 5183 3009 5229 trovarue
3047 5172 3241 5230 alcuue
3262 5220 3275 5239 ,
3308 5195 3339 5231 e
3364 5172 3619 5246 grandis-

2014 5248 2155 5301 simo
2182 5244 2213 5299 ὁ
2256 5244 2289 5297 il
2323 5259 2552 5296 numero
2588 5243 2641 5296 di
2683 5246 2891 5298 rode~ti
2941 5248 3175 5311 piombi,
3208 5249 3309 5303 che
3341 5243 3618 5315 riportano

2018 5317 2135 5371 latli
2162 5318 2317 5381 patrii
2342 5316 2480 5369 dalla
2508 5314 2792 5369 intulaziun
2820 5317 2873 5369 di
2894 5316 3122 5373 Venezia
3155 5322 3329 5375 linnal
3358 5322 3490 5376 1500
3513 5324 3618 5375 cir-

2016 5403 2100 5442 ca.
2134 5386 2310 5455 Largo
2342 5400 2559 5459 rumore
2574 5384 2736 5459 desto
2769 5388 2813 5439 la
2849 5401 3098 5457 seoperta
3137 5390 3189 5443 di
3220 5394 3413 5446 cotesti
3448 5392 3619 5459 pium-

2020 5459 2109 5521 bi,
2142 5457 2539 5530 resapablilic‘a
2574 5457 2624 5508 itt
2658 5473 2726 5530 ttn
2759 5462 3071 5529 ragguaglio
3096 5464 3321 5515 recitato
3348 5463 3397 5514 itt
3427 5457 3621 5530 questo

2022 5532 2231 5601 Alenen
2260 5529 2347 5581 dal
2384 5526 2630 5596 predettu
2663 5528 2796 5583 Boni
2828 5526 2981 5585 ttelbi
2998 5546 3186 5586 80οΓδο
3209 5532 3416 5601 Maggio
3477 5548 3507 5585 e
3534 5532 3616 5585 al-

2023 5603 2147 5655 (διιηὶ
2172 5600 2217 5654 si
2248 5615 2521 5669 opposero
2555 5601 2856 5655 vivamente
2900 5603 3214 5659 tteuandone
3243 5604 3275 5654 l’
3302 5600 3619 5656 autenticita

2026 5674 2163 5725 sulla
2202 5686 2336 5740 grau
2372 5684 2597 5740 ragtooe
2620 5712 2634 5731 .
2667 5670 2768 5727 che
2797 5674 2864 5726 ne
2897 5674 2928 5726 xl
2957 5672 3235 5727 Fascnrini
3263 5712 3276 5733 ,
3327 5671 3393 5725 ne
3432 5674 3553 5726 altri
3585 5674 3622 5727 li

2028 5740 2342 5798 conohbero
2360 5783 2375 5804 ,
2400 5759 2430 5795 e
2455 5740 2655 5807 perché
2683 5753 3024 5812 contengono
3052 5746 3243 5797 alcune
3272 5740 3403 5798 frasi
3433 5742 3537 5800 che
3575 5744 3623 5801 si

2030 5813 2231 5870 dicouo
2265 5813 2466 5869 usitate
2496 5812 2736 5868 soltauto
2761 5814 2829 5870 da
2859 5816 2982 5884 poi,
3013 5823 3120 5868 etc.
3146 5832 3166 5865 ι

3044 5901 3124 5963 10
