4270 6176
508 290 615 347 505

1537 279 1597 333 S.
1637 269 2084 333 CHROMATIUS
2125 268 2233 323 EP.
2276 262 2777 336 AQUILEIENSIS.

3702 248 3809 307 501

506 419 615 475 que
641 416 829 458 veram
867 416 929 457 ac
964 401 1254 471 genuinam
1302 410 1426 451 esse
1474 391 1797 461 nosmetipsi
1844 387 2104 459 Aquileia:
2134 387 2189 445 A
2212 383 2334 447 bat;
2368 381 2467 437 sed
2499 378 2837 451 probabilius
2888 372 3223 475 Hadrian-unt
3250 376 3563 470 autumasse
3618 363 3813 475 Asqui-

502 499 624 553 visu
659 507 913 566 tactuque
940 494 1295 562 cognovimus
1318 488 1417 561 (ιι).

544 612 717 685 [uti]

797 584 1818 784 _——_——i

997 827 1238 912 IMP.
1324 824 1612 909 CAES

941 967 1033 1027 III
1111 963 1365 1025 11111111
1438 961 1654 1021 111111

1008 1068 1097 1128 Ill
1141 1065 1449 1126 IlllIlll
1494 1063 1583 1122 111

960 1165 1631 1230 11111111111111111111

990 1267 1385 1331 INVICTUS.
1436 1266 1626 1326 AVG.

972 1367 1614 1446 AQVll.EIENSIVM

1035 1470 1553 1533 RESTITV'I‘OR

1005 1574 1133 1633 ET.
1182 1570 1593 1633 CONDI'I‘OR

989 1675 1219 1735 VIAM.
1269 1670 1601 1745 QVOQVE

1104 1773 1487 1835 GEMINAM

927 1881 978 1939 A
991 1923 1004 1937 .
1058 1877 1321 1938 PORTA
1336 1922 1350 1937 .
1400 1872 1659 1947 VSQVE

1038 1979 1172 2038 AD.
1223 1974 1552 2036 PONTEM

1008 2081 1181 2140 PER.
1230 2074 1573 2137 TIRONES

910 2181 1350 2245 IVVENTVT.
1398 2175 1673 2237 NOVAE

960 2282 1365 2346 ITALICAE.
1424 2278 1630 2338 SVAE

838 2383 1253 2448 DILECTVS.
1306 2377 1751 2442 POSTERIOR

930 2486 1201 2547 LONGI.
1256 2479 1660 2542 TEMPORIS

910 2590 1143 2652 LABE.
1190 2582 1683 2648 CORRVPTAM

1029 2688 1400 2752 MVNIVI'I‘.
1465 2685 1559 2747 AC

1062 2786 1508 2852 RESTITUIT.

566 3160 725 3222 unius
742 3152 1023 3222 all“ri“§‘a|
1046 3143 1793 3222 if“?_a“?‘l’f_f“,"'T‘.‘!“°2“§-it‘
1810 3140 2110 3222 aluums
2138 3151 2183 3214 C

914 3202 1431 3284 4,-ί-ιιειιὶιιιῑ1ςίεδει-ΔρΒ
1456 3206 1577 3284 dunt
1595 3204 1644 3284 :2,
1673 3216 1787 3284 Illuc.
1812 3202 1834 3251 1
1938 3205 2106 3253 semis.

504 3266 970 3335 :trasst'tudiueui
989 3272 1123 3324 celat
1149 3272 1330 3332 paries,
1356 3269 1433 3316 cui
1459 3270 1674 3316 insertus
1694 3266 1819 3328 lapis
1838 3274 1933 3316 est,

576 3414 678 3472 Uni
703 3411 988 3478 eidemque
1008 3403 1238 3476 principi
1268 3402 1525 3455 videntur
1554 3401 1607 3455 lii
1642 3400 1750 3455 duo
1779 3401 1985 3471 lapides
2018 3416 2111 3469 po-

504 3509 593 3564 siti
618 3549 631 3567 .
665 3506 735 3560 ob
758 3506 864 3559 duo
896 3500 1139 3572 ejusdem
1162 3499 1380 3567 generis
1407 3512 1575 3564 opera
1608 3496 1660 3549 in
1686 3496 2111 3565 Aquileiensium

506 3601 798 3654 utilitatem
830 3595 972 3649 laeta
999 3610 1014 3656 ;
1047 3593 1179 3646 viam
1230 3605 1426 3654 nempe
1460 3589 1681 3641 Anniam
1703 3590 2017 3654 restilulam,
2054 3597 2114 3643 ut

506 3695 560 3749 itt
606 3692 802 3763 ptinri;
837 3698 893 3745 et
934 3688 1079 3743 Viam
1107 3701 1307 3757 quoque
1339 3682 1608 3738 Geminam
1640 3684 1891 3737 munitam
1943 3701 2002 3738 ac
2031 3701 2112 3738 re-

503 3789 764 3849 stitutam,
796 3796 852 3839 ut
884 3785 935 3837 in
962 3780 1223 3836 secundo.
1267 3778 1540 3833 Ilactenus
1572 3779 1786 3845 ignotus
1821 3778 1920 3832 luit
1972 3778 2110 3847 lapis

502 3882 746 3951 primus,
792 3878 859 3932 ad
902 3894 1061 3946 quem
1096 3872 1367 3929 secundus
1419 3872 1756 3927 referebatur
1787 3888 1885 3941 per
1920 3888 2106 3927 vocem

504 3975 873 4045 copulativam
896 3987 1133 4041 quoque;
1158 3969 1279 4038 quia
1311 3968 1524 4021 scilicet
1549 4008 1563 4029 ,
1589 3977 1786 4036 praeter
1813 3965 2102 4031 Geminam,

502 4070 647 4122 viam
676 4066 839 4120 aliam
875 4062 1228 4131 prnCnldnbio
1256 4059 1527 4113 indicabat
1554 4060 1621 4111 ab
1648 4059 1839 4113 eodem
1865 4060 2109 4129 principe

504 4160 797 4214 restitutam
819 4198 832 4219 ,
866 4170 1028 4223 quam
1058 4167 1199 4207 nunc
1233 4153 1454 4205 Anniam
1510 4151 1674 4205 luisse
1702 4153 2103 4221 Cognoscimus.

503 4248 715 4306 Practer
741 4262 901 4319 quam
925 4245 1101 4315 quod.
1139 4245 1318 4315 elogio
1354 4243 1549 4313 prioris
1582 4243 1775 4311 lapidis
1799 4286 1812 4308 ,
1856 4259 1962 4313 quo
1993 4245 2108 4311 plu-

502 4345 636 4397 rima
662 4340 1103 4406 indulgentiarum
1127 4354 1341 4391 suarum
1373 4338 1611 4406 princeps
1650 4337 1739 4391 ille
1765 4338 2107 4408 providentis-

504 4437 667 4491 simus
694 4436 747 4489 in
774 4434 1123 4504 Aquileienses
1150 4432 1450 4486 contulisse
1478 4432 1699 4494 dicitur,
1749 4435 1950 4502 Optime
1977 4450 2106 4488 con-

2215 492 2341 531 num
2366 517 2380 541 ,
2408 473 2499 544 qni
2533 473 2600 527 de
2640 471 2829 526 eodem
2865 468 2965 522 boc
2998 464 3179 536 lapide
3201 504 3215 528 ,
3255 460 3592 531 supracitato
3626 456 3811 511 itidem

2214 572 2335 625 Iocn
2358 612 2373 637 ,
2408 568 2725 623 immediate
2753 574 2869 632 post
2904 562 3183 617 Bertolnm
3232 570 3542 612 sermonem
3594 552 3811 617 habuit;

2212 661 2473 731 quidquid
2498 658 2696 714 deinde
2718 656 3005 724 scripserit
3033 651 3300 706 adversus
3326 648 3467 702 hanc
3498 642 3824 713 Opinionem‘

2214 753 2467 808 Bertolns
2498 751 2615 819 ipse
2664 750 2714 803 in
2752 744 3051 813 Opusculo,
3082 741 3225 813 quod
3276 750 3473 795 contra
3513 738 3815 802 Asquiuum

2213 845 2380 901 edidit
2411 846 2463 898 in
2491 841 2807 897 Collectione
2837 840 3005 908 prima
3057 835 3414 905 Calogeriana
3448 831 3512 885 Di
3566 829 3815 895 Opuscoli

2213 938 2485 1004 scienliﬁci
2516 953 2543 990 e
2572 934 2845 1004 ﬁlologici,
2871 942 3019 986 tomo
3051 928 3254 992 XXVI,
3291 943 3416 997 pag.
3445 925 3571 981 501.
3604 924 3661 979 1η
3709 925 3817 978 As-

2215 1032 2361 1103 quini
2394 1042 2574 1083 autem
2626 1027 2953 1083 sententiam
2997 1025 3098 1079 ivit
3141 1022 3305 1077 etiam
3350 1020 3431 1074 vir
3480 1018 3818 1073 clarissimus

2216 1139 2389 1193 nuper
2416 1121 2667 1177 laudatus
2689 1162 2703 1185 ,
2736 1130 2792 1175 ct
2838 1117 3225 1187 antiquitatum
3262 1114 3545 1174 omnium,
3580 1112 3818 1167 maxime

2215 1232 2345 1271 vero
2374 1224 2683 1269 nostrarum
2714 1211 3147 1277 Aquileiensium
3192 1207 3556 1274 peritissimus
3584 1247 3599 1271 ,
3628 1203 3815 1259 Corti-

2216 1308 2440 1373 novius;
2465 1307 2621 1376 Cujus
2643 1305 2929 1374 superbae
2960 1303 3150 1359 eadem
3176 1300 3541 1370 Inscriptione
3572 1297 3814 1353 secunda

2216 1402 2487 1456 eruditam
2542 1398 2849 1452 Memoriam
2903 1412 3008 1451 ms.
3059 1404 3263 1459 teneo;
3317 1404 3372 1448 et
3404 1396 3456 1448 in
3508 1408 3612 1463 qua
3664 1391 3817 1445 illaut

2218 1492 2381 1546 trimn
2415 1506 2665 1545 versuum
2691 1493 2942 1543 lacunam
2968 1504 2995 1541 a
3026 1502 3085 1542 se
3109 1484 3376 1555 Aquileim
3404 1500 3471 1539 ex
3502 1486 3621 1550 ipso
3642 1482 3821 1551 lapide

2217 1593 2473 1639 acciirate
2519 1582 2861 1650 desumptam
2892 1622 2907 1645 ,
2958 1597 3133 1649 neque
3178 1578 3439 1633 continua
3492 1576 3820 1632 lineolarum

2216 1678 2565 1732 successione
2584 1676 2849 1744 signatam
2872 1686 2929 1727 ut
2952 1673 3097 1744 apud
3121 1672 3393 1727 Bertolum
3418 1679 3475 1726 et
3496 1670 3818 1740 Asquinum,

2136 1772 2185 1832 B
2214 1768 2309 1823 scd
2338 1768 2587 1837 spatiolis
2620 1768 2802 1820 vacuis
2844 1766 3145 1835 interiectis
3190 1765 3505 1819 distinctam
3536 1773 3693 1830 prout
3725 1762 3813 1817 bic

2213 1859 2495 1925 dedimus,
2545 1859 2616 1913 ita
2650 1875 2719 1913 ex
2752 1858 2876 1913 aliis
2910 1858 3156 1925 pluribus
3189 1856 3452 1910 Hadriani
3480 1855 3708 1925 Augusti
3733 1854 3818 1909 ln-

2210 1950 2622 2018 scriptionibus,
2652 1966 2772 2020 qua:
2795 1951 3019 2012 integra:
3046 1956 3364 2018 supersunt,
3394 1946 3677 2017 ingeniose
3693 1961 3819 2016 sup-

2213 2042 2449 2112 plevitin
2480 2043 2754 2112 margine,
2783 2042 2994 2095 ratione
3023 2040 3202 2095 habita
3233 2040 3441 2109 absque
3463 2039 3631 2092 dubio
3652 2037 3816 2093 etiam

2212 2136 2528 2204 capacitatis
2574 2136 2678 2190 loci
2714 2134 2894 2190 verbis
2937 2134 3190 2189 omnibus
3218 2133 3477 2204 siglisque
3525 2133 3818 2188 admitten-

2210 2225 2319 2281 dis.

2836 2322 2998 2400 Imp.
3047 2321 3221 2383 Caes.

2491 2444 2683 2505 DIVI.
2731 2443 3087 2504 TRAIANI.
3137 2442 3519 2503 PARTHICI

2620 2566 2692 2626 F.
2730 2566 2920 2625 DIVI.
2960 2565 3311 2625 NERVAE.
3348 2565 3399 2625 N

2532 2687 2960 2748 TRAIANVS.
3023 2686 3491 2747 HADRIANVS

2742 2809 3058 2871 Invictus.
3105 2809 3271 2889 Aug.

2948 2938 3068 2994 etc.

2284 3124 2600 3180 Clarissima
2617 3126 2933 3183 Cortinovin
2962 3130 3013 3183 in
3038 3129 3138 3186 hac
3163 3131 3427 3187 Hadriani
3453 3135 3628 3203 pntius
3650 3153 3812 3207 quam

2216 3215 2530 3272 Diocletiani
2558 3222 2826 3275 sententia
2856 3222 3180 3293 subscripsit
3216 3242 3389 3291 nuper
3419 3231 3580 3281 etiam
3629 3230 3808 3284 crudi-

2219 3314 2462 3367 tiSsiinns
2495 3313 2743 3368 Filiasius
2779 3316 3029 3371 Memorie
3051 3320 3276 3372 storiche
3302 3321 3385 3373 dei
3442 3320 3617 3376 Veneti
3654 3324 3816 3378 l’rimi

2212 3421 2239 3458 ε
2268 3405 2491 3459 Secundi
2522 3421 2667 3460 tulltt)
2691 3408 2757 3473 II,
2786 3424 2907 3477 cap.
2934 3409 3025 3474 25,
3058 3427 3176 3481 pag.
3208 3412 3315 3465 Eii
3339 3455 3354 3477 ,
3383 3413 3625 3469 Venedis
3655 3416 3811 3483 1796;

2212 3500 2301 3553 ubi
2354 3508 2531 3553 tamen
2576 3500 2980 3571 Aquileiensem
3036 3503 3447 3573 Inscriptionem
3498 3509 3656 3573 liuius
3722 3513 3816 3565 ria:

2212 3592 2445 3649 Gemiua’
2476 3595 2643 3650 refert
2673 3596 2739 3650 ad
2776 3598 2995 3651 modum
3029 3615 3251 3668 prorsus
3299 3600 3499 3654 Bertoli
3528 3616 3688 3671 atque
3716 3604 3819 3658 As-

2210 3684 2359 3755 quini
2387 3728 2401 3750 ,
2444 3686 2681 3742 indicata
2725 3704 2920 3760 nempe
2954 3694 3117 3745 trium
3166 3708 3420 3747 versuum
3469 3696 3657 3748 lacitna
3707 3712 3808 3763 per

2210 3788 2521 3833 contmnam
2557 3792 2879 3848 punctorum
2910 3784 3106 3837 seriem
3130 3826 3145 3849 ,
3175 3785 3380 3855 absque
3412 3787 3520 3839 ullo
3551 3789 3809 3845 interme-

2211 3871 2421 3925 diarum
2453 3876 2782 3927 vacuitatum
2813 3873 3051 3930 indicio:
3080 3877 3222 3932 unde
3243 3891 3478 3940 cnnSIat,
3504 3880 3810 3936 Cortinuvii

2210 3963 2428 4033 quidem
2462 3964 2645 4036 (quam
2673 3966 2958 4035 amplexus
3000 3966 3141 4038 erat)
3168 3969 3482 4036 Opinionem
3516 3969 3592 4025 illi
3628 3984 3811 4026 notam

2210 4056 2605 4126 probatamque
2635 4057 2799 4111 luisse
2825 4099 2837 4123 ,
2872 4059 3097 4114 minime
3128 4076 3257 4114 vero
3287 4074 3631 4132 perspectam
3668 4064 3817 4119 lacu-

2210 4167 2294 4207 [ιω
2321 4152 2785 4218 emendationem,
2829 4170 2994 4224 quam
3028 4155 3233 4211 idcirco
3275 4172 3419 4212 nunc
3451 4173 3550 4212 nos
3580 4160 3810 4227 primum

2207 4260 2273 4300 ex
2322 4244 2539 4300 scliezlis
2581 4245 2785 4316 ipsius,
2830 4246 3073 4317 periculo
3124 4247 3249 4303 dein
3301 4257 3490 4303 nostro
3534 4250 3765 4307 [lunatis
3792 4293 3807 4320 ,

2206 4336 2563 4407 proferimus.

2280 4430 2448 4502 [utv]
2498 4431 2803 4486 Romanum
2835 4431 3140 4503 principem
3193 4432 3337 4488 hunc
3366 4432 3531 4488 deleti
3575 4432 3812 4488 nominis

508 4528 642 4583 cinit
666 4528 806 4598 lapis
823 4526 980 4588 alter,
1008 4541 1115 4595 quo
1139 4525 1279 4580 idem
1306 4524 1590 4594 princeps,
1646 4526 1717 4579 ob
1747 4542 1808 4581 ea
1858 4528 2103 4596 profecto
2128 4532 2181 4592 1)
2207 4523 2476 4577 antmnari
2507 4538 2665 4591 posse
2686 4523 2976 4590 Trajanum
3002 4528 3301 4592 Augustum
3325 4524 3583 4579 Iladriani
3608 4536 3812 4594 patrem

508 4622 738 4691 plurima
756 4662 771 4685 ,
803 4632 851 4676 et
879 4626 1013 4673 viam
1034 4620 1260 4673 Anniam
1282 4660 1297 4683 ,
1340 4632 1395 4674 et
1423 4621 1553 4673 viam
1579 4636 1779 4691 quoque
1800 4620 2102 4689 Geminam,

505 4714 573 4769 dc
606 4728 711 4783 qua
739 4712 938 4767 ibidem
968 4751 984 4777 ,
1025 4712 1223 4765 merito
1254 4711 1657 4781 Aquileiensium
1682 4714 1948 4766 restitutor
1974 4730 2111 4767 nun-

505 4816 757 4873 cupatur,
786 4821 848 4859 ac
869 4806 1032 4859 etiam
1062 4804 1460 4874 quodammodo
1484 4804 1654 4877 [Lth]
1682 4806 1936 4872 conditor,
1958 4807 2107 4875 juxta

504 4899 723 4953 illorum
748 4907 1055 4964 temporum
1081 4912 1189 4951 non
1230 4896 1601 4968 infrequentes
1632 4899 1951 4969 p0pulorum
1982 4915 2107 4970 erga

503 4990 780 5060 principes
810 4988 1231 5044 assentationes.

576 5083 711 5149 Quis
753 5082 842 5137 bic
873 5082 1126 5154 princeps
1158 5081 1351 5142 fuerit.
1382 5084 1537 5152 enjns
1580 5098 1777 5139 nomen
1822 5085 2110 5156 utrobique

504 5175 782 5242 deletum,
817 5175 991 5228 dicam
1025 5176 1302 5241 absolute,
1326 5175 1709 5231 Diocletianum
1738 5180 1913 5233 visum
1944 5180 2111 5236 luisse

500 5268 724 5325 Bertolo
756 5268 1095 5338 supracitato
1124 5271 1215 5340 qui
1262 5272 1562 5325 secundum
1605 5272 1837 5341 lapidem
1873 5274 2111 5329 illustra-

496 5432 853 5504 qnisivimus,
885 5430 1373 5504 utAinscriptionem
1404 5430 1724 5500 originalem
1758 5446 1856 5484 nos
1877 5448 2093 5500 quoque

494 5499 619 5557 cum
652 5504 793 5556 edita
824 5500 1218 5555 conferremus.
1252 5499 1518 5553 Cmternm
1552 5512 1671 5567 post
1708 5499 2089 5558 auctoritatem

494 5574 743 5627 Doctoris
770 5572 946 5625 Labu~
968 5589 1127 5638 quam
1163 5572 1462 5633 attulimus,
1482 5581 1709 5641 postque
1729 5573 2088 5629 assertionem

489 5645 830 5699 oculatnrutn
866 5650 1081 5695 testium
1114 5658 1275 5711 quam
1310 5643 1692 5706 iudieavunus,
1742 5646 1919 5699 nul'ns
1945 5656 2092 5701 certe

486 5723 741 5785 superest
768 5714 1017 5779 prudenti
1043 5714 1207 5785 dubio
1235 5713 1416 5785 locus,
1452 5725 1542 5768 aut
1583 5729 1749 5781 super
1787 5716 1981 5785 lapidis
2005 5718 2091 5773 itt-

480 5783 773 5848 vcntione,
802 5791 895 5837 aut
924 5783 1498 5856 super‘inscriptionis
1528 5783 1868 5843 sinceritate.

2213 4617 2651 4672 existimaveram
2684 4616 2800 4686 ipse
2833 4617 3161 4687 aliquando,
3200 4627 3312 4673 tttm
3344 4617 3415 4672 ob
3446 4617 3682 4672 Italicam
3716 4634 3811 4689 pa-

2218 4712 2374 4767 triam
2406 4728 2555 4767 suam
2584 4713 2636 4767 in
2666 4712 2844 4782 lapide
2891 4722 3246 4766 memoratatn
3271 4752 3285 4777 ,
3320 4720 3431 4765 tum
3476 4711 3548 4766 ob
3583 4712 3814 4779 plurima

2215 4818 2379 4876 atque
2407 4807 2651 4876 praclara
2678 4823 2841 4877 opera
2860 4851 2873 4871 ,
2908 4823 3029 4877 qua}
3054 4816 3162 4861 tam
3188 4805 3376 4860 Roma:
3401 4820 3560 4875 quam
3596 4807 3646 4858 in
3678 4820 3814 4873 prse-

2216 4900 2390 4969 cipuis
2420 4900 2632 4970 itrperii
2684 4899 2906 4955 unbibus
2954 4910 3006 4953 et
3041 4899 3157 4969 ipse
3196 4898 3335 4953 idem
3380 4898 3541 4963 fecit;
3578 4897 3815 4953 maxime

2215 5006 2395 5049 autem
2424 4994 2494 5048 ob
2527 4995 2639 5049 vias
2668 4995 2833 5049 Italia:
2867 5009 3003 5063 pene
3030 5008 3223 5048 omnes
3260 4992 3330 5047 ab
3354 5006 3421 5047 eo
3453 4993 3778 5047 instauratas
3799 5036 3815 5061 ,

2212 5090 2288 5144 uti
2321 5103 2641 5157 acceperam
2688 5104 2753 5143 ex
2788 5088 3009 5143 fortuita
3054 5086 3247 5142 Galeni
3296 5085 3491 5141 medici
3538 5086 3811 5152 lectione,

2212 5184 2302 5254 qui
2339 5183 2569 5237 Methodi
2598 5182 2837 5236 medendi
2866 5181 3002 5235 libro
3030 5196 3091 5235 ιι
3114 5222 3128 5242 .
3158 5180 3335 5250 capite
3360 5180 3426 5243 8,
3460 5179 3531 5233 ita
3562 5180 3811 5249 scripsit:

2218 5294 2236 5326 ‹
2275 5273 2462 5346 Itaque
2489 5289 2613 5329 cum
2658 5274 2737 5329 sic
2765 5288 2824 5328 se
2872 5272 3140 5329 haberent
3168 5272 3247 5345 (in
3297 5271 3574 5327 deteriore
3605 5272 3817 5327 scilicet

2274 5432 2353 5504 (a)
2380 5432 2476 5486 llic
2505 5432 2665 5499 lapis,
2689 5431 2781 5501 qui
2802 5444 3051 5504 tempore
3072 5443 3181 5500 quo
3207 5427 3458 5504 Bertolns
3481 5425 3814 5504 nosterscri-

2200 5496 2393 5567 bebat,
2420 5496 2687 5558 visebatur
2710 5496 2775 5554 'in
2805 5496 3118 5569 pavimento
3144 5502 3280 5553 a-dis
3302 5515 3470 5553 Sacrae
3495 5496 3816 5551 tnnnialium

2202 5586 2330 5629 tunc
2362 5576 2793 5642 Aquileiensium
2823 5572 2887 5629 Ο.
2924 5574 2981 5629 S.
3011 5573 3095 5637 8.,
3117 5581 3300 5627 exstat
3327 5584 3469 5624 tnuic
3499 5571 3659 5636 paulo
3676 5583 3815 5642 pro-

2201 5647 2288 5701 cul
2316 5647 2385 5700 ab
2406 5637 2597 5699 eodem
2632 5647 2751 5699 loco
2780 5646 2829 5697 in
2860 5644 3068 5697 adibus
3091 5646 3353 5697 comitum
3378 5641 3447 5696 de
3472 5642 3657 5695 (lassis
3675 5637 3812 5692 Plia-

2200 5733 2459 5781 raonum;
2490 5716 2671 5783 ibique
2699 5715 2752 5770 in
2788 5716 3151 5769 Pinacotlteea
3194 5713 3628 5781 Aquileiensium
3654 5718 3807 5765 vete-

2198 5804 2319 5844 rum
2354 5795 2835 5843 monumentorum
2871 5786 3171 5856 principem
3200 5783 3363 5841 ltabet
3387 5783 3589 5840 locum.
