4172 6182
395 320 499 375 505

1664 312 2043 374 ΡΒΑΞΕΑἸΊΟ
2079 314 2419 375 EDITORIS.
2461 397 2466 400 ⁴

3588 315 3690 371 506

390 447 531 492 statu
564 440 770 510 essent)
799 455 990 496 omnes
1018 442 1071 496 in
1121 440 1276 496 Italia
1313 440 1448 504 vim,
1479 454 1572 493 eas
1597 436 1865 506 Traianus
1896 434 1992 490 ille
2017 435 2073 494 A
2099 451 2221 506 pag.
2258 437 2365 493 286
2395 439 2549 494 citati
2582 439 2770 509 aperis
2810 439 2882 493 Le
2914 439 3174 493 Antichita
3220 439 3538 512 d’Aquileja,
3571 441 3695 494 ani-

390 529 610 585 refecit:
637 547 758 601 quae
784 533 1002 600 quidem
1031 549 1215 587 caruit:
1241 532 1477 586 humidae
1502 547 1565 585 ac
1590 531 1781 585 lutosa:
1807 539 1989 600 partes

388 633 543 676 erant
564 665 580 687 ,
614 623 887 694 lapidibus
935 634 1222 689 sternens,
1253 637 1346 679 aut
1375 625 1540 680 editis
1584 624 1989 693 aggesdonibus

387 716 663 769 exaltans:
699 733 820 786 qua:
867 717 1156 772 senticosa:
1201 727 1255 772 et
1303 733 1510 786 aspera:
1538 725 1728 784 erant,
1762 731 1854 770 cas
1885 732 1986 770 ex-

387 822 660 878 purgatis:
699 825 764 865 ac
812 811 1073 876 flumina,
1121 828 1241 880 quae
1291 810 1513 866 transiri
1564 828 1671 866 non
1721 819 1983 879 possent,

387 902 639 972 pontibus
661 901 932 972 jungens:
964 905 1053 958 tibi
1086 905 1328 974 loogior.
1359 921 1521 972 quam
1549 919 1687 974 opus
1713 914 1824 958 eral
1852 947 1866 965 ,
1901 904 1984 957 via

383 995 695 1050 videbatur.
732 997 894 1050 aliam
934 998 1238 1052 breviorem
1287 998 1619 1052 excindens:
1651 997 1822 1052 sicubi
1857 1011 1986 1051 vero

385 1097 608 1156 propter
651 1087 882 1143 arduum
923 1090 1118 1145 collem
1169 1088 1408 1144 diflieilis
1445 1102 1591 1156 erat,
1622 1107 1720 1160 pi-r
1768 1091 1984 1145 miliara

385 1179 503 1233 loca
553 1179 881 1236 deflectens:
911 1184 1022 1250 jam
1066 1185 1112 1239 si
1160 1184 1380 1239 obsessa
1433 1186 1562 1239 feris
1589 1228 1602 1244 .
1633 1187 1715 1240 vel
1765 1187 1982 1242 deserta

383 1284 530 1338 erat,
561 1277 630 1330 ab
681 1277 768 1330 illa
819 1278 1187 1345 transferens,
1216 1294 1280 1334 ac
1330 1296 1424 1347 per
1457 1281 1693 1334 Izabitata
1741 1281 1980 1336 dixeras:

386 1375 498 1421 ttnn
531 1383 756 1436 asperas
783 1371 1160 1440 complanatis.
1201 1391 1219 1424 ι
1243 1371 1318 1425 Ita
1350 1371 1798 1435 Galenus,:dtero
1825 1375 1984 1429 circi-

383 1467 469 1515 ler
498 1460 565 1514 ab
597 1462 827 1528 imperio
850 1463 1068 1530 Trajani
1098 1465 1328 1532 smculo,
1362 1465 1428 1520 de
1464 1464 1636 1520 Italia:
1665 1464 1766 1522 \iis
1792 1465 1860 1521 ab
1889 1482 1977 1521 eo-

385 1550 508 1605 dem
536 1552 776 1623 principe
804 1555 1091 1611 restituatis.

457 1643 653 1698 Vernm
685 1646 807 1712 quis
835 1648 1048 1703 interim
1077 1647 1304 1714 dixerit,
1337 1648 1553 1717 Trajani
1603 1665 1798 1705 nomen
1829 1649 1976 1705 dele«

384 1738 581 1791 tumin
627 1739 932 1805 lapidibus.
969 1742 1058 1809 qui
1109 1744 1426 1796 memoriam
1476 1743 1684 1798 \iarnm
1740 1747 1809 1797 ab
1862 1744 1977 1810 ipso

2095 531 2404 586 lttadvertil.
2435 531 2573 599 Quid
2628 547 2780 597 vero,
2829 532 2972 602 quod
3012 531 3230 601 Trajani
3267 548 3466 587 nomen
3496 541 3548 586 et
3581 531 3695 586 Ha-

2093 620 2308 675 drianus
2346 627 2665 693 assumpsit,
2722 625 2854 678 illud
2890 627 3114 694 proprio
3140 638 3500 694 anteponens,
3539 635 3699 695 prout

2094 714 2146 768 itt
2191 717 2333 783 lapid
2361 717 2462 772 bus
2501 733 2565 772 ac
2590 719 3011 773 uumisma'ibus
3064 719 3331 779 videmus.
3361 718 3499 774 IMP.
3553 719 3696 775 CE-

2093 808 2226 864 SAR
2259 809 2656 866 .1‘RAI.\NUS
2692 853 2704 864 .
2742 811 3178 867 HADRIANFS.
3213 811 3696 881 AUG.;thentad-

2091 904 2311 956 modum
2345 919 2471 959 ante
2500 920 2623 959 cum
2658 905 2930 973 Trajanns
2963 907 3077 974 ipse
3100 905 3291 959 Nervm
3327 908 3696 960 antecessoris

2090 1009 2288 1050 numen
2313 1011 2411 1050 suo
2442 1012 2838 1068 pru'posnerat,
2874 999 2989 1052 IMP
3023 1039 3035 1051 .
3066 1000 3165 1053 (ΞΛ
3186 998 3323 1053 S.\R
3354 1039 3368 1055 .
3402 998 3637 1053 NERVA
3675 1040 3688 1053 .

2091 1089 2442 1147 TRAI.\NUS
2475 1132 2487 1144 .
2515 1090 2656 1147 AUG
2687 1134 2699 1146 .
2725 1092 2749 1145 ?
2782 1092 3040 1146 Fortasse
3080 1092 3244 1162 igitur
3259 1092 3420 1146 etiam
3451 1092 3692 1146 Galenus

2091 1185 2331 1239 medicus
2359 1185 2645 1254 Trajannm
2679 1187 3005 1256 simpliciter
3052 1187 3328 1252 si'ribens,
3373 1185 3694 1252 Traianum-

2090 1276 2422 1332 Hadrianum
2455 1279 2765 1348 signiﬁcare
2787 1279 2986 1343 voluit;
3013 1279 3138 1333 lieet
3161 1290 3370 1333 censtet
3409 1279 3694 1353 Trajanum

2087 1386 2303 1441 quoque
2330 1372 2586 1443 operibus
2612 1372 2714 1427 huc
2745 1372 2872 1426 illnc
2891 1371 3302 1434 cmistrttendis,
3330 1371 3407 1426 uti
3453 1374 3690 1437 aiebam,

2088 1463 2420 1519 incubuisse.
2472 1465 2528 1520 lo
2565 1467 2798 1520 vetustis
2845 1466 3032 1523 rebus.
3083 1479 3248 1536 atque
3289 1467 3540 1533 incertis,
3596 1465 3693 1520 ba-

2087 1555 2274 1612 riolari
2307 1563 2471 1610 etiam
2503 1559 2831 1625 quandoque
2861 1561 2984 1628 quis
3016 1561 3199 1612 vetet?

2160 1650 2282 1705 Sint
2328 1649 2510 1716 itaque
2560 1650 2833 1704 llud/iano
2869 1652 3102 1715 principi
3157 1651 3210 1703 bi
3253 1650 3362 1704 duo
3416 1659 3690 1706 nostrates

2088 1742 2297 1810 lapides
2365 1746 2680 1811 nuncupati.
2725 1744 2831 1795 Sed
2886 1759 2982 1794 cur
3027 1741 3270 1796 deletum
3329 1744 3380 1796 in
3446 1743 3692 1812 utrisque

383 1829 803 1885 in~tawzuarunt
862 1846 1262 1904 perennarent;
1313 1849 1432 1889 eum
1496 1836 1753 1905 principis
1799 1837 1976 1901 optaui

2088 1839 2231 1906 apud
2272 1837 2654 1895 Auuili-iensrs
2685 1838 2843 1907 hujus
2888 1838 3118 1902 Augusti
3155 1836 3393 1891 nomen?
3432 1837 3559 1892 Po.~t
3612 1847 3692 1891 tot

381 1924 799 1993 appellationem
842 1943 904 1982 ex
956 1927 1014 1982 S.
1057 1928 1116 1980 ϐ.
1158 1929 1462 1998 acceperit,
1512 1938 1567 1984 et
1614 1932 1681 1983 ita
1726 1931 1982 1985 Omnibus

381 2030 506 2070 cara
537 2019 683 2071 illius
711 2023 992 2080 nwmuria,
1023 2023 1187 2076 etiam
1221 2035 1336 2092 post
1371 2032 1622 2085 mortem,
1656 2025 1832 2077 babita
1867 2027 1936 2078 sit
1963 2067 1978 2090 ,

381 2120 438 2163 ιιι
471 2128 502 2178 [ὶ
539 2113 700 2182 p'llllS
729 2113 1006 2168 Romanus
1038 2117 1193 2169 ηονίε
1227 2126 1345 2182 pust
1374 2133 1496 2169 ριιιη
1532 2118 1864 2186 principibus
1891 2134 1982 2172 ap-

380 2202 431 2256 cl
471 2219 620 2256 mare
657 2209 1047 2260 consueverit:
1097 2207 1185 2261 Sis
1232 2207 1438 2277 [elicior
1485 2210 1713 2277 Angusto
1741 2252 1754 2270 ,
1800 2212 1982 2264 melior

387 2295 647 2369 Trojano:
676 2301 825 2367 quasi
877 2317 1069 2369 nempe
1115 2303 1180 2355 ad
1214 2302 1430 2372 Trajani
1475 2304 1766 2356 bonitatem
1803 2305 1981 2359 nullus

381 2398 507 2442 ante
534 2398 588 2443 et
611 2407 623 2454 ι
644 2403 723 2443 OSI
753 2407 874 2444 eum
902 2391 1265 2446 Romanorum
1290 2395 1595 2462 principum
1623 2397 1977 2462 pervenisset,

381 2481 536 2536 sieuti
571 2500 730 2538 nemo
761 2485 1116 2554 proculdubio
1149 2487 1213 2539 ad
1247 2489 1468 2555 Angliin
1504 2487 1810 2542 felicitatvm
1851 2505 1978 2558 prr-

382 2575 647 2630 venerat?
677 2577 1042 2647 Acqniescere
1069 2579 1231 2649 igitur
1260 2580 1500 2649 Asqnino
1525 2592 1577 2634 et
1624 2581 1940 2633 Cortinovio
1961 2623 1976 2645 ,

383 2667 485 2724 bac
514 2671 747 2726 maxime
789 2671 858 2726 de
906 2687 1103 2736 causa,
1132 2688 1246 2726 eoa:
1269 2682 1353 2725 tus
1396 2671 1499 2730 fui.
1543 2679 1599 2725 et
1653 2671 1978 2725 Hadrianum

385 2763 563 2832 potius
594 2779 714 2817 eum
757 2764 885 2833 ipsis
917 2766 966 2818 in
1018 2765 1121 2820 boc
1166 2767 1404 2820 Sf‘ClltttiO
1452 2763 1631 2832 lapide
1662 2765 1886 2829 intui-ri;
1917 2779 1981 2818 ac

386 2865 666 2926 propterea
695 2860 858 2912 etiam
892 2858 946 2912 in
978 2859 1182 2929 primo,
1213 2861 1303 2928 qui
1339 2858 1505 2912 frater
1537 2858 1710 2926 major
1754 2860 1978 2914 secundi

383 2962 449 3002 ex
477 2950 725 3017 superius
751 2950 910 3004 dictis
938 2950 1200 3019 appellari
1233 2961 1426 3019 potest.

458 3042 538 3096 Ac
572 3041 814 3110 proferto
860 3043 1079 3098 Italicus
1129 3049 1301 3110 patria
1329 3086 1342 3110 ,
1387 3061 1482 3099 seu
1530 3045 1738 3114 origine
1763 3087 1778 3112 ,
1813 3045 1977 3100 etiam

386 3134 688 3190 Hadrianus
717 3137 844 3198 fuit,
866 3147 920 3190 et
947 3137 1162 3207 Trajani
1189 3138 1550 3192 consobrinus
1568 3180 1582 3201 ,
1613 3153 1675 3192 ac
1700 3149 1882 3206 postea
1914 3138 1973 3190 li-

2089 1929 2304 1993 landes,
2334 1931 2527 1998 quibus
2557 1929 2758 1984 ibidem
2794 1929 3108 1986 CXlolillllt'.
3136 1931 3386 1999 principis
3417 1930 3691 2000 prnvidm-

2086 2024 2267 2077 pssimi
2292 2066 2307 2088 ,
2369 2028 2715 2090 pluriminam:
2763 2024 3208 2095 indulgmtiarum
3237 2023 3290 2074 in
3334 2023 3684 2091 Aquileienses

2085 2117 2386 2184 largitoris,
2418 2127 2471 2168 et
2500 2115 2903 2180 Aquileiensium
2934 2113 3244 2166 rrstitumris
3269 2130 3328 2166 ac
3365 2113 3686 2179 cond.toris;

2087 2210 2138 2262 in
2188 2225 2294 2272 t|tl0
2342 2221 2524 2275 postea
2564 2209 2632 2261 de
2665 2208 3104 2270 Aquileiensibns
3131 2207 3274 2260 male
3328 2208 3556 2260 meritus
3593 2211 3692 2262 luit

2089 2300 2280 2354 lladrii
2299 2318 2415 2360 nus.
2451 2312 2505 2352 ut
2537 2315 2734 2354 nomen
2772 2301 2916 2353 illius
2947 2315 2976 2353 (-
3010 2301 3284 2368 lapidibus
3305 2299 3689 2354 ext-iderctnr?

2085 2394 2150 2449 At
2189 2394 2493 2447 Hadrianus
2520 2395 2763 2464 quidrtlt,
2792 2411 2897 2446 uult
2925 2394 3094 2462 magis
3125 2394 3193 2446 de
3223 2394 3684 2462 Aquileiensibns,

2085 2503 2245 2556 quam
2295 2487 2362 2539 de
2390 2487 2668 2549 omnibus,
2713 2496 2772 2538 ut
2798 2489 2870 2538 ita
2900 2486 3100 2549 dicam,
3133 2483 3359 2538 Ilourani
3412 2485 3562 2539 orbis
3603 2502 3688 2540 re-

2084 2579 2340 2648 gionibus
2366 2595 2428 2632 ac
2478 2579 2795 2633 civitatibus
2838 2579 3046 2646 uptiine
3080 2579 3306 2630 meritus
3342 2577 3459 2644 fuit,
3492 2579 3559 2630 ob
3593 2579 3689 2631 be-

2087 2673 2276 2726 tit-licia
2332 2687 2453 2737 qua:
2510 2672 2712 2733 ubique
2744 2671 2995 2737 pra-stitit
3019 2712 3031 2728 ,
3063 2669 3368 2724 Romanum
3401 2670 3684 2739 imperium

2085 2765 2359 2820 continuis
2393 2764 2683 2817 itineribus
2714 2765 3056 2828 perlustrans
3106 2777 3303 2831 magno
3332 2773 3566 2829 stipatus
3595 2779 3690 2816 ve-

2086 2861 2180 2914 lttli
2212 2860 2457 2913 exercitu
2489 2857 2941 2918 architectorum,
2976 2867 3138 2924 atque
3182 2857 3457 2908 fabrorum
3506 2857 3687 2910 mimis

2085 2955 2325 3022 generis,
2357 2950 2434 3004 ni
2489 2949 2707 3003 tradunt
2763 2949 3014 3003 Aurelius
3073 2948 3256 3001 Vicmr
3298 2949 3349 3002 in
3396 2947 3638 3016 Epiiome
3667 2991 3684 3016 ,

2084 3058 2133 3100 et
2161 3045 2485 3114 Sptrtianus
2516 3044 2567 3096 in
2612 3041 2907 3096 Hadriano.
2962 3041 3256 3096 cltnmensi
3309 3041 3513 3095 laboris
3555 3042 3689 3102 (lla-

2086 3137 2358 3207 drianus),
2386 3135 2556 3208 [uvu]
2581 3138 2884 3207 quippeqtii
2917 3137 3222 3204 provincias
3244 3150 3437 3189 omnes
3456 3135 3684 3203 pedibus

379 3227 484 3283 lius
509 3228 794 3296 adoptivus
824 3229 1070 3293 habitus,
1101 3230 1353 3299 illiusque
1385 3232 1435 3283 in
1485 3231 1714 3297 imperio
1760 3246 1977 3285 sncces-
2003 3213 2052 3278 ο
2085 3236 2442 3297 circumierit,
2481 3249 2674 3300 agmen
2732 3231 3107 3285 minitantium
3159 3240 3512 3300 |ll‘ﬂ!\'€l‘l€ll~',
3559 3245 3683 3283 cum

379 3337 498 3387 sor;
528 3323 583 3377 in
629 3340 739 3393 quo
765 3326 928 3379 etiam
973 3326 1301 3379 constitutus
1321 3368 1336 3389 ,
1367 3324 1596 3390 plurima
1632 3325 1830 3394 ubique
1859 3341 1977 3378 mn-

379 3415 672 3472 nificentiae
699 3432 763 3472 ac
799 3418 1149 3486 indulgentia:
1179 3434 1288 3471 sua)
1336 3430 1685 3472 monumenta
1737 3419 1974 3487 reliquit.

377 3508 518 3577 Quin
542 3511 706 3565 etiam
726 3552 742 3576 ,
763 3522 814 3565 et
839 3512 1098 3582 Aquileim
1129 3527 1335 3581 magum
1359 3513 1516 3566 molis
1537 3512 1977 3582 admiranda-que

376 3611 671 3658 structurae
723 3603 1025 3659 Hadrianus
1072 3604 1360 3660 :edilicium
1408 3605 1693 3668 condidit,
1745 3603 1978 3657 Hadria-

376 3715 546 3754 uwum
589 3712 873 3768 prepterea
906 3701 1142 3756 dictum:
1174 3701 1314 3770 quod
1350 3699 1578 3770 profano
1626 3710 1754 3754 tunc
1800 3700 1975 3754 numi-

375 3807 503 3846 num
529 3793 696 3847 cultui
729 3794 1080 3859 proculdubio
1107 3795 1343 3849 dicatum
1364 3837 1377 3853 ,
1407 3803 1599 3858 quarto
1625 3794 1840 3847 denunn
1874 3793 1977 3846 Ee-

374 3883 555 3938 clrsim
584 3885 784 3940 sarculo
820 3885 1008 3940 adulto
1046 3883 1483 3940 Cbrisdanorum
1517 3884 1690 3939 sacris
1729 3891 1970 3951 aptatum

373 3979 757 4048 addictumque
786 3980 918 4042 fuit;
947 3981 1210 4051 cujusque
1253 3981 1467 4034 tandem
1505 3979 1848 4033 fundamenta
1893 3988 1975 4032 at-

373 4084 480 4138 oue
506 4071 734 4138 insignia
767 4072 962 4127 rudera
992 4089 1095 4126 non
1132 4073 1314 4126 iiitiltis
1341 4074 1406 4125 ab
1430 4073 1555 4127 hinc
1583 4074 1739 4126 annis
1763 4072 1972 4126 detecta

376 4161 626 4231 fuerunt,
663 4164 814 4237 [LXV]
843 4182 964 4220 cum
1007 4167 1350 4221 (l0lnllllClll1l‘.
1377 4167 1716 4235 erigerentur
1743 4169 1894 4220 novis
1941 4183 1972 4222 e

375 4254 603 4311 Grmcim
650 4259 931 4326 partibus,
973 4257 1112 4313 haud
1165 4259 1350 4313 faustis
1396 4259 1615 4328 quidem
1665 4259 1922 4327 auspiciis
1952 4300 1968 4325 ,

374 4347 596 4404 adscitis
645 4350 775 4405 illuc
823 4351 1068 4415 colonis,
1110 4351 1200 4420 qui
1255 4351 1474 4404 brevem
1516 4350 1718 4404 ideirco
1768 4350 1969 4404 ibidem

376 4455 580 4495 moram
629 4441 912 4508 fecerunt;
947 4443 1024 4496 uti
1055 4458 1119 4496 ex
1169 4442 1388 4496 Filiasio
1431 4443 1681 4511 superius
1714 4442 1928 4496 laudato
1950 4492 1966 4512 ,

375 4543 536 4604 atque
583 4535 774 4590 eodem
824 4536 990 4589 citato
1019 4545 1164 4589 tome
1194 4533 1235 4588 ll
1256 4576 1269 4598 ,
1302 4549 1422 4604 cap.
1449 4534 1521 4587 92
1543 4576 1558 4598 ,
1591 4549 1709 4604 pag.
1742 4533 1884 4598 212,
1916 4544 1970 4588 et

2083 3327 2279 3397 oppida
2348 3329 2600 3381 universa
2659 3326 3027 3388 restitueret,
3078 3334 3302 3391 angeret
3375 3323 3682 3378 ordinibus.

2080 3421 2327 3488 Namque
2356 3419 2421 3472 ad
2454 3420 2727 3485 specimen
2756 3419 3028 3488 legionum
3082 3418 3424 3478 militarium,
3476 3416 3682 3482 fabros,

2081 3515 2657 3584 perpenulicolatores,
2689 3513 3048 3574 arcbitccms,
3101 3527 3385 3580 genusque
3430 3524 3689 3566 etnn-tnm

2081 3606 2536 3660 exstruendorum
2568 3605 2730 3659 Inmiti
2775 3621 2850 3669 m,
2883 3620 2977 3658 seu
3007 3604 3467 3668 decorandornm,
3494 3605 3545 3660 in
3594 3619 3688 3658 co-

2082 3699 2268 3752 llorles
2323 3699 2776 3752 centuriaverat:
2818 3717 2835 3748 ι
2873 3698 2944 3750 ita
3007 3697 3264 3750 Aurelius
3316 3697 3522 3751 Vielur.
3574 3715 3592 3748 ι
3626 3699 3684 3752 In

2081 3794 2337 3849 omnibus
2365 3807 2504 3861 pene
2536 3791 2761 3845 urbibus
2792 3802 2843 3846 et
2864 3791 3069 3861 aliquid
3092 3791 3403 3856 mdiﬁcaiit,
3427 3801 3484 3845 et
3531 3791 3682 3847 lusus

2081 3886 2251 3942 edidit
2285 3905 2298 3939 :
2337 3908 2356 3938 ι
2389 3888 2459 3940 ita
2508 3885 2857 3953 Spartianus.

2155 3978 2356 4031 Verum
2391 3979 2506 4031 haec
2525 3979 2704 4032 omnia
2736 3977 3019 4033 benefacta
3056 3977 3357 4032 Hadrianus
3383 3979 3682 4045 imperator

2081 4071 2373 4139 nigredine
2403 4071 2572 4124 veluti
2607 4071 2744 4125 foeda
2777 4073 3110 4138 conspersit,
3146 4071 3314 4126 immo
3346 4072 3526 4142 potius
3553 4071 3684 4127 abo-

2081 4164 2231 4226 levit,
2259 4171 2375 4216 tum
2431 4161 2702 4216 licentiori
2733 4163 2858 4216 vita:
2903 4178 3015 4217 suae
3058 4163 3295 4227 ratione,
3324 4179 3427 4231 qna
3483 4178 3683 4219 exosus

2079 4255 2331 4311 omnibus
2357 4265 2510 4320 erat;
2545 4265 2654 4309 tum
2684 4257 2875 4311 effreni
2905 4257 3135 4324 quadam
3166 4258 3388 4312 audacia
3412 4273 3686 4326 quemque

2079 4349 2370 4417 superandi
2411 4349 2461 4400 in
2493 4363 2835 4418 quacumque
2870 4350 3173 4404 litterarum
3216 4361 3268 4404 et
3299 4351 3564 4408 bonarum
3593 4366 3684 4406 ar-

2080 4444 2212 4497 tium
2259 4443 2568 4513 disciplina,
2605 4444 2680 4496 ita
2710 4453 2765 4496 nt
2793 4443 3002 4497 nullmn
3029 4443 3133 4498 sibi
3165 4460 3418 4514 umquam
3456 4446 3680 4515 impune

2078 4532 2324 4600 praeferri
2376 4535 2706 4596 sustineret;
2751 4536 2892 4588 sicut
2941 4535 3101 4589 etiam
3151 4538 3459 4591 vehementi
3511 4536 3681 4591 animi

375 4601 493 4697 cap.
524 4628 625 4692 24,
659 4645 781 4700 pag.
811 4628 940 4684 225.
975 4631 1150 4698 Atque
1181 4627 1284 4682 hoc
1311 4601 1440 4681 sane
1473 4601 1732 4681 Hadriani
1762 4628 1970 4682 Prinei-
1997 4601 2053 4661 D
2081 4624 2316 4690 feritate,
2344 4641 2446 4694 qua
2475 4634 2532 4680 et
2561 4627 2828 4690 insontes,
2869 4636 2924 4680 et
2956 4628 3147 4680 doctos
3190 4628 3494 4693 prmsertim
3525 4642 3679 4682 com-

377 4723 458 4791 pis
489 4725 806 4793 prmclarum
843 4739 981 4792 Opus
1013 4723 1065 4777 in
1097 4722 1519 4794 Aquileiensium
1550 4723 1777 4792 gratiam
1807 4732 1972 4792 atque

374 4815 429 4869 in
457 4815 722 4886 Aquileiae
752 4816 902 4871 urbis
927 4817 1180 4871 decorem
1209 4815 1455 4870 molitum
1477 4856 1493 4882 ,
1525 4817 1682 4881 cujus
1709 4815 1971 4869 memoria

374 4906 439 4960 ad
472 4922 569 4963 nos
599 4924 772 4978 usque
811 4909 1091 4978 pervenit;
1121 4908 1253 4972 hoc,
1288 4909 1505 4978 inquam
1528 4948 1543 4970 ,
1571 4923 1735 4962 unum
1763 4908 1861 4962 fuit
1903 4923 1970 4962 ex

375 5002 439 5056 iis
485 5005 725 5073 plurimis
775 5004 1220 5078 indulgentiarum
1267 5019 1480 5055 suarum
1526 5002 1582 5055 in
1622 5002 1973 5068 Aquileienses

376 5097 777 5163 monumentis,
811 5096 880 5152 de
927 5096 1123 5165 quibus
1170 5095 1377 5165 primus
1428 5095 1566 5165 lapis
1615 5095 1883 5164 loquitur,
1916 5104 1972 5150 et

374 5206 599 5262 quorum
615 5205 776 5247 causa
805 5190 859 5244 in
887 5189 1064 5260 lapide
1086 5191 1258 5244 altero
1275 5189 1673 5260 Aquileiensium
1713 5190 1975 5244 restitutor

374 5294 419 5339 et
442 5286 681 5340 conditor
707 5285 885 5338 dictus
912 5282 1040 5348 fuit;
1069 5297 1410 5350 quorumque
1435 5282 1541 5336 alia
1590 5281 1820 5337 fortasse
1869 5282 1971 5338 sub

377 5385 510 5434 terra
537 5376 718 5431 adhuc
746 5375 966 5430 latentia
999 5375 1052 5430 iu
1080 5375 1319 5444 apricum
1352 5374 1597 5444 proferet
1623 5384 1775 5430 aetas.

441 5469 714 5526 Prmterea
738 5471 913 5523 invicti
938 5469 1178 5539 elogium
1217 5469 1268 5522 in
1314 5468 1560 5537 utrisque
1600 5469 1972 5538 inscriptioni-

373 5567 470 5623 bus
495 5568 812 5622 intuemur:
847 5565 989 5635 quod
1025 5565 1153 5618 olim
1192 5563 1301 5617 diis
1335 5563 1710 5617 tantummodo
1740 5564 1973 5618 attribu-

373 5669 504 5724 tum,
542 5675 644 5714 nec
688 5657 930 5725 Traiano
982 5656 1083 5723 ipsi
1126 5655 1390 5719 delatum,
1425 5652 1700 5708 Hadriano
1735 5657 1968 5724 primum

373 5754 515 5810 inter
573 5751 855 5822 principes
906 5751 963 5806 in
1009 5749 1282 5820 lapidibus
1332 5746 1452 5802 dari
1484 5747 1690 5816 coepit,
1744 5757 1802 5802 ut
1854 5747 1972 5818 ipse

375 5845 623 5902 Bertolns
653 5852 863 5913 noster,
891 5855 1112 5900 causam
1142 5856 1296 5898 suam
1321 5855 1488 5912 agens
1510 5856 1608 5912 pro
1647 5839 1973 5896 Diaclea'ano

2079 4718 2260 4787 plures
2288 4717 2381 4787 qui
2409 4717 2510 4771 sibi
2554 4718 2606 4771 in
2658 4717 2858 4786 ingenii
2909 4717 3068 4771 laude
3110 4717 3366 4771 invidiam
3413 4719 3677 4784 facerent,

2077 4825 2185 4864 non
2217 4809 2335 4863 sine
2363 4809 2630 4863 bonorum
2655 4809 2894 4862 omnium
2923 4809 3314 4879 indignatione,
3348 4820 3400 4865 et
3442 4810 3682 4866 severis-

2076 4903 2217 4956 sime
2262 4901 2471 4966 habuit,
2533 4910 2590 4955 et
2636 4902 2937 4956 crudeliter
2989 4903 3227 4963 sustulit.
3288 4902 3365 4957 uti
3408 4918 3474 4958 ex
3505 4904 3676 4961 citato

2076 4993 2384 5061 Spartiano,
2441 5003 2604 5062 atque
2633 5009 2697 5048 ex
2757 4994 2925 5049 Dione
2953 4992 3144 5049 Cas~io
3177 4995 3314 5051 libro
3355 5013 3484 5052 utx
3515 4998 3675 5055 babe-

2077 5103 2217 5142 mns.
2244 5086 2383 5154 Quid
2421 5101 2576 5153 vero,
2600 5087 2813 5156 quodin
2839 5099 3086 5142 extremo
3117 5089 3244 5144 vita:
3269 5105 3403 5154 suae,
3430 5091 3480 5146 vi
3510 5091 3677 5146 etiam

2076 5164 2276 5248 morbi,
2310 5197 2418 5251 quo
2447 5179 2565 5234 dire
2601 5181 2984 5249 afflictabatur,
3028 5181 3303 5237 crudelior
3333 5183 3582 5250 effectus,
3616 5185 3674 5238 in

2076 5285 2324 5330 senatum
2385 5275 2558 5342 ipsum
2611 5275 2883 5343 pra‘cipue
2937 5275 3205 5341 deszeviit,
3273 5291 3462 5346 magna
3521 5283 3676 5345 parte

2076 5369 2219 5423 illius
2245 5367 2454 5421 ordinis
2491 5367 2916 5435 splendidissimi
2951 5368 3132 5423 necari
3158 5367 3336 5438 jnssa,
3389 5369 3464 5421 uti
3505 5367 3677 5422 refert

2077 5461 2278 5515 citatus
2319 5458 2574 5512 Aurelius
2593 5457 2777 5512 Victor
2800 5459 3026 5524 ibidem,
3067 5459 3222 5514 ac’dr
3249 5457 3571 5519 Ca’saribus;
3605 5458 3679 5511 ita

2075 5563 2134 5608 ut
2187 5561 2410 5607 senatus
2445 5553 2560 5621 ipse
2593 5552 2738 5606 illius
2787 5562 2906 5607 acta
2939 5560 3064 5623 post
3089 5560 3320 5606 mortem
3354 5550 3508 5604 irrita
3553 5551 3675 5606 fieri

2073 5648 2262 5714 vellet,
2320 5646 2579 5716 illumque
2619 5657 2899 5700 recuSaret
2944 5647 3114 5699 divum
3163 5644 3459 5712 appellare,
3513 5654 3678 5713 prout

2075 5743 2411 5799 consnetudo
2457 5743 2695 5805 ferebat,
2740 5742 2843 5796 nisi
2884 5740 3194 5796 Antoninus
3244 5737 3387 5792 filius
3443 5739 3680 5798 summis

2076 5838 2330 5907 precibus
2372 5836 2787 5902 intervenisset,
2835 5835 2926 5904 qui
2961 5834 3059 5887 hac
3087 5830 3250 5887 etiam
3289 5829 3358 5886 de
3404 5830 3566 5892 causa
3593 5817 3678 5891 Pii
