4172 6182
423 273 527 332 507

1449 278 1505 334 S.
1546 276 1994 335 CHROMA'I‘IUS
2029 276 2133 335 ΕΡ.
2179 277 2682 347 AQBILEIENSIS.

3618 274 3725 331 508

424 409 692 464 agnomen
739 395 966 466 adeptus
995 405 1098 463 est,
1140 397 1216 451 uti
1246 396 1505 452 discimus
1535 413 1602 451 ex
1627 396 1820 452 eodem
1851 397 2016 467 Spar-
2045 397 2102 458 Α
2127 406 2250 451 tuor
2275 404 2424 452 retro
2465 396 2810 458 surculorum,
2836 392 3200 463 Aquileiensis
3227 393 3354 448 olim
3388 391 3644 463 capituli,
3671 393 3722 446 in

422 487 593 555 tiauo,
625 498 782 559 atque
802 505 866 544 ex
896 489 1040 544 Julia
1068 488 1372 559 Capitolino
1400 489 1452 543 in
1477 489 1738 543 Antonino
1768 489 1903 543 Pio?
1940 489 2021 543 En

424 582 592 652 igitur
630 582 886 636 Hadriani
908 583 1168 652 principis
1195 583 1338 638 male
1369 582 1586 647 merita,
1619 584 1690 637 ob
1719 597 1839 653 quae
1893 596 2020 652 pro-

424 674 684 728 culdubio
711 673 972 741 deletum,
1003 674 1108 729 etsi
1156 690 1262 728 non
1295 674 1506 744 publica
1541 675 1886 741 auctoritate,
1917 674 2024 743 pri-

426 776 549 819 vata
591 775 770 819 tamen
804 765 1284 822 animadversione
1310 782 1502 822 eorum
1530 781 1765 832 quorum
1789 765 2025 819 maxime

424 856 746 924 interesset,
776 874 874 912 nec
891 858 1156 928 Aquileia:
1173 858 1426 914 duntaxat
1443 900 1456 924 ,
1480 858 1574 914 sed
1604 859 1834 913 fortasse
1859 858 2021 913 etiam

426 948 574 1012 alibi,
600 948 654 1001 in
690 948 958 1018 lapidibus
985 965 1184 1005 nomen
1210 951 1357 1006 illius
1383 963 1505 1020 post
1538 961 1807 1017 mortem;
1837 966 2025 1020 quem-

428 1039 720 1094 admodum
771 1042 941 1096 moris
989 1049 1108 1097 erat
1157 1043 1300 1112 apud
1348 1043 1623 1098 Romanos
1657 1059 1782 1113 erga
1825 1043 2024 1113 princi-

425 1148 549 1203 pes,
575 1135 664 1204 qui
694 1137 846 1189 exosi
877 1137 946 1190 ob
970 1136 1214 1191 crudelia
1246 1139 1550 1207 przescrtim
1585 1137 1721 1192 facta
1770 1137 2022 1202 fuissent,

426 1229 506 1281 uti
549 1243 612 1282 ex
663 1228 849 1295 Dione,
880 1230 1160 1298 Suetonio,
1190 1231 1420 1302 aliisque
1443 1231 1808 1287 Romanarum
1839 1247 2022 1288 rerum

425 1321 789 1390 scriptoribus
833 1322 1094 1378 habemus
1125 1364 1142 1390 ,
1199 1332 1532 1396 annotatque
1579 1324 1823 1380 eruditus
1882 1324 2023 1379 idem

427 1415 684 1470 Bertolus
713 1427 896 1470 noster
915 1417 965 1471 in
985 1419 1147 1472 citato
1165 1433 1332 1488 Opere
1347 1417 1420 1472 Le
1433 1418 1696 1473 Antichita
1710 1418 2020 1489 d’Aquileja,

432 1524 557 1579 pag.
606 1509 734 1574 ⁴285,
789 1509 876 1563 ubi
928 1510 1244 1564 Diocletiano
1276 1553 1290 1577 ,
1342 1513 1641 1566 smvissimo
1691 1511 2028 1566 Christiano-

431 1617 552 1656 rum
612 1602 874 1668 inimico,
934 1605 1182 1659 lacunam
1232 1605 1454 1661 secundi
1512 1606 1705 1676 lapidis
1758 1605 2029 1676 pertinere

434 1693 728 1749 existimat.

2121 505 2230 560 quo
2257 488 2554 544 canonicus
2581 489 2695 558 ipse
2728 497 2879 549 erat,
2922 488 3055 540 viam
3098 487 3323 558 Appiam
3355 494 3726 555 nunCUpatam

2121 581 2292 637 fuisse
2314 583 2544 646 asserit;
2567 580 2672 635 nisi
2701 580 2880 649 potius
2902 578 3308 650 Annialegenda
3329 577 3519 633 fuisset
3535 577 3728 648 (quau-

2121 673 2416 745 doquidem
2445 673 2626 746 Appiw
2653 671 2794 743 apud
2821 687 2920 726 nos
2949 671 3074 726 alibi
3100 672 3304 726 mentio
3337 668 3532 742 nulla),
3557 668 3726 724 facem

2123 781 2267 821 nunc
2296 766 2594 837 praebente,
2648 763 2984 835 incorruptis
3011 763 3209 819 litteris
3237 763 3383 829 suis,
3418 763 3520 817 hoc
3552 761 3731 832 lapide

2124 872 2316 914 recens
2343 858 2563 912 invento
2594 857 2841 927 apicibus
2886 855 3201 930 chartarum
3236 865 3505 921 veterum,
3539 854 3734 909 oculos

2125 950 2290 1004 etiam
2337 947 2770 1018 antiquariorum
2823 956 2879 1002 et
2927 946 3268 1003 eruditorum
3305 963 3416 1018 prae
3460 955 3732 1002 vetustate

2127 1058 2233 1097 non
2266 1057 2392 1098 raro
2424 1041 2761 1096 fallentibus.
2816 1040 3041 1096 Interim
3089 1041 3486 1111 inquirantalii
3533 1039 3600 1095 de
3630 1040 3731 1095 hac

2126 1137 2295 1190 Annia
2326 1134 2759 1206 Aquileiensium
2791 1136 2902 1203 via,
2947 1136 3068 1207 quis
3089 1150 3209 1191 eam
3238 1135 3516 1202 straverit,
3543 1143 3599 1190 et
3623 1149 3731 1206 quo

2129 1239 2404 1299 tempore;
2435 1229 2582 1286 unde
2611 1244 2813 1286 nomen
2847 1229 3156 1300 acceperit;
3179 1245 3306 1283 num
3334 1227 3401 1282 ad
3426 1237 3608 1282 notam
3630 1229 3734 1282 An-

2127 1324 2269 1376 niam
2289 1321 2587 1377 Romanam
2607 1324 2741 1377 viam
2761 1323 2900 1379 ultra
2923 1322 3137 1396 [Lxrtu]
3161 1323 3361 1378 Padum
3392 1321 3734 1392 aliqUatcuus

2129 1417 2488 1488 pertinuerit,
2523 1433 2591 1472 an
2641 1416 2747 1471 alia
2795 1431 3014 1486 prorsus
3043 1417 3110 1472 ab
3139 1431 3201 1472 ea
3223 1415 3434 1471 diversa
3462 1413 3731 1470 censenda

2129 1511 2220 1577 sit,
2251 1519 2307 1564 et
2349 1510 2782 1580 Aquileiensium
2818 1512 2891 1564 ita
2937 1512 3157 1581 pr0pria
3204 1509 3520 1581 iudicanda,
3549 1524 3738 1580 quem-

2129 1605 2422 1659 admodum
2451 1603 2668 1659 Gemina
2718 1603 2847 1673 illa,
2899 1605 2967 1660 de
3001 1621 3105 1676 qua
3147 1605 3431 1675 inscriptio
3471 1603 3732 1660 secunda.

2133 1698 2580 1768 Antiquariornm
2607 1713 2802 1769 nempe
2835 1697 2953 1754 hare
2982 1699 3124 1762 sint;
3155 1715 3183 1752 a
3214 1713 3449 1769 quorum
3477 1711 3657 1753 messe
3683 1697 3739 1751 in

508 1788 644 1854 Quid
671 1805 812 1844 nunc
840 1807 969 1846 vero
991 1791 1059 1847 de
1087 1793 1253 1845 Annia
1278 1791 1359 1844 via
1392 1793 1749 1862 Aquileiensi,
1784 1808 1941 1864 quam
1976 1794 2028 1848 in
2060 1780 2109 1840 Β
2138 1793 2237 1847 hac
2259 1791 2584 1847 eruditionis
2617 1800 2772 1861 parte
2820 1807 2963 1846 nunc
3008 1807 3233 1862 prorsus
3281 1792 3641 1858 abstinemus,
3672 1789 3741 1845 ab

434 1881 614 1950 primo
639 1897 704 1936 ex
739 1882 821 1937 Itis
847 1883 1112 1952 lapidibus
1136 1885 1428 1949 intuemur,
1446 1886 1666 1955 etcujns
1690 1886 2028 1955 potissimum

438 1989 602 2027 causa
629 1976 744 2028 huic
771 1976 1106 2047 scribimus?
1133 1978 1430 2035 Romanam
1457 1978 1678 2032 Anniam
1707 1979 1843 2032 uiam
1873 1979 2030 2033 novi-

435 2081 558 2120 mus
586 2067 803 2135 quidem
831 2085 844 2120 :
870 2068 998 2122 licet
1041 2068 1110 2123 de
1153 2083 1214 2124 ea
1260 2067 1394 2123 nihil
1424 2069 1475 2123 in
1507 2070 1863 2140 scriptoribus
1893 2070 2034 2125 anti—

439 2160 582 2228 quis,
613 2169 668 2215 et
710 2161 912 2230 aliquid
971 2161 1345 2216 tantummodo
1392 2163 1442 2216 in
1493 2163 1678 2232 paucis
1709 2161 1900 2234 |van]
1948 2162 2032 2216 in-

438 2251 822 2319 scriptionibus
852 2252 1172 2308 habeamus.
1206 2256 1409 2320 Quater
1461 2255 1713 2309 nimirum
1769 2255 2036 2309 duntaxat

440 2343 509 2397 de
533 2344 631 2398 hac
663 2346 833 2399 Annia
885 2348 967 2401 via
994 2348 1197 2402 mentio
1231 2348 1288 2402 lit
1323 2348 1463 2418 apud
1496 2348 1782 2404 Gruterum
1821 2348 1876 2403 in
1901 2347 2039 2402 Tlte-

442 2453 600 2490 sauro
657 2436 1092 2506 Inscriptionum.
1128 2438 1296 2509 I'Iujus
1347 2441 1595 2494 meminit
1640 2440 1894 2506 Pitiscus,
1943 2438 2039 2494 sed

441 2528 638 2582 leviter
675 2544 740 2582 ac
766 2529 975 2598 jejune,
1033 2531 1088 2583 in
1129 2530 1320 2584 Lexico
1361 2531 1737 2602 Antiquitatum
1778 2530 2036 2586 Romana-

442 2637 579 2688 rum,
629 2630 776 2675 tomo
808 2621 1044 2692 III,.pag.
1081 2625 1206 2686 τοι,
1267 2622 1522 2678 editionis
1580 2622 2039 2692 Ilagte-Comitum

445 2713 608 2778 1737,
661 2713 791 2767 duas
823 2730 1264 2771 Commemorans
1310 2733 1377 2772 ex
1429 2717 1771 2773 Gruterianis
1812 2717 2042 2793 inscrip-

443 2807 705 2873 tionibus,
737 2808 822 2861 ubi
851 2809 948 2862 vite
974 2810 1156 2872 Annia:
1183 2810 1404 2884 mentio.
1444 2810 1922 2884 Meminitquoque
1954 2807 2043 2864 Ni-

445 2901 634 2954 Colaus
680 2901 988 2969 Bergirrius
1017 2899 1095 2955 De
1126 2881 1344 2966 publicis
1386 2912 1434 2955 et
1463 2881 1778 2956 militaribus
1821 2901 2042 2955 Romani

445 2995 646 3064 imperii
668 2993 776 3048 Viis
791 2995 928 3064 apud
948 2994 1219 3050 Graevimu
1238 2994 1820 3063 inT/tesauro,etc.,vol
1834 2993 2044 3048 .sze-

444 3088 808 3141 minitantem
843 3088 1074 3155 primum
1118 3088 1257 3142 libro
1294 3103 1332 3154 ι,
1383 3097 1518 3142 sect.
1552 3089 1604 3154 4,
1657 3103 1806 3141 num.
1849 3087 1902 3153 7,
1955 3088 2042 3143 ubi

448 3178 825 3232 (Iruterianam
862 3179 1270 3254 inscriptionem
1316 3179 1568 3241 exhibet,
1601 3180 1651 3233 in
1703 3194 1808 3250 qua
1837 3189 2048 3234 curator
2073 3167 2119 3227 G

450 3270 677 3323 habetur
705 3270 937 3337 plurium
970 3273 1127 3325 simul
1160 3273 1368 3325 viarum
1391 3287 1512 3346 ClllII
1557 3274 1746 3353 Annia,
1791 3274 2045 3330 nimirum

447 3364 655 3418 Clodia:
676 3379 910 3434 quoque,
929 3362 1152 3430 Cassiaa,
1175 3349 1422 3432 Cimiuzr,
1453 3366 1638 3420 Trium
1661 3349 2046 3436 Trajanarum,

458 3470 514 3510 et
560 3459 870 3524 Amet-inm;
907 3458 1049 3511 unde
1084 3459 1537 3528 pr0piuquitatem
1569 3459 1758 3514 harum
1803 3461 2048 3538 omnium

451 3553 657 3603 viarum
683 3551 770 3603 uni
789 3541 1078 3615 eidemque
1101 3553 1328 3604 curatori
1349 3554 1767 3606 commissarum
1793 3553 2052 3626 intelligi—

455 3657 597 3705 mus,
631 3644 901 3712 simulque
935 3644 1127 3698 baruni
1158 3644 1402 3699 omnium
1437 3659 1560 3718 cum
1610 3643 1780 3699 Annia
1812 3645 1952 3715 ipsa,
1981 3644 2050 3721 de

454 3754 555 3806 qua
584 3739 674 3801 ibi,
724 3740 793 3792 ab
833 3737 1097 3816 Aquileiae
1131 3740 1377 3818 partibus
1413 3738 1728 3795 distantiam
1757 3755 1769 3791 :
1801 3739 2051 3793 meminit

453 3845 583 3883 vero
612 3822 806 3884 itetum
850 3832 986 3884 libro
1011 3847 1091 3894 tn.
1125 3824 1260 3885 sect.
1299 3831 1393 3897 Ἠ,
1450 3847 1599 3886 num.
1635 3830 1704 3895 9;
1750 3831 1840 3885 ubi
1873 3841 2050 3886 tamen

452 3923 617 3976 etiam
648 3923 867 3975 Anniam
898 3923 1038 4002 inter
1069 3937 1161 3977 eas
1204 3923 1370 3978 Italia:
1399 3925 1506 3977 vias
1541 3923 1780 4005 publicas
1810 3937 2053 3978 comme-

453 4021 655 4075 morat,
685 4028 803 4081 qua:
825 4013 960 4092 citra
989 4013 1191 4084 Padum
1221 4029 1327 4069 non
1352 4015 1798 4090 porrigebantur,
1825 4029 2055 4086 quaeque

454 4117 749 4188 propterea.
801 4106 864 4159 ad
922 4107 1228 4176 Aquileiam
1304 4108 1618 4188 nulla-tenus
1685 4097 2048 4186 pertinebant.

463 4218 482 4251 ‹
512 4183 1074 4270 Sequuntur,_inquit,
1109 4200 1235 4255 hinc
1283 4202 1383 4255 vim
1424 4183 1616 4267 Annia,
1669 4183 1931 4272 Augusta,
1967 4201 2056 4280 Ci-

453 4294 623 4358 mina,
673 4279 948 4374 Amerina,
1005 4291 1330 4364 Sempronia
1359 4301 1415 4348 et
1461 4293 1941 4365 PoSthumia,qua3
1969 4292 2055 4348 di-

454 4385 632 4438 versis
663 4379 794 4439 locis
821 4384 1098 4440 Flaminiae
1127 4386 1444 4460 inseruntur
1479 4397 1532 4442 et
1558 4387 1862 4466 cohaerent,
1894 4398 2058 4460 atque

457 4478 529 4530 ab
550 4492 610 4530 ea
647 4477 770 4530 hinc
800 4477 946 4541 inde,
979 4493 1074 4532 seu
1117 4479 1278 4544 rami,
1304 4493 1401 4548 per
1428 4478 1599 4556 Italite
1637 4471 1909 4550 regiones,
1937 4496 2057 4558 quae

454 4570 597 4625 inter
626 4554 850 4624 Romam
880 4580 932 4625 et
964 4569 1260 4625 Eridanum
1288 4545 1404 4627 sive
1452 4547 1655 4627 Padum
1703 4545 1856 4637 sunt,
1886 4545 2060 4643 porri-
2084 4545 2137 4606 Β

458 4673 678 4736 guntur.
721 4683 740 4716 ι

530 4756 722 4811 Nullus
751 4757 954 4827 itaque,
986 4757 1134 4828 quod
1160 4757 1419 4826 sciamus,
1445 4757 1516 4814 de
1538 4741 1638 4814 hac
1660 4757 1830 4812 Annia
1853 4758 1935 4811 via
1952 4799 1967 4826 ,
1991 4758 2058 4813 de

458 4866 563 4922 qua
617 4849 896 4921 inscriptio
923 4861 1108 4905 nostra
1158 4850 1561 4921 Aquileiensis;
1604 4867 1722 4921 quae
1743 4851 1825 4905 uia
1849 4850 2060 4907 scilicet

459 4929 765 5012 Aquileiam
801 4942 1126 5012 respiceret,
1157 4959 1279 5015 quae
1314 4945 1558 5015 proxima
1587 4944 1850 5026 Aquileiae
1880 4955 2054 5010 esset,

460 5046 515 5110 et
546 5036 700 5106 cujus
730 5048 1015 5118 propterea
1045 5039 1372 5113 instauratio
1399 5039 1723 5096 beneﬁcium
1742 5040 1846 5096 dici
1879 5049 2063 5111 posset

459 5131 1246 5212 Aquileiensibusindulgentia
1274 5134 1908 5207 principisimpertitum.
1941 5135 2061 5206 Ipse

461 5223 892 5302 Aquileiensium
922 5225 1302 5304 antiquitatum
1328 5226 1630 5283 illustrator
1671 5229 2061 5284 solertissimus

459 5318 714 5372 Bcrtolus
745 5319 943 5372 nullius
973 5319 1156 5374 Atiniae
1195 5321 1292 5375 vin:
1315 5321 1583 5388 meminit,
1617 5337 1738 5392 qua:
1779 5322 1846 5378 ad
1896 5323 2063 5394 Aqui-

461 5409 700 5485 leienses
733 5411 1028 5476 pertineret
1048 5425 1075 5485 ε,
1096 5411 1509 5469 etsolummodo
1525 5428 1646 5483 pag.
1674 5414 1773 5469 291
1809 5429 1954 5484 stepe
1980 5416 2061 5469 ci-

460 5487 556 5553 tati
588 5481 670 5555 sui
717 5501 902 5574 operis
947 5487 1304 5558 eruditissimi
1348 5504 1549 5558 indicat
1599 5503 1825 5570 duarum
1865 5507 2062 5560 uiarum

463 5602 708 5647 veterum
735 5577 1098 5648 Romanarum
1121 5595 1344 5665 vestigia
1377 5595 1623 5665 quatdam
1656 5595 1708 5649 in
1728 5595 2062 5666 Aquileiensi

462 5700 593 5754 agro
620 5675 796 5764 adhuc
827 5702 1124 5764 apparere;
1158 5702 1384 5757 quarum
1430 5687 1657 5743 alteram
1707 5689 1758 5743 in
1789 5690 2066 5746 veteribus

464 5761 788 5843 quibusdam
817 5761 1042 5844 chartis,
1072 5779 1271 5846 trium,
1315 5790 1371 5834 ut
1403 5779 1520 5851 ipse
1561 5781 1784 5849 asserit,
1819 5789 1912 5836 aut
1934 5797 2068 5854 qua-

2137 1884 2204 1940 iis
2252 1883 2432 1953 p0tius
2481 1893 2864 1954 exspeCIantes
2902 1883 3030 1953 quid
3061 1881 3271 1938 sentire
3305 1898 3472 1953 super
3520 1881 3608 1936 his
3645 1881 3741 1936 de-

2134 1978 2385 2033 beamus.

2208 2069 2317 2124 Nos
2348 2070 2728 2126 tantummodo
2764 2071 3282 2137 animadvertimus,
3333 2070 3387 2124 in
3430 2069 3536 2124 hoc
3557 2067 3742 2139 lapide

2137 2173 2328 2218 nostro
2350 2179 2541 2221 recens
2564 2167 2810 2232 invento,
2840 2175 3183 2221 eververatam
3211 2166 3320 2222 dici
3348 2166 3490 2220 hanc
3521 2165 3744 2218 Anniam

2138 2260 2272 2312 uiam
2298 2259 2638 2329 inﬂuentibus
2656 2260 2973 2331 palustribus
3000 2263 3170 2332 aquis,
3197 2261 3334 2316 adeo
3368 2268 3426 2314 ut
3450 2274 3746 2315 commean-

2140 2351 2274 2406 tibus
2323 2351 2461 2407 inuia
2525 2352 2663 2406 facta
2722 2361 2904 2417 esset;
2954 2352 3186 2424 ideoque
3237 2355 3288 2408 in
3339 2353 3745 2423 Aquileiensium

2139 2446 2367 2517 gratiam
2415 2445 2741 2516 indulgentia
2761 2446 3008 2518 principis
3052 2446 3488 2517 providentissimi
3536 2446 3747 2500 restitu-

2141 2549 2249 2592 tam
2275 2555 2293 2594 :
2325 2538 2470 2593 unde
2495 2539 2869 2608 comperimus
2889 2540 3024 2594 uiam
3053 2555 3170 2594 eam
3215 2540 3412 2604 fuisse,
3443 2555 3566 2608 qua:
3601 2538 3748 2607 aquis

2141 2631 2452 2686 immineret
2477 2631 2818 2702 palustribus,
2842 2646 2906 2688 ac
2933 2635 3065 2686 viam
3091 2645 3380 2704 propterea
3402 2633 3468 2686 ab
3499 2631 3619 2685 aliis
3647 2631 3748 2685 viis

2146 2721 2499 2776 terrestribus
2513 2731 2850 2788 separatam;
2881 2723 3243 2792 viamquoqnc
3272 2722 3534 2791 Aquileiae
3555 2723 3710 2791 proxi
3731 2751 3744 2761 -

2147 2830 2314 2876 mam.
2345 2815 2516 2869 immo
2547 2814 2976 2881 Aquileiensium
2998 2818 3162 2870 veluti
3183 2818 3478 2886 proiiriam,
3512 2816 3750 2886 ipsisque

2147 2924 2307 2979 quam
2340 2909 2580 2962 maxime
2605 2909 2820 2975 utilem;
2847 2910 2978 2963 viam
3023 2911 3278 2979 denique,
3315 2912 3467 2980 quasi
3497 2926 3748 2982 aggerem

2151 2998 2436 3069 paludibus
2481 2999 2818 3069 impositum,
2863 3011 2919 3055 ut
2944 3002 3380 3072 Aquili-ivnsibus
3413 3003 3624 3057 facilior
3654 3018 3750 3072 per

2149 3109 2268 3149 eam
2292 3094 2620 3164 breviorque
2652 3097 2912 3149 transitus
2952 3096 3017 3149 ad
3061 3099 3176 3150 loca
3220 3097 3476 3152 littoralia
3514 3097 3752 3151 :estuarii

2153 3195 2320 3253 esset,
2352 3187 2568 3241 evitatis
2617 3203 2812 3258 nempe
2843 3189 3216 3259 superioribus
3247 3206 3460 3246 necnon
3495 3190 3752 3262 longiori-

2151 3280 2252 3335 bus
2280 3280 2402 3334 aliis
2434 3281 2787 3336 terrestribus
2816 3282 2918 3335 viis
2958 3281 3026 3336 ab
3057 3283 3212 3352 aquis
3244 3283 3646 3353 paludibusque
3674 3281 3756 3337 di-

2151 3371 2440 3426 stantibus.
2475 3373 2551 3425 Ac
2571 3373 2866 3441 quamdam
2892 3385 3042 3430 certe
3068 3375 3198 3428 viam
3226 3374 3390 3430 etiam
3417 3376 3579 3430 hodie
3609 3377 3757 3430 inco-

2152 3465 2217 3519 lae
2247 3464 2626 3534 Aquileienses
2654 3465 2983 3531 ostendunt,
3015 3468 3079 3521 ad
3113 3468 3398 3523 meridiem
3433 3469 3604 3535 illius,
3636 3483 3753 3522 am-

2152 3558 2413 3630 plissimae
2455 3558 2584 3611 olim
2616 3570 2778 3629 atque
2800 3560 3259 3629 opulentissimas,
3310 3577 3454 3616 nunc
3482 3563 3757 3616 destituta:

2154 3649 2587 3720 miserrimzeque
2611 3650 2761 3707 urbis
2786 3652 3042 3722 positam,
3076 3653 3435 3709 Coacordiam
3467 3669 3680 3717 versus,
3705 3661 3764 3709 et

2155 3744 2473 3814 palustribus
2500 3744 2646 3816 aquis
2677 3754 3020 3812 contectam;
3063 3747 3268 3818 quibus
3297 3747 3622 3818 quandoque
3662 3745 3760 3801 de-

2154 3835 2559 3902 crescentibus,
2586 3850 2713 3889 saxa
2739 3851 2803 3890 ac
2827 3836 3024 3891 rudera
3047 3837 3100 3891 in
3131 3836 3240 3891 imo
3253 3853 3445 3893 earum
3467 3850 3757 3909 apparent,

2157 3927 2258 3983 via:
2287 3927 2569 3998 cujusdam
2619 3928 2823 3984 veteris
2873 3928 3123 4000 vestigia,
3167 3944 3378 3985 necnon
3419 3929 3632 3985 ferreus
3657 3945 3759 3984 an-

2158 4021 2319 4095 nulus
2367 4021 2707 4091 praegrandis
2760 4021 2926 4091 lapidi
2954 4021 3133 4078 adhuc
3163 4022 3387 4092 inﬁxus,
3420 4023 3512 4094 qui
3544 4024 3764 4094 procul-

2157 4112 2331 4168 dubio
2357 4114 2424 4168 ad
2449 4112 2696 4183 ejusdem
2725 4115 2826 4169 vias
2847 4115 3180 4182 crepidinem
3211 4119 3442 4188 positus,
3472 4118 3762 4189 alligandis

2159 4225 2328 4280 prope
2353 4225 2472 4265 eam
2505 4209 2769 4266 naviculis
2795 4212 3148 4266 inserviebat.

2230 4302 2371 4371 Quid
2426 4304 2614 4372 igitur,
2642 4303 2687 4358 si
2727 4303 2829 4360 hac
2862 4305 2976 4375 ipsa
3027 4306 3196 4360 Annia
3239 4307 3321 4360 uia
3370 4309 3439 4362 ab
3487 4307 3765 4363 Hadriano

2160 4396 2405 4467 principe
2437 4396 2880 4467 Aquileiensibus
2909 4399 3168 4466 restituta,
3201 4397 3551 4456 Chromatius
3575 4413 3764 4456 noster

2162 4497 2431 4556 uteretur,
2468 4496 2525 4542 ut
2561 4487 2812 4559 Aquileia
2840 4489 2909 4544 ad
2940 4489 3161 4545 Portum
3204 4490 3503 4546 Romatium
3533 4508 3630 4548 seu
3657 4492 3763 4548 Ro-

2165 4584 2417 4638 matinum
2445 4582 2736 4640 confestim
2780 4585 3079 4655 migraret,
3131 4601 3195 4640 ac
3245 4585 3446 4643 deinde
3475 4587 3543 4642 ab
3571 4586 3762 4642 eodem

2165 4689 2327 4750 portu
2357 4678 2663 4750 Aquileiam
2691 4694 2906 4750 quoque
2935 4679 3161 4743 rediret,
3193 4689 3358 4750 prout
3385 4669 3603 4735 illorum
3631 4690 3770 4736 tem-

2166 4785 2362 4842 porum
2387 4771 2525 4825 ratio
2553 4779 2608 4826 et
2639 4786 2821 4825 rerum
2844 4769 3251 4827 vicissitudines
3277 4771 3611 4843 exigebant?
3643 4771 3770 4827 Ilaec

2166 4879 2385 4936 quoque
2409 4863 2599 4917 ultimo
2629 4863 2749 4918 loco
2770 4863 2839 4918 de
2856 4862 3173 4921 Chromatio
3203 4864 3587 4938 investigasse,
3611 4881 3771 4922 occa-

2166 4958 2324 5014 sione
2357 4955 2521 5025 hujus
2539 4953 2739 5026 lapidis
2778 4955 3150 5026 Aquileiensis
3176 4973 3368 5014 recens
3398 4959 3451 5013 in
3478 4959 3655 5014 lucem
3676 4973 3772 5029 po-

2161 5051 2283 5118 siti,
2326 5050 2395 5106 ab
2427 5049 2682 5105 instituto
2732 5066 2954 5120 prorsus
3001 5051 3277 5118 alienum;
3321 5061 3416 5108 aut
3469 5051 3773 5109 lectoribus

2162 5143 2558 5217 iniucundum,
2590 5126 2819 5200 minime
2845 5143 3233 5216 judicavimus.

2236 5239 2415 5309 Atque
2445 5237 2563 5292 hmc
2577 5236 2798 5292 tandem
2815 5248 2961 5306 sunt,
2989 5253 3110 5310 quae
3139 5239 3352 5310 praefari
3383 5239 3545 5294 libuit
3574 5240 3626 5294 in
3655 5236 3766 5291 adi.

2167 5341 2222 5386 tu
2270 5331 2602 5401 Scriptorum
2655 5345 2751 5386 seu
2811 5330 3216 5400 Upusculorum,
3270 5349 3393 5404 qua:
3441 5342 3766 5404 snpersnnt,

2161 5439 2391 5494 quaeque
2439 5425 2538 5480 hac
2567 5434 2747 5480 nostra
2773 5441 2915 5480 nova
2954 5425 3194 5483 editione
3235 5427 3538 5494 donamus,
3593 5433 3773 5486 sancti

2166 5515 2466 5571 Cbromatii
2491 5517 2734 5590 episcopi
2763 5516 3156 5588 Aquileiensis.
3195 5520 3324 5576 Haec
3357 5537 3512 5586 vero,
3563 5533 3674 5577 tum
3714 5534 3774 5580 ut

2169 5608 2441 5664 rationem
2466 5611 2770 5686 lectoribus
2812 5611 3171 5668 redderemus
3215 5613 3377 5684 hujus
3405 5617 3620 5671 consilii
3673 5634 3774 5672 no-

2171 5699 2290 5767 stri,
2324 5701 2633 5774 habitasque
2687 5703 2997 5772 industriae;
3029 5713 3086 5760 ut
3119 5703 3336 5777 Scripta
3365 5709 3480 5781 ipsa
3509 5717 3564 5766 ct
3589 5725 3778 5766 corre-

2170 5791 2366 5858 ctiora,
2413 5803 2468 5849 et
2499 5796 2695 5853 ordine
2724 5796 2922 5868 aptiori
2951 5797 3241 5871 disposita,
3285 5803 3428 5860 sicut
3467 5803 3630 5861 etiam
3661 5818 3775 5860 me-
