4172 6182
393 196 501 255 309

394 417 503 462 tum
537 418 594 461 ut
619 411 818 481 aliquid
868 414 1033 467 etiam
1077 417 1430 487 nosmetipsi,
1458 430 1580 487 post
1614 422 1853 477 virorum
1890 425 1997 477 ela-

392 499 737 555 rissitnorum
774 504 1006 567 labores.
1066 507 1317 563 conferre
1348 510 1679 575 videremur,
1732 516 1877 583 quod
1931 516 1996 571 ad

390 593 697 661 argumenti
747 594 1169 651 illustratioucm
1205 601 1712 671 quomodocumque
1740 608 1992 662 serviret.

392 682 519 737 Hice
566 684 784 754 itaque,
840 688 1046 757 optime
1095 690 1292 756 lector,
1344 694 1484 762 aequi
1525 692 1762 764 bonique
1794 696 1996 761 facias;

1298 208 1386 264 DE
1425 208 1483 266 S.
1524 208 1934 271 CHHOMATIO
1972 215 2314 276 VETERUM
2355 221 2799 281 TESTIMONIA.

392 315 515 369 liori
548 332 681 372 sane
710 319 860 373 Cultu
885 319 1057 392 [ms]
1085 337 1246 390 quam
1274 333 1428 379 antea
1463 338 1653 381 ornata
1682 328 1997 397 prodirent;
2028 333 2079 391 Α
2107 333 2237 386 satis
2262 350 2478 405 semper
2502 352 2779 409 Superque
2802 340 3063 407 facturus,
3100 346 3144 397 si
3178 345 3228 398 in
3263 345 3346 400 bis
3372 348 3709 406 volunlntem

3594 236 3701 292 510

2103 425 2295 481 saltem
2317 440 2688 502 conatumque
2722 434 3061 503 probaveris,
3091 440 3134 492 si
3163 451 3344 494 errata
3371 457 3584 513 quoque
3614 445 3709 501 ἣδι-

2103 516 2266 587 nigne
2315 520 2643 587 donaveris;
2679 526 2902 581 meliora
2937 529 3185 593 interim.
3221 533 3517 601 uberiora,
3549 553 3711 592 accu-

2101 610 2434 681 ratioraque,
2473 626 2594 683 post
2616 616 2717 672 hoc
2741 621 3040 688 periculum
3075 632 3350 693 nostrum,
3384 638 3709 698 exspectans

2100 701 2169 755 ab
2200 702 2342 758 aliis.

430 1016 587 1101 DE
664 1019 754 1102 S.
836 1020 1551 1107 CHROMATIO
1630 1020 2218 1113 VETERUM
2292 1030 3001 1124 TESTIMONIA
3078 1034 3624 1136 SELECTA.

1859 1188 2233 1199 -—-———..—_____

388 1341 562 1415 [Lm]
586 1342 623 1400 5
673 1338 1042 1411 “teneamus,
1076 1348 1231 1417 epist.
1263 1348 1317 1415 7,
1344 1348 1411 1401 ad
1440 1344 1823 1411 Caaottutuu,
1854 1336 2001 1399 Jovi-

465 1455 607 1503 num,
631 1450 676 1493 et
702 1438 1003 1508 Eusebium,
1034 1458 1175 1495 num.
1210 1440 1233 1497 Ι
1270 1452 1317 1497 et
1350 1443 1402 1510 6,
1434 1460 1520 1497 an.
1556 1442 1701 1508 573;
1728 1456 1841 1512 qua“
1868 1451 1998 1495 erat.

470 1532 604 1599 Opp.
641 1542 779 1584 tomo
813 1524 872 1596 Ι,
931 1532 1033 1588 col.
1078 1524 1143 1588 17
1173 1542 1219 1587 et
1266 1549 1372 1603 seq.
1400 1534 1643 1589 editionis
1687 1530 2004 1587 Veronensis

465 1622 727 1676 Dominici
758 1618 1028 1678 Vallarsii.

461 1715 579 1769 Non
624 1716 787 1771 debet
828 1720 1022 1772 charta
1082 1719 1338 1775 dividere
1380 1734 1520 1788 quos
1586 1734 1740 1773 amor
1781 1728 2001 1773 mutuus

2102 1358 2342 1414 qunntttr
2398 1364 2453 1409 et
2504 1358 2790 1413 scribunt?
2842 1361 2932 1431 qui
2981 1362 3112 1417 dum
3173 1380 3270 1421 sua
3327 1370 3515 1426 nolunt
3564 1372 3704 1429 furta

2102 1448 2383 1511 cognosci,
2412 1458 2469 1504 et
2497 1450 2694 1521 ingrati
2730 1465 2855 1508 sunt
2888 1456 2941 1509 in
2973 1458 3317 1529 magistrum,
3352 1463 3556 1521 idcirco
3578 1469 3706 1523 sim-

2102 1532 2274 1601 plices
2302 1538 2370 1592 ab
2396 1539 2542 1595 illius
2572 1543 2807 1599 lectione
2831 1545 3156 1603 deterrent?
3184 1550 3510 1609 Nominatim
3536 1557 3706 1614 debes

2102 1623 2308 1691 dicere,
2341 1638 2396 1683 et
2421 1633 2571 1701 ipsos
2607 1634 2858 1691 homines
2886 1637 3177 1695 denotare.
3211 1643 3355 1713 Ergo
3399 1644 3542 1700 beati
3574 1648 3707 1717 Epi-

2105 1723 2254 1791 scopi
2288 1724 2641 1796 Anastasius,
2691 1741 2745 1785 et
2791 1731 3168 1803 Theophilus,
3216 1748 3269 1793 et
3321 1738 3621 1810 Venerius,
3654 1755 3713 1799 et

388 1806 671 1877 e0pulavit
704 1825 718 1862 :
766 1824 868 1864 nec
910 1826 1008 1881 per
1052 1812 1303 1882 singulos
1336 1810 1514 1867 ofﬁcia
1548 1813 1654 1866 mei
1699 1820 1830 1865 sunt
1876 1825 1997 1880 par-
2032 1796 2079 1861 Β
2104 1811 2473 1887 CHROIATIUS,
2500 1831 2555 1876 et
2582 1827 2761 1879 omnis
2792 1834 2902 1882 tam
2935 1796 3175 1885 Orientis
3206 1848 3366 1900 quam
3395 1796 3710 1893 Occidentis

388 1900 576 1955 tienda
625 1901 928 1968 sermonis,
976 1918 1098 1957 cum
1139 1905 1222 1959 sic
1264 1903 1499 1958 invicem
1541 1918 1641 1957 vos
1682 1902 1899 1968 ametis,
1942 1912 1999 1955 ut

389 2008 499 2048 non
545 1994 725 2047 minus
758 2003 871 2049 tres
902 1995 1146 2050 eharitas
1182 1997 1415 2066 jungat,
1450 2011 1609 2064 quam
1643 1996 1780 2049 duos
1807 2004 1997 2049 natura

390 2087 654 2151 sticiavit;
687 2088 818 2156 quin
865 2089 1044 2157 potius
1071 2088 1117 2142 si
1151 2089 1228 2143 rei
1262 2089 1509 2145 conditio
1556 2096 1859 2159 pateretur,
1900 2087 2000 2142 sub

394 2196 501 2233 uno
548 2180 799 2235 litterulae
843 2184 999 2251 apice
1043 2186 1261 2237 nomina
1312 2183 1542 2237 indivisa
1585 2182 1997 2247 euncludcrem,

390 2274 591 2328 vestris
618 2289 837 2344 quoque
864 2275 935 2328 ita
970 2291 1057 2330 me
1083 2275 1281 2331 litteris
1304 2276 1753 2346 provocantibus,
1779 2284 1838 2329 ut
1864 2282 1919 2328 et
1946 2274 1999 2328 in

390 2386 502 2426 uno
529 2380 663 2438 tres,
695 2381 753 2427 et
780 2372 832 2425 iu
867 2373 1040 2427 tribus
1072 2389 1235 2428 unum
1272 2383 1635 2444 putarem.....

464 2464 697 2518 Matrem
743 2479 1089 2522 communem
1138 2467 1283 2537 (quae
1336 2482 1459 2522 cum
1511 2469 1667 2522 vobis
1712 2467 2001 2521 sanctitate

395 2556 637 2610 societur
663 2597 677 2620 ,
714 2557 768 2610 in
792 2571 860 2612 eo
893 2573 987 2612 vos
1020 2561 1318 2626 praevenit,
1353 2562 1478 2629 quia
1508 2560 1645 2615 tales
1676 2559 1881 2630 genuit,
1910 2574 2004 2612 cu-

391 2647 480 2716 jus
511 2663 638 2702 vere
662 2658 862 2704 venter
887 2664 1085 2705 aureus
1119 2662 1300 2720 petest
1331 2652 1463 2721 dici)
1486 2666 1551 2707 eo
1582 2652 1884 2705 salutamus
1907 2648 2003 2705 ho-

397 2757 530 2794 nore
552 2782 567 2805 ,
608 2757 715 2810 quo
746 2743 917 2797 nostis
945 2761 956 2796 :
991 2759 1094 2797 una
1124 2759 1343 2814 quoque
1370 2744 1749 2813 suscipiendas
1777 2753 2002 2797 cunctas

397 2846 641 2897 sorores,
688 2848 809 2903 quae
840 2848 1031 2889 sexum
1058 2836 1244 2891 vicere
1276 2850 1398 2891 cum
1425 2836 1653 2898 saeculo,
1699 2850 1842 2905 quae,
1878 2835 2002 2891 oleo

400 2926 464 2980 ad
493 2927 767 2995 lampades
800 2928 1022 2999 largiter
1050 2938 1381 2999 praeparato,
1414 2931 1613 3002 Sponsi
1639 2932 2003 3001 opperiuntur

401 3017 715 3075 adventum.
749 3017 794 3074 Ο
838 3020 996 3075 beata
1027 3021 1222 3076 domus
1249 3064 1263 3089 ,
1298 3024 1351 3076 in
1395 3036 1496 3091 qua
1529 3032 1809 3076 morantur
1847 3021 2000 3075 Anna

400 3112 555 3165 vidua
582 3150 596 3178 ,
640 3112 885 3182 virgines
916 3115 1306 3183 prephetisste,
1353 3116 1603 3184 geminus
1637 3114 1855 3169 Samuel
1899 3129 1997 3167 nu-

400 3208 561 3260 tritus
595 3207 648 3260 in
682 3206 915 3275 templo!
950 3209 992 3261 0
1023 3218 1160 3262 tecta
1195 3209 1391 3274 felicia,
1421 3208 1473 3262 in
1500 3208 1696 3277 quibus
1726 3209 2001 3261 cernimus
2029 3221 2074 3284 ρ

399 3300 829 3355 Μτιοιιεῠωοτιιηι
854 3312 1155 3372 martyrum
1190 3303 1412 3356 coronis
1445 3302 1677 3355 cinctam
1704 3308 1999 3370 martyrem

400 3394 659 3447 matrem!
698 3393 830 3446 Nam
862 3393 995 3449 licet
1023 3395 1270 3464 quotidie
1298 3395 1576 3449 Christum
1607 3395 1999 3458 conﬁteamini,

399 3486 525 3541 dum
566 3487 687 3555 ejus
734 3499 1003 3557 prtecepta
1055 3490 1336 3544 servatis:
1390 3497 1569 3543 tamen
1618 3489 1684 3542 ad
1734 3490 2000 3557 privatam

399 3578 629 3647 gloriam
662 3576 882 3649 publica
935 3578 1050 3633 haec
1084 3582 1318 3635 accessit
1360 3581 1514 3635 vobis
1545 3589 1597 3635 et
1640 3590 1830 3649 aperta
1862 3595 2000 3634 con-

402 3671 590 3732 fessio.
616 3670 757 3739 quod
791 3686 887 3742 per
914 3684 1008 3725 vos
1037 3674 1103 3725 ab
1130 3674 1261 3726 urbe
1294 3684 1477 3727 vestra
1506 3674 1692 3727 Ariani
1725 3673 1999 3741 quondam

400 3764 666 3835 dogmatis
693 3764 844 3820 virus
871 3766 1151 3821 exclusum
1183 3776 1287 3821 est.

406 3855 554 3921 Ion,
603 3855 755 3924 epist.
786 3855 853 3920 8,
886 3856 955 3908 ad
1001 3856 1218 3910 Niceam
1269 3856 1708 3927 Hypodiaconttm
1756 3855 2004 3925 Aquileia:

473 3968 560 4006 an.
594 3954 736 4017 375;
769 3960 882 4022 qua!
910 3958 1038 4004 erat.
1073 3950 1253 4003 eodem
1286 3948 1421 4020 Opp.
1475 3957 1611 4001 (omo
1640 3946 1659 4000 l
1688 3949 1859 4001 citata:
1896 3947 2004 4000 edi-

476 4045 628 4097 tionis
668 4041 941 4107 Vallarsii,
972 4040 1072 4095 col.
1106 4041 1199 4095 21.

484 4135 626 4188 Ecce
659 4135 848 4189 beatus
887 4132 1240 4187 Cuaountus
1270 4147 1390 4187 cum
1416 4143 1606 4188 sancto
1635 4132 1869 4187 Eusebio
1898 4142 2003 4186 non

407 4230 524 4296 plus
556 4238 747 4282 natura
780 4240 941 4298 qnzun
981 4244 1191 4282 morum
1225 4229 1541 4295 aequalitate
1570 4242 1865 4298 germano,
1914 4226 2001 4280 lit-

406 4320 613 4375 terario
663 4335 747 4374 me
780 4323 1093 4389 provocavit
1125 4319 1326 4374 ol‘licio.

408 4410 563 4477 lusu,
596 4413 747 4483 epist.
795 4412 887 4476 60,
919 4412 986 4464 ad
1031 4411 1397 4466 Heliodorum,
1433 4428 1575 4465 num.
1626 4412 1714 4476 19,
1746 4424 1832 4464 an.
1866 4410 2006 4476 596;

476 4518 589 4573 qua:
618 4513 751 4557 exat.
808 4504 991 4558 eodem
1047 4504 1190 4573 Opp.
1250 4515 1387 4557 tomo
1448 4502 1468 4558 Ι
1520 4506 1693 4559 citatas
1741 4504 2005 4569 editionis,

480 4595 581 4650 col.
610 4594 715 4651 545
750 4641 761 4652 .

480 4688 779 4758 Jungnmur
819 4688 1040 4758 spiritu,
1075 4690 1413 4759 stringamur
1456 4688 1674 4752 affectu,
1708 4699 1762 4744 et
1792 4688 2008 4744 fortitu-

410 4779 590 4834 dinem
621 4780 847 4845 mentis,
873 4795 1034 4849 quam
1062 4781 1253 4835 beatus
1286 4795 1421 4850 papa
1451 4780 1800 4836 CIIROIIATIUS
1826 4790 2008 4837 osten-

412 4876 487 4928 dit
516 4875 570 4928 in
602 4874 935 4929 dormitione
958 4879 1230 4945 germani,
1266 4891 1365 4930 nos
1394 4876 1673 4931 imitemur
1705 4876 1756 4930 in
1788 4875 1917 4931 lilio.

415 4969 605 5043 [LXXII]
631 4970 785 5031 lusit,
815 4971 967 5039 epist.
999 4969 1089 5032 81,
1110 4970 1178 5024 ad
1200 4970 1479 5039 Ruﬁnum,
1513 4986 1657 5023 nunt.
1690 4969 1745 5031 2.
1770 4986 1858 5023 an.
1886 4969 2010 5034 599;

451 5078 565 5131 qua:
580 5072 710 5117 exat.
744 5062 923 5116 eodem
956 5060 1096 5131 Opp.
1147 5060 1239 5115 (.1
1270 5065 1442 5117 citata:
1465 5062 1730 5127 editionis,
1754 5061 1855 5114 col.
1886 5062 2011 5116 508.

492 5152 681 5207 Frater
711 5169 862 5207 meus
888 5153 1242 5208 Pauliniauus
1272 5155 1504 5210 necdum
1535 5154 1604 5209 de
1630 5155 1797 5223 patria
1831 5168 2015 5208 rever-

417 5258 509 5298 sus
530 5254 637 5309 est,
668 5253 724 5298 et
762 5257 895 5314 puto
925 5246 1070 5315 quod
1113 5262 1235 5300 eum
1288 5247 1554 5317 Aquileia:
1596 5246 1736 5315 apud
1769 5256 2014 5301 sanetum

421 5350 609 5404 papam
639 5333 999 5391 Cneountuu
1033 5335 1261 5392 videris.

421 5423 571 5492 IDEI,
620 5424 710 5482 lib.
763 5444 825 5494 ll,
881 5437 1063 5483 contra
1112 5424 1385 5498 Ruﬁnum,
1440 5446 1581 5482 num.
1626 5429 1719 5493 2'2,
1760 5429 1893 5499 Opp.
1926 5430 2013 5484 cit.

872 5524 997 5578 edit.
1028 5534 1163 5579 tomo
1193 5523 1257 5590 ll,
1292 5523 1395 5577 col.
1431 5523 1555 5577 515.

492 5616 592 5682 Qui
638 5626 766 5671 sunt
808 5615 917 5683 isti,
950 5619 1039 5687 qui
1070 5616 1123 5672 in
1157 5616 1399 5672 Ecclesia
1430 5614 1707 5686 disputare
1739 5616 1901 5671 latius
1932 5633 2021 5673 so-

426 5696 576 5763 lent?
606 5704 698 5779 qui
732 5706 906 5764 libros
938 5708 1219 5765 scribere?
1249 5709 1339 5781 qui
1378 5716 1548 5763 totum
1578 5708 1645 5764 de
1674 5708 1903 5781 Origene
1936 5709 2017 5765 lo-

2102 1904 2509 1965 Catltolicorum
2540 1915 2806 1983 synodus,
2837 1919 2929 1987 qtti
2963 1922 3078 1989 pari
3110 1923 3415 1993 sententia,
3441 1927 3564 1996 quia
3590 1933 3706 1998 pari

2100 2006 2154 2049 et
2183 1998 2397 2066 spiritu,
2423 2001 2573 2056 illum
2608 2006 2925 2063 hacreticum
2948 2010 3277 2068 denuntiant
3300 2018 3537 2086 populis,
3562 2018 3710 2076 fures

2104 2087 2369 2146 librorum
2400 2093 2987 2167 illiusjudicandisunt
3017 2121 3028 2158 :
3056 2108 3419 2176 etquandoin
3445 2110 3707 2168 Ecclesils

2103 2185 2423 2277 praedicant,
2446 2206 2553 2245 non
2582 2191 2990 2262 Scripturarutn
3016 2199 3298 2270 mysteria,
3327 2203 3422 2258 sed
3452 2204 3709 2277 Origeuis

2102 2274 2243 2332 furta
2276 2288 2749 2342 commemorant?

2104 2370 2255 2439 Inest,
2289 2378 2467 2430 eodem
2499 2377 2630 2435 libro
2659 2396 2696 2435 tt
2719 2394 2899 2438 contra
2923 2384 3200 2456 Ruﬁnum,
3242 2406 3389 2443 num.
3424 2391 3528 2459 27,
3562 2393 3700 2463 Opp.

2499 2471 2585 2525 cit.
2611 2474 2733 2529 edit.
2768 2484 2904 2530 tonio
2930 2477 2994 2544 II,
3028 2480 3129 2533 col.
3161 2478 3288 2536 521.

2178 2557 2379 2613 Ponant
2412 2570 2465 2613 et
2499 2562 2644 2616 aliud
2680 2565 3078 2635 testimonium,
3112 2586 3182 2625 ne
3213 2587 3359 2628 nunc
3404 2589 3493 2631 me
3520 2590 3705 2631 rerum

2105 2651 2431 2706 necessitate
2457 2656 2798 2725 compulsum
2829 2659 2982 2715 dicas
3015 2672 3258 2719 mutasse
3288 2668 3703 2724 sententiam.ln

2105 2743 2241 2797 libro
2258 2743 2612 2816 Temporum,
2641 2749 2691 2803 id
2720 2763 2803 2806 est
2823 2750 3290 2823 Paralipomenon,
3315 2758 3408 2829 qui
3439 2761 3705 2818 Ilebraice

2104 2835 2303 2891 dicitur
2332 2837 2506 2894 Dabre
2538 2840 2742 2911 Jamin,
2790 2842 2891 2901 bac
2919 2846 2984 2900 ad
3017 2857 3265 2904 sanctum
3308 2865 3501 2919 papam
3531 2851 3706 2909 Ceno-

2105 2944 2311 2985 snmuu
2356 2932 2775 2990 Prwlatiuncula
2822 2951 2954 2992 usus
3001 2953 3144 2993 sum.
3199 2959 3218 2992 ι
3259 2942 3314 2996 Si
3361 2947 3703 3017 septuaginta

2107 3020 2489 3090 interpretum,
2515 3034 2623 3080 etc.
2665 3045 2683 3078 ι
2719 3026 2939 3096 Reliqua
2964 3029 3078 3085 ride
3104 3031 3267 3102 infra.

2109 3115 2237 3169 lout
2259 3157 2272 3179 ,
2305 3118 2481 3170 eodem
2506 3117 2638 3173 libro
2668 3136 2707 3174 ιι
2740 3130 2922 3177 contra
2962 3123 3230 3193 Ruﬁnum,
3265 3146 3410 3183 num.
3442 3130 3531 3197 51,
3561 3132 3700 3205 Opp.

2500 3213 2587 3266 cit.
2622 3214 2747 3268 edit.
2775 3226 2912 3269 torno
2935 3215 2998 3283 ll,
3024 3218 3126 3272 col.
3160 3219 3286 3276 526.

2178 3304 2487 3359 Salomonis
2525 3306 2687 3362 etiam
2720 3308 2914 3375 libros,
2948 3326 3086 3380 quos
3117 3312 3247 3368 olim
3277 3315 3432 3384 juxta
3476 3317 3707 3389 Septua-

2105 3398 2249 3467 ginta
2282 3396 2483 3452 additis
2526 3399 2700 3455 obelis
2744 3409 2801 3456 et
2842 3405 3120 3459 asteriscis
3163 3406 3215 3459 in
3248 3407 3480 3463 latinum
3528 3422 3708 3466 verte-

2106 3503 2244 3553 ram,
2297 3504 2361 3543 ex
2398 3490 2670 3545 llebraicu
2705 3493 3061 3559 transferens,
3112 3508 3167 3551 et
3208 3498 3467 3556 dedicans
3499 3505 3706 3557 sanctis

2106 3580 2379 3648 CpisCOplS
2431 3579 2750 3638 Caaounto
2796 3590 2852 3639 et
2892 3584 3214 3655 Heliodoro,
3256 3588 3373 3645 haec
3403 3593 3454 3645 in
3502 3593 3705 3649 Praela-

2108 3671 2363 3725 tiunculie
2398 3688 2531 3726 mea:
2563 3675 2669 3727 line
2701 3675 2910 3744 subjeci
2938 3693 2951 3729 :
2987 3696 3005 3727 t
3032 3678 3087 3733 Si
3122 3680 3210 3734 cui
3239 3683 3595 3753 Septuaginta
3624 3687 3705 3741 in-

2108 3771 2409 3831 terpretum
2466 3765 2633 3833 magis
2664 3765 2830 3820 editio
2867 3769 3089 3838 placet,
3135 3770 3296 3825 habet
3325 3788 3443 3827 eam
3475 3790 3504 3828 a
3549 3778 3705 3831 nobis

2107 3855 2235 3909 olim
2269 3855 2634 3910 emendatam.
2661 3856 2850 3928 Neque
2877 3862 3023 3915 enim
3063 3862 3143 3917 sic
3174 3879 3318 3918 nova
3347 3864 3614 3935 cudimus,
3650 3883 3708 3925 ut

2110 3955 2289 4001 vetera
2318 3946 2683 4004 destruamus.
2724 3969 2742 4002 ι

2109 4039 2318 4112 [sum]
2337 4040 2489 4108 luent,
2512 4042 2709 4098 librom
2728 4054 2904 4099 contra
2930 4046 3201 4116 Ruﬁnum,
3222 4067 3363 4104 num.
3381 4050 3435 4119 2,
3455 4052 3593 4124 Opp.
3616 4056 3705 4109 cit.

2572 4137 2696 4191 edit.
2720 4147 2856 4189 (omo
2884 4136 2949 4205 ll,
2974 4138 3073 4193 col.
3100 4141 3227 4196 εδδ.

2182 4224 2404 4279 Tesreu
2437 4227 2629 4281 invoco
2659 4227 2843 4283 Jesutn
2896 4234 3249 4288 conscientia:
3297 4250 3469 4304 meae,
3518 4241 3610 4307 qui
3652 4250 3707 4294 et

2112 4318 2209 4370 has
2244 4318 2473 4385 litteras,
2499 4328 2554 4374 et
2584 4329 2727 4374 tuam
2752 4324 3392 4395 epistolamjudicaturus
3409 4338 3515 4394 est,
3534 4345 3620 4385 tne
3642 4333 3709 4386 ad

2112 4410 2593 4466 commonitionem
2617 4415 2787 4468 sancti
2830 4430 2982 4485 papae
3009 4417 3316 4474 Cuaouutt
3340 4420 3579 4477 voluisse
3618 4438 3708 4478 re-

2115 4505 2321 4569 ticere,
2371 4516 2425 4561 et
2473 4506 2633 4561 linem
2685 4507 2865 4564 facere
2896 4510 3234 4567 simultatum
3264 4552 3278 4580 ,
3324 4522 3381 4570 et
3407 4514 3631 4572 vincere
3658 4518 3712 4572 in

2034 4611 2089 4673 D
2117 4597 2258 4651 bono
2289 4598 2523 4663 malum;
2556 4601 2649 4653 sed
2682 4602 2803 4670 quia
2823 4602 3046 4657 minaris
3074 4604 3374 4673 interitum,
3394 4607 3495 4661 nisi
3527 4618 3712 4665 tacue-

2116 4706 2177 4745 ro
2196 4735 2209 4757 ,
2239 4690 2571 4760 reSpoudere
2601 4693 2923 4762 compellor,
2950 4709 3017 4749 ne
3041 4695 3225 4751 videar
3252 4698 3481 4753 tacendo
3505 4700 3712 4758 crimen

2116 4799 2449 4854 agnoscere,
2479 4794 2533 4839 et
2566 4784 2845 4840 lenitatem
2897 4802 3113 4854 meam,
3164 4790 3318 4845 mala:
3361 4794 3714 4850 conscientiae

2117 4879 2330 4945 signum
2364 4878 2759 4947 interpreteris.

2119 4969 2271 5033 Ιυειί,
2298 4971 2349 5022 in
2374 4969 2598 5042 Prologo
2619 4972 2686 5023 ad
2708 4970 2894 5025 librum
2920 4989 2936 5026 ι
2965 4972 3459 5033 Conmtentariorum
3483 4982 3538 5035 in
3582 4981 3719 5036 Aba-

2194 5076 2285 5113 cuc
2312 5060 2611 5133 prapltetam
2638 5077 2656 5116 :
2686 5061 2825 5135 Opp.
2848 5065 2934 5117 cit.
2961 5066 3085 5119 edit.
3112 5076 3248 5120 tonio
3267 5068 3353 5137 Vl,
3378 5071 3479 5125 col.
3497 5071 3622 5126 587.

2197 5156 2436 5211 Primum
2455 5198 2470 5224 ,
2486 5153 2764 5211 CBBOMATI
2785 5198 2800 5224 ,
2821 5158 3198 5229 episcoporum
3223 5162 3557 5229 doctissime,
3581 5167 3719 5223 scire

2127 5263 2227 5303 nos
2253 5249 2538 5315 convenit,
2572 5258 2828 5320 corrupte
2855 5251 2996 5317 apud
3025 5252 3243 5309 Gra'cos
3285 5264 3339 5309 et
3382 5255 3598 5311 Latinos
3624 5274 3719 5312 no-

2129 5357 2252 5396 men
2311 5342 2589 5395 Ambacum
2631 5342 2911 5413 propltetre
2944 5344 3085 5416 legi,
3141 5349 3230 5417 qui
3291 5347 3431 5417 apud
3465 5347 3722 5404 Hebrteos

2126 5435 2323 5489 dicitur
2343 5434 2543 5488 Abacnc
2563 5475 2578 5502 ,
2602 5444 2654 5489 et
2682 5436 3067 5505 interpretatur
3097 5437 3364 5509 amplexus
3384 5479 3399 5503 ,
3435 5448 3541 5492 etc.

2136 5525 2267 5581 IDEM
2300 5526 2350 5578 in
2376 5524 2605 5599 Pt'ologo
2625 5526 2692 5579 ad
2721 5526 2909 5580 librum
2934 5544 2969 5582 ll
2994 5529 3487 5582 Commentariorum
3510 5530 3560 5582 in
3591 5532 3727 5585 Altu-

2202 5634 2294 5670 cuc
2316 5617 2652 5689 prophetam,
2684 5619 2822 5690 Opp.
2852 5621 2939 5675 cit.
2958 5622 3082 5674 edit.
3112 5632 3245 5674 tonio
3267 5619 3352 5685 Vl,
3379 5623 3479 5675 col.
3503 5621 3629 5678 651.

2206 5709 2485 5776 Alterum,
2517 5714 2586 5764 tui
2612 5714 2926 5778 Canusini,
2952 5727 3085 5783 papa
3117 5710 3469 5781 venerabilis,
3496 5716 3543 5770 iu
3580 5718 3723 5774 Aba-
