4270 6176
495 253 592 309 511

1516 256 1573 312 S.
1615 254 2070 311 CllROMATlUS
2111 255 2221 313 ΕΡ.
2263 254 2773 326 AQUILEIENSIS.

3686 252 3800 316 512

490 381 590 422 euc
613 366 809 423 librum
832 367 1122 423 scribimus
1141 409 1156 435 ,
1215 369 1493 438 proprium
1534 369 1748 423 cantico
1798 370 1918 439 ejus
1947 384 2083 438 epu-
2110 373 2166 435 Α
2187 371 2409 427 auribus
2432 374 2531 427 ista
2558 372 2871 429 transferre.
2891 372 2998 429 Sed
3024 373 3219 428 melius
3240 386 3363 428 esse
3387 371 3635 440 judicans
3660 370 3804 427 Plia-

491 462 701 516 sculum
741 461 1086 526 dedicantes,
1135 475 1553 530 sermonemque
1597 461 1811 531 epicum
1861 470 1916 516 et
1949 462 2091 531 psal-

490 554 643 617 terii,
678 553 729 608 id
762 564 875 620 est,
916 554 1084 625 lyrico
1114 568 1263 608 more
1289 554 1650 623 compositum
1674 595 1691 621 ,
1727 554 1854 608 totis
1883 555 2089 609 viribus

489 646 888 717 aggredientes.
916 647 1108 703 Sibilet
1139 648 1300 715 igitur
1322 657 1539 702 excetra
1559 689 1573 713 ,
1604 658 1659 703 et
1683 647 2089 717 Sardanapalus

491 741 755 807 insultet,
788 740 997 809 turpior
1027 740 1171 795 vitiis
1199 757 1357 811 quam
1411 741 1631 797 nomine
1672 759 1686 794 :
1720 757 1820 796 nos
1848 750 2086 811 emptum

490 852 780 906 carpamus
812 838 947 903 iter;
980 846 1033 892 et
1054 838 1390 892 orationibus
1415 837 1550 902 tuis,
1589 837 1677 906 qui
1729 851 1947 891 carnem
1980 836 2089 890 vir-

489 940 603 985 tute
633 931 904 999 supt-rasti
924 972 939 994 ,
973 930 1473 986 manifestissimum
1501 930 1569 985 de
1609 928 1827 983 Christo
1858 930 2089 1000 prophe-

487 1022 616 1074 tiam
649 1021 699 1074 in
722 1031 914 1075 octavo
944 1022 1237 1092 propheta,
1290 1021 1341 1076 id
1395 1032 1511 1087 est,
1567 1021 1619 1076 in
1669 1020 2089 1077 resurrectionis

491 1114 791 1169 Dominicae
822 1131 1049 1170 numero
1074 1115 1429 1170 disseramus.

488 1207 619 1261 lusu
641 1249 654 1273 ,
688 1205 1009 1278 Prtefutione
1034 1208 1085 1261 in
1114 1205 1271 1262 libros
1294 1207 1591 1261 Salomonis
1614 1250 1627 1273 ,
1668 1206 1806 1279 Opp.
1831 1209 1919 1261 cit.
1956 1205 2083 1259 edit.

990 1312 1129 1356 torno
1153 1302 1245 1366 IX,
1273 1300 1372 1356 col.
1406 1302 1565 1357 1295.

560 1397 874 1453 Cuaounto
900 1406 951 1453 et
982 1395 1278 1451 Heliodoro
1305 1396 1597 1465 episcopis,
1633 1394 2012 1463 Hieronymus.

559 1488 763 1559 Juugat
793 1490 1019 1558 epistola
1040 1530 1055 1554 ,
1094 1503 1230 1558 quos
1256 1487 1433 1557 jungit
1453 1486 1818 1541 sacerdotium
1849 1503 1861 1542 :
1921 1487 2086 1539 immo

486 1581 675 1633 charta
710 1596 817 1634 non
848 1579 1091 1644 dividat,
1125 1594 1264 1648 quos
1289 1579 1489 1633 Christi
1521 1581 1688 1633 nectit
1712 1594 1888 1633 amor.
1922 1578 2088 1633 Com-

484 1676 783 1729 mentarios
815 1676 865 1728 in
893 1674 1066 1739 Osee,
1100 1676 1267 1727 Amos
1288 1715 1302 1738 ,
1335 1672 1685 1740 Zachariam,
1719 1671 2040 1727 Malacltiam
2066 1714 2081 1736 ,

486 1784 625 1838 quos
660 1768 912 1836 poscitis,
937 1767 1312 1836 scripsissem,
1344 1766 1387 1820 si
1430 1764 1675 1819 licuisset
1723 1778 1835 1834 pra:
1883 1767 2089 1820 valetu-
2119 1774 2166 1833 B

483 1860 632 1915 diue.
661 1860 871 1913 Mittitis
898 1858 1087 1913 solatia
1138 1866 1447 1927 smnptuum
1471 1873 1484 1910 :
1518 1854 1760 1910 notarios
1787 1867 2005 1911 nostros
2034 1867 2088 1911 et

486 1953 741 2008 librarios
768 1951 1119 2015 sustentatis,
1153 1950 1385 2003 utvobis
1442 1950 1786 2019 potissimum
1840 1963 2083 2003 neSIrum

486 2046 715 2100 desudet
750 2046 1044 2113 ingenium.
1076 2044 1141 2097 Et
1167 2058 1295 2097 ecce
1316 2059 1380 2096 ex
1411 2043 1578 2096 latere
1607 2041 1866 2112 frequens
1897 2043 2083 2111 turba,

484 2137 695 2192 diversa
729 2138 1103 2206 poscentium:
1136 2137 1287 2205 quasi
1330 2146 1417 2189 aut
1463 2151 1677 2205 aequum
1707 2138 1817 2199 sit,
1852 2152 1960 2198 me,
1994 2151 2087 2191 vo-

483 2230 568 2284 bis
610 2229 1006 2295 esurientibus,
1048 2228 1170 2282 aliis
1199 2228 1479 2283 laborare:
1523 2236 1617 2281 aut
1647 2230 1698 2282 itt
1730 2229 1941 2283 ratione
1971 2227 2083 2283 dati

483 2333 537 2378 et
566 2322 808 2391 accepti,
832 2325 1082 2391 cuiquam
1101 2363 1117 2386 ,
1153 2331 1352 2390 prteter
1378 2337 1495 2385 vos,
1527 2320 1799 2375 obnoxius
1821 2326 1947 2375 sim.
1978 2322 2083 2375 lta-

482 2431 589 2485 que
620 2415 777 2485 longa
809 2415 1169 2485 aegrotatione
1202 2412 1442 2485 [Lutv]
1491 2411 1727 2481 fractus,
1773 2430 1839 2469 ne
1871 2414 2085 2484 penitus

492 2511 595 2564 hoe
619 2524 762 2562 anno
790 2510 1112 2573 reticerem,
1146 2514 1201 2561 et
1238 2505 1379 2575 apud
1409 2520 1503 2559 vos
1534 2518 1714 2561 mutus
1742 2521 1927 2561 essem
1947 2548 1960 2571 ,
1992 2508 2084 2560 tri-

483 2604 575 2659 dui
606 2619 744 2672 opus
793 2602 1005 2657 nomini
1047 2610 1231 2656 vestro
1273 2600 1595 2656 consecravi
1620 2642 1635 2666 ,
1680 2600 2085 2670 interpretatio-

484 2713 608 2753 nem
631 2696 1065 2751 videlicettrium
1095 2693 1402 2750 Salomonis
1433 2694 1798 2757 voluminum,
1828 2692 2079 2759 Masloth,

480 2807 617 2861 quas
643 2789 856 2845 llebraﬁ
886 2788 1176 2843 Parabolas
1198 2830 1213 2853 ,
1251 2787 1472 2856 vulgata
1521 2796 1701 2840 autent
1733 2786 1901 2841 editio
1942 2785 2080 2839 Pro-

479 2884 650 2937 verbia
678 2892 873 2936 vocat:
897 2880 1138 2945 Coeleth,
1176 2894 1335 2950 quem
1367 2878 1559 2935 Grzece
1589 2877 1969 2937 Ecclesiasten.
2002 2877 2083 2932 la-

478 2976 595 3031 tine
626 2974 1048 3029 Concionatorem
1100 2987 1385 3041 possumus
1428 2970 1653 3025 dicere:
1699 2968 1789 3023 Sir
1826 2968 2078 3033 Assirim,

478 3069 622 3140 quod
654 3068 709 3122 in
741 3077 927 3122 nostra
959 3067 1140 3137 lingua
1167 3067 1401 3122 vertitur
1421 3064 1691 3119 Canticum
1723 3060 2078 3128 Canticorum,

482 3174 589 3219 CIC.

483 3253 648 3319 lusit,
683 3253 1006 3322 Prwfatione
1035 3254 1090 3307 in
1110 3253 1267 3306 libros
1296 3251 1738 3323 Paralipomenon
1765 3293 1780 3317 ,
1818 3248 1957 3321 Opp.
1992 3251 2080 3304 cit.

910 3343 1036 3398 edit.
1061 3352 1185 3397 tom.
1218 3342 1312 3406 1X,
1341 3344 1443 3397 col.
1474 3341 1639 3398 1405.

554 3441 611 3496 Si
637 3438 991 3510 Septuaginta
1024 3438 1385 3507 interpretum
1416 3452 1583 3507 pura,
1626 3445 1682 3491 et
1710 3446 1767 3491 ut
1793 3436 1862 3491 ab
1903 3436 1984 3490 eis
2031 3437 2082 3490 in

482 3536 734 3594 Griecum
778 3549 934 3588 versa
987 3540 1101 3597 est,
1151 3530 1319 3586 editio
1372 3539 1755 3599 permaneret,
1810 3529 2086 3599 superﬂue

480 3645 601 3695 me,
660 3629 730 3682 mi
773 3628 1053 3682 Cunounr
1102 3626 1486 3695 episcoporum
1529 3625 1874 3679 sanctissime
1917 3636 2085 3695 atque

479 3721 798 3777 doctissime
821 3761 836 3785 ,
861 3721 1199 3789 impelleres,
1235 3728 1291 3772 ut
1314 3717 1543 3771 lit-braza
1585 3717 1857 3772 volumina
1893 3717 2085 3773 Latino

475 3828 730 3871 sermone
779 3811 1156 3867 transferrem.
1198 3810 1351 3876 Quod
1390 3810 1532 3865 enim
1558 3811 1730 3866 semel
1780 3826 1940 3866 aures
1988 3811 2083 3865 ho-

477 3908 688 3962 minum
721 3913 1117 3974 occupaverat,
1166 3910 1222 3957 et
1258 3903 1533 3956 nascentis
1566 3902 1827 3957 Ecclesiae
1857 3903 2083 3956 robora-

475 4008 630 4055 verat
654 3998 1076 4066 lidem,justum
1109 4006 1226 4049 erat
1254 3995 1422 4048 etiam
1456 4003 1648 4047 nostro
1676 3992 1900 4047 silentio
1928 4009 2083 4047 com-

477 4091 723 4162 probari.
752 4087 905 4142 Nuuc
936 4102 1071 4142 vero
1100 4102 1223 4140 eum
1257 4101 1354 4156 pro
1381 4087 1647 4141 varietate
1690 4087 1970 4155 regionum
2001 4087 2083 4140 di-

477 4200 633 4240 versa
667 4182 910 4237 ferantur
933 4179 1266 4249 exemplaria
1290 4221 1305 4246 ,
1337 4188 1391 4233 et
1412 4194 1671 4248 germana
1701 4179 1790 4233 illa
1821 4181 2079 4248 antiqua-

475 4292 581 4348 que
612 4274 903 4329 translatio
935 4281 1191 4340 corrupta
1212 4272 1312 4336 sit,
1336 4280 1500 4340 atque
1529 4271 1759 4325 violata:
1792 4271 1963 4326 nostri
1995 4287 2081 4325 ar-

473 4370 627 4425 bitrii
658 4376 846 4432 putas,
880 4374 972 4418 aut
995 4380 1025 4418 e
1049 4363 1291 4433 pluribus
1316 4363 1571 4433 judicare
1597 4364 1724 4432 quid
1752 4381 1944 4420 verum
1972 4364 2075 4431 sit,

472 4468 567 4513 aut
594 4472 793 4512 novum
826 4470 963 4525 opus
993 4455 1045 4508 in
1075 4454 1247 4509 veteri
1275 4470 1444 4524 Opere
1466 4454 2080 4521 cudere,illudentibus-

2194 464 2476 518 risaiorum
2505 462 2798 534 diSplieere
2820 463 3029 533 judicio
3053 507 3068 530 ,
3097 474 3154 519 et
3192 464 3577 535 episcoporum
3599 465 3805 534 jussio—

2193 561 2353 614 nibus
2382 560 2668 618 deservire
2691 603 2705 623 ,
2738 562 2911 616 institi
2946 573 3003 615 ut
3028 562 3199 631 potui.
3254 562 3320 616 Et
3347 562 3469 632 quia
3502 562 3675 617 vicina
3718 569 3807 619 est

2192 650 2568 706 Chaldzeorum
2585 652 2762 723 lingua
2783 656 3023 708 sermoni
3049 653 3325 709 Hebraico
3344 695 3358 719 ,
3394 656 3677 723 utriusque
3701 654 3803 709 lin-

2190 759 2308 812 guze
2336 746 2727 813 peritissimum
2752 747 3035 813 loquacem
3063 746 3348 813 reperiens
3367 788 3380 811 ,
3406 746 3567 800 unius
3588 745 3695 802 diei
3719 748 3803 802 la-

2191 834 2379 889 borem
2410 836 2615 904 arripui
2641 855 2653 892 :
2716 846 2771 891 et
2800 836 3063 907 quidquid
3094 837 3184 892 ille
3212 838 3346 892 mihi
3377 838 3656 893 Hebraicis
3683 855 3805 895 ver-

2192 926 2276 981 bis
2306 930 2608 997 expressit.
2642 928 2747 984 hoc
2801 946 2900 999 ego
2947 931 3125 985 accito
3158 932 3370 985 notario
3393 973 3407 996 ,
3455 932 3802 989 sermonibus

2191 1019 2401 1075 Latinis
2430 1022 2682 1089 exltosui.
2709 1022 3059 1079 Orationibus
3082 1024 3280 1079 vestris
3310 1026 3615 1081 mercedem
3641 1025 3802 1095 hujus

2190 1113 2377 1181 operis
2426 1115 2826 1183 compensabo,
2872 1132 2994 1170 cum
3036 1129 3250 1187 gratum
3301 1117 3457 1172 vobis
3512 1118 3796 1186 didicero,

2192 1218 2279 1259 me
2303 1245 2319 1271 ,
2353 1206 2495 1275 quod
2522 1206 2718 1275 jubere
2740 1207 2871 1263 estis
2900 1208 3135 1278 dignati,
3179 1209 3508 1279 complesse.

2191 1337 2397 1413 [Lxxv]
2444 1341 2505 1397 S.
2550 1343 2875 1410 Ambrosius,
2922 1347 3140 1418 epistola
3184 1347 3283 1413 50,
3328 1349 3398 1403 ad
3436 1346 3802 1409 Cnnounwu

2262 1435 2638 1504 Aquileiensem
2702 1438 3037 1507 episcopum,
3096 1437 3159 1492 de
3216 1441 3489 1511 praphetia
3544 1441 3799 1515 Balaam,

2262 1544 2404 1582 num.
2471 1528 2573 1594 16,
2649 1546 2735 1583 αη.
2793 1531 2932 1594 390,
2984 1547 3099 1601 qua:
3150 1542 3280 1585 exst.
3342 1533 3478 1605 Opp.
3534 1544 3670 1588 tomo
3719 1536 3796 1604 ll,

2261 1622 2361 1674 col.
2386 1620 2517 1683 996,
2539 1622 2780 1677 editionis
2812 1621 2993 1677 Paris.
3024 1622 3135 1677 BB.
3166 1624 3228 1680 S.
3256 1623 3431 1679 Mauri
3469 1628 3793 1685 1686-1690.

2266 1736 2379 1791 Hoc
2424 1739 2812 1794 munusculum
2856 1749 3062 1794 sancta:
3114 1740 3286 1795 menti
3330 1750 3437 1795 tua:
3488 1743 3799 1811 transmisi;

2193 1834 2318 1901 quia
2351 1832 2431 1886 vis
2460 1849 2546 1887 me
2569 1834 2771 1905 aliquid
2797 1836 2865 1889 de
2889 1847 3138 1890 veterum
3168 1837 3507 1906 scriptorum
3535 1839 3802 1905 interpre-

2193 1925 2492 1979 tationtbus
2534 1928 2814 1997 paginare.
2852 1928 2964 1996 Ego
3010 1940 3194 1984 autem
3240 1933 3509 2001 assumpsi
3541 1934 3802 1999 epistolas

2192 2017 2447 2073 familiari
2492 2035 2757 2077 sermone
2798 2033 3066 2085 attexere,
3114 2024 3431 2079 redolentes
3475 2026 3679 2096 aliquid
3730 2027 3802 2082 de

2192 2119 2406 2179 patrum
2460 2112 2743 2178 moribus;
2793 2129 3023 2183 quarum
3069 2126 3290 2185 gustum
3341 2117 3385 2170 si
3439 2118 3799 2188 probaveris,

2190 2212 2314 2273 post
2368 2203 2485 2257 haec
2545 2202 2861 2273 hujusmodi
2922 2207 3143 2262 mittere
3196 2224 3303 2262 non
3358 2210 3799 2267 verecundabor.

2192 2293 2332 2347 Malo
2357 2296 2508 2348 enim
2540 2296 2810 2351 senilibus
2838 2299 3023 2354 verbis
3051 2299 3119 2354 de
3142 2303 3397 2371 supernis
3428 2304 3592 2357 rebus
3624 2304 3803 2359 hallu-

2189 2384 2356 2440 cinari
2403 2396 2606 2454 tecum,
2645 2390 2789 2460 quod
2825 2406 3009 2461 graece
3044 2393 3237 2448 dicunt.
3281 2394 3675 2468 ἀδολεσχῆσαιε
3708 2438 3798 2453 ....

2189 2480 2355 2545 malo,
2388 2480 2632 2552 inquam,
2682 2483 3010 2539 ltallucinari
3060 2497 3237 2541 tecum
3281 2489 3464 2542 verbis
3508 2492 3796 2559 senilibus,

2190 2589 2257 2629 ne
2304 2575 2490 2631 videar
2531 2588 2706 2633 artem
2752 2579 3087 2648 deseruisse,
3137 2597 3299 2650 quam
3344 2583 3798 2641 ceneitatioribus

2188 2666 2395 2721 dellare
2432 2668 2635 2739 aliquid
2677 2671 2787 2740 jam
2835 2688 2937 2728 nec
2977 2675 3175 2729 studiis
3218 2677 3423 2731 nostris
3461 2688 3646 2747 aptum
3697 2693 3796 2734 nec

2193 2761 2422 2815 viribus.
2453 2763 2607 2829 Vale,
2636 2777 2688 2820 et
2721 2782 2825 2821 nos
2851 2767 3052 2835 dilige;
3086 2771 3218 2836 quin
3250 2784 3351 2838 ego
3386 2780 3437 2823 te
3465 2771 3662 2840 diligo.

2189 2854 2429 2910 Rurtnus
2466 2858 2728 2929 presbyter
2756 2860 3122 2931 Aquileiensis,
3160 2862 3479 2931 Prtefatione
3521 2866 3591 2918 od
3618 2866 3795 2923 Cnno-

2260 2962 2463 3001 MATIUI
2512 2952 2811 3019 episcopum
2863 2951 3116 3022 Aquileia:
3157 2953 3211 3006 in
3259 2971 3438 3020 suam,
3488 2966 3536 3010 et
3587 2956 3795 3011 Eusebi

2257 3038 2587 3094 Cwsariensis
2623 3042 2840 3095 latinam
2875 3042 2939 3095 ab
2975 3060 3033 3097 eo
3072 3048 3266 3113 factam
3316 3044 3639 3107 Historiam:
3679 3065 3796 3117 qua:

2258 3146 2391 3189 εχει.
2435 3134 2572 3203 Opp.
2617 3136 2717 3189 col.
2761 3135 2868 3191 209
2903 3136 3144 3192 editionis
3197 3137 3504 3196 Veronensis
3532 3139 3797 3197 Dominici

2270 3226 2545 3281 Vallarsii.

2259 3319 2566 3374 Peritorum
2596 3320 2781 3376 dicunt
2812 3336 2936 3377 esse
2965 3321 3303 3378 medicorum
3327 3366 3343 3391 ,
3376 3325 3467 3379 ubi
3508 3325 3795 3384 imminere

2190 3412 2436 3477 urbibus,
2468 3414 2555 3468 vel
2586 3414 2918 3485 regionibus,
2948 3417 3237 3486 generales
3271 3418 3516 3474 viderint
3546 3420 3791 3489 morbos,

2190 3504 2483 3573 providere
2528 3506 2737 3577 aliquid
2780 3508 3199 3573 medicamenti,
3241 3509 3328 3565 vel
3380 3512 3558 3580 poculi
3598 3528 3790 3581 genus,

2188 3612 2295 3666 quo
2334 3602 2645 3669 pra-muniti
2691 3600 2938 3655 homines
2966 3601 3035 3655 ab
3089 3601 3397 3658 imminenti
3427 3603 3793 3661 defenduntur

2187 3690 2380 3744 exitio.
2414 3691 2569 3758 Quod
2603 3700 2658 3745 tu
2690 3708 2928 3762 quoque,
2959 3693 3271 3748 venerande
3304 3705 3456 3764 pater
3480 3693 3785 3763 Cunnum],

2188 3782 2477 3838 medicinas
2521 3800 2800 3855 exequens
2844 3801 3051 3854 genus,
3097 3795 3344 3855 tempore
3383 3801 3510 3855 quo,
3552 3787 3792 3858 diruptis

2186 3874 2357 3929 Italiae
2379 3875 2636 3931 claustris
2662 3878 2729 3930 ab
2755 3876 2974 3931 Alarico
3002 3876 3141 3932 duce
3170 3876 3494 3946 Gothorum,
3527 3895 3589 3935 se
3621 3881 3791 3950 pesti-

2187 3965 2267 4021 fcr
2307 3966 2531 4021 morbus
2572 3967 2790 4032 inludit,
2829 3979 2883 4024 et
2913 3984 3096 4039 agros,
3130 3982 3405 4036 armenta,
3437 3976 3587 4027 viros
3630 3972 3794 4043 longe

2186 4056 2406 4125 lateque
2430 4062 2686 4125 vastavit,
2714 4063 2931 4132 pepulis
2955 4064 3103 4118 tibia
3138 4065 3247 4119 Deo
3271 4065 3586 4121 commissis
3608 4066 3793 4122 fetalis

2185 4150 2336 4204 exitii
2385 4150 2604 4221 aliquod
2636 4153 2939 4209 remedium
2972 4171 3260 4224 quaerens,
3308 4172 3406 4226 per
3445 4159 3588 4228 quod
3633 4174 3793 4229 aegrae

2186 4251 2404 4296 mentes
2448 4243 2518 4297 ab
2569 4246 2875 4314 ingruentis
2926 4247 3055 4301 mali
3103 4247 3430 4317 contagione
3479 4250 3791 4316 subtractae,

2185 4334 2507 4391 melioribus
2552 4348 2832 4410 occupatae
2880 4340 3076 4395 studiis
3129 4350 3450 4397 tenerentur
3488 4360 3501 4396 :
3552 4343 3794 4414 injungis

2185 4430 2317 4484 mihi
2346 4439 2403 4486 ut
2438 4432 2887 4489 Eeelesiastieam
2919 4434 3225 4501 historiam,
3254 4452 3416 4505 quam
3437 4436 3521 4491 vir
3540 4438 3794 4493 el‘lldlllS-

472 4549 828 4621 quemdwis’
859 4524 1174 4616 “micam,
1206 4560 1264 4603 ω
1290 4548 1515 4615 meum,
1542 4550 1731 4604 oculos
1761 4548 2039 4621 conﬁgere
2061 4592 2075 4617 ,
2106 4561 2157 4619 Β
2183 4524 2354 4578 simus
2404 4525 2672 4581 Eusebius
2712 4526 3072 4582 Caesariensis
3115 4527 3305 4583 Grmco
3354 4545 3614 4585 sermone
3654 4544 3790 4585 rou-

474 4652 583 4697 etc.

470 4735 643 4802 lusu,
694 4736 1013 4809 Prwfatione
1068 4740 1122 4793 in
1165 4738 1357 4792 librum
1411 4738 1612 4807 Tobiae,
1669 4737 1805 4810 Opp.
1827 4740 1914 4793 cit.
1946 4739 2073 4793 edit.

980 4842 1101 4886 tom.
1137 4830 1185 4886 Χ
1205 4874 1219 4897 ,
1247 4832 1348 4887 col.
1374 4832 1398 4887 1
1431 4842 1477 4886 et
1502 4832 1560 4885 2.

540 4923 859 4979 Cnnounto
906 4934 961 4979 et
1007 4924 1308 4979 Heliodoro
1354 4924 1657 4995 episcopis,
1706 4924 2072 4996 Hieronymus

469 5018 760 5085 presbyter
802 5016 856 5069 in
892 5015 1121 5071 Domino
1149 5018 1406 5072 salutem.

541 5108 722 5163 Mirari
751 5126 857 5165 non
885 5112 1081 5166 desino
1129 5113 1435 5169 exaetionis
1476 5122 1674 5169 vestrae
1715 5114 2070 5170 instantiam:

468 5202 685 5272 exigitis
716 5205 860 5258 enim
880 5245 895 5267 ,
919 5216 979 5259 ut
1002 5206 1200 5261 librum
1240 5205 1500 5261 Chaldmo
1526 5222 1782 5263 sermone
1824 5211 2071 5265 conscri-

466 5306 620 5367 ptum
641 5339 654 5359 ,
686 5297 753 5350 ad
786 5296 1037 5353 Latinum
1067 5300 1267 5371 stylum
1323 5300 1568 5368 traham,
1629 5301 1826 5356 librum
1883 5302 2072 5371 utique

468 5389 687 5457 Tobi:e,
714 5408 874 5462 quem
908 5393 1124 5449 Hebrzei
1153 5394 1219 5449 de
1246 5394 1504 5463 Catalogo
1549 5395 1856 5449 divinarum
1888 5398 2073 5468 Scrip-

466 5493 716 5538 turarum
750 5498 1001 5539 secantes
1024 5527 1039 5553 ,
1068 5485 1151 5540 his
1170 5528 1186 5552 ,
1220 5500 1345 5554 quae
1373 5486 1682 5556 apocrypha
1715 5497 2019 5542 memorant
2047 5529 2064 5556 ,

462 5575 874 5641 manciparunt.
902 5576 1027 5630 Feci
1057 5578 1188 5630 satis
1216 5576 1495 5631 desiderio
1520 5587 1723 5640 veStro,
1751 5594 1855 5635 non
1886 5588 2067 5636 tamen

462 5678 589 5719 meo
611 5664 815 5719 studio.
849 5668 1097 5737 Arguuut
1118 5668 1264 5723 enim
1297 5682 1394 5722 nos
1447 5668 1797 5725 llebneorutn
1851 5672 2066 5742 studia,

460 5756 1035 5826 etimputantnobis,
1087 5769 1275 5817 contra
1328 5750 1483 5818 suum
1538 5756 1818 5819 Cononem
1860 5764 2068 5821 Latinis

2183 4616 2427 4684 scripsit,
2460 4618 2513 4671 in
2544 4617 2797 4673 Latinum
2828 4632 3040 4675 vertam
3067 4640 3081 4675 :
3112 4621 3270 4691 cujus
3312 4623 3550 4679 lectione
3581 4624 3793 4679 animus

2179 4707 2522 4764 audientium
2564 4710 2801 4779 vinctus,
2833 4713 2961 4767 dum
3009 4714 3259 4768 notitiam
3299 4730 3479 4770 rerum
3517 4727 3791 4787 gestarum

2176 4798 2387 4853 avidius
2440 4802 2607 4869 petit,
2658 4803 2993 4859 oblivionem
3044 4805 3454 4875 quodammodo
3494 4808 3785 4875 malorum,

2174 4904 2300 4960 quae
2329 4900 2679 4961 gererentur,
2705 4897 3002 4966 acciperet.

2176 5004 2336 5073 lusu,
2366 5006 2640 5077 Apologia:
2678 5010 2731 5064 in
2769 5010 2833 5065 S.
2876 5010 3257 5083 Hieronymum
3295 5015 3431 5071 libro
3460 5032 3499 5084 ι,
3538 5033 3683 5071 num.
3714 5019 3783 5084 ὥς

2463 5102 2553 5172 qui
2580 5113 2714 5157 εχει.
2750 5102 2886 5176 Opp.
2915 5106 3006 5159 cit.
3037 5108 3187 5173 edit.,
3216 5107 3320 5161 col.
3344 5109 3469 5164 510.

2249 5212 2387 5283 Ego,
2417 5213 2560 5269 sicut
2597 5224 2653 5269 et
2694 5216 2812 5285 ipse
2850 5225 2908 5271 et
2948 5232 3141 5275 omnes
3188 5229 3419 5285 norunt,
3453 5231 3581 5277 ante
3611 5237 3785 5279 annos

2175 5306 2292 5361 fere
2321 5309 2543 5378 triginta
2570 5308 2625 5362 in
2655 5312 2987 5366 monasterio
3022 5312 3133 5381 jam
3166 5316 3393 5384 positus,
3428 5334 3527 5385 per
3550 5321 3782 5389 gratiam

2174 5397 2436 5468 Baptismi
2473 5410 2852 5471 regeneratus,
2886 5403 3254 5474 signaculum,
3289 5408 3413 5464 ﬁdei
3454 5420 3784 5467 consecutus

2173 5507 2293 5547 sum
2364 5510 2461 5564 per
2516 5507 2737 5551 sanctos
2796 5497 2955 5553 viros
3018 5498 3419 5569 Cnnoumun,
3481 5503 3780 5571 Jovinum,

2170 5584 2397 5660 [Lxxvt]
2426 5598 2480 5642 et
2505 5589 2820 5657 Eu~ebium,
2847 5594 3257 5663 opinatissimos
3281 5605 3339 5649 et
3361 5597 3780 5666 probatissimos

2171 5678 2224 5733 in
2250 5679 2490 5734 Ecclesia
2521 5679 2615 5736 Dei
2638 5683 2948 5752 episc0pos,
2974 5699 3205 5753 quorum
3229 5686 3368 5742 alter
3393 5699 3521 5745 tunc
3548 5692 3777 5762 presby-

2170 5769 2257 5825 ter
2287 5772 2457 5828 beatae
2489 5773 2769 5829 memoriae
2816 5774 3109 5843 Valeriani,
3152 5778 3293 5835 alter
3329 5770 3773 5847 archidiaconus.
