4172 6182
354 263 464 321 515

1264 260 1355 316 DE
1394 260 1457 317 S.
1495 258 1898 318 CHROMATIO
1937 259 2271 319 VETERUM
2310 262 2756 321 TESTIMONIA.

3554 264 3661 323 514

350 380 491 436 alius
532 378 798 435 diaconus
829 377 1097 449 simulque
1127 384 1278 449 paler
1326 375 1461 433 mihi
1488 385 1546 434 et
1572 377 1766 434 doctor
1796 378 1955 451 Sym-
1978 377 2035 440 Α
2130 388 2177 435 et
2195 397 2259 435 ea:
2275 378 2526 453 Epistolis
2539 380 2895 436 Romanorum
2910 381 3210 449 pontiﬁcum
3236 379 3382 436 Petri
3408 379 3662 437 Couslan-

352 473 465 529 boli
493 488 556 529 ac
590 472 719 528 ﬁdei
754 472 873 528 fuit.

347 585 502 651 IDEM,
530 588 762 659 Prologo
786 588 855 640 ad
876 587 1232 645 Cnnomt'rtttst
1260 592 1554 663 episcOpum
1574 591 1630 645 in
1649 590 1952 644 Tractatum

425 680 663 753 Origenis
711 696 865 751 super
920 681 1107 734 librum
1155 681 1284 736 Jesu
1335 680 1517 748 Nave,
1572 699 1634 736 ea:
1688 692 1824 735 lauto
1872 681 1950 747 II,

422 791 538 847 pag.
574 774 702 838 596,
742 777 879 842 Upp.
924 774 1163 847 Origenis
1195 775 1258 830 (ὲ.
1292 786 1340 829 ει
1377 775 1440 831 L.
1484 777 1611 829 edit.
1646 774 1820 830 Paris.
1854 776 1952 829 Ca-

420 869 515 921 roli
536 866 765 921 Delarue
783 865 848 921 0.
865 865 926 922 S.
946 865 1011 920 Β.
1032 885 1058 921 e
1073 866 1555 939 CongregationeS.
1582 866 1760 920 Mauri
1788 867 1945 921 1755.

418 988 474 1041 lu
522 986 732 1042 divinis
779 987 1151 1043 voluminibus
1198 987 1465 1054 refertur,
1515 987 1657 1059 quod
1706 988 1771 1042 ad
1818 1001 1950 1042 con-

344 1082 699 1136 structionem
744 1082 931 1150 templi
964 1082 1065 1153 (al.
1098 1081 1164 1135 ad
1194 1083 1658 1136 construationem
1696 1081 1949 1135 taberna-

340 1174 485 1243 culi)
532 1174 904 1245 unusquisque
948 1189 1048 1244 pro
1097 1175 1303 1230 viribus
1347 1174 1608 1229 obtulerit
1643 1192 1655 1228 :
1696 1184 1945 1243 potentes

339 1266 582 1338 quidem,
614 1276 669 1322 et
699 1268 973 1337 principes
1003 1269 1182 1338 populi
1216 1283 1437 1334 aurum,
1468 1278 1774 1338 argentum,
1811 1268 1944 1337 lapi-

337 1357 436 1415 des
465 1362 763 1427 pretiosos,
798 1375 928 1425 tera,
973 1370 1028 1417 et
1071 1361 1161 1415 alii
1214 1361 1378 1432 ligna,
1412 1361 1507 1415 sed
1540 1360 1895 1430 imputribilia
1926 1377 1938 1413 :

336 1451 560 1521 quidam
604 1461 767 1506 etiam
813 1468 1059 1517 coccum,
1109 1469 1442 1524 purpuram,
1488 1464 1547 1511 et
1591 1456 1836 1525 hyssum,
1885 1469 1943 1512 et

336 1544 509 1601 linum
536 1547 651 1613 alii,
682 1547 927 1601 vestibus
955 1547 1072 1603 hinc
1098 1564 1315 1619 quoque
1335 1548 1680 1604 sacerdotum
1709 1558 1763 1605 et
1787 1550 1941 1605 stola:

337 1637 610 1708 pontificis
668 1640 976 1709 profutura.
1038 1641 1400 1710 Pauperiores
1456 1652 1676 1706 autem,
1737 1643 1939 1713 quique

334 1734 499 1786 etiam
546 1730 722 1802 pelles
768 1733 960 1787 ruhras
1003 1732 1298 1789 offerentes
1344 1744 1398 1789 et
1442 1735 1583 1804 pilos
1626 1750 1909 1803 caprarum

336 1840 445 1881 non
486 1836 839 1895 respuuntur.
882 1827 1090 1883 Idcirco
1133 1844 1367 1898 namque
1412 1829 1698 1884 Beselehel
1733 1830 1822 1884 ille
1852 1846 1939 1885 re-

332 1917 513 1987 pletus
544 1933 671 1974 eSse
707 1919 905 1974 dicitur
945 1922 1094 1975 omni
1134 1921 1397 1989 sapientia
1421 1936 1448 1974 a
1484 1922 1613 1981 Deo,
1650 1930 1710 1975 ut
1737 1921 1938 1976 intelli-

335 2025 470 2080 gens
500 2011 715 2081 singula
748 2011 864 2066 htec
893 2013 1091 2081 quibus
1124 2014 1313 2068 usibus
1358 2022 1483 2082 apta
1523 2015 1651 2078 sint,
1697 2012 1830 2068 nihil
1868 2029 1933 2067 ex

330 2102 678 2159 oﬂereutium
719 2106 1011 2161 devotione
1048 2107 1315 2177 repudiet.
1351 2108 1486 2174 Quia
1528 2124 1658 2178 ergo
1694 2118 1748 2162 et
1794 2119 1869 2173 tu,
1902 2124 1934 2163 ο

329 2195 466 2250 mihi
514 2212 734 2266 semper
779 2198 1109 2253 venerabilis
1142 2209 1300 2268 pater
1336 2197 1637 2265 Cnnouut,
1670 2200 1933 2270 injungis,

327 2298 388 2344 et
428 2290 679 2359 praecipis
724 2291 904 2353 nobis,
960 2300 1019 2345 ut
1048 2293 1250 2362 aliquid
1299 2294 1365 2346 ad
1412 2294 1828 2348 mdilicationent
1879 2301 1937 2348 et

328 2385 801 2440 constructionem
827 2386 1001 2439 divini
1031 2385 1364 2441 tabernaculi
1384 2402 1449 2441 ex
1474 2385 1787 2441 Graecorum
1818 2387 1935 2456 opi-

331 2473 433 2530 bus
454 2486 509 2531 et
531 2476 709 2546 copiis
730 2478 1094 2544 conferamus,
1118 2479 1499 2535 Oratiunculas
1520 2496 1645 2534 xm
1670 2479 1722 2533 in
1746 2479 1930 2535 Jesutn

329 2568 499 2637 Nave,
532 2586 667 2640 quas
703 2588 775 2626 ex
820 2583 1064 2642 tempore
1106 2574 1159 2628 in
1203 2573 1456 2629 Ecclesia
1489 2574 1763 2643 peroravit
1792 2572 1937 2627 Ada-

330 2660 569 2715 mantius
600 2676 789 2728 senex,
819 2678 886 2719 ex
914 2680 1093 2734 graeco
1120 2664 1289 2719 latine
1322 2666 1415 2719 tibi
1444 2680 1543 2734 pro
1568 2665 1763 2718 virium
1785 2680 1934 2719 mea-

329 2766 451 2807 rmn
478 2754 747 2821 parvitate
769 2755 1153 2811 disseruimus.
1179 2757 1279 2812 Tui
1304 2773 1436 2812 sane
1468 2758 1638 2812 nostri
1671 2760 1931 2828 temporis

327 2842 666 2899 Beselehelis
686 2846 880 2915 judicii
914 2849 1007 2913 sit,
1035 2848 1085 2901 in
1116 2848 1200 2902 his
1229 2864 1350 2920 qute
1382 2848 1687 2915 offerimus,
1715 2852 1931 2906 etiamsi

327 2937 469 2991 nihil
500 2939 771 2995 invenitur
809 2942 925 2996 auri
974 2942 1095 3012 puri
1142 2945 1286 3013 quod
1333 2943 1399 2997 ad
1440 2946 1615 2999 altare
1662 2946 1928 3014 proficiat,

328 3044 432 3085 nec
463 3033 671 3101 argenti
703 3034 847 3103 quod
892 3034 1267 3090 columnarum
1314 3035 1575 3092 Ecclesite
1615 3037 1774 3092 bases
1813 3036 1932 3091 efﬁ-

324 3121 434 3177 ciat
462 3134 555 3178 aut
583 3127 761 3194 capita
795 3127 1046 3193 decoret,
1079 3128 1124 3183 si
1159 3129 1338 3183 nullus
1364 3144 1432 3184 ex
1459 3129 1542 3183 his
1572 3129 1625 3183 in
1656 3129 1762 3184 illis
1792 3129 1929 3199 lapi—

324 3214 483 3270 dibus
521 3217 753 3272 inveniri
790 3229 968 3286 potest
1005 3221 1096 3289 qui
1147 3221 1292 3290 Iogio
1332 3222 1574 3277 insertus
1617 3223 1929 3293 pontiﬁcale

324 3320 561 3363 veStrum
607 3320 664 3365 et
698 3310 1009 3367 divinorum
1043 3314 1325 3368 conscium
1364 3324 1553 3384 pectus
1588 3325 1843 3384 exornet,
1876 3326 1930 3370 at

322 3412 471 3457 certe
514 3405 832 3474 perst‘iicere
878 3406 922 3460 si
970 3407 1056 3461 vel
1102 3422 1357 3477 purpura:
1401 3408 1599 3478 aliquis
1639 3409 1693 3463 in
1725 3408 1833 3477 his,
1876 3418 1931 3465 et

320 3493 456 3565 regit
491 3497 732 3561 decoris,
760 3509 853 3552 aut
884 3499 1060 3563 cocci,
1094 3510 1148 3553 et
1178 3499 1393 3570 mystici
1423 3501 1638 3554 cruoris
1665 3500 1821 3555 color
1848 3500 1930 3554 in-

321 3587 566 3641 texitur:
598 3587 646 3643 si
673 3590 801 3657 quid
835 3595 1122 3660 puritatem
1154 3591 1302 3662 byssi
1334 3592 1601 3658 imitetur,
1634 3602 1689 3647 et
1716 3592 1930 3648 fortitu-

320 3679 504 3734 dinem
536 3681 656 3745 Iini,
686 3691 743 3737 et
777 3684 997 3753 dignum
1032 3685 1237 3753 aliquid
1271 3686 1470 3741 habeat
1497 3686 1928 3742 sacerdotalibus

324 3772 664 3829 indumentis
689 3793 702 3829 :
730 3790 1007 3846 postremo
1030 3781 1073 3833 si
1102 3780 1185 3833 vel
1216 3779 1410 3833 rubras
1436 3779 1577 3847 apud
1607 3795 1706 3834 nos
1736 3780 1925 3850 pelles,

319 3866 711 3920 verecundiam
741 3868 934 3923 frontis
961 3870 1246 3925 invenias:
1281 3870 1345 3925 ad
1378 3872 1626 3926 ultimum
1658 3873 1702 3925 si
1732 3872 1817 3927 vel
1838 3887 1929 3927 ca-

316 3972 543 4028 prarum
589 3970 740 4015 certe
786 3963 1028 4031 reperias
1075 3963 1233 4031 pilos,
1270 3963 1465 4033 quibus
1510 3964 1591 4018 vel
1641 3963 1924 4033 penuriam

319 4064 566 4105 nostram
601 4063 869 4124 legamus,
894 4064 985 4110 aut
1012 4056 1057 4109 si
1082 4070 1216 4125 quas
1250 4055 1575 4110 incurrimus
1602 4056 1790 4125 culpas
1814 4072 1926 4126 [KP-

319 4142 547 4199 niteudo
586 4162 894 4217 purgemus.
946 4148 1140 4203 Totum
1174 4165 1304 4219 ergo
1334 4152 1457 4209 hoc.
1490 4150 1555 4205 de
1592 4159 1683 4204 tuo
1717 4150 1926 4219 judicio

320 4238 576 4307 pendeat.
609 4240 664 4296 Si
708 4240 836 4310 quid
870 4256 1003 4297 Sane
1035 4253 1117 4297 est
1158 4244 1303 4313 quod
1336 4245 1553 4313 placere
1586 4254 1785 4315 potest,
1824 4243 1925 4299 hoc

318 4334 387 4387 sit
416 4338 658 4389 auctoris
684 4357 696 4390 :
730 4351 909 4403 neque
931 4336 1077 4391 enim
1107 4353 1227 4404 quae
1258 4337 1380 4391 aliis
1409 4337 1592 4391 labore
1624 4347 1775 4407 parta
1799 4347 1923 4391 sunt

318 4424 563 4496 diripere
582 4469 596 4491 ,
630 4436 683 4482 et
711 4441 914 4483 nosme
939 4429 1084 4483 laudi
1113 4429 1389 4499 applicare
1411 4429 1617 4499 justam
1645 4440 1920 4500 putamus.

315 4518 373 4573 Si
398 4534 526 4574 vero
548 4520 657 4574 vim
680 4534 961 4586 sensuum,
988 4523 1163 4577 oratio
1188 4520 1377 4575 inculti
1400 4520 1673 4576 sermonis
1696 4536 1922 4591 exaspe—
1951 4557 2002 4615 D

315 4623 423 4679 rat,
456 4614 560 4668 hoc
593 4615 678 4669 vel
726 4615 882 4679 mihi,
917 4615 996 4670 vel
1049 4615 1130 4684 (ut
1170 4629 1292 4669 cum
1336 4622 1428 4668 tua
1472 4614 1628 4667 venia
1665 4612 1923 4684 dixerim)

314 4704 414 4759 tibi
441 4707 542 4778 ipsi
570 4717 845 4777 repulato,
879 4709 967 4778 qui
1000 4724 1138 4777 opus
1159 4707 1305 4779 quod
1337 4707 1566 4762 eruditis
1589 4707 1818 4763 deberet
1846 4708 1927 4762 in-

308 4798 487 4870 jungi,
521 4801 735 4871 expetis
766 4801 836 4857 ab
873 4801 1128 4858 inductis.

314 4942 545 5017 [uxvn]
578 4944 636 5001 S.
671 4944 909 5001 Joannes
936 4945 1356 5003 Cunvsosrouus
1396 4948 1450 5001 in
1487 4947 1708 5015 epistola
1742 4946 1811 4999 ad
1853 4945 1914 5001 S.

390 5035 750 5091 Innocentium
782 5056 973 5110 papam
1011 5057 1101 5094 an.
1132 5040 1269 5105 40$;
1318 5056 1381 5094 ex
1419 5039 1642 5108 Dialogo
1680 5037 1914 5092 Palladii

389 5129 813 5199 HeleaOpolitani
840 5129 907 5186 G.
940 5142 988 5185 et
1026 5131 1114 5198 L.,
1156 5134 1219 5187 de
1256 5131 1397 5197 Vita,
1431 5142 1564 5198 etc.,
1595 5130 1658 5185 Β.
1691 5128 1913 5183 Joannis

388 5219 737 5292 Chrysustomi
775 5238 895 5291 cap.
944 5222 1001 5289 2,
1042 5224 1095 5276 in
1139 5222 1460 5277 Bibliotheca
1517 5221 1755 5276 Veterum
1801 5219 1912 5275 Pa-

385 5323 545 5380 trum,
570 5326 709 5377 etc.,
738 5314 962 5370 Andrete
984 5315 1255 5371 Gallandii
1282 5328 1421 5370 tomo
1465 5314 1603 5381 VIII,
1629 5333 1752 5387 pag.
1772 5314 1911 5380 262;

384 5476 460 5542 (α)
500 5475 559 5531 In
605 5476 849 5533 editione
896 5478 1249 5534 Benedictina
1297 5478 1540 5546 Operam
1582 5479 1640 5534 S.
1682 5479 1912 5535 Joannis

312 5544 687 5619 Chrysostotni
711 5550 779 5603 ιῖ.
809 5559 865 5604 et
894 5549 954 5604 L.
987 5561 1139 5605 torno
1167 5549 1261 5613 III,
1298 5544 1423 5620 pag.
1453 5551 1591 5609 515.
1622 5563 1764 5605 exst.
1798 5552 1913 5607 haec

312 5624 544 5687 epistola
568 5637 583 5685 ;
607 5621 698 5674 sed
733 5637 855 5688 pag.
886 5622 1012 5683 59.0,
1044 5623 1134 5676 uhi
1164 5621 1385 5677 tlesinit.
1413 5623 1557 5675 nulla
1590 5620 1726 5675 facta
1760 5640 1909 5678 men-

310 5691 460 5764 tione
486 5690 819 5764 aut_Venerii
843 5692 1269 5764 Mediolanensis
1298 5702 1395 5746 aut
1429 5692 1717 5747 CItrOrrralii
1746 5694 1910 5764 Aqui-

312 5753 560 5830 leiensis,
592 5762 667 5819 ita
696 5763 969 5819 clauditur
1006 5781 1018 5817 :
1049 5756 1261 5835 Semper
1298 5764 1430 5832 ναῖε,
1464 5773 1511 5816 et
1546 5781 1637 5818 ora
1674 5779 1769 5835 pro
1808 5753 1904 5829 ine,

2132 473 2189 526 tii
2221 472 2344 527 edit.
2379 470 2724 539 Parisiensis,
2761 474 2862 527 col.
2894 472 2993 528 77l
3026 482 3075 527 et
3104 490 3244 545 seqq.

2128 563 2397 620 Pietatem
2420 573 2678 631 vestram,
2703 565 2867 621 etiam
2890 574 3180 637 antequam
3205 565 3418 621 litteras
3438 576 3657 621 nostras

2055 659 2351 727 acciperet,
2402 656 2681 712 audivisse
2721 657 2918 726 opinor
2956 655 3082 727 quid
3127 656 3220 712 hic
3261 672 3394 711 ausa
3437 657 3507 711 sit
3551 656 3658 711 ini-

2054 751 2255 819 quitas.
2294 750 2369 803 Ea
2409 748 2555 804 enim
2601 763 2785 804 rerum
2830 756 2915 803 est
2951 748 3267 819 magnitudo
3304 757 3360 804 et
3396 750 3654 818 gravitas,

2052 853 2113 898 ut
2143 844 2288 897 nulla
2325 842 2497 898 ferme
2534 842 2685 897 orbis
2730 856 2857 912 pars
2895 841 3086 897 relicta
3132 841 3223 908 sit,
3272 858 3393 913 qutn
3435 842 3648 897 triSIem

2051 934 2191 989 hanc
2223 933 2543 1004 tragoediam
2595 949 2704 987 non
2736 933 2993 999 audierit,
3035 942 3140 989 etc.
3171 931 3236 988 In
3267 935 3373 1002 ﬁne
3408 949 3528 988 vero
3574 934 3647 989 ita

2049 1028 2262 1081 claudit.
2290 1026 2416 1080 llaec
2439 1025 2553 1094 ipsa
2582 1023 2878 1097 (Epistula)
2908 1024 3074 1079 etiam
3102 1025 3304 1096 scripta
3329 1034 3412 1079 est
3441 1025 3507 1079 ad
3538 1024 3647 1080 Ve-

2048 1122 2259 1176 nerium
2312 1118 2628 1190 episcopum
2678 1117 3007 1184 Mediolani,
3060 1128 3115 1173 et
3162 1118 3228 1171 ad
3279 1115 3645 1173 (Iunonum!

2046 1213 2311 1284 Aquileia:
2342 1214 2686 1281 episc0pnm.
2722 1210 2853 1265 Vale
2875 1210 2928 1264 in
2956 1210 3187 1264 Domino
3222 1209 3321 1283 (a).

2043 1303 2175 1359 lusu
2208 1306 2261 1357 in
2292 1303 2515 1367 epistola
2550 1303 2617 1356 ad
2654 1303 3013 1357 Cnaountuu
3058 1302 3311 1372 Aquileia
3351 1303 3647 1373 epist-opum

2115 1415 2206 1451 an.
2237 1396 2345 1452 406
2366 1412 2380 1460 ;
2404 1412 2519 1465 qua:
2552 1396 2654 1451 155
2690 1405 2761 1449 est
2790 1396 2926 1448 inter
2957 1393 3131 1463 Opera
3174 1393 3360 1449 Sancti
3405 1394 3645 1448 Doctoris

2118 1489 2181 1544 ϐ.
2214 1500 2260 1543 et
2301 1487 2366 1542 L.
2412 1488 2657 1543 editionis
2692 1485 2802 1541 BB.
2850 1486 2915 1541 S.
2945 1485 3146 1555 Mauri,
3194 1484 3456 1554 tomoIII,
3518 1501 3643 1555 pag.

2114 1583 2218 1639 689
2246 1593 2296 1637 et
2326 1599 2434 1651 seq.

2112 1676 2427 1733 Clarissima
2484 1676 2745 1732 ferventis
2797 1684 2904 1732 tua:
2956 1692 3022 1733 ac
3073 1677 3306 1732 sincera:
3356 1675 3645 1732 charitatis

1915 1778 1932 1801 ’
1968 1776 2015 1835 B
2042 1774 2168 1826 tuha
2213 1771 2277 1825 ad
2318 1785 2419 1826 nos
2460 1786 2630 1841 usque
2665 1786 2863 1825 sonum
2912 1786 3069 1824 suum
3116 1769 3355 1836 diﬁ‘udit,
3388 1785 3642 1841 magnum

2035 1864 2295 1935 quiddam
2325 1879 2388 1918 ac
2419 1863 2735 1918 diutissime
2777 1862 2983 1918 durans
3010 1878 3081 1918 ex
3129 1872 3285 1918 tanto
3315 1863 3531 1919 itineris
3562 1863 3647 1917 in-

2037 1958 2273 2013 tervallo
2322 1959 2575 2027 Spirans,
2622 1970 2790 2028 atque
2839 1959 2905 2012 ad
2950 1970 3230 2014 extremos
3271 1974 3441 2029 usque
3480 1967 3643 2013 terra:

2036 2050 2176 2105 ﬁnes
2212 2050 2553 2121 pertingens.
2584 2049 2694 2105 Nec
2738 2065 2858 2116 nos,
2906 2048 3033 2104 licet
3077 2049 3279 2120 alioqui
3329 2060 3435 2103 tam
3480 2050 3641 2119 longe

2036 2142 2320 2212 disjnneti,
2351 2144 2531 2196 minus
2561 2157 2723 2212 quam
2758 2142 2793 2196 ii
2821 2141 2913 2212 qni
2958 2140 3188 2206 adsunt,
3223 2138 3647 2195 vehementissi—

2037 2251 2180 2291 mam
2226 2244 2389 2307 atque
2437 2236 2563 2305 igne
2607 2235 2821 2305 plenam
2870 2237 3223 2299 charitatem,
3262 2235 3641 2303 sint-eramque

2035 2341 2090 2385 et
2131 2330 2334 2397 ingenti
2383 2329 2638 2383 libertate
2689 2344 2753 2383 ac
2801 2328 2993 2383 ﬁducia
3044 2328 3319 2397 perfusam
3373 2327 3635 2396 linguam,

2034 2432 2197 2493 atque
2240 2421 2646 2476 adamantinatn
2694 2422 3107 2476 contentionem
3148 2421 3495 2490 exploratam
3540 2420 3639 2474 ha-

2034 2516 2247 2571 bemus.
2274 2514 2400 2570 Ideo
2430 2523 2614 2570 vestro
2640 2515 2803 2569 etiam
2829 2523 3125 2583 conspectu
3149 2523 3314 2583 atque
3340 2528 3640 2583 congressu

2036 2609 2141 2665 frui
2172 2624 2503 2680 magnopere
2533 2608 2691 2662 nobis
2724 2610 2776 2662 in
2802 2610 2945 2661 votis
2971 2623 3136 2663 esset.
3162 2608 3429 2675 Quoniam
3457 2620 3641 2663 autem

2035 2701 2089 2756 id
2135 2716 2354 2770 quoque
2398 2700 2554 2755 nobis
2595 2716 2658 2754 ea
2706 2701 2970 2764 solitudo,
3020 2717 3125 2769 qua
3175 2715 3318 2754 nunc
3358 2710 3631 2771 tamquam

2035 2792 2393 2863 compedibus
2422 2792 2661 2847 restricti
2695 2809 2905 2856 sumus,
2944 2794 3181 2861 eripuit;
3220 2792 3425 2849 idcirco
3464 2794 3639 2848 domi-

2036 2904 2162 2943 num
2223 2902 2402 2943 meum
2461 2886 2980 2941 reverendissitnutn
3034 2901 3098 2941 ac
3154 2887 3631 2953 religiosissimum

2035 2980 2417 3051 presbyterum
2466 2979 2633 3041 nacti,
2671 2977 3029 3048 cupiditatem
3077 2987 3321 3031 nostram
3346 3019 3360 3042 ,
3396 2988 3451 3031 ut
3486 2977 3634 3044 licet,

2034 3073 2344 3141 cxplemus,
2387 3071 2694 3127 scribentes
2742 3081 2797 3125 et
2844 3071 3172 3135 salutantes,
3226 3071 3490 3137 vehisque
3540 3086 3640 3140 pro

1957 3163 2002 3225 C
2033 3184 2099 3225 eo
2131 3168 2336 3233 studio,
2363 3166 2507 3237 quod
2534 3177 2647 3221 toto
2675 3165 2780 3221 hoc
2811 3175 2917 3220 tam
2948 3166 3208 3219 diuturno
3237 3174 3485 3235 tempore
3518 3179 3633 3219 ma-

2029 3276 2133 3331 gna
2165 3276 2288 3316 cum
2319 3258 2487 3313 animi
2510 3259 2866 3314 contentione
2889 3259 3241 3329 praestitistis,
3268 3258 3634 3329 amplissimas

2028 3354 2231 3424 gratias
2260 3362 2503 3423 agentes.
2536 3355 2613 3408 Ac
2641 3369 2737 3408 vos
2771 3369 3030 3423 rogamus
3060 3367 3114 3407 et
3156 3352 3539 3417 obsecramus,
3572 3364 3631 3408 ιιι

2030 3462 2151 3502 cum
2186 3448 2300 3517 ipse
2330 3455 2661 3509 revertetur,
2694 3446 3023 3517 insuperque
3052 3448 3246 3513 etiam,
3280 3447 3325 3500 si
3357 3446 3627 3501 tabellarii

2029 3550 2320 3597 occurrant
2372 3543 2461 3610 qtti
2518 3543 2585 3594 ad
2641 3540 2783 3595 hanc
2837 3541 3193 3595 solitudinem
3251 3541 3501 3605 Veniant,
3561 3541 3630 3595 tle

2030 3646 2209 3689 vestra
2241 3634 2552 3688 valetudine
2588 3634 2653 3686 ad
2689 3650 2789 3688 nos
2817 3635 3089 3688 scr-ibatis.
3130 3634 3252 3688 Scis
3283 3634 3427 3687 enim
3457 3649 3630 3703 quan-

2030 3740 2137 3785 tam
2168 3731 2295 3785 hinc
2319 3729 2652 3798 voluptatem
2680 3728 2995 3798 percepturi
3025 3727 3217 3786 simus,
3261 3742 3385 3781 cum
3419 3726 3487 3779 de
3526 3724 3628 3778 Ito-

2002 3824 2238 3878 ‘minum
2270 3832 2377 3875 tam
2417 3820 2678 3875 ardenter
2710 3834 2809 3873 nos
2849 3819 3151 3873 amantium
3194 3833 3456 3887 prospera
3490 3818 3636 3871 valc-

2031 3917 2217 3972 tudine
2243 3917 2497 3970 crebrius
2526 3914 2591 3969 ad
2622 3929 2720 3969 nos
2749 3914 2955 3984 aliquid
2987 3913 3268 3969 aﬁ‘eretur.

2031 4011 2279 4085 [Lxxvm]
2313 4011 2581 4066 [IONORIUS
2608 4010 2870 4081 Augustus
2900 4010 2949 4062 in
2979 4005 3219 4077 Epistola
3249 4006 3318 4060 ad
3342 4006 3624 4061 Arcadium

2102 4106 2391 4177 Augustum
2420 4106 2633 4175 fratrem
2661 4120 2749 4156 an.
2780 4101 2919 4167 406;
2951 4118 3013 4155 ea:
3046 4098 3296 4154 Palladio
3330 4098 3624 4169 Helenepo-

2101 4199 2263 4252 litano
2293 4198 2344 4250 in
2380 4196 2603 4264 Dialogo
2633 4196 2697 4248 de
2748 4195 2887 4261 i’ita,
2930 4204 3065 4259 etc.,
3098 4191 3161 4244 Β.
3203 4191 3428 4245 Joannis
3464 4190 3632 4260 Chry-

2099 4293 2310 4347 soslomi
2344 4288 2407 4344 (ἱ.
2460 4302 2505 4343 et
2540 4289 2598 4343 L.
2631 4306 2746 4361 cap.
2783 4289 2838 4351 5,
2867 4288 2956 4359 qui
3005 4296 3136 4340 etest.
3188 4296 3324 4337 tonto
3366 4282 3481 4339 VIII
3541 4281 3630 4335 Bi-

2100 4383 2364 4438 bliotheca:
2393 4382 2638 4436 Veterum
2662 4381 2905 4447 Patrum,
2932 4394 3065 4447 etc.,
3089 4380 3313 4434 Audrea:
3335 4377 3628 4441 Gallundii;

2099 4489 2251 4546 atque
2302 4493 2365 4530 ea:
2420 4475 2671 4544 Epistolis
2721 4475 3072 4529 Romanorum
3116 4471 3437 4539 Pontiﬁcum
3487 4467 3633 4523 Petri

2103 4570 2394 4627 Constantii
2418 4569 2657 4623 editionis
2681 4567 2853 4622 Paris.
2871 4609 2885 4633 ,
2913 4568 3011 4621 col.
3042 4565 3167 4620 806.

2098 4664 2282 4720 Tertio
2303 4663 2414 4732 jam
2441 4663 2621 4716 scribo
2643 4661 2710 4714 ad
2734 4658 3208 4714 mansuetudinem
3235 4667 3404 4722 tuam,
3433 4668 3632 4724 rogans

2024 4765 2080 4812 ut
2110 4771 2232 4826 qua:
2271 4772 2341 4809 ex
2383 4760 2670 4824 compacto
2709 4762 2902 4809 contra
2942 4750 3208 4805 Joannem
3240 4746 3633 4803 Constantino-

2024 4849 2323 4921 politannm
2352 4850 2676 4917 episcopum
2721 4856 2874 4918 gesta
2906 4856 3062 4909 sunt,
3108 4843 3475 4899 emendentur
3506 4860 3519 4897 :
3552 4853 3628 4909 et,

2021 4954 2081 4998 ιιι
2125 4944 2363 5006 videtur,
2416 4943 2662 4996 nondum
2708 4952 2792 4995 est
2845 4939 3169 5010 perfectum.
3222 4939 3403 5007 Quare
3447 4938 3627 4993 denuo

2020 5035 2213 5103 scripsi
2246 5050 2343 5104 per
2371 5034 2543 5089 hosce
2575 5035 2867 5103 episc0pos
2903 5043 2961 5087 et
2988 5033 3362 5104 presbyteros,
3390 5031 3461 5087 de
3497 5047 3630 5104 pace

2018 5127 2414 5191 ecclesiastica,
2444 5143 2541 5196 per
2568 5141 2728 5197 quam
2753 5138 2806 5181 et
2841 5138 3087 5180 nostrum
3114 5124 3404 5194 imperium
3436 5141 3625 5194 pacem

2021 5222 2253 5286 obtinet,
2287 5221 2447 5276 valde
2477 5221 2770 5283 sollicitus,
2806 5229 2865 5274 ut
2887 5221 3082 5290 jubere
3114 5220 3360 5288 digneris
3385 5218 3626 5272 Orientis

2023 5316 2317 5387 episcopos
2350 5313 2767 5370 Thessalonica:
2809 5314 3105 5369 convenire
3126 5355 3139 5377 ,
3175 5325 3332 5369 etc...
3364 5311 3624 5379 Quaenam

2016 5481 2221 5536 domine
2249 5482 2671 5536 reverendissime
2701 5490 2749 5535 et
2783 5481 3127 5535 sanctissime.
3159 5473 3503 5532 Praeferenda
3538 5473 3620 5528 ni-

2017 5554 2312 5608 hilominus
2341 5554 2559 5607 videtur
2588 5554 2740 5622 prior
2769 5553 3011 5605 clausula
3050 5566 3211 5609 ouant
3240 5544 3621 5622 exhibet_Pal-

2012 5624 2222 5698 ladius,
2267 5640 2539 5694 quamque
2573 5616 2807 5698 retinnit
2854 5624 3204 5698 (inustantius
3239 5634 3251 5670 :
3293 5633 3396 5685 qua
3448 5616 3535 5698 de.
3562 5631 3624 5698 re

2013 5695 2136 5750 vide
2160 5687 2537 5750 Constantium
2571 5695 2747 5763 ipsum
2779 5695 2833 5748 in
2865 5692 3168 5763 Notatione,
3190 5704 3361 5763 quam
3392 5687 3620 5757 subiicit

2015 5766 2248 5822 adhunc
2278 5768 2457 5821 locum
2483 5760 2725 5821 colf787
2758 5766 2938 5819 citata:
2970 5760 3257 5817 editionis.
