4172 6182
505 253 613 311 315

1541 264 1598 319 S.
1641 263 2089 325 CHROMATIUS
2129 269 2229 324 EP.
2276 272 2788 341 AQUILEIENSIS.

3703 285 3810 340 5N3

503 372 650 427 enim
682 372 748 425 sit
781 372 1213 432 Occidentalium
1244 377 1310 431 de
1338 377 1548 432 Joanne
1579 379 1844 450 episcopo
1876 391 2103 438 senten-
2133 388 2177 446 A
2209 387 2410 455 clesiaa,
2443 390 2496 445 in
2528 390 2732 458 libello,
2773 409 2932 463 quem
2963 395 3028 450 de
3068 405 3182 451 octo
3216 398 3635 454 Beatitudinibus
3673 401 3812 456 scri-

507 467 580 520 tia
613 466 694 537 (ut
745 478 1085 537 compertum
1132 468 1382 541 habeas),
1421 485 1489 526 ex
1537 472 1792 528 omnibus
1830 473 2107 544 epistolis,

505 574 624 629 quae
655 559 720 613 ad
754 576 839 615 me
884 561 1104 631 scriptae
1131 571 1283 624 sunt,
1328 563 1465 618 duas
1506 564 1712 634 subjeci
1745 564 1797 619 id
1828 567 1973 637 quod
2004 583 2109 622 ca:-

505 659 640 704 terac
692 651 1058 716 continentes,
1122 668 1282 706 unam
1332 653 1609 721 Romani,
1665 655 1894 711 alteram
1949 656 2112 722 AQUI-

511 754 747 794 LEIENSIS
772 742 1039 812 episc0pi,
1073 752 1180 797 etc.
1255 815 1260 820 ι

511 829 816 889 PALLADIUS
848 834 1322 907 Helenopolitanus
1363 839 1418 892 in
1453 838 1678 911 Dialogo
1711 840 1774 895 (ἓ.
1825 851 1872 896 et
1913 841 2002 911 L.,
2049 843 2113 898 de

593 924 728 991 Vita,
754 936 887 994 etc.,
923 928 1059 983 beati
1109 931 1334 986 Joannis
1375 929 1752 1003 Cltrysostonti,
1786 950 1906 1004 cap.
1943 937 2000 1003 4,
2052 953 2114 991 ea:

585 1027 722 1072 tomo
771 1018 879 1074 VIII
929 1020 1266 1077 Bibliothecte
1314 1021 1553 1077 Veterum
1593 1022 1837 1090 Patrum,
1869 1027 2110 1094 antiquo-

583 1130 797 1183 rumque
827 1113 1158 1187 Scriptorum
1194 1117 1681 1174 Ecclesiasticorum
1729 1119 1953 1175 Andreae
1983 1118 2106 1175 Gal-

588 1207 773 1275 landii,
797 1225 923 1281 pag.
948 1209 1074 1267 268.

584 1302 719 1357 Cum
746 1305 911 1374 igitur
929 1313 1153 1359 sanctus
1173 1303 1452 1374 IEmilius,
1478 1305 1778 1362 Beneventi
1801 1305 2110 1378 epiSCOpus,

514 1405 571 1450 et
597 1394 896 1466 Cythegius
938 1404 993 1450 et
1030 1394 1399 1463 Gaudentius,
1433 1412 1540 1451 una
1572 1413 1694 1452 cum
1728 1397 2114 1453 Valentiniano

513 1499 568 1545 et
593 1488 870 1543 Bottil'acio
889 1490 1248 1559 presbyteris,
1274 1491 1615 1560 accepissent
1644 1490 1853 1544 litteras
1879 1491 2114 1558 impera-

510 1583 647 1638 toris
677 1582 925 1648 llonorii,
958 1581 1285 1648 letttocentii,
1329 1592 1381 1637 et
1412 1583 1673 1638 Italorum
1703 1583 2110 1653 episcoporum,

516 1674 818 1731 Cnnouuu
861 1675 1266 1746 Aquileiensis,
1309 1686 1363 1730 et
1407 1675 1623 1730 Venerii
1666 1675 2109 1744 Mediolanensis,

2214 481 2338 548 psit,
2372 481 2444 536 ita
2477 484 2606 538 dicit
2639 485 2715 558 (c)
2748 504 2760 540 :
2797 505 2816 538 ι
2853 491 2907 542 1η
2953 489 3215 560 mysterio
3260 491 3404 545 enim
3455 491 3716 562 Baptismi
3756 503 3813 549 et

2213 573 2379 629 Filius
2404 575 2486 648 (ά)
2516 577 2731 633 videtur
2758 580 2810 634 in
2840 593 3101 649 corpore;
3135 590 3190 637 et
3221 581 3457 652 Spiritus
3495 593 3718 640 sanctus
3756 585 3811 640 in

2213 665 2394 736 Specie
2424 669 2690 726 columba:
2733 667 3046 740 descendit;
3088 684 3143 730 et
3191 691 3295 730 vox
3344 676 3520 730 Patris
3565 675 3633 733 de
3672 667 3815 735 C(BIO

2214 759 2452 829 auditur,
2486 771 2543 814 ut
2571 761 2853 820 Trinitatis
2877 765 3057 821 unitas
3079 766 3409 832 declaretur,
3440 771 3565 836 quia
3591 785 3689 826 nec
3711 759 3815 827 Pa-

2215 857 2297 903 ter
2325 849 2440 905 sine
2473 849 2607 906 Filio
2635 847 2861 924 intelligi
2890 851 3088 925 potest,
3117 872 3218 912 nec
3257 857 3426 913 Filius
3455 860 3575 914 sine
3608 861 3814 930 Spiritu

2215 949 2404 997 sancto
2433 945 2712 1014 cognosci.
2747 937 2882 1002 Vide
2911 947 2986 1019 (ε)
3015 947 3179 1018 igitur
3205 949 3367 1019 quale
3390 949 3561 1006 Patris
3582 949 3649 1009 de
3673 951 3816 1010 Filio

2217 1035 2589 1091 testimonium
2629 1037 2699 1091 sit
2727 1037 2996 1094 dicentis:
3035 1039 3134 1094 Hic
3161 1049 3234 1096 est
3264 1037 3440 1096 Filius
3478 1060 3638 1100 mens.
3674 1047 3818 1101 Suus

2216 1125 2400 1196 utique
2439 1136 2545 1182 noti
2582 1137 2680 1198 per
2721 1129 3070 1200 adoptionem
3099 1133 3313 1203 gratite,
3343 1141 3520 1205 neque
3562 1149 3657 1206 per
3684 1138 3817 1194 reli-

2215 1217 2430 1288 gione‘m
2473 1225 2757 1287 creaturae,
2791 1231 2850 1277 ut
2879 1222 3122 1279 haeretici
3166 1225 3385 1292 Volunt;
3429 1226 3525 1282 sed
3573 1228 3654 1283 sui
3696 1238 3820 1300 pro-

2219 1310 2444 1379 prietate
2473 1314 2709 1382 generis.
2735 1322 2788 1369 et
2815 1314 3053 1372 veritate
3082 1327 3308 1373 naturae.-
3339 1317 3493 1374 Multi
3519 1321 3662 1376 enim
3688 1332 3815 1378 sati-

2217 1409 2424 1456 ctorum
2449 1402 2542 1457 lilii
2569 1403 2661 1458 Dei
2692 1405 2968 1473 dicuntur,
3000 1416 3054 1462 et
3084 1417 3244 1474 sunt;
3276 1411 3370 1466 sed
3406 1411 3494 1466 hic
3531 1413 3650 1468 sine
3673 1425 3820 1469 eom-

2219 1493 2500 1561 paratione
2545 1493 2620 1568 (f)
2658 1506 2796 1551 unus
2838 1499 2948 1552 Deo
2993 1498 3139 1555 Patri
3184 1500 3353 1558 Filius
3394 1501 3738 1574 Uttigenitus‘,
3767 1513 3820 1563 et

2220 1597 2379 1641 verus
2407 1598 2461 1641 et
2490 1589 2763 1659 proprius,
2799 1603 2906 1644 non
2936 1591 3154 1646 aliunde
3175 1608 3335 1664 quam
3364 1595 3431 1649 de
3453 1595 3614 1651 Patre
3637 1603 3816 1664 natus;

2219 1680 2344 1748 quia
2376 1689 2482 1735 tam
2512 1697 2671 1738 verus
2698 1683 2864 1740 Pater
2897 1685 3054 1741 l‘ater
3080 1697 3184 1754 est,
3215 1702 3376 1758 quam
3407 1703 3569 1746 verus
3593 1700 3646 1746 et
3683 1692 3826 1748 Detts

514 1777 678 1837 atque
700 1768 954 1832 aliorum,
981 1783 1190 1823 necnon
1215 1770 1695 1824 commonitorium
1721 1769 1928 1841 Synodi
1953 1759 2116 1825 totius
2147 1771 2192 1830 B
2220 1782 2336 1837 est;
2369 1773 2526 1828 sicuti
2560 1774 2724 1829 etiam
2756 1774 2834 1848 (g)
2863 1791 3023 1832 verus
3050 1777 3227 1834 Filius
3259 1780 3478 1852 (Filius)
3516 1790 3618 1850 est,
3659 1794 3820 1855 quam

517 1861 874 1926 Occidentis,
943 1861 1157 1932 publica
1226 1863 1517 1917 evectione
1579 1861 2113 1932 Constantinopolim

516 1954 747 2024 profecti
789 1963 914 2008 sunt
955 1969 1078 2008 cum
1120 1953 1376 2025 Cyriaco,
1425 1953 1724 2017 Demetrio,
1775 1952 2018 2007 Palladio
2059 1957 2114 2007 et

519 2049 743 2119 Eulysio
774 2048 1069 2116 episcopis.

522 2139 908 2197 CASSIODOBIUS
937 2141 1001 2193 de
1050 2140 1386 2195 Institutione
1428 2141 1720 2194 divinarum
1759 2138 2112 2204 Litterarum,

593 2252 709 2306 cap.
735 2235 805 2291 5:2
835 2252 847 2289 τ
878 2251 940 2288 ea:
965 2234 1112 2288 illius
1142 2234 1276 2306 Opp.
1303 2234 1527 2288 editione
1550 2232 1915 2305 Rotomagrnsi
1954 2231 2111 2296 1679,

593 2328 767 2382 studio
818 2325 874 2382 J.
933 2325 1130 2381 Garetii
1183 2326 1246 2380 0.
1278 2326 1336 2382 S.
1371 2325 1432 2379 Β.
1495 2343 1522 2379 e
1576 2325 1764 2398 tiongr.
1816 2325 1879 2380 S.
1941 2323 2118 2377 Mauri

595 2434 731 2478 tomo
762 2421 828 2486 II,
852 2438 972 2494 pag.
1003 2419 1129 2476 556.

591 2515 933 2584 Quapropter
990 2514 1369 2569 desideranter
1419 2514 1644 2569 introite
1690 2515 1948 2586 mysteria
2008 2515 2113 2568 Do-

521 2611 680 2673 mini,
734 2618 792 2663 ut
837 2607 1196 2678 sequentibus
1244 2607 1346 2662 iter
1391 2609 1636 2663 indicare
1685 2610 1952 2677 possitis:
1992 2609 2116 2678 quia

521 2717 732 2772 magnae
761 2700 1112 2756 verecundiae
1154 2701 1366 2771 pondus
1396 2711 1479 2756 est
1517 2700 1718 2756 habere
1754 2699 1897 2771 quod
1941 2701 2112 2772 legas,

519 2805 573 2851 et
600 2797 857 2865 ignorare
887 2796 1028 2864 quod
1058 2794 1276 2850 doceas.
1305 2795 1369 2849 Et
1397 2794 1518 2849 ideo
1541 2793 1741 2849 futurae
1763 2794 2117 2850 beatitudinis

521 2903 816 2954 memores,
848 2887 984 2942 vitas
1019 2887 1260 2950 Patrum,
1290 2886 1663 2942 confessiones
1691 2885 1957 2952 ﬁdelium,
1991 2899 2116 2956 pas-

516 2982 702 3034 siones
730 2989 1029 3050 martyrum
1064 2977 1275 3050 [Lxxut]
1306 2978 1467 3049 legite
1499 2988 1814 3033 constanter
1842 2982 2002 3048 (quas
2035 2978 2117 3032 in-

514 3080 597 3127 ter
619 3072 720 3125 alia
751 3073 801 3124 in
837 3073 912 3141 (a)
947 3072 1174 3140 epi~tnla
1205 3074 1378 3125 sancti
1414 3070 1729 3141 Hieronymi
1755 3069 1823 3125 ad
1861 3071 2117 3126 Canon-

521 3185 648 3223 TIUII
696 3177 750 3223 et
792 3168 1145 3222 Heliodorum
1174 3167 1468 3230 destinata,
1512 3166 1701 3236 procul
1731 3165 1902 3220 dubio
1931 3165 2006 3238 (b)
2033 3181 2118 3221 re-
2147 3149 2191 3211 (ἶ

525 3264 758 3333 peritis)
787 3263 877 3330 qui
902 3277 998 3330 per
1027 3269 1198 3316 totum
1229 3261 1420 3316 orbem
1458 3270 1726 3315 terrarum
1771 3256 2036 3325 Iloruere;
2067 3271 2125 3314 ut

522 3366 710 3412 sancta
756 3354 991 3409 imitatio
1031 3369 1130 3408 vos
1181 3368 1504 3424 provocans,
1548 3353 1613 3407 ad
1659 3353 1908 3408 caelestia
1954 3368 2119 3424 regna

523 3449 808 3520 perducat.

524 3542 584 3596 Β.
616 3541 861 3596 Fucens
903 3555 1145 3606 ALBINUS,
1195 3556 1280 3594 seu
1330 3541 1599 3596 ALcmnus
1639 3540 1792 3594 abbas
1844 3540 1896 3594 in
1946 3536 2121 3594 libello

594 3635 840 3689 adversus
869 3633 1110 3688 Haeresin
1160 3632 1351 3687 Felicis
1396 3633 1622 3702 episcOpi
1663 3631 1689 3703 §
1727 3631 1818 3696 26.
1867 3648 1930 3686 ea:
1979 3632 2118 3703 Opp.

598 3736 734 3780 tomo
763 3726 804 3790 I,
837 3725 936 3779 vol.
970 3741 1031 3792 Il,
1064 3742 1183 3796 pag.
1211 3725 1336 3792 767,
1363 3726 1602 3780 editionis
1626 3725 1823 3781 abbatis
1852 3724 2120 3795 Frobenii,

603 3819 898 3874 Ratisbonw
927 3817 1087 3873 I777.

599 3912 953 3968 CHROIATIUS
987 3928 1202 3984 quoque
1224 3921 1428 3969 sanctae
1460 3912 1718 3968 Romana:
1759 3915 1989 3970 antistes
2018 3916 2119 3970 Ec-

600 4071 675 4196 ﬁ’a)
709 4090 726 4122 ι
765 4071 1028 4124 Baronins
1042 4069 1264 4125 Praefat.
1297 4071 1348 4123 in
1374 4069 1719 4196 MargrOIOg.
1742 4067 1901 4130 Rom.
1923 4084 2046 4145 cap.
2067 4077 2120 4140 7,

643 4144 741 4195 itat
764 4159 828 4194 an
863 4141 934 4195 sit
967 4141 1302 4196 llieronvmi.
1336 4157 1355 4194 ι
1385 4141 1460 4196 Ita
1545 4147 1764 4196 arctius.
1797 4147 1902 4196 Sed
1926 4147 2120 4196 Fonta-

624 4089 675 4141 α)
709 4090 726 4122 t
767 4087 1028 4124 uaromus
1044 4087 1264 4125 Praeter.
1298 4088 1348 4123 tn
1374 4087 1509 4125 mart
1550 4087 1719 4142 rOIog.
1742 4087 1901 4130 ﬂom.
1923 4087 2046 4145 cap.
2067 4087 2120 4140 7,

529 4087 741 4198 duIiitat
764 4159 828 4194 an
863 4141 934 4195 sit
967 4141 1302 4212 llieronymi.
1336 4157 1355 4194 ι
1385 4141 1460 4196 Ita
1493 4087 1764 4198 aurelius.
1797 4147 1902 4202 Sed
1926 4147 2126 4202 Fonta-

530 4219 691 4269 ninus
708 4214 1005 4287 arbitratur
1022 4213 1118 4287 _bic_
1129 4226 1438 4287 sermonem
1458 4227 1581 4287 esse
1597 4215 1667 4269 de
1683 4213 1811 4284 alia,
1828 4226 1885 4272 et
1903 4221 2122 4287 quidem

529 4289 740 4340 sincera
783 4301 845 4337 ac
892 4283 1142 4358 longiori3
1189 4283 1502 4358 litarenymi
1550 4287 1804 4358 epistola,
1834 4283 1953 4358 qua:
1985 4306 2126 4345 nunc

529 4374 637 4432 nun
665 4366 863 4432 exstat.
892 4351 1026 4432 Vide
1060 4355 1190 4407 inira
1225 4353 1372 4432 illius
1395 4351 1645 4432 Historiae
1671 4351 1940 4415 litterariai
1964 4361 2127 4432 Aqui-

530 4429 734 4496 leicnsis
756 4435 911 4496 caput
939 4425 994 4484 4.
1031 4441 1317 4480 numerum
1344 4426 1396 4490 7,
1426 4426 1549 4480 libri
1581 4431 1657 4480 ut.

2221 1881 2385 1920 verus
2415 1874 2469 1921 et
2508 1866 2785 1923 Dominus.
2816 1869 3062 1926 Perfecta
3102 1887 3234 1944 ergo
3268 1872 3404 1929 lides
3429 1884 3513 1930 est
3540 1876 3822 1933 Trinitatis

2220 1967 2461 2026 ostensa,
2491 1975 2611 2014 cum
2645 1971 2698 2015 et
2724 1961 2888 2017 Pater
2913 1961 3192 2018 Christum
3237 1965 3526 2022 Dominum
3555 1983 3617 2023 ac
3646 1968 3817 2025 Deum

2221 2055 2466 2102 nostrum
2501 2048 2696 2104 Filium
2723 2065 2877 2106 suum
2905 2065 3028 2108 esse
3053 2061 3310 2122 testatur;
3342 2065 3396 2112 et
3423 2056 3659 2128 Spiritus
3695 2073 3822 2114 sau-

2220 2148 2361 2207 ctus,
2407 2141 2457 2194 id
2503 2152 2607 2207 est,
2638 2143 2976 2210 Paractctus,
3020 2147 3077 2201 in
3119 2157 3270 2204 tanto
3301 2148 3424 2206 ﬁdei
3476 2161 3821 2210 sacramento

2222 2231 2365 2287 Patri
2399 2233 2646 2304 Filioque
2674 2236 3116 2308 conjungitur,ut
3139 2255 3326 2297 verum
3355 2242 3598 2312 Patrem,
3631 2254 3816 2301 verum

2225 2323 2443 2393 Filium,
2476 2341 2664 2382 verum
2695 2329 2857 2383 etiam
2886 2329 3146 2400 Spiritum
3178 2343 3425 2389 sanctum
3456 2337 3681 2392 credere
3709 2345 3818 2394 tres

2222 2433 2505 2488 personas,
2537 2422 2630 2477 sed
2657 2437 2816 2477 unam
2847 2425 3183 2481 divinitatem
3208 2425 3517 2495 Trinitatis,
3547 2443 3818 2502 unamque

2222 2510 2580 2566 substantiam
2604 2529 2711 2566 tton
2745 2513 3072 2570 dubitemus.
3115 2535 3135 2570 ι

2224 2606 2409 2679 [ωαχ]
2436 2610 2730 2678 Anonynms
2749 2619 2927 2662 auctor
2947 2607 3131 2677 libelli,
3152 2612 3235 2665 cui
3258 2613 3440 2667 titulus
3460 2628 3479 2667 :
3501 2612 3755 2668 Gantuum
3773 2624 3818 2670 et

2293 2717 2534 2755 cursuum
2564 2700 3048 2756 Ecclesiasticorum
3066 2705 3244 2776 origo:
3263 2717 3410 2775 quem
3431 2721 3498 2761 ea:
3513 2709 3691 2762 codice
3718 2725 3813 2765 ms.

2295 2795 2636 2848 vetustissimo
2676 2795 2840 2848 edidit
2872 2793 3130 2850 Henricus
3162 2796 3512 2868 Spelmannns
3550 2801 3603 2852 in
3635 2799 3820 2855 Conci-

2295 2888 2376 2941 Iiis
2398 2887 2688 2942 Britanniw
2711 2897 2846 2942 tomo
2877 2886 2918 2953 I,
2953 2897 3072 2960 pag.
3103 2889 3224 2956 I77;
3259 2892 3448 2962 quique
3474 2901 3639 2947 exstat
3666 2894 3819 2947 etiam

2293 2983 2434 3051 apud
2460 2981 2625 3036 Dauid
2648 2981 2872 3037 Wilkins
2891 2981 3124 3036 Concilio
3145 2981 3677 3054 dlogitteBritanttite,
3695 2995 3816 3052 ειυς,

2294 3073 2517 3128 Londini
2549 3074 2706 3140 I757,
2757 3084 2893 3127 tanta
2921 3072 3010 3137 IV,
3051 3075 3101 3127 in
3135 3075 3452 3146 Appendicc,
3485 3091 3606 3146 pag.
3638 3075 3734 3130 741
3773 3085 3821 3132 et

2297 3165 2431 3231 742;
2465 3169 2712 3238 cujusque
2755 3165 2983 3219 meminit
3017 3163 3355 3220 Mabillonius
3383 3164 3461 3219 De
3489 3165 3658 3221 Cursu
3689 3164 3820 3220 Gal-

2293 3263 2460 3315 licana
2483 3260 2509 3332 ς
2534 3261 2587 3326 I,
2614 3261 2669 3314 in
2692 3275 2845 3330 opere
2870 3258 2944 3312 De
2967 3259 3205 3330 Liturgia
3225 3257 3519 3326 Gallicana,
3548 3275 3667 3330 pag.
3693 3259 3816 3326 580,

2297 3369 2493 3411 necnon
2542 3353 2872 3406 Fontaninus
2919 3361 3090 3406 noster
3136 3353 3278 3420 infra
3314 3366 3432 3419 cap.
3476 3351 3533 3417 4,
3580 3365 3723 3406 nam.
3763 3352 3816 3418 7,

2299 3448 2417 3502 libri
2447 3460 2504 3502 ut
2533 3460 2644 3500 sua
2673 3443 2919 3500 Historiae
2947 3446 3215 3500 litterariae
3239 3443 3606 3513 Aquileiensis.

2301 3543 2393 3597 Est
2435 3541 2570 3595 alius
2613 3539 2821 3593 Cursus
2864 3537 3157 3593 Orientalis
3204 3553 3230 3590 a
3283 3546 3475 3592 sancto
3504 3538 3821 3592 (Iunonum

2227 3643 2283 3692 et
2326 3633 2640 3696 Heliodoro,
2685 3640 2738 3686 et
2780 3631 2939 3684 beato
2987 3630 3232 3693 Paulino,
3283 3644 3380 3683 seu
3427 3638 3479 3683 et
3523 3627 3824 3683 Athanasio

2228 3728 2484 3799 episcopo
2515 3725 2713 3788 editus,
2757 3725 2848 3796 qui
2880 3725 2933 3779 in
2966 3723 3242 3780 Gallorum
3290 3723 3686 3779 consuetudine
3714 3738 3822 3778 non

2230 3823 2461 3876 habetur
2493 3836 2507 3872 ε
2543 3834 2700 3890 quem
2750 3827 2970 3872 sanctus
3016 3816 3286 3871 Macarius
3340 3815 3671 3880 decantavit;
3719 3815 3825 3870 hoc

2229 3922 2333 3977 est,
2364 3924 2458 3982 per
2487 3909 2764 3965 duodenas
2797 3908 2979 3973 horas,
3012 3908 3113 3962 hoc
3140 3917 3242 3973 est,
3274 3915 3599 3977 unaquaque
3627 3907 3782 3960 hora.

2229 4074 2476 4143 Lugdun.
2523 4087 2640 4143 pag.
2670 4071 2795 4127 990.
2829 4070 2954 4124 Fnit
2981 4085 3110 4123 vero
3135 4069 3222 4124 hic
3249 4069 3578 4143 Chromatius
3606 4068 3827 4138 Episco-

2229 4131 2730 4217 puslAquiIeie‘nsis,
2762 4158 2867 4196 non
2896 4146 3174 4217 limitanus
3201 4159 3214 4195 :
3250 4131 3498 4217 quamvis
3525 4131 3821 4217 Romanus,

2232 4210 2498 4272 incertum
2529 4230 2634 4285 quo
2664 4228 2846 4279 sensu,
2894 4213 3189 4282 Episcopus
3228 4213 3392 4285 etiam
3441 4210 3826 4285 appelleturin

2228 4288 2388 4344 codd.
2436 4281 2567 4341 mss.
2611 4285 2754 4340 illius
2796 4281 2997 4352 scripta
3044 4283 3478 4336 cotttinentibus.
3535 4281 3697 4336 Forte
3735 4281 3829 4336 de-

2229 4363 2531 4429 scriptores
2557 4358 2685 4412 inde
2727 4351 2940 4424 decepti
2990 4354 3229 4420 fuerunt,
3261 4353 3400 4429 quod
3562 4351 3824 4429 Hieroni!-

2232 4423 2625 4485 mus'cnmdem
2655 4423 2888 4492 sanctum
2922 4443 3113 4494 papam
3140 4426 3494 4494 appellaverit
3531 4425 3692 4492 epist.
3733 4423 3824 4494 8i,

601 4493 870 4554 Caeterum
901 4497 1167 4551 Baronius
1197 4512 1534 4566 nequaquam
1567 4497 1765 4554 dubitat
1798 4518 1866 4554 an
1904 4503 1970 4556 sit
1999 4502 2127 4559 Hie-
2155 4502 2202 4560 D
2230 4503 2297 4555 ad
2328 4500 2582 4567 Ruﬁnum
2612 4508 2740 4553 tom.
2773 4497 2814 4562 l,
2846 4509 2901 4551 et
2923 4493 3048 4550 libr.
3075 4511 3112 4549 Il
3136 4493 3313 4567 contra
3341 4495 3604 4567 Ruﬁnum,
3633 4505 3763 4567 tom.
3785 4493 3825 4548 II

530 4572 732 4641 ronymi
755 4568 983 4644 epistola
1013 4568 1099 4622 illa
1123 4569 1190 4623 de
1212 4583 1314 4638 qua
1342 4567 1458 4644 ipse
1483 4569 1986 4644 iiilllartyrologium
2014 4573 2122 4627 Ro-

531 4639 760 4705 manum,
781 4658 897 4713 cap.
925 4642 990 4714 7;
1019 4657 1205 4695 verum
1231 4641 1482 4714 eamdem
1513 4639 2126 4714 Hieroniynto'absolute

528 4714 823 4781 abjudicat.
846 4712 907 4768 et
935 4712 1289 4780 impostnram
1316 4713 1532 4766 asserit.

606 4785 682 4856 (b)
715 4783 874 4856 Apud
915 4783 1165 4839 eumdem
1196 4782 1560 4839 Fontaninutn
1606 4785 1724 4841 loco
1753 4788 1935 4853 citato,
1977 4803 2127 4858 repe-

527 4857 690 4910 rietis.

591 4926 676 5050 (Sc)
709 4926 906 4981 Exstat
935 4926 1021 4981 hic
1050 4927 1204 4982 locus
1235 4943 1339 4983 non
1373 4927 1425 4983 in
1459 4927 1642 4984 libello
1678 4925 1759 4982 De
1804 4939 1917 4984 octo
1946 4927 2124 4984 Beati-

627 4998 820 5050 inibus.
870 4998 964 5050 sed
1017 4997 1070 5050 in
1118 4999 1352 5050 uuodam
1400 4999 1688 5050 Chromatii
1733 5001 2039 5050 fragmento
2070 5002 2122 5050 in

532 4997 820 5063 tudinibus,
870 4998 984 5072 sed;
1017 4997 1091 5072 in_
1118 4999 1352 5067 quodam
1400 4999 1688 5072 Chromatii
1733 5001 2039 5072 fragmento
2070 5002 2122 5057 in

531 5084 652 5139 cap.
693 5083 935 5134 nt,vers.
961 5069 1014 5138 4,
1044 5069 1232 5126 Matth.
1261 5082 1390 5126 tom.
1414 5071 1449 5126 γ
1481 5071 1739 5128 Bibliotb.
1763 5069 1866 5129 PP.
1892 5071 2118 5129 edition.

2304 4575 2360 4627 it.
2385 4572 2609 4632 Veron.,

2231 4575 2360 4628 edit.
2385 4575 2609 4632 Veron.,
2637 4583 2758 4639 pag.
2779 4575 2905 4622 5‘2".
2939 4575 3072 4623 Vide
3101 4578 3232 4622 tom.
3259 4575 3328 4622 λι
3352 4575 3440 4620 des
3468 4575 3742 4619 Mdmotrrs
3766 4575 3823 4619 de

2233 4644 2301 4698 Ι).
2364 4641 2640 4696 Tillemont
2661 4682 2673 4700 ,
2720 4655 2842 4710 pag.
2909 4639 3016 4695 53/;
3038 4681 3052 4701 ,
3084 4649 3136 4692 et
3170 4638 3230 4710 Q.
3260 4638 3492 4710 Ceilliec
3523 4635 3662 4710 litat.
3696 4639 3823 4710 gen.

2229 4715 2320 4769 des
2348 4724 2556 4767 antears
2575 4700 3004 4781 ecclesiastiques,
3022 4700 3155 4763 tom.
3187 4707 3255 4775 Χ,
3289 4725 3407 4779 pag.
3432 4708 3522 4762 82.
3555 4707 3628 4761 Ita
3655 4700 3826 4762 abbas

2228 4785 2558 4841 Frobenius.

2301 4859 2379 4926 (ά)
2410 4855 2509 4910 Alii
2537 4856 2736 4910 addunt
2765 4869 3007 4909 manens.

2305 4930 2376 5001 (ε)
2397 4928 2482 5001 At.
2516 4928 2690 4982 Unde.

2301 4997 2370 5070 (fi
2401 4998 2484 5053 At.
2515 4997 2910 5069 compassione.

2301 5070 2379 5145 (g)
2407 5072 2489 5125 At.
2527 5080 2657 5124 tant.

2637 4583 2758 4639 pag.
2779 4568 2905 4622 521.
2934 4567 3072 4623 Vide
3101 4578 3232 4639 tom.
3256 4566 3328 4639 XI
3352 4567 3440 4620 des
3468 4565 3742 4639 Mentoirrs
3766 4570 3830 4619 de
