4270 6176
352 202 461 258 517
1311 201 1359 256 J.
1405 200 1730 257 SICHARDI
1769 202 2103 258 EPISTULA
2147 203 2705 261 NUNGUPATORIA.
3555 207 3662 262 518

1269 435 1526 509 [ιιιιι]
1574 431 2019 496 LECTIONES
2061 431 2427 494 PROPRIIE
2445 478 2461 506 ,
2920 502 2926 507 θ

641 573 757 638 pro
786 549 1072 619 secundo
1101 551 1456 631 Nocturna,
1486 556 1567 618 ad
1598 545 1895 618 Officium
1923 545 2140 618 Sancti
2177 557 2547 620 Cnnomun
2580 545 2864 636 episc0pi
2896 551 3330 638 Aquileiensis
3363 581 3378 621 :

1565 698 1654 741 EX
1683 697 1974 756 LIBELLO,
2009 698 2115 742 CUI
2151 698 2421 743 TITULUS
2451 701 2466 740 Ξ

467 807 697 886 Ofﬁcia
726 805 1008 885 Propria
1037 803 1448 873 Sanctorum,
1481 822 1558 864 ea:
1583 803 1968 881 Apostolicw
1990 802 2172 864 Sedis
2197 802 2486 879 Indulto,
2527 801 2600 864 ab
2634 809 2904 884 utroque
2936 805 3228 867 Diaecesis
3264 806 3587 869 Utinensis

1728 905 1905 966 Clero
1949 904 2295 968 recitando.

831 1217 942 1287 DIE
982 1217 1025 1286 ll
1066 1215 1483 1288 DECEMBRIS.
1985 1241 2034 1298 Α
2136 1231 2391 1288 Ruﬁnum
2423 1233 2804 1306 presbyterum
2831 1278 2844 1302 ,
2901 1242 2958 1288 ut
3005 1235 3128 1291 linis
3157 1236 3380 1292 silentio
3421 1238 3670 1306 impone-

2139 1334 2291 1379 retur
2316 1367 2329 1390 ,
2381 1325 2808 1396 diligentissime
2851 1328 3082 1381 curavit.
3115 1328 3220 1384 Sed
3258 1330 3400 1398 piam
3435 1331 3669 1385 sanctis-

398 1370 467 1425 ln
507 1369 662 1426 Festo
715 1367 898 1425 Sancti
937 1369 1242 1426 Canentis
1295 1371 1523 1442 episcopi
1563 1371 1925 1442 Aquileiensis.
2139 1367 2278 1429 ’Ϊ’“ἶ’
2316 1367 2329 1390 ’
2381 1367 2806 1433 “”’δΪ””⁹“”ξ”Ϊ’
2851 1367 3220 1434 ,’““’”
3258 1367 3399 1435 ¹Ῐ¹¹’Ϊ”
3435 1367 3668 1385 "ww"-

2137 1435 2260 1472 smn
2313 1420 2569 1474 Prmsults
2612 1421 3038 1476 sollucntudtnem
3099 1439 3153 1478 tn
3201 1438 3398 1492 prmus
3443 1426 3668 1494 agnovit

360 1508 567 1568 Lscrto
611 1495 696 1565 IV.
751 1540 822 1550 —
870 1507 1220 1566 CHROIATIUS
1268 1524 1376 1564 una
1425 1525 1547 1564 cum
1582 1510 1823 1566 Eusebio
1855 1525 1965 1564 non
2138 1521 2360 1564 sanctus
2415 1511 2661 1567 Joannes
2711 1511 3182 1585 Cbrysostomus,
3242 1515 3400 1585 cujus
3441 1531 3663 1572 causam

438 1615 548 1659 tam
575 1613 768 1658 natura
804 1620 968 1675 quam
1022 1619 1236 1658 morum
1281 1599 1596 1673 aequalitate
1626 1618 1908 1673 germano,
1936 1619 1963 1657 a
2137 1603 2281 1670 apud
2327 1603 2623 1658 Honorium
2664 1605 3054 1675 Imperatorem
3093 1617 3240 1662 tanta
3289 1607 3396 1664 title
3443 1623 3508 1663 ac
3537 1609 3668 1664 reli-

434 1693 636 1751 terieris
658 1697 816 1751 annis
837 1695 1172 1767 Aquileiensi
1196 1696 1346 1751 clero
1369 1697 1644 1765 ascriptus
1665 1703 1770 1751 est.
1793 1695 1964 1765 Egre-
2138 1696 2301 1766 gione
2345 1695 2753 1752 defendendam
2801 1699 3068 1770 suscepit,
3122 1709 3179 1754 ut
3221 1702 3493 1756 sinceram
3525 1701 3670 1756 illius

430 1789 534 1860 giis
561 1797 789 1843 ornatus
831 1787 1101 1852 moribus,
1135 1795 1309 1842 totum
1340 1803 1400 1844 se
1450 1788 1562 1843 Deo
1593 1796 1754 1858 atque
1786 1788 1968 1843 eccle-
2139 1805 2200 1844 ac
2230 1788 2532 1844 ferventem
2561 1806 2686 1860 erga
2721 1805 2780 1845 se
2805 1791 3132 1846 charitatem
3163 1791 3668 1865 deniiratustry-

429 1882 668 1939 siasticis
692 1875 894 1938 studiis
911 1883 1279 1948 consecravit,
1313 1865 1364 1936 in
1385 1883 1671 1954 quibusita
1705 1881 1962 1953 proiecit,
2141 1890 2439 1947 sostomus,
2467 1881 2610 1937 datis
2647 1882 2712 1935 ad
2741 1898 2864 1937 eum
2899 1882 3117 1949 litteris,
3150 1885 3510 1940 vehementer
3539 1901 3661 1955 gra-

434 1969 493 2031 ut
544 1977 687 2032 inter
720 1976 1104 2046 Aquileienses
1134 1977 1366 2032 clericos
1409 1977 1662 2032 doctrina
1700 1987 1754 2032 et
1805 1991 1966 2033 sane.
2145 1975 2349 2031 lutatus
2378 1977 2474 2030 sit.

433 2070 584 2125 litate
617 2055 922 2126 emineret:
951 2070 1020 2126 ad
1063 2087 1293 2140 quorum
1321 2073 1589 2141 privatam
1614 2072 1874 2142 gloriam,
1907 2082 1969 2127 ut
2072 2067 2278 2124 LECTIO
2331 2067 2418 2122 Vl.
2469 2097 2542 2109 —
2583 2067 2871 2124 Sacrarum
2906 2068 3238 2124 Litterarum
3289 2068 3533 2124 studium
3561 2083 3667 2123 cae-

433 2147 622 2216 scribit
645 2173 868 2218 sanctus
894 2144 1288 2235 Hieronymus,
1323 2164 1547 2235 publica
1580 2164 1695 2219 haec
1729 2165 1970 2220 accessit
2144 2160 2298 2226 leris,
2321 2177 2444 2232 quae
2466 2171 2685 2232 pastore
2714 2162 2873 2232 digna
2897 2173 3046 2229 sunt,
3069 2164 3394 2218 muneribus
3424 2163 3672 2233 adiunxit

433 2264 486 2310 et
514 2257 702 2326 aperta
732 2241 1034 2322 confessio,
1077 2257 1223 2326 quod
1272 2271 1368 2326 per
1409 2271 1504 2310 eos
1533 2257 1602 2311 ab
1634 2257 1767 2313 urbe
1799 2256 1970 2326 Aqni-
2142 2271 2404 2325 semper;
2439 2255 2541 2321 vir,
2571 2255 2722 2310 Beati
2765 2257 3080 2328 Hieronymi
3125 2257 3418 2325 sententia,
3455 2260 3672 2328 episco-

434 2333 623 2401 leieusi
660 2343 849 2402 Ariani
885 2333 1159 2418 dogmatis
1180 2348 1334 2402 virus
1364 2333 1647 2404 exclusum
1679 2350 1800 2405 fuit.
1836 2352 1967 2407 Pre-
2147 2364 2338 2416 porum
2372 2346 2606 2420 (Luxu)
2649 2349 3054 2413 sanctissimus,
3098 2359 3262 2418 atque
3291 2350 3667 2404 doctissimus.

434 2441 672 2511 sbytera
695 2448 894 2496 sancto
909 2439 1203 2495 Valeriano
1232 2431 1540 2506 ordinatus,
1571 2443 1622 2496 in
1651 2431 1967 2513 ejuslocum
2147 2439 2278 2509 Ejus
2331 2441 2677 2511 potissimum
2739 2440 2959 2496 hortatu
3011 2442 3151 2496 idem
3203 2443 3440 2497 Sanctus
3469 2443 3672 2498 Doctor

438 2531 705 2587 suﬂ'ectus
723 2541 832 2598 est,
857 2542 1064 2603 atquea
1097 2542 1288 2588 sancto
1313 2534 1970 2591 Ambrosioconsecratus
2147 2531 2371 2586 Heln-ma
2421 2533 2692 2586 volumina
2727 2533 2896 2586 latino
2949 2548 3203 2588 sermone
3255 2535 3557 2599 tranSlu'il.
3609 2549 3672 2589 ac

403 2613 607 2677 TuiSse
639 2615 982 2693 perhibetur.
1637 2685 1641 2689 ,
1994 2637 2041 2696 Β
2141 2626 2538 2694 Prophetarum
2594 2626 2766 2680 libros
2833 2627 3252 2682 commentariis
3316 2628 3617 2683 illustrarit
3660 2672 3674 2694 ,

368 2715 570 2772 LECTIO
604 2717 666 2771 ν.
707 2747 780 2760 --
811 2717 1008 2772 Factus
1046 2719 1340 2788 episcopus
1371 2760 1385 2780 .
1432 2718 1706 2774 Nicaenam
1753 2717 1916 2776 ﬁdem
1949 2763 1962 2786 ,
2148 2723 2381 2788 quorum
2439 2719 2653 2788 aliquot
2700 2717 3008 2775 Cnnounu
3086 2721 3306 2774 nomine
3368 2720 3670 2790 inscripsit.

435 2823 485 2865 et
521 2811 872 2876 disr‘ipliuam
925 2813 1352 2866 ecclesiasticam
1403 2813 1671 2867 acerrime
1696 2814 1962 2870 defendit.
2145 2813 2432 2868 Tractatus
2467 2821 2521 2866 et
2565 2813 2682 2882 ipse
2707 2813 2881 2868 edidit
2916 2815 2966 2866 iu
3017 2814 3374 2882 Evangeliuni
3410 2813 3671 2881 Matthaei,

439 2888 798 2972 Origeniauos
838 2920 1060 2959 errares
1090 2907 1160 2958 ab
1191 2906 1340 2959 oinui
1375 2915 1482 2960 tam
1512 2905 1778 2974 Orientis,
1805 2924 1965 2977 quam
2140 2904 2452 2959 eruditione
2482 2919 2544 2960 ac
2571 2907 2773 2974 pietate
2800 2903 3062 2974 insignes.
3096 2905 3340 2974 Denique
3359 2920 3482 2958 cum
3504 2905 3674 2972 Aqui-

439 2996 755 3053 Occidentis
829 2996 1242 3053 Catholicorum
1297 2997 1510 3070 synodo
1587 3001 1963 3069 proscriptos,
2144 2999 2402 3054 leiensem
2438 2999 2745 3053 Ecclesium
2787 3014 2959 3054 annos
3009 2999 3385 3070 duodeviginti
3431 2998 3669 3051 sanctis-

441 3091 556 3157 pari
602 3098 659 3144 et
703 3090 819 3158 ipse
869 3092 1141 3145 sententia
1167 3105 1288 3145 cum
1321 3100 1509 3145 sancto
1545 3093 1836 3147 Anastasio
1863 3089 1969 3148 lto-
2145 3091 2280 3146 sime
2327 3093 2582 3155 rexisset,
2621 3093 2686 3146 ad
2719 3093 2998 3147 caelestem
3041 3092 3208 3146 vitam
3261 3102 3461 3162 quarto
3493 3091 3675 3146 Nonas

443 3196 604 3235 mano
634 3181 901 3237 Pontiﬁce
929 3182 1208 3237 damnavit
1239 3201 1250 3236 :
1283 3185 1597 3255 exortisque
1625 3184 1751 3239 inde
1779 3185 1969 3240 simul-
2152 3186 2467 3241 Decetnbris
2495 3186 2771 3255 migravit.

442 3271 644 3327 tatibus
689 3273 833 3328 inter
887 3273 1141 3328 eumdem
1199 3269 1485 3329 doctorem
1533 3277 1872 3340 maximum,
1917 3287 1970 3330 et

1491 3509 1794 3583 [unm]
1822 3508 1870 3567 T
1892 3507 2174 3571 ITULU
2192 3509 2232 3570 S

494 3624 721 3686 Prima
747 3623 1046 3687 editionis
1075 3625 1478 3706 Scriptorum
1505 3629 1710 3689 sancti
1743 3629 2112 3691 CHROMATII
2137 3631 2437 3711 Episcopi
2460 3623 2918 3710 Aquileiensis,
2943 3649 3069 3693 una
3099 3649 3241 3692 cum
3272 3629 3553 3707 Epistola

1445 3753 1921 3830 nuncupatoria
1951 3753 2220 3816 Joannis
2257 3754 2568 3816 Sichardi.

1773 3906 2226 3980 CHROMATll
2255 3963 2272 3993 ,

1510 4041 1859 4103 doctissimi
1893 4042 2192 4120 Episcopi
2224 4043 2496 4104 Romani
2524 4083 2543 4116 ,

645 4185 707 4228 IN
741 4186 769 4225 ν
809 4173 890 4228 ιἰ·
927 4185 1011 4230 vs.
1051 4177 1258 4231 caput
1289 4185 1599 4231 numam
1629 4185 2074 4244 DISSERTATIO,
2097 4173 2310 4240 ATQUE
2342 4183 2406 4229 IN
2437 4174 2656 4231 sonitm
2685 4173 2940 4229 aeneae
2974 4181 3411 4227 DECLAMATIO.

1413 4281 1570 4365 Quae
1599 4307 1770 4352 nunc
1797 4291 2077 4372 primum
2106 4289 2259 4354 sunt
2289 4297 2353 4353 et
2384 4295 2568 4353 eruta
2601 4339 2618 4368 ,

1415 4393 1495 4455 Et
1523 4395 1585 4455 in
1621 4394 1829 4456 lucem
1861 4383 2058 4469 edita,
2094 4387 2365 4456 Basilete
2394 4413 2512 4476 per

1421 4496 1734 4560 Adamum
1768 4495 2050 4570 Petrum,
2083 4496 2302 4558 Mense
2335 4496 2595 4572 Martio,

1934 4618 2120 4680 Anno

1796 4743 1867 4799 Μ.
1910 4741 1976 4798 D.
2017 4739 2257 4800 XXVIII.

1582 4859 1742 4923 Cum
1767 4859 1977 4941 gratia
2011 4866 2068 4920 et
2101 4858 2466 4939 privilegio.

701 5161 1038 5220 EPISTOLA
1077 5157 1637 5218 NUNCUPATORIA.
2083 5159 2381 5212 suavissime
2410 5173 2608 5214 summo
2634 5160 2948 5224 animorum,
2976 5159 3411 5232 consiliorumque
3455 5161 3687 5214 omnium

385 5257 968 5322 SIGISIUNMILSUNGO,
1002 5247 1258 5321 Patricio,
1287 5259 1336 5308 et
1363 5253 1568 5307 Decano
1602 5249 1846 5305 Ecclesia:
1867 5249 1974 5302 divi
2083 5268 2334 5305 consensu
2360 5262 2551 5317 actam,
2584 5270 2688 5307 non
2714 5253 2944 5321 potueris
2971 5252 3178 5308 tandem
3212 5254 3464 5324 imperare
3485 5251 3601 5317 tibi,
3634 5261 3690 5304 ut

455 5336 850 5421 Mauritiiapud
865 5343 1381 5420 August.Vindelii:.,
1402 5344 1975 5412 JOaNlVJ-ZSSICHARDUS.
2083 5346 2163 5399 vel
2192 5348 2254 5399 de
2281 5347 2648 5415 ﬂorentissima
2673 5364 2752 5402 me
2794 5352 3122 5420 fortunarum
3155 5360 3362 5402 tuarum
3398 5345 3690 5398 accessione

458 5428 572 5500 Non
602 5463 716 5499 sum
746 5461 812 5498 ex
845 5459 1022 5498 eorum
1054 5456 1286 5504 numero,
1319 5425 1686 5492 humanissime
1737 5433 1976 5508 Ilsunge,
2082 5439 2322 5495 redderes
2343 5442 2613 5495 certiorem
2637 5459 2657 5509 ;
2689 5442 2744 5495 id
2766 5442 2903 5513 quod
2929 5444 3094 5496 solent
3125 5443 3257 5495 alias
3285 5441 3374 5511 qui
3401 5435 3481 5490 vel
3513 5437 3696 5490 leuiter

383 5541 467 5610 qui
515 5556 577 5594 ex
625 5541 911 5594 litterarum
955 5535 1118 5607 oﬂicio
1170 5534 1455 5588 aniicitiam
1509 5535 1818 5610 magnopere
1875 5531 1980 5582 nie-
2083 5542 2285 5598 amant,
2314 5533 2516 5587 scilicet
2549 5549 2665 5587 eum
2696 5550 2799 5587 non
2827 5532 3090 5606 vulgarem
3113 5531 3419 5583 arbitrantes
3453 5525 3694 5581 lautioris

387 5631 564 5697 tiatur,
627 5619 824 5704 alioqui
873 5631 991 5705 j'dlit
1041 5619 1241 5702 pridiani
1269 5629 1300 5685 ὃ
1324 5629 1403 5682 me
1438 5609 1528 5682 tibi
1560 5619 1690 5680 estet
1735 5624 1979 5677 remissus
2092 5624 2319 5694 fortuna:
2343 5625 2593 5695 fructum,
2618 5644 2677 5680 ea
2701 5627 2746 5679 si
2765 5615 3166 5695 quatnplurimis
3189 5623 3494 5674 imiotescat.
3516 5619 3702 5686 Quan-

388 5727 626 5794 nuntius,
658 5726 746 5798 qui
775 5733 887 5796 post
919 5725 1257 5779 arctissimant
1289 5711 1698 5795 familiaritatem
1731 5718 1860 5772 inter
1891 5733 1980 5772 nos
2086 5721 2197 5776 talo
2249 5723 2392 5776 enim
2445 5723 2509 5777 ab
2554 5725 2680 5794 ipsis
2727 5722 2968 5776 sordibus
3015 5717 3529 5790 ignorat¢,_distant
3576 5713 3721 5784 divig
