4172 6182
488 263 594 322 519

1525 260 1584 316 S.
1626 255 2077 317 CllBOMATlUS
2116 257 2224 317 ΕΡ.
2262 253 2763 325 AQUILEIENSIS.

3686 253 3792 311 39.0

484 383 570 437 tite
589 383 616 438 .7
645 379 724 435 Tu
749 396 868 436 vero
896 390 1166 453 postquam
1193 378 1312 432 hinc
1340 375 1619 430 Patavium
1659 375 1951 429 concessisti
1981 391 2086 428 una
2113 374 2166 436 Α
2189 389 2312 427 sane
2333 373 2623 443 plurimum
2648 370 2864 424 Mathiae
2887 385 2919 424 a
2948 369 3290 433 Sarwcastro,
3325 370 3662 425 Treverorum
3697 370 3794 443 0f-

485 491 602 529 cum
646 473 884 530 Servatio
912 489 944 525 a
974 468 1326 536 Scibolsdorf.
1376 467 1709 521 ornatissimo
1739 467 2085 530 adolescente,

486 583 548 621 ne
572 565 783 638 quidem
804 565 1009 619 interim
1035 562 1104 616 ad
1126 579 1204 620 me
1224 559 1288 615 de
1308 559 1663 614 communibus
1684 559 1834 613 rebus
1856 559 2085 615 verbum.

490 659 643 726 Quod
701 669 755 712 ut
805 674 906 712 non
954 653 1240 730 [Lxxxtv]
1279 654 1400 709 libet
1451 653 1658 727 gravius
1703 653 2085 718 interpretari,

487 752 562 805 ita
607 762 776 819 partes
806 748 937 803 mihi
976 748 1218 802 videntur
1245 757 1366 806 tute.
1394 761 1501 800 non
1527 746 1840 798 committere
1877 756 1932 798 ut
1960 745 2091 798 ami-

487 841 631 907 citia,
656 857 774 913 qua:
803 840 1000 913 magnis
1026 839 1166 893 ultro
1189 838 1417 910 citroque
1445 836 1704 906 beneﬁciis
1735 836 1948 900 coaluit,
1975 852 2094 907 per-

493 934 652 988 tinaci
686 934 777 987 illo
818 932 1024 988 silentio
1053 931 1296 985 dissiliat.
1335 928 1446 1000 Ego
1473 945 1596 982 sane
1623 927 1692 981 ad
1720 944 1798 981 me
1822 927 1960 998 quod
1987 944 2094 996 per-

493 1025 639 1087 tinet,
670 1025 742 1078 ita
771 1025 927 1078 etiam
957 1039 1092 1078 nunc
1142 1023 1467 1076 dulcissimos
1517 1020 1737 1074 absentis
1769 1020 1842 1073 tui
1903 1036 2091 1085 mores,

493 1119 860 1190 ingeniumque
901 1117 1200 1182 exosculor,
1247 1125 1302 1169 ut
1345 1114 1414 1170 ad
1434 1113 1658 1168 solidam
1685 1114 1983 1183 felicitatem
2011 1114 2097 1167 via:

492 1228 640 1284 teque
666 1213 948 1283 quidquam
982 1210 1156 1264 deesse
1191 1208 1317 1263 mihi
1347 1209 1708 1278 persuadeam,
1740 1223 1801 1260 ac
1821 1206 2096 1262 tuisimilis

495 1304 731 1376 alicujus
782 1302 1316 1357 contubernalitatem.
1376 1299 1540 1372 Cujus
1570 1300 1644 1353 rei
1672 1310 1975 1370 argumento
2002 1299 2098 1351 erit

495 1394 850 1452 Canosts'rws
888 1396 1184 1458 hicnoster,
1226 1410 1326 1446 non
1366 1408 1478 1446 meo
1525 1401 1743 1456 tantunt,
1785 1390 1874 1443 sed
1921 1401 1968 1443 et
1994 1389 2124 1442 divi'

503 1487 810 1558 H-eronymi
854 1486 1069 1558 judicio
1124 1486 1485 1556 episcoporum
1541 1482 1892 1548 doctissimus,
1950 1497 2100 1552 quem

498 1580 838 1652 nuncupatim
893 1579 982 1632 tibi
1028 1577 1383 1640 inscribimus,
1443 1591 1561 1627 cum
1626 1584 1683 1627 ut
1742 1587 2100 1643 expugnemus

499 1671 690 1725 diutini
733 1669 870 1725 illud
916 1671 1108 1724 silentii
1151 1669 1226 1722 tui
1279 1668 1551 1722 consilium
1583 1683 1603 1720 .'
1643 1677 1750 1720 tum
1781 1674 1835 1718 ut
1865 1682 1929 1719 ea:
1960 1673 2104 1734 parte

2195 468 2379 538 ﬁciali,
2404 467 2512 521 viro
2545 465 2833 519 eruditione
2861 473 2908 518 et
2956 464 3140 533 pietate
3172 463 3450 536 singulari,
3482 464 3571 530 qui
3599 481 3689 536 per
3717 481 3796 519 tne

2194 573 2251 616 ut
2278 562 2511 616 ederetur
2550 561 2900 629 superioribus
2937 558 3192 614 mensibus
3221 575 3287 613 ea:
3333 561 3677 614 vetustissimo
3706 576 3797 613 co-

2196 654 2308 708 dice
2338 654 2473 707 hunc
2513 653 2830 720 deseriptum
2854 653 3109 715 submisit,
3158 661 3207 704 et
3255 660 3308 704 ut
3363 660 3679 704 maturari-ut
3716 652 3800 705 in-

2195 763 2347 818 super
2390 747 2594 800 institit.
2637 744 2771 798 Tum
2797 747 2839 798 si
2868 746 2994 814 quid
3029 753 3178 816 putas
3202 743 3270 796 ad
3298 761 3390 797 nos
3420 746 3576 796 etiam
3620 744 3800 814 gratiae

2198 840 2453 910 perveniri
2491 839 2693 905 debere,
2735 855 2837 892 non
2875 827 3150 908 repugno;
3198 854 3290 892 nrc
3328 838 3463 891 enim
3493 840 3536 891 is
3574 855 3687 892 sum
3718 841 3803 893 cui

2197 951 2384 988 cornea
2435 935 2503 988 sit
2550 934 2682 1001 libra
2713 942 2925 986 :tamen
2964 933 3278 996 persuadeas
3322 932 3412 985 tibi
3457 934 3634 995 velim,
3665 932 3802 986 hanc

2198 1026 2288 1079 abs
2332 1037 2381 1078 te
2427 1026 2556 1078 mihi
2605 1026 2788 1081 referri
2830 1024 3053 1091 affatim,
3108 1024 3153 1077 si
3185 1024 3416 1077 libellum
3446 1039 3582 1077 nunc
3620 1039 3802 1077 recens

2199 1116 2395 1172 editum
2425 1116 2519 1169 sub
2551 1116 2778 1169 nominis
2811 1117 2886 1169 tui
2921 1115 3180 1183 auspicio,
3233 1124 3280 1168 et
3331 1113 3602 1185 legendum
3632 1127 3681 1169 et
3714 1117 3806 1168 de-

2201 1211 2518 1281 fendendum
2538 1210 2629 1263 tibi
2646 1215 2820 1262 desum
2829 1209 2993 1276 pseris
3014 1224 3032 1261 :
3049 1224 3200 1277 quem
3216 1208 3277 1260 ob
3298 1208 3353 1260 id
3374 1210 3596 1261 maxime
3611 1208 3809 1261 calum-

2203 1303 2301 1356 niis
2321 1303 2667 1372 quorumdaut
2690 1302 3066 1374 t‘ittligatorum
3089 1299 3371 1353 obnoxium
3395 1302 3508 1359 {ore
3520 1301 3805 1368 credimus,

2201 1398 2340 1465 quod
2373 1394 2638 1447 Romanus
2664 1394 2708 1446 is
2738 1393 2894 1463 fuerit
2933 1392 3182 1452 Antistes,
3213 1407 3327 1458 qua:
3371 1391 3449 1445 vel
3502 1392 3653 1444 unica
3678 1406 3806 1445 ansa

2205 1487 2469 1539 nonnullis
2527 1485 2681 1539 hodie
2731 1485 2935 1538 videtur
2982 1483 3426 1549 commodissima,
3479 1500 3586 1554 qua
3630 1499 3807 1550 repre-

2204 1579 2362 1632 hendi
2407 1581 2571 1650 possit
2617 1577 2874 1650 quidquid
2927 1579 2993 1632 sit
3030 1594 3272 1646 umquam
3304 1579 3367 1630 ab
3398 1576 3501 1630 hoc
3527 1576 3806 1631 hominum

2208 1688 2392 1744 genere
2416 1673 2494 1726 vel
2522 1673 2804 1740 cogitatum
2827 1671 3004 1724 etiam.
3032 1669 3132 1722 Diu
3159 1687 3277 1724 vero
3303 1669 3655 1732 substitimus,
3686 1676 3809 1724 dum

497 1768 681 1819 saltem
711 1764 890 1835 aliqua
916 1762 1005 1816 tibi
1034 1766 1150 1817 vita:
1185 1777 1313 1816 mea:
1335 1762 1468 1815 ratio
1509 1767 1723 1825 constet,
1753 1758 1877 1812 dum
1902 1758 2104 1812 nullant

2210 1786 2311 1822 non
2348 1768 2474 1822 satis
2524 1769 2705 1838 liquet,
2736 1765 2828 1818 ille
2863 1782 2926 1819 ne
2955 1764 3112 1834 fuerit
3155 1761 3528 1828 Cultounws,
3563 1766 3633 1816 ad
3659 1779 3809 1834 quem

498 1857 641 1913 nobis
683 1874 863 1911 curam
898 1858 1151 1921 potiorem
1177 1856 1413 1909 ducimus
1443 1871 1525 1918 ea,
1557 1870 1673 1918 qua:
1701 1851 1940 1907 eruendis
1968 1863 2101 1904 vete-

496 1966 611 2004 rum
649 1951 857 2020 scriptis
905 1958 1012 2002 tota
1055 1948 1301 2002 desudat.
1336 1947 1454 2014 Quo
1479 1948 1532 2000 in
1561 1961 1762 2018 genere,
1793 1944 1963 1997 dicam
1989 1959 2102 1996 ma-

497 2042 704 2112 gniﬁce,
740 2056 852 2094 vere
883 2051 1051 2093 tamen
1083 2039 1308 2101 interim,
1333 2038 1624 2105 dispeream
1644 2038 1689 2090 si
1719 2053 1821 2090 non
1843 2034 2102 2089 Cumula-

499 2145 620 2186 'I'IIJS
642 2131 727 2184 hic
745 2133 812 2184 sit
839 2132 1047 2204 dignus,
1070 2131 1156 2201 qui
1176 2146 1280 2184 non
1298 2130 1464 2183 solum
1507 2131 1706 2202 legatur
1750 2128 1813 2182 ab
1859 2127 2099 2191 eruditis,

495 2223 586 2276 sed
611 2235 658 2277 et
687 2224 949 2277 ediscatur
981 2239 1000 2277 :
1031 2233 1172 2276 tanta
1201 2232 1275 2277 est
1301 2227 1550 2277 sermonis
1581 2222 1856 2292 elegantia,
1889 2231 1940 2275 et
1968 2231 2103 2274 trac-

499 2312 646 2367 tandi
683 2313 844 2387 hujus
874 2316 1166 2384 argumenti
1192 2313 1437 2384 dignitas.
1465 2314 1650 2368 Divine
1676 2314 1811 2367 enim
1831 2313 2103 2383 exequitur

498 2422 559 2460 ea
601 2411 707 2477 fere
749 2410 1082 2476 omnia,qute
1120 2409 1272 2462 hodie
1298 2417 1418 2462 sunt
1459 2410 1520 2461 de
1547 2407 1816 2477 Buptismo
1851 2424 1910 2462 ac
1937 2405 2101 2460 Jura-

501 2510 670 2554 mento
714 2512 893 2555 vocata
957 2504 1010 2556 in
1062 2504 1481 2565 controuersiam.
1537 2501 1656 2568 Qua
1699 2503 1754 2557 in
1797 2519 1852 2555 re
1893 2501 2093 2556 debebis

2213 1861 2566 1932 Hieronymus
2609 1873 2716 1913 tant
2772 1862 2935 1913 multa
2986 1859 3295 1928 honoriﬁce.
3358 1858 3465 1914 Sed
3506 1876 3621 1912 eum
3661 1859 3810 1914 nobis

2209 1959 2512 2027 scrupulum
2563 1954 2780 2008 Albinus
2810 1955 2862 2007 in
2892 1953 3068 2007 libello
3108 1961 3293 2006 contra
3325 1950 3580 2006 eresim
3614 1951 3810 2006 Felicis

2211 2050 2417 2105 exemit.
2467 2046 2553 2099 ubi
2607 2047 2910 2098 nominatim
2940 2059 3180 2112 magnum
3227 2045 3386 2115 hujus
3407 2041 3571 2096 libelli
3607 2051 3810 2110 pattt-m

2215 2149 2473 2211 percenset
2513 2156 2628 2192 cum
2657 2137 3040 2209 perhonoriﬁca
3069 2134 3374 2190 Cultountt
3415 2136 3664 2189 antistitis
3699 2134 3806 2188 llo-

2212 2233 2350 2287 mani
2376 2233 2702 2302 prtefatione.
2746 2228 2887 2288 Vale.
2919 2229 3312 2288 humamssime,
3337 2227 3578 2297 idemque
3601 2227 3803 2281 charis-

2207 2330 2334 2383 sime
2393 2327 2630 2397 llsnuge.
2700 2324 2923 2379 Basilete
2973 2340 3037 2376 ea:
3088 2322 3287 2378 aedibus
3344 2323 3570 2388 nostris,
3633 2339 3806 2378 mense

2209 2426 2426 2491 Martio,
2454 2425 2553 2479 Au.
2589 2422 2667 2478 Μ.
2695 2421 2765 2476 ι).
2793 2418 3082 2476 XXVIII.

523 2639 3808 2670 _______________________________—____——.

1135 2755 1404 2831 [Lxxxv]
1451 2753 1552 2814 DE
1597 2753 1658 2814 S.
1709 2751 2192 2815 CHROMATIO
2236 2749 2608 2813 ANDREAS
2653 2747 3164 2810 GALLANDIUS

543 2881 612 2943 In
643 2880 1108 2961 Prolegomenis
1138 2880 1218 2941 ad
1247 2886 1490 2942 tomum
1527 2880 1672 2940 VIII
1703 2878 2110 2940 Bibliotheca
2166 2878 2451 2940 Veterum
2482 2855 2750 2935 Patrum
2784 2873 3330 2953 Antiquorumque
3356 2871 3766 2954 Scriptorum

1418 2980 2038 3054 Ecclesiasticorum,
2075 2978 2286 3056 capite
2316 2997 2426 3050 xv,
2459 2994 2600 3060 pag.
2639 2993 2878 3039 xxvm.

577 3270 616 3325 l.
659 3269 1028 3336 Chromatius,
1060 3269 1203 3325 inter
1223 3267 1534 3325 Occidentis
1577 3267 1866 3338 episcopos
1897 3267 2100 3322 sancti-
2129 3268 2175 3332 C
2206 3266 2322 3322 dori
2353 3267 2607 3322 Altinotis
2645 3267 2910 3338 episcopi,
2953 3268 3045 3337 qui
3093 3283 3217 3323 cum
3269 3268 3607 3338 Aquileiensi
3639 3269 3809 3324 sacris

504 3373 619 3420 tate
649 3379 712 3419 ac
748 3363 998 3418 doctrina
1029 3363 1279 3429 insignis,
1321 3363 1374 3416 in
1407 3361 1537 3417 sede
1569 3361 1903 3431 Aquileiensi
1946 3361 2105 3416 Vale-

506 3456 660 3512 riano
680 3455 968 3517 sui-cessit.
1000 3457 1087 3526 qui
1122 3471 1154 3511 e
1182 3455 1319 3509 vivis
1350 3467 1663 3511 excesserat
1694 3471 1839 3511 anno
1868 3455 1975 3510 588
2002 3452 2103 3525 (a).

511 3548 639 3618 Ejus
668 3547 1066 3604 ordinationem
1101 3557 1374 3617 peractam
1409 3548 1580 3605 luis~e
1605 3566 1633 3602 a
1657 3556 1847 3604 sancto
1881 3549 2110 3602 Ambro-

511 3643 595 3700 sio
633 3646 889 3714 episcopo
913 3642 1325 3708 Mediolanensi,
1359 3659 1523 3712 quem
1555 3658 1622 3698 eo
1664 3652 1910 3712 tempore
1951 3643 2110 3712 Aqui-

512 3736 627 3790 leiae
651 3736 988 3790 constitutum
1021 3735 1182 3789 tradit
1210 3734 1471 3790 Paulinus
1495 3733 1597 3806 (b),
1627 3735 1863 3805 conjecit
1886 3750 2110 3804 magnus

514 3827 778 3883 Baronius
822 3825 913 3900 (c).
972 3827 1136 3898 Cujus
1174 3828 1394 3898 quidem
1437 3830 1762 3883 sententiam
1806 3827 2111 3882 Fontanino

512 3918 654 3974 haud
697 3921 979 3988 probatam
1013 3919 1127 3988 (ιι),
1170 3919 1284 3973 viro
1323 3921 1488 3974 docto
1535 3930 1799 3974 assertum
1840 3921 2110 3988 comperi-

515 4026 636 4066 mus
665 4013 759 4083 (e).
806 4011 954 4067 Inter
983 4014 1106 4066 novi
1156 4011 1412 4066 Prtesulis
1443 4012 1631 4067 laudes
1664 4012 1795 4067 illud
1838 4013 2113 4083 praecipue

513 4105 926 4170 attendendum,
950 4105 1095 4176 quod
1123 4106 1221 4174 ipsi
1253 4106 1506 4161 amicitie
1536 4108 1966 4163 necessitudines
1990 4124 2111 4163 cum

512 4199 741 4255 summis
771 4198 918 4255 illius
949 4201 1294 4268 tempestatis
1334 4200 1464 4256 viris
1497 4201 1935 4266 intercesserint,
1977 4201 2112 4258 Am-

516 4290 726 4358 brosio,
750 4293 1101 4364 Hieronymo,
1125 4293 1335 4348 Joanne
1354 4291 1772 4366 Chrysostomo,
1800 4295 2112 4360 “t'llOdOl’O,

519 4392 683 4453 atque
729 4383 946 4441 Ruﬁno.
985 4385 1047 4440 Et
1076 4385 1144 4440 ab
1171 4383 1466 4441 Ambrosio
1495 4385 1710 4456 quidem
1742 4384 2114 4454 Chromatius,

517 4490 640 4530 cum
674 4477 912 4532 maximo
959 4492 1234 4533 sacrarum
1276 4478 1578 4533 litterarum
1612 4479 1793 4532 studio
1840 4478 2113 4550 ﬂagraret,

519 4567 753 4638 primum
802 4570 982 4639 petiit,
1024 4578 1083 4625 ut
1117 4570 1220 4627 sibi
1260 4570 1463 4642 aliquid
1517 4586 1549 4626 e
1585 4570 1788 4626 divinis
1837 4572 2116 4627 codicibus

2209 3364 2407 3419 litteris
2432 3363 2748 3420 excolendis
2779 3377 3000 3432 operam
3033 3363 3216 3428 dabat,
3245 3364 3500 3431 precibus
3529 3373 3808 3430 exoratus,

2207 3454 2332 3509 libri
2380 3455 2564 3509 Tohim
2604 3455 2826 3510 latinam
2861 3457 3169 3510 versionem
3210 3472 3240 3510 e
3267 3455 3522 3512 Chaldaeo
3552 3471 3809 3512 sermone

2211 3549 2497 3604 adornavit
2529 3546 2606 3620 (g)
2638 3567 2652 3604 :
2691 3561 2800 3603 tum
2833 3561 3064 3618 utroque
3097 3551 3329 3618 prmsuie
3360 3550 3634 3614 hortante,
3666 3550 3812 3604 inse-

2212 3653 2412 3712 quente
2451 3659 2593 3696 anno
2633 3641 2730 3696 591
2800 3642 3308 3711 interpretatioocm
3369 3643 3814 3707 l’roverhiorum,

2215 3735 2577 3802 Ecclesiaste,
2605 3744 2655 3789 et
2690 3734 2903 3788 Cantici
2929 3734 3276 3789 Canticorum
3324 3734 3390 3788 ad
3419 3749 3515 3788 eos
3548 3733 3806 3788 transmi-

2215 3833 2318 3895 sit;
2373 3829 2902 3885 Con'nneutariorum
2935 3827 3144 3882 scilicet
3185 3829 3304 3883 loco
3330 3829 3383 3882 iu
3422 3827 3584 3891 Osee,
3617 3825 3811 3896 Amos,

2216 3925 2557 3990 Zachariam,
2583 3932 2638 3978 «ιι
2669 3925 3007 3990 Malachiam,
3029 3941 3166 3994 quos
3185 3924 3252 3977 ah
3280 3922 3472 3978 iisdettt
3506 3921 3812 3992 postulatos

2214 4019 2524 4089 scripsisset,
2553 4018 2596 4070 si
2626 4017 2851 4070 licuisset
2883 4032 2990 4080 prce
3018 4016 3330 4078 valetudine,
3361 4025 3415 4069 ttt
3449 4017 3674 4083 ipsemet
3709 4024 3818 4068 tes-

2219 4121 2361 4164 tatur
2384 4109 2487 4180 (h).
2520 4108 2600 4162 Ad
2631 4107 2746 4162 lucc
2777 4122 2921 4162 anno
2959 4106 3262 4162 5921nbros
3291 4106 3430 4160 duos
3467 4104 3819 4161 Commenta-

2215 4204 2419 4261 riorum
2453 4205 2504 4259 in
2538 4203 2856 4272 prophetam
2889 4202 3139 4258 Habacuc
3185 4203 3274 4255 uni
3306 4198 3624 4255 Chromatio
3673 4216 3819 4254 nun-

2216 4299 2458 4370 cupavit,
2487 4297 2577 4368 qui
2610 4297 2768 4367 hujus
2796 4296 3075 4366 prophelte
3099 4295 3416 4348 historicum
3445 4304 3499 4349 et
3524 4293 3815 4349 litteralem

2219 4407 2439 4448 sensum
2468 4389 2535 4444 ab
2564 4406 2630 4444 eo
2667 4392 2971 4460 expetierat
3001 4386 3085 4458 (ὅ).
3132 4387 3372 4455 Denique
3397 4385 3466 4439 ab
3498 4385 3616 4453 ipso
3647 4383 3817 4452 Aqui-

2218 4484 2409 4540 leiensi
2458 4483 2716 4550 episcopo
2762 4479 3018 4548 impulsus
3051 4477 3435 4548 Hieronymus,
3486 4486 3544 4529 ut
3596 4474 3818 4530 Hebrum

2221 4578 2482 4632 volumina
2526 4573 2770 4648 [Lxxxw]
2798 4573 2984 4627 Latino
3015 4587 3247 4626 sermone
3286 4574 3587 4641 transferret
3617 4567 3721 4640 (j),
3751 4567 3820 4624 ad

517 4673 832 4732 excerptum
859 4662 1322 4734 explanatumque
1353 4663 1642 4735 dirigeret;
1667 4665 1753 4719 cui
1782 4680 1989 4721 morem
2019 4681 2115 4736 ge-
2148 4653 2202 4713 Ι)
2227 4685 2350 4726 eum
2397 4685 2540 4723 anno
2567 4669 2672 4724 597
2719 4674 2821 4722 τῶν
2871 4665 3330 4736 Paralipomenon
3380 4663 3693 4718 versionem
3746 4660 3820 4715 di-

519 4768 648 4810 reus
701 4755 1123 4812 Mediolaneusis
1179 4759 1452 4822 antistes,
1505 4757 1843 4829 prophetiam
1893 4758 2116 4815 Balaam

517 4857 829 4904 enarratam
862 4848 1146 4918 epistolari
1172 4850 1577 4906 schediasmate
1618 4852 1997 4921 perferendam
2027 4868 2123 4908 cu-

523 4941 661 4997 ravit
713 4942 784 5013 (f)
844 4957 987 4997 anno
1037 4944 1258 5000 circiter
1289 4945 1416 5002 390.
1455 4945 1593 5014 Quid
1638 4962 1801 5015 porro
1858 4947 2125 5021 Hierony-

525 5035 691 5090 mus?
720 5035 769 5090 Is
795 5036 1051 5094 videlicet
1081 5037 1273 5096 eodem
1312 5054 1477 5106 anno,
1504 5040 1804 5097 Cbromatii
1847 5050 1903 5097 et
1941 5041 2124 5097 Helio-

599 5202 677 5291 (a)
712 5201 1418 5291 Pertialrd._ltl.d‘e'preis,
1440 5202 1907 5259 Monum.Eccles.
1941 5203 2126 5274 Aquil.

526 5290 687 5412 capi?
712 5273 1092 5429 ἶεῗιξιῖιῗ.
1112 5275 1410 5408 lini-2's,
1440 5345 1468 5416 ς
1508 5345 1600 5400 2t.

597 5347 676 5492 lc)
723 5419 1008 5492 Euromus,
1039 5418 1106 5492 ad
1132 5418 1373 5492 an.588.
1408 5415 1435 5487 §
1469 5415 1560 5492 d4.

627 5419 676 5487 c)
723 5419 1008 5480 liaronius,
1039 5418 1106 5473 ad
1132 5433 1221 5472 an.
1245 5418 1373 5479 588.
1408 5415 1560 5487 984.

603 5487 686 5580 (ά)
728 5488 1046 5580 ῐτυιιιιξρίηη
1065 5489 1201 5545 l-list.
1223 5489 1456 5544 litterar.
1482 5487 1664 5558 Aquit.
1692 5487 1793 5543 lib.
1816 5504 1899 5555 ιιι,
1929 5504 2050 5559 cap.
2069 5490 2125 5558 Ζ,

530 5561 560 5632 ⁵
1007 5632 1077 5688 Μ.
1107 5631 1175 5687 de
1196 5631 1418 5701 Rubeis,
1438 5632 1680 5688 Monum.
1703 5631 1914 5689 Eccles.
1935 5633 2118 5704 Aquil.

529 5703 661 5776 cap.
683 5707 773 5776 tt).
809 5703 838 5776 ς
872 5711 920 5771 l,
951 5719 1070 5775 pag.
1100 5705 1189 5760 90.

523 5803 529 5813 -
602 5771 670 5839 ll)
713 5770 1053 5844 Ambrosius,
1079 5777 1237 5848 epist.
1284 5770 1371 5843 50,
1421 5775 1559 5849 Opp.
1590 5785 1720 5839 tom.
1751 5773 1816 5847 ll,
1853 5789 1973 5850 pag.
2015 5770 2122 5833 993

2228 4761 2385 4818 rexit.
2424 4780 2443 4812 ‹
2481 4759 2607 4814 llaec
2637 4768 2767 4814 sunt
2789 4758 3069 4820 nimirum,
3093 4765 3151 4810 ut
3181 4755 3278 4810 viri
3318 4754 3610 4810 clarissimi
3641 4754 3822 4808 Vt-‘l'blS

2225 4866 2349 4909 utar
2378 4853 2476 4924 (lt),
2504 4850 2768 4906 doctrina:
2793 4865 2899 4920 qua
2941 4848 3169 4903 ﬂorebat
3193 4845 3526 4901 Chromatius
3560 4846 3822 4911 praeclara

2230 4948 2577 5003 testimonia:
2631 4945 2916 5014 ipsumque
2964 4942 3226 4996 discimus
3259 4941 3594 5012 praecipuum
3634 4948 3826 4996 aucto-

2226 5056 2342 5098 rem
2371 5038 2702 5110 Hieronymo
2727 5037 2918 5103 tuisse,
2949 5044 3007 5091 ut
3032 5035 3292 5092 eximium
3319 5034 3527 5091 Latina:
3554 5033 3824 5090 versionis

2226 5212 2282 5260 et
2311 5218 2429 5274 seq.

2302 5269 2404 5345 (9)·
2424 5273 2807 5345 Hieronymus,
2847 5270 3068 5345 Prtel‘at.
3098 5270 3176 5345 ad
3197 5269 3351 5326 Vers.
3372 5269 3606 5345 Tobiae.

2301 5342 2384 5415 (lt)
2425 5345 2593 5401 Idem.
2630 5342 2857 5398 't'ru-lat.
2880 5344 2948 5398 ad
2974 5342 3133 5398 Vers.
3163 5342 3449 5415 l’t_'ovt-rh..
3483 5351 3589 5396 etc.

2231 5491 2266 5546 ὴ
2302 5409 2376 5487 (ii
2407 5415 2829 5486 ldem,Prologo
2858 5416 2925 5470 ad
2989 5415 3084 5469 lib.
3135 5430 3152 5469 ι
3197 5412 3568 5469 Commentar.
3610 5412 3664 5467 in
3716 5409 3824 5467 Ha-

2270 5503 2424 5544 aCItc.

2270 5503 2424 5544 acuc.

2301 5561 2372 5629 (il
2414 5561 2580 5623 Idem,
2614 5558 2834 5614 Prmt‘at.
2869 5558 2936 5612 ad
2968 5557 3202 5625 Paralip.

2303 5627 2380 5706 (Ις)
2420 5632 2678 5706 Bernard.
2697 5631 2856 5706 M._dc
2879 5629 3106 5697 Bubeis,
3124 5629 3368 5684 Monum.
3402 5629 3612 5686 Eccles.
3638 5627 3822 5699 Aquili

2229 5703 2350 5776 cap.
2375 5710 2427 5770 1,
2464 5704 2492 5772 §
2524 5706 2577 5767 3,
2604 5717 2726 5773 pag.
2759 5703 2848 5757 93.

3600 5805 3609 5844 t
