4270 6176
372 154 474 215 39.1

1306 161 1374 218 ΙΝ
1410 162 1470 219 S.
1511 157 1971 219 CHROMATIUM
2009 154 2283 214 NOTITIA
2324 155 2719 217 GALLANDII.

3566 171 3674 226 529

370 270 708 326 voluminum
741 272 1101 329 Hebraeorum
1132 274 1522 346 aggrederetur
1561 291 1732 345 opus,
1765 275 1973 332 eidem-
1998 276 2055 337 Α
2078 269 2318 339 cupavit.
2357 270 2451 325 llis
2476 271 2703 342 aliisque
2732 272 2991 344 praeclare
3020 274 3191 343 gestis
3230 281 3453 330 sanctus
3486 287 3677 333 noster

369 380 475 435 que
498 368 607 434 jam
639 377 822 435 erepto
852 383 1068 421 manum
1095 368 1340 422 ultimam
1376 370 1699 437 imponeret.
1733 387 1753 420 ι

442 458 507 512 ll.
549 459 667 514 Jam
690 476 845 526 vero,
874 470 934 516 ut
956 462 1161 532 reliqua
1190 464 1461 532 praecipua
1487 462 1788 517 Cbromatii
1817 471 1971 533 gesta

367 567 794 623 prosequamur,
834 570 979 610 anno
1030 554 1138 610 404
1186 555 1316 611 sede
1363 554 1969 623 Constantinopolitana

364 645 597 713 depulso
623 656 678 701 et
703 648 753 700 in
778 648 1027 702 exsilium
1060 647 1287 702 detruso
1311 647 1521 703 Joanne
1552 647 1965 718 Cbrysostumo,

363 738 513 794 inter
540 738 850 795 Occidentis
876 742 1168 810 episcopos
1197 741 1287 811 qui
1323 756 1420 809 pro
1459 742 1579 811 ejus
1617 742 1969 797 restitutione

362 831 609 885 maxime
655 830 1049 894 allaborarunt.
1082 831 1314 887 eminuit
1349 842 1537 887 noster
1570 834 1769 902 praesul
1801 833 1969 902 Aqui—

360 922 602 987 leiensis,
637 926 726 992 qui
776 934 831 977 et
870 924 1080 979 litteras
1110 924 1259 978 dedit
1299 924 1365 977 ad
1417 926 1591 995 ipsum
1636 924 1970 996 Cbrysosto-

360 1030 533 1079 mum,
568 1022 627 1067 ut
650 1012 821 1070 refert
860 1015 1131 1070 Palladius
1155 1015 1641 1085 Ilelettopolitanus
1668 1017 1765 1087 (a),
1814 1028 1870 1072 et
1899 1017 1967 1071 ab

360 1111 554 1165 eodem
583 1108 1191 1180 ConstantinOpolitano
1208 1112 1468 1181 episcopo
1493 1113 1778 1180 epistolam
1802 1112 1969 1166 vicis-

360 1204 464 1259 sim
496 1206 704 1274 reetrpit
739 1203 818 1276 (b)
850 1222 994 1260 anno
1022 1206 1150 1273 406,
1186 1206 1240 1261 in
1278 1222 1382 1277 qua
1426 1224 1525 1278 pro
1572 1224 1667 1263 sua
1719 1223 1881 1262 causa
1911 1218 1967 1263 et

357 1305 553 1352 contra
602 1312 732 1352 suos
780 1297 1127 1353 adversarios
1163 1299 1287 1352 tuba
1318 1299 1520 1355 clarius
1574 1300 1749 1370 ipsum
1782 1300 1967 1355 decla-

357 1406 545 1446 masse
574 1390 879 1459 proﬁtetur,
912 1392 1182 1462 simulque
1211 1394 1415 1461 gratias
1445 1408 1612 1464 agens
1644 1410 1740 1463 pro
1772 1394 1965 1448 sedulo

360 1484 463 1539 sibi
492 1485 736 1553 impenso
753 1482 957 1549 ofﬁcio,
982 1484 1462 1556 illius,conspt-ctn
1478 1487 1578 1540 lrui
1594 1502 1652 1540 se
1673 1497 1965 1556 peroptare

360 1577 625 1633 declarat.
650 1577 835 1648 Neque
862 1579 991 1633 illud
1026 1580 1113 1633 liic
1140 1578 1192 1633 in
1226 1579 1416 1649 primis
1437 1580 1823 1647 omittendum,
1850 1581 1960 1634 Ho-

361 1674 575 1728 norium
608 1671 815 1726 scilicet
836 1672 1223 1741 imperatorem
1251 1672 1484 1726 Arcadio
1514 1672 1667 1726 fratri
1700 1672 1965 1727 Occiden-

362 1764 551 1819 talium
582 1763 871 1833 praesulutn
902 1764 1235 1818 sententiam
1278 1762 1377 1816 hac
1418 1763 1487 1817 de
1532 1778 1591 1817 re
1620 1764 1962 1834 signiﬁcatu-

361 1874 505 1920 runi,
527 1856 662 1909 duas
688 1872 799 1925 prta
828 1858 1042 1910 caeteris
1067 1854 1174 1909 sibi
1203 1859 1434 1923 serlptas
1458 1855 1718 1924 epistolas
1747 1854 1812 1908 ad
1838 1870 1962 1909 eum

360 1948 652 2013 direxisse,
679 1949 907 2003 alteram
959 1947 1259 2002 Innocentii
1292 1948 1519 2001 Romani
1556 1946 1852 2011 Pontilieis,
1885 1946 1965 2000 al-

362 2050 534 2097 teram
575 2040 875 2095 Chromatii
904 2041 1146 2111 episcopi
1174 2040 1561 2110 Aquileiensis.
1596 2039 1961 2093 Honorianam

362 2136 651 2206 epistolam
696 2136 887 2191 reeitat
917 2136 1168 2189 lamlatus
1207 2135 1480 2189 Palladius
1511 2136 1594 2188 his
1620 2137 1803 2189 verbis
1846 2133 1961 2205 (c):

368 2246 390 2283 ι
428 2229 611 2285 Tertio
631 2228 738 2298 jam
758 2230 939 2283 scribo
967 2228 1033 2282 ad
1066 2229 1537 2283 mansuetmliuem
1570 2240 1738 2292 tuam,
1768 2244 1965 2299 rogans

364 2331 425 2377 ut
476 2337 599 2391 quae
640 2337 705 2375 ex
759 2328 1044 2389 compacto
1096 2330 1283 2374 contra
1334 2319 1597 2374 Joannem
1648 2319 1961 2387 episcopum

365 2427 513 2485 gesta
538 2424 686 2477 sunt,
732 2414 1190 2469 emendentur....
1224 2413 1483 2480 Quantam
1527 2412 1671 2466 enim
1705 2413 1775 2466 sit
1805 2413 1964 2467 Occi-

364 2506 663 2561 dentalium
686 2505 751 2560 de
781 2505 993 2560 Joanne
1022 2505 1278 2573 episeopo
1300 2504 1569 2559 sententia
1598 2521 1663 2558 ex
1703 2504 1957 2558 omnibus

364 2598 610 2667 epis‘tolis
645 2616 767 2670 qua:
794 2598 861 2652 ad
914 2614 998 2652 me
1037 2596 1253 2665 scriptu,-
1313 2608 1459 2662 sunt,
1497 2597 1633 2650 duas
1683 2596 1961 2663 subjunxi,

364 2695 608 2765 ejusdem
664 2710 787 2748 cum
841 2693 1056 2748 ca'teris
1108 2694 1432 2755 sentcntiae,
1492 2690 1654 2743 unam
1707 2690 1961 2753 Romani,

363 2790 590 2841 alteram
645 2786 1008 2856 Aquileiensis
1065 2785 1325 2854 episeopi.
1366 2802 1384 2836 ι
1428 2786 1551 2839 Τίνα
1589 2786 1690 2859 γάρ
1743 2785 1880 2839 ἐστιν
1931 2782 1965 2838 ἂ

364 2888 606 2955 φρονοῦσι
624 2881 741 2957 περὶ
754 2885 845 2935 τοῦ
863 2878 1144 2935 ἐπισκόπου
1165 2880 1393 2933 Ἰωάννου
1413 2879 1459 2932 οἱ
1474 2876 1690 2941 δυτικοὶ,
1707 2880 1760 2931 ἐκ
1783 2884 1965 2932 πασῶν

364 2982 463 3031 τῶν
491 2976 768 3029 ἐπιστολῶν
791 2973 921 3049 πρὸς
952 2976 1013 3046 μὲ
1032 2981 1319 3050 γραφεισῶν
1342 2974 1570 3037 ὑπέταξα
1595 2970 1703 3030 δύο,
1729 2970 1963 3027 ἰσοδυνα-

2076 365 2348 428 Antistes,
2404 371 2690 432 pestiuam
2747 364 3156 434 Aquileienscm
3216 367 3511 422 Ecclesiam
3581 385 3681 423 an-

2075 452 2159 507 nis
2189 469 2317 507 ιιι-ιιι
2348 454 2577 522 provide
2603 470 2935 525 srrenueque
2986 458 3237 523 rexisset,
3290 475 3435 513 anno
3462 460 3684 517 circiter

2073 544 2180 601 408
2229 562 2541 615 supremum
2598 548 2740 603 diem
2786 549 2992 605 obiisse
3034 550 3401 606 existimatur.
3435 552 3565 620 Quae
3593 560 3681 608 est

2073 640 2178 693 viri
2206 640 2494 695 clarissimi
2526 642 2770 710 pluribus
2816 644 3099 698 enucleata
3142 646 3411 700 sententia
3444 646 3551 716 (e):
3585 646 3678 718 qui

2076 743 2256 788 tamen
2284 734 2545 805 deinceps
2590 744 2797 790 mutata
2840 748 3020 792 mente
3048 738 3145 809 (ί),
3172 755 3380 794 annum
3410 739 3680 796 Chroma-

2071 825 2131 879 tii
2159 828 2517 881 emortualem
2568 830 2756 882 statuit
2809 829 2937 885 406.
2972 830 3159 900 Neque
3212 832 3371 887 aliter
3408 832 3674 889 Fontani-

2072 934 2174 972 nus
2221 919 2319 990 (g).
2368 920 2576 974 Medius
2607 931 2785 975 autem
2826 922 2970 977 inter
3011 932 3300 995 utramque
3346 927 3674 984 sententiam

2072 1012 2333 1066 incedens
2394 1013 2810 1079 Tillemontius,
2859 1030 3062 1069 annum
3108 1016 3213 1070 407
3277 1017 3522 1073 delinivit
3567 1018 3671 1093 (Ii).

2071 1104 2245 1159 Porro
2272 1106 2443 1160 Sancti
2474 1105 2774 1162 Ctiromatii
2801 1109 3064 1163 memoria
3094 1116 3206 1162 tum
3248 1111 3301 1163 in
3336 1109 3559 1167 Tabulis
3586 1128 3678 1169 ec-

2070 1199 2414 1265 clesiasricis,
2449 1211 2559 1255 tum
2593 1203 2644 1256 in
2677 1202 2857 1258 Fastis
2898 1202 3346 1274 Aquileiensibus
3388 1205 3478 1262 die
3504 1207 3540 1260 Ξ
3570 1206 3675 1264 De-

2069 1294 2307 1349 cembris
2330 1296 2612 1351 recolitur.

2140 1391 2231 1445 IV.
2272 1393 2644 1459 Chromatius,
2694 1409 2855 1464 quem
2884 1408 3165 1450 sacrarum
3204 1396 3509 1452 litterarum
3559 1406 3678 1453 stn-

2069 1484 2160 1539 dio
2190 1487 2427 1540 maxime
2452 1487 2811 1552 delectatum,
2838 1489 2989 1543 viros
3016 1489 3365 1545 doctissimos
3388 1502 3676 1561 propterea

2068 1577 2435 1643 consuluisse,
2472 1579 2851 1645 Ambrosium,
2885 1579 3127 1649 inquam,
3161 1590 3217 1636 et
3254 1582 3670 1652 Hieronymum,

1996 1676 2042 1735 Β
2072 1678 2237 1739 atque
2265 1670 2336 1723 ab
2365 1671 2445 1723 eis
2475 1670 2590 1725 sive
2621 1673 3005 1727 enarrationes
3032 1674 3152 1728 sive
3181 1674 3672 1744 interpretationes

2072 1762 2389 1816 Divinarum
2413 1764 2757 1833 eloquiorum
2782 1765 3105 1833 eitpetiisse,
3129 1767 3381 1836 superius
3406 1767 3671 1824 vidimus:

2068 1852 2185 1922 ipse
2217 1870 2435 1924 quoque
2472 1854 2662 1909 iisdem
2698 1857 2902 1910 sanctis
2934 1857 3238 1926 Scripturis
3267 1858 3462 1912 sedqu
3502 1872 3674 1913 exco-

2066 1949 2247 2003 lendis
2277 1949 2744 2019 explanandisqne
2774 1965 2997 2019 operam
3032 1951 3366 2019 impendisse
3393 1953 3671 2020 comperi-

2067 2050 2176 2096 tur.
2219 2041 2450 2097 Exstant
2485 2042 2603 2113 ejus
2631 2043 2858 2097 nomine
2900 2044 3182 2113 inscriptae
3227 2045 3477 2099 Ilomilim
3518 2062 3669 2114 xt'ut,

2068 2152 2191 2205 qum
2220 2136 2641 2201 Commentarii,
2670 2139 2787 2192 sive
2809 2137 3343 2193 Commentariorum
3369 2138 3675 2210 fragmenta

2067 2232 2323 2287 videntur
2354 2247 2479 2288 esse
2530 2234 2583 2286 in
2628 2230 2972 2305 Evangelium
3022 2232 3210 2289 Sancti
3258 2232 3519 2287 Matthwi.
3569 2233 3675 2289 Eas

2068 2325 2278 2393 primus
2311 2324 2487 2377 edidit
2516 2340 2580 2378 ea:
2602 2324 2951 2378 vetustissimo
2975 2322 3154 2378 codice
3184 2323 3423 2401 Joannes
3447 2324 3675 2379 Siebar—

2067 2416 2170 2471 dus
2219 2417 2451 2473 Basilete
2496 2433 2642 2471 anno
2688 2418 2848 2477 1528,
2882 2432 3004 2484 qua.-
3046 2419 3315 2489 deinceps
3365 2433 3395 2471 a
3440 2419 3673 2475 Mat-tino

2066 2508 2259 2574 Lipsio
2298 2510 2364 2563 ad
2412 2511 2520 2563 alia
2549 2520 2736 2565 vetera
2770 2511 3102 2581 exemplaria
3145 2526 3279 2566 mss.
3309 2522 3540 2575 exactae,
3574 2528 3670 2566 va-

2066 2603 2278 2671 riisque
2309 2602 2361 2656 in
2392 2603 2528 2656 locis
2560 2604 2833 2672 repetitae,
2866 2603 3086 2656 Patrum
3115 2604 3336 2659 demum
3374 2604 3672 2660 Bibliothe-

2067 2695 2149 2749 cis
2182 2694 2335 2748 fuere
2376 2692 2621 2749 intextze.
2670 2696 2894 2749 Constat
2934 2706 3117 2750 autem
3172 2696 3521 2751 librariorum
3571 2713 3669 2755 seu

2066 2787 2475 2854 exscriptorum
2510 2786 2731 2856 ignavia
2775 2788 3012 2853 junctim
3041 2797 3353 2857 compactas
3385 2799 3464 2844 tot
3490 2789 3671 2845 homi-

2069 2879 2194 2945 Iias,
2222 2880 2275 2933 in
2298 2881 2395 2933 tria
2427 2888 2634 2933 tantum
2659 2878 2930 2949 Opuscula
2965 2879 3139 2934 fuisse
3172 2880 3440 2935 hactenus
3460 2882 3671 2938 discre-

2070 2969 2383 3027 taszfacile
2429 2988 2663 3043 namque
2713 2972 3115 3042 distinguenth
3168 2974 3384 3028 fuerant
3435 2989 3499 3028 ex
3558 2976 3667 3030 fre-

363 3068 562 3139 μούσας
592 3077 713 3130 ταῖς
745 3068 960 3129 πάσαις,
993 3073 1083 3125 τὴν
1115 3066 1387 3125 ἐπιστολήν
1416 3072 1506 3120 τοῦ
1533 3063 1728 3136 Ῥώμης
1759 3068 1841 3119 καὶ
1869 3071 1961 3119 τοῦ

2069 3077 2301 3136 quenter
2354 3069 2589 3136 repetita
2637 3065 2926 3138 δοξολογία,
2981 3066 3170 3121 verbis
3220 3066 3380 3131 istis,
3439 3075 3534 3122 aut
3586 3067 3672 3123 bis

362 3158 621 3221 ’Δκυληῖας
680 3159 803 3213 ιιι-ς
844 3159 1115 3213 scribebat
1142 3158 1419 3227 Augustus
1459 3173 1601 3211 anno
1648 3158 1772 3212 40.).
1808 3156 1963 3225 Quod

361 3252 585 3320 quidem
610 3268 880 3303 summum
914 3249 1212 3305 Ctironmtii
1245 3249 1486 3303 studium
1521 3266 1623 3320 pro
1646 3265 1741 3302 sua
1775 3252 1966 3304 delen-

361 3345 523 3399 sione
551 3344 861 3411 intelligens
891 3343 971 3397 vir
1001 3344 1095 3397 ille
1126 3343 1527 3409 sanc.issimus,
1564 3359 1629 3398 ex
1670 3358 1770 3397 suo
1811 3344 1965 3399 exsi-

361 3438 441 3494 lio
488 3437 807 3504 insequente
844 3453 986 3491 anno
1025 3436 1133 3492 406
1182 3437 1468 3506 epistolam
1511 3436 1579 3491 ad
1621 3453 1744 3492 eum
1793 3437 1962 3504 misit,

360 3530 523 3597 cujus
556 3528 720 3582 modo
750 3529 1116 3584 meminimus.

432 3620 523 3679 Ill.
566 3620 837 3675 Prmterea
866 3621 1121 3676 Rutinum
1155 3620 1347 3675 habuit
1389 3620 1670 3691 coluitque
1694 3620 1963 3676 Chroma-

363 3718 469 3772 tius
501 3716 643 3771 inter
663 3718 859 3769 charos
896 3715 1262 3783 Aquileiensis
1296 3714 1557 3770 Ecclesiae
1591 3714 1962 3782 presbyteros,

364 3820 421 3865 ut
447 3810 692 3878 pluribus
723 3808 966 3862 ostendit
996 3809 1262 3864 adversus
1293 3806 1563 3861 Norisiutn
1590 3804 1849 3878 [Lutum]
1884 3807 1965 3861 vir

362 3903 768 3958 eruditissimus
814 3901 1046 3957 subinde
1071 3901 1321 3955 laudatus
1362 3901 1469 3973 (ιι).
1500 3898 1805 3969 Eapropter
1840 3909 1965 3956 orto

361 3993 593 4049 dissidio
621 3994 762 4049 inter
793 3993 968 4062 ipsum
994 3993 1245 4048 Rufinum
1295 4005 1347 4048 et
1394 4002 1644 4049 Sanctum
1697 3992 1966 4065 llierony-

363 4102 537 4152 nium,
566 4096 745 4141 tantos
771 4101 920 4141 Vll‘ttS
950 4087 1190 4141 amicitia
1220 4096 1300 4140 tot
1329 4088 1487 4142 annis
1517 4097 1674 4142 antea
1701 4089 1963 4156 conjunc-

365 4189 449 4235 tos
502 4179 554 4233 in
606 4178 977 4233 Christianam
1006 4180 1355 4235 concordiam
1396 4194 1496 4248 pro
1540 4179 1687 4234 virili
1717 4179 1965 4247 redigere

363 4272 600 4336 studuit;
648 4287 827 4343 eoque
856 4271 1087 4326 eonsilio
1117 4271 1297 4326 Ruﬁni
1343 4282 1581 4327 mentem
1610 4279 1667 4326 et
1693 4271 1963 4326 calamum

364 4364 473 4419 alio
511 4377 833 4421 convertere
876 4376 1153 4434 satagens,
1186 4366 1362 4420 eidem
1417 4365 1653 4432 injunxit
1681 4374 1741 4419 ut
1790 4364 1965 4420 Euse-

2066 3158 2341 3213 similibus
2369 3159 2650 3222 conclusa,
2696 3176 2786 3226 per
2810 3158 3075 3212 Christum
3111 3156 3388 3211 Dominum
3425 3170 3663 3213 nostrum

2065 3252 2155 3321 qui
2200 3263 2275 3306 est
2306 3252 2605 3306 benrdictus
2650 3252 2707 3303 in
2754 3250 2983 3316 saecula;
3031 3250 3186 3320 cujus
3228 3250 3461 3319 proinde
3509 3251 3676 3308 ductu

2067 3344 2371 3398 octodecim
2405 3358 2530 3398 esse
2570 3350 2968 3410 agnoscuntur.
3014 3341 3145 3395 Ila'c
3189 3350 3373 3396 autem
3421 3343 3671 3397 animad-

2067 3438 2255 3491 versio
2301 3436 2656 3491 Tillemontio
2712 3435 2946 3489 debetur
2993 3434 3102 3506 (ἱ).
3148 3434 3217 3488 Et
3264 3433 3409 3487 hunc
3450 3435 3671 3503 quidem

2070 3544 2368 3584 numerum
2400 3530 2452 3581 in
2485 3526 2788 3597 exemplari
2829 3537 3020 3582 nostro
3052 3526 3202 3581 hisce
3231 3524 3480 3583 homiliis
3509 3526 3673 3582 resti-

2068 3622 2330 3675 tuendum
2361 3635 2488 3675 esse
2535 3620 2816 3685 duximus,
2851 3618 3048 3673 ordine
3097 3618 3326 3687 insuper
3363 3618 3549 3672 habito
3572 3617 3670 3687 qui

2068 3714 2347 3783 hucusque
2389 3713 2442 3767 in
2484 3711 2780 3786 [Lxxxvtn]
2830 3712 3275 3783 praecedentibus
3304 3712 3470 3766 editis
3518 3711 3675 3765 inva-

2066 3804 2188 3872 luit,
2223 3818 2563 3881 praepostero
2608 3805 2822 3861 scilicet
2869 3817 3039 3875 atque
3090 3804 3159 3860 ab
3188 3805 3433 3860 auctoris
3486 3811 3674 3859 mente

2069 3919 2298 3974 prorsus
2327 3900 2532 3955 alieno.
2568 3899 2649 3955 Ad
2678 3899 2794 3955 haec
2826 3908 3081 3954 tractatus
3129 3915 3329 3955 nomen
3351 3898 3546 3953 iisdem
3577 3897 3673 3952 ho-

2068 3998 2230 4053 miliis
2258 3996 2594 4067 praetiximus
2621 4014 2636 4051 :
2676 4015 2696 4050 ι
2730 3995 2807 4051 Ea
2840 3997 2985 4052 enim
3013 3996 3333 4066 appellatio.
3359 4006 3418 4050 ιιι
3439 4010 3568 4051 cum
3592 3994 3678 4050 vi-

2069 4091 2148 4147 ris
2172 4088 2405 4145 eruditis
2435 4088 2631 4159 loquar
2661 4088 2731 4160 (j)
2751 4129 2767 4152 ,
2800 4090 3041 4158 antiqua:
3078 4088 3471 4143 ecclesiastica:
3522 4087 3673 4142 locu-

2072 4183 2238 4239 tionis
2278 4180 2529 4252 propria,
2563 4194 2627 4234 ac
2666 4178 3014 4251 frequentius
3054 4188 3315 4249 usurpata
3368 4178 3670 4234 invenitur.

2071 4276 2187 4331 Etsi
2219 4275 2366 4329 enim
2409 4282 2664 4327 tractatus
2708 4271 2840 4326 olim
2902 4278 3234 4326 vocarentur
3284 4268 3670 4340 episcoporum

2069 4369 2468 4426 collocutiones
2492 4367 2562 4423 de
2588 4366 2773 4436 aliquo
2804 4365 3068 4421 Ecclesiae
3114 4365 3357 4436 negotio,
3400 4373 3457 4418 ut
3500 4364 3675 4435 liquet

362 4458 441 4514 bii
495 4457 738 4514 Graecam
788 4456 1077 4513 Historiam
1133 4457 1340 4512 Latinis
1395 4458 1620 4513 auribus
1684 4457 1959 4513 redderet.
1991 4441 2135 4517 Dex
2164 4461 2441 4533 Cypriano
2483 4458 2607 4529 (It):
2644 4468 2823 4513 tamen
2873 4457 3039 4511 sicuti
3092 4466 3319 4511 tractare
3370 4455 3542 4526 (quod
3594 4465 3674 4511 est

365 4551 540 4619 Quam
566 4551 783 4620 quidem
809 4549 898 4604 ille
928 4550 1139 4605 duobus
1179 4550 1331 4607 libris
1355 4551 1576 4620 proprio
1614 4559 1786 4605 marte
1813 4564 1963 4606 com-

366 4643 562 4715 positis
588 4654 800 4698 auetam
823 4641 1136 4698 Chromatio
1168 4642 1450 4711 inscripsit
1474 4658 1618 4698 anno
1644 4642 1772 4705 400.
1798 4645 1962 4714 eique

362 4736 714 4806 postmodum
737 4750 955 4807 quoque
969 4737 1218 4807 Urigenis
1242 4736 1503 4791 Honiilias
1528 4752 1653 4791 XXVI
1679 4737 1730 4790 in
1760 4736 1959 4791 librum

364 4826 557 4897 Josue,
585 4843 722 4900 quas
746 4829 921 4900 ipsius
942 4829 1162 4885 hortatu
1188 4828 1456 4885 latinitate
1475 4830 1801 4896 donaverat,
1822 4846 1961 4886 nun-

438 5041 519 5113 (α)
560 5041 857 5103 Palladius,
877 5040 1015 5096 Dial.
1035 5039 1104 5096 de
1119 5039 1240 5096 Vita
1255 5040 1341 5096 Jo.
1366 5037 1741 5113 Chrysostomi
1765 5036 1961 5113 eap_._‘_2,

440 5108 515 5181 (b)
556 5112 715 5169 Joau.
766 5113 1075 5183 t.hrysost.,
1132 5113 1299 5183 epist.
1338 5108 1494 5178 I55;'
1528 5110 1671 5181 Opp.
1728 5117 1799 5164 to.
1855 5108 1959 5174 Ill,

363 5201 489 5257 pag.
517 5186 644 5257 689,
667 5186 801 5240 edit.
838 5184 941 5257 ΒΒ.

440 5258 516 5328 (c)
558 5256 854 5328 Palladius.
890 5256 995 5328 Ioc.
1031 5254 1298 5328 cit.,_cap.
1328 5255 1384 5309 5.

440 5322 523 5397 (Δ)
585 5327 849 5381 Bernnrd.
910 5326 977 5397 Μ.
1032 5327 1109 5380 De
1160 5322 1384 5380 Ruheis.
1441 5324 1680 5381 Monum.
1745 5322 1960 5380 Eccles.

365 5396 553 5468 Aquil.
588 5414 707 5462 cap.
746 5401 836 5459 te,
872 5396 984 5469 §2,
1022 5412 1145 5467 pag.
1180 5397 1302 5469 100.

368 5471 515 5599 Ηίθ)
562 5470 728 5539 Idem,
779 5467 914 5525 ibid.
965 5483 1086 5538 cap.
1129 5470 1219 5536 15,
1265 5467 1325 5540 §§
1378 5469 1431 5535 1,
1480 5469 1536 5533 ὅ,
1591 5482 1712 5539 pag.
1758 5468 1855 5522 111
1905 5476 1962 5523 et

442 5560 494 5596 ο.
1678 5572 1691 5581 .

442 5560 494 5596 ἰ).
1678 5572 1691 5581 .

368 5612 510 5744 “(‘0
532 5613 723 5741 1Ιέξιιι,
778 5612 1006 5669 Dissert.
1041 5610 1109 5669 de
1136 5611 1356 5681 Ruﬁno,
1405 5626 1525 5682 cap.
1560 5610 1648 5680 I9,
1696 5610 1808 5681 εὖ,
1839 5625 1957 5684 pag.

482 5726 497 5753 ,
532 5688 656 5741 ιιι-ι.

2069 4554 2450 4623 episcoporum,
2503 4559 2564 4605 ut
2606 4551 2839 4620 Optatos
2870 4556 3107 4604 testatur
3149 4548 3213 4619 (Ι)
3255 4547 3275 4618 )
3316 4563 3345 4602 a
3391 4548 3672 4621 Cypriano

2070 4647 2304 4718 primum
2337 4648 2459 4717 (ιη),
2496 4658 2561 4700 ac
2598 4643 2727 4699 dein
2763 4643 2832 4697 ab
2877 4642 3000 4699 aliis
3031 4641 3354 4713 frequenter
3402 4642 3675 4709 accipitur

2069 4754 2172 4809 pro
2203 4737 2527 4794 concionem
2552 4735 2754 4791 habere
2783 4734 2836 4789 in
2858 4734 3091 4804 publicis
3114 4733 3376 4790 Ecclesia:
3402 4732 3667 4799 ccetibus;

2068 4830 2142 4886 ita
2171 4840 2422 4885 tractatus
2451 4844 2557 4885 vox
2602 4844 2703 4899 pro
2732 4827 3055 4901 Episcopali
3098 4827 3369 4883 concione
3396 4826 3672 4907 adpopu-

2141 5032 2580 5108 (9)7Fontanini.
2615 5031 2755 5087 Hist.
2786 5029 3044 5088 Litterar.
3079 5030 3265 5103 Aquil.
3313 5032 3410 5089 lib.
3440 5047 3517 5101 ιιι,
3544 5048 3668 5108 cap.

2068 5106 2121 5175 5,
2151 5103 2185 5179 ’ᾗ
2222 5107 2273 5165 9.
2308 5122 2431 5171 pag.
2468 5103 2592 5159 152.

2140 5180 2223 5245 (It)
2262 5176 2502 5237 'I‘illem.,
2533 5174 2693 5247 hiem.
2731 5174 2875 5247 Eccl.
2913 5182 2991 5229 to.
3019 5173 3116 5241 XI,
3144 5190 3266 5247 pag.
3300 5175 3427 5234 538.

2139 5249 2203 5321 (i)
2244 5248 2427 5313 Idem,
2486 5246 2619 5302 ibid.
2674 5261 2797 5319 pag.
2845 5246 2972 5315 655,
3015 5258 3134 5303 not.
3174 5248 3232 5315 2,
3272 5265 3368 5304 sur
3393 5248 3453 5305 S.
3496 5246 3674 5305 Chro-

2068 5335 2511 5467 η’ἷξῖἠτιιιετιη.
2533 5431 2550 5459 ,
2593 5387 2815 5446 Prml'at.
2846 5390 2914 5445 ad
2959 5389 3018 5446 S.
3049 5387 3258 5447 Zenon.
3290 5392 3471 5449 Serm.
3519 5389 3548 5460 ᾗ
3580 5390 3667 5458 16,

2066 5478 2184 5536 pag
2224 5477 2371 5536 xviu.

2143 5535 2221 5605 (lt)
2259 5535 2544 5607 Cyprium,
2570 5533 2750 5607 Epist.
2781 5535 2844 5607 5i
2878 5542 2933 5607 et
2962 5532 3053 5589 52.

2147 5604 2212 5679 (ι)
2252 5604 2541 5679 Optattts.,
2569 5606 2665 5679 lib.
2701 5623 2769 5661 vn
2804 5604 3154 5679 inAParmen.

2146 5675 2241 5749 (ut)
2282 5675 2571 5749 Cyprian.,
2605 5675 2784 5748 Epist.
2814 5675 2907 5730 56.
