4172 6182
377 257 486 313 3Βὸ

1511 255 1746 317 SEN“)
1789 260 1876 322 DE
1917 257 2515 325 BEATITUDINIBUS.

3572 279 3678 338 523

381 382 490 426 tres
520 371 855 440 clrarisslmi,
882 374 1178 444 qualitates
1198 373 1464 444 graduum
1510 376 1671 445 cupio
1716 375 1976 432 demons-
2004 378 2054 440 Α
2084 379 2215 436 latio
2243 391 2495 437 occurrat
2526 398 2538 436 :
2569 397 2731 438 verus
2760 385 2910 440 enim
2940 386 3032 456 qui
3073 385 3244 443 dixit:
3274 386 3418 443 Beati
3464 394 3552 462 qui
3604 395 3688 447 lu-

380 475 548 531 trare,
579 475 761 521 vestra
806 467 973 522 modo
1001 481 1156 521 mens
1185 475 1294 521 tota
1325 479 1379 522 et
1420 467 1603 522 anima
1653 470 1723 523 sit
1750 469 1978 538 intenta,

377 559 501 629 quia.
533 575 644 613 non
675 570 799 613 sunt
831 575 994 628 parva
1024 576 1144 629 quia
1171 561 1268 615 Dei
1299 570 1447 615 sunt.

450 653 519 708 Il.
559 652 709 709 Beati
760 671 1010 725 pauperes
1063 656 1282 725 spiritu,
1341 656 1589 725 quoniam
1639 657 1871 724 ipsorum
1910 667 1986 712 est

380 765 591 819 regnum
680 748 948 802 calorum.
1017 747 1210 804 Mirum
1299 748 1622 818 principium
1667 790 1681 814 ,
1742 749 1940 804 fratres
1968 788 1984 814 ,

379 839 646 895 doctrinae
693 841 975 896 cmlestis!
1029 856 1133 894 non
1191 856 1220 893 a
1278 849 1487 896 terrore
1537 840 1746 910 incipit,
1805 840 1902 896 sed
1956 855 1984 895 a

381 933 759 1000 beatitudine;
830 949 938 988 non
1020 945 1282 989 terrorem
1338 933 1580 1000 faciens,
1640 933 1736 988 sed
1809 934 1989 1004 potius

379 1027 738 1083 desiderium.
809 1025 938 1081 Vico
1015 1026 1161 1082 enim
1234 1025 1580 1096 agonotbetm
1651 1027 1732 1082 vel
1799 1041 1990 1086 mune-

384 1121 544 1185 rarii,
602 1119 967 1180 certatoribus
1031 1119 1088 1175 in
1138 1119 1242 1175 hoc
1295 1119 1472 1174 stadio
1545 1120 1776 1188 SpiriL‘lli
1846 1136 1990 1190 prat—

384 1213 552 1268 mium
605 1213 812 1284 grande
869 1213 1166 1284 proponit;
1227 1223 1284 1267 ut
1326 1212 1454 1268 dum
1509 1212 1780 1282 aspiciunt
1852 1229 1992 1283 pra:-

386 1308 590 1374 mium,
643 1320 746 1361 nec
799 1305 1015 1362 labores
1070 1306 1342 1373 timeant,
1401 1321 1501 1361 nec
1565 1305 1809 1375 pericula
1868 1321 1992 1376 per-

385 1399 725 1454 horrescant.
781 1397 932 1452 Beati
973 1412 1109 1465 ergo
1161 1414 1413 1466 pauperes
1461 1397 1649 1469 spiritu
1673 1437 1689 1462 ,
1746 1398 1990 1466 quoniam

386 1491 616 1562 ipsorum
682 1501 760 1545 est
812 1505 1029 1561 regnum
1085 1489 1352 1546 calorum.
1434 1489 1552 1548 Non
1615 1489 1987 1560 simpliciter,

389 1597 566 1649 neque
613 1581 846 1637 coniuse
905 1581 1098 1636 beatos
1169 1595 1437 1652 pauperes
1488 1581 1674 1650 dixit,
1728 1582 1824 1638 sed
1898 1582 1992 1638 ad-

384 1673 540 1739 didit,
576 1673 627 1744 5
655 1689 906 1743 pauperes
927 1673 1136 1746 spiritu.
1167 1672 1279 1729 Nec
1306 1674 1451 1730 enim
1482 1674 1658 1734 omnis
1697 1682 1990 1743 paupertas

2086 480 2223 542 gent,
2258 473 2376 542 quia
2411 473 2509 545 ipsi
2539 475 2960 531 consolabuntur.

2162 562 2638 631 lV.Accedamus,
2689 566 2909 632 fratres,
2938 569 3006 624 ad
3047 582 3319 640 quartum.
3375 573 3550 638 Beati,
3607 575 3692 629 itt-

2089 655 2224 723 quit,
2250 657 2340 725 qui
2363 658 2591 718 esuriunt
2617 671 2662 713 et
2693 660 3169 732 sitiuntjustitiam,
3204 667 3448 734 quoniam
3477 668 3577 738 ipsi
3611 685 3695 722 sa-

2087 747 2400 802 turabuutur
2424 748 2615 819 (lbid.,
2665 751 2744 822 6).
2783 752 2920 808 Vere
2965 756 3108 809 enim
3139 764 3259 827 post
3289 759 3690 831 penitentiam,

2091 848 2213 908 post
2245 839 2424 896 luctus
2450 852 2504 898 et
2536 843 2807 915 lacrymas
2835 855 3206 917 peccatorum,
3232 867 3352 922 quae
3381 854 3484 907 alia
3519 855 3698 910 nasci-

2093 941 2178 984 tur
2210 933 2423 988 esuries
2449 943 2504 988 ct
2530 951 2650 1005 qua:
2672 936 2814 1006 sitis,
2845 939 3231 1009 nisijustitize?
3257 943 3410 1000 Sicut
3431 947 3574 1000 enim
3604 947 3699 1018 qui

2091 1021 2377 1093 caliginem
2407 1026 2583 1082 noctis
2613 1042 2872 1084 emensus
2899 1041 3013 1100 est,
3045 1033 3157 1102 jam
3196 1039 3358 1104 gestit
3393 1040 3696 1107 proximam

2092 1115 2299 1182 lucem;
2350 1127 2406 1176 et
2449 1120 2544 1189 qui
2593 1120 2874 1178 choleram
2919 1139 3162 1186 amaram
3212 1128 3463 1198 digessit.
3514 1148 3694 1193 escam

2089 1210 2426 1279 concupiscit
2453 1222 2506 1270 et
2539 1224 2728 1282 potum
2762 1233 2776 1270 :
2805 1215 2885 1272 sic
2907 1225 2964 1272 et
2989 1235 3146 1275 mens
3176 1219 3414 1278 hominis
3442 1225 3699 1280 christia-

2095 1300 2172 1369 ni,
2199 1303 2250 1374 7
2282 1313 2565 1374 postquam
2601 1322 2694 1375 per
2724 1308 2898 1363 luctus
2936 1320 2995 1364 et
3023 1310 3293 1383 iacrymas
3333 1330 3428 1368 sna
3479 1325 3700 1384 peccata

2091 1393 2400 1464 digesserit,
2428 1398 2540 1466 jam
2573 1400 2748 1456 solam
2782 1401 2875 1456 Dei
2902 1403 3170 1472 justitiam
3202 1407 3376 1462 esurit
3422 1421 3584 1479 atque
3628 1411 3700 1464 si-

2094 1488 2160 1547 tit
2181 1497 2268 1545 :et
2287 1492 2503 1556 merito,
2517 1492 2637 1562 ejus
2651 1509 2814 1564 quam
2829 1495 3128 1558 desiderat,
3155 1501 3406 1556 satietate
3421 1504 3698 1572 gaudrliit.

2171 1580 2232 1640 Υ.
2264 1581 2528 1642 Occurrat
2570 1594 2629 1640 et
2676 1588 2898 1652 quintus
2945 1590 3147 1657 gradus
3191 1608 3204 1643 :
3239 1591 3383 1646 Beati
3411 1595 3701 1650 miser-irar-

2096 1674 2208 1742 des,
2229 1678 2477 1745 quoniam
2508 1679 2610 1747 ipsi
2637 1680 3047 1736 misericordiam
3096 1698 3468 1754 consequentur
3506 1688 3698 1760 (lbid.,

388 1766 520 1824 felix
551 1776 640 1822 est
663 1785 677 1822 :
702 1769 830 1837 quia
859 1767 922 1821 tit
955 1781 1104 1838 serpe
1129 1784 1196 1821 cx
1233 1769 1586 1834 necessitate,
1633 1768 1694 1824 tit
1718 1786 1986 1830 notmum-
2017 1772 2064 1832 B
2094 1765 2168 1835 7).
2204 1765 2373 1826 Nemo
2399 1769 2561 1830 alteri
2587 1782 2847 1839 priestare
2879 1775 3098 1842 poterit,
3131 1777 3234 1838 nisi
3271 1780 3422 1848 prius
3455 1780 3572 1850 ipse
3595 1782 3700 1837 sibi

387 1875 548 1929 quam
575 1875 673 1930 per
700 1863 966 1930 pessimos
990 1875 1201 1926 mores,
1235 1861 1291 1914 tit
1321 1862 1484 1920 etiam
1516 1879 1583 1918 ex
1615 1862 1990 1934 indignatione

389 1953 589 2014 divina.
621 1953 782 2008 Beata
808 1969 940 2025 ergo
971 1962 1285 2025 paupertas,
1313 1963 1401 2010 est
1425 1957 1726 2025 spirimalis
1757 1975 1768 2011 :
1800 1973 1989 2015 eorum

389 2046 599 2100 scilicet
625 2045 906 2101 hominum
926 2086 941 2112 ,
973 2046 1064 2117 qui
1095 2046 1288 2116 spiritu
1317 2057 1376 2104 et
1405 2049 1684 2107 voluntate
1725 2066 1991 2121 pauperes

392 2153 453 2194 se
481 2137 683 2195 faciunt
715 2151 937 2209 propter
971 2139 1167 2207 Deum,
1196 2141 1560 2199 renuntiando
1587 2145 1778 2200 saeculi
1809 2145 1988 2209 bonis,

395 2232 754 2288 substantiam
786 2249 938 2288 suam
968 2233 1112 2289 ultro
1132 2235 1411 2304 eroganda
1436 2253 1448 2289 :
1479 2253 1618 2307 quos
1648 2239 1847 2294 merito
1872 2240 1994 2294 bea-

396 2337 474 2382 tos
494 2327 751 2397 appellat,
792 2328 916 2398 quia
951 2344 1202 2397 pauperes
1232 2328 1422 2398 spiritu
1447 2371 1461 2395 ,
1489 2332 1736 2400 quoniam
1762 2333 1991 2402 ipsorum

393 2432 464 2476 est
490 2439 705 2495 regnum
733 2423 976 2476 caelorum
1007 2437 1025 2476 .'
1060 2438 1158 2491 per
1191 2423 1550 2480 voluntariam
1581 2427 1722 2478 enim
1753 2440 1991 2496 pauper-

395 2525 563 2570 tatem
604 2513 846 2570 cazlestis
901 2514 1053 2584 regni
1105 2514 1324 2570 divitias
1385 2525 1768 2586 assequuntur.
1832 2517 1994 2573 Dein-

393 2607 465 2662 de
507 2607 585 2663 ait
628 2626 642 2661 :
695 2605 844 2661 Beati
873 2608 1050 2674 mites,
1091 2608 1214 2677 quia
1248 2608 1352 2678 ipsi
1396 2608 1734 2679 possidebunt
1779 2621 1990 2677 terram,

399 2699 591 2769 (Ibit,
619 2700 696 2771 4).
728 2699 880 2764 Itiro,
915 2709 1040 2769 post
1067 2699 1301 2768 primum
1333 2701 1583 2771 gradum,
1610 2702 1884 2758 secundus
1905 2718 1994 2758 os-

399 2792 679 2848 tenditur:
713 2791 884 2856 Beati,
915 2789 1114 2861 inquit,
1144 2793 1313 2854 mites,
1346 2793 1595 2855 quoniam
1618 2793 1725 2862 ipsi
1767 2795 1996 2862 posside-

398 2885 524 2939 bunt
547 2895 756 2946 terram,
783 2885 896 2948 Sed
919 2885 1061 2940 sicut
1086 2885 1424 2954 impossibile
1441 2894 1548 2952 est,
1568 2894 1727 2944 extra
1746 2887 1864 2942 ordi
1873 2903 1992 2942 nem

401 2979 644 3034 secundo
672 2979 872 3034 sistere
909 2977 1075 3050 gradu
1094 3021 1106 3043 ,
1137 2979 1241 3034 nisi
1272 2980 1585 3035 ascenderis
1619 2980 1886 3049 primum;
1914 2981 1995 3036 sic

404 3071 568 3127 homo
607 3074 752 3128 mitis
780 3088 903 3129 esse
941 3089 1049 3128 non
1075 3075 1292 3144 poterit,
1327 3073 1430 3128 nisi
1457 3073 1610 3143 prius
1655 3088 1858 3142 pauper
1885 3074 1995 3144 spi—

2090 1860 2427 1926 priestiterit.
2475 1860 2768 1932 Postquam
2816 1865 2918 1920 sibi
2970 1881 3100 1936 ergo
3139 1869 3567 1925 misericordiam
3602 1877 3700 1928 im-

2090 1949 2347 2018 petravit,
2383 1950 2802 2024 satietatemun
2854 1957 3099 2025 justititn,
3150 1960 3342 2031 incipit
3371 1963 3478 2031 jam
3513 1965 3699 2020 dolere

2093 2039 2160 2104 ds:
2187 2039 2426 2106 miseris.
2483 2043 2676 2110 incipit
2696 2045 2809 2114 jam
2857 2062 2959 2116 pro
3003 2049 3126 2104 aliis
3149 2054 3523 2119 peccatoribus
3568 2071 3703 2109 exo-

2091 2149 2252 2197 rare;
2284 2136 2459 2194 iactus
2487 2137 2804 2198 misericors
2829 2142 2884 2196 in
2910 2143 3061 2210 ipsos
3091 2146 3256 2199 etiam
3284 2146 3556 2213 inimicos,
3588 2166 3701 2205 ma-

2089 2228 2263 2297 jorem
2313 2231 2415 2288 sibi
2463 2233 2746 2290 cumulum
2796 2235 3193 2299 misericordia:
3245 2256 3340 2311 per
3389 2242 3702 2313 liujusmodi

2096 2324 2349 2392 pietatem
2384 2327 2434 2382 in
2465 2324 2700 2383 adventu
2749 2328 2963 2393 Domini
2996 2333 3328 2402 praeparabit
3355 2351 3367 2387 :
3419 2333 3540 2390 ideo
3569 2336 3701 2390 dici-

2093 2424 2228 2478 tur:
2263 2417 2412 2478 Beati
2451 2421 2834 2487 misericordes,
2877 2424 3122 2494 quoniam
3161 2426 3261 2493 ipsi
3293 2427 3703 2486 misericordiam

2093 2522 2490 2580 consequentur.

2170 2603 2258 2665 νε,
2293 2605 2463 2666 Adest
2485 2621 2615 2667 ceae
2645 2609 2848 2676 gradus
2877 2619 3067 2668 sextus
3092 2630 3104 2667 :
3131 2611 3302 2681 Beati,
3336 2612 3530 2684 inquit,
3557 2634 3705 2671 mun-

2096 2695 2164 2755 do
2189 2695 2368 2762 corde,
2400 2699 2522 2765 quia
2548 2699 2651 2769 ipsi
2692 2698 2864 2760 Deum
2902 2703 3142 2772 uidebunt
3171 2703 3366 2776 (Ibid.,
3411 2706 3489 2778 8).
3535 2709 3702 2767 Plane

2093 2786 2202 2856 jam
2231 2788 2434 2850 mundo
2463 2798 2590 2850 sunt
2631 2792 2818 2857 corde,
2853 2794 3014 2863 plane
3038 2796 3148 2864 jam
3191 2797 3360 2866 Deum
3386 2800 3572 2855 videre
3604 2818 3702 2870 po-

2102 2886 2304 2947 lerunt.
2333 2882 2425 2951 qui
2455 2896 2723 2952 pauperes
2766 2885 2986 2954 spiritu,
3015 2888 3110 2957 qui
3153 2889 3336 2956 mites,
3364 2892 3460 2958 qui
3498 2893 3706 2947 lamen-

2097 2972 2195 3033 tari
2225 2983 2468 3042 peccata,
2516 2975 2610 3046 qui
2648 2976 2854 3044 justitia
2903 2979 3118 3046 reiecti,
3163 2982 3256 3051 qui
3288 2983 3700 3053 misericordes,

2099 3062 2153 3126 in
2180 3064 2510 3130 adversariis
2538 3082 2759 3138 quoque
2789 3077 2894 3124 tam
2928 3069 3199 3130 sincerum
3231 3073 3447 3130 oculum
3501 3077 3703 3144 cordis,

402 3166 509 3220 ritu
532 3165 698 3221 fuerit
727 3164 922 3222 factus.
949 3165 1237 3234 Quomodo
1265 3180 1399 3236 ergo
1425 3167 1570 3220 inter
1608 3165 1829 3229 divitias
1853 3167 1998 3235 posi—
2024 3155 2066 3215 (Σ
2101 3165 2157 3220 ει
2182 3156 2420 3226 lucidum
2447 3167 2670 3230 gerunt,
2700 3170 2758 3226 ut
2783 3161 2902 3226 sine
2923 3162 3100 3234 aliqua
3123 3165 3349 3227 malitia:
3376 3167 3704 3237 lippitudine

402 3269 490 3314 tus
517 3261 753 3327 animus,
777 3261 920 3316 inter
941 3274 1122 3322 curas,
1156 3268 1210 3314 et
1253 3258 1643 3318 sollicitudines
1681 3261 1994 3324 saeculares,

399 3366 471 3407 ex
497 3353 692 3420 quibus
721 3351 960 3423 negotia,
990 3351 1132 3418 lites,
1163 3351 1605 3422 provocationes.
1627 3351 1743 3416 irae,
1773 3366 1998 3416 exacer-

407 3442 653 3498 bationes
700 3443 819 3498 sine
848 3442 1254 3498 intermissione
1287 3450 1588 3500 nascuntur
1634 3457 1647 3496 :
1695 3442 1995 3512 αυοιιιοάο,

407 3536 650 3605 inquam,
675 3534 816 3588 inter
845 3534 960 3588 lucc
981 3533 1194 3587 animus
1223 3533 1424 3601 poterit
1444 3546 1567 3586 esse
1592 3531 1736 3585 mitis
1758 3540 1812 3586 et
1839 3532 1995 3595 lenis,

408 3627 512 3680 nisi
559 3626 712 3694 prius
757 3640 787 3677 a
831 3637 891 3679 se
925 3640 1123 3680 attines
1149 3638 1342 3679 causas
1381 3623 1711 3687 iracundiae,
1752 3623 2000 3678 occasio-

408 3732 616 3786 nesque
668 3715 909 3771 rixarum
976 3714 1414 3771 abrenuntiando
1467 3713 1827 3784 praeciderit?
1882 3713 1998 3769 Non

411 3809 468 3863 tit
519 3824 672 3864 mare
722 3807 1102 3878 tranquillum,
1151 3808 1252 3878 nisi
1295 3807 1639 3867 cessaverint
1678 3807 1860 3874 venti;
1891 3821 2000 3874 non

409 3901 746 3972 extinguitur
793 3899 973 3971 ignis,
1032 3899 1134 3954 nisi
1192 3901 1476 3954 materiam
1532 3898 1769 3953 ittcettdii
1821 3897 2003 3967 spina-

411 4010 641 4065 rumque
689 4001 966 4050 sarmenta
996 3993 1300 4049 detraxeris
1331 4011 1345 4049 :
1376 3992 1456 4048 sic
1499 4008 1595 4070 nec
1639 3992 1852 4070 artiums
1899 3991 2007 4054 crit

413 4088 560 4142 mitis
601 4097 655 4141 et
682 4088 920 4156 quietus,
953 4087 1056 4140 nisi
1089 4100 1150 4139 ea
1178 4100 1298 4156 quae
1329 4085 1696 4150 exsuscitant,
1727 4082 2010 4138 ctinllam-

412 4191 595 4247 mant,
645 4179 849 4236 fuerint
895 4180 1162 4234 abdicata.
1195 4178 1340 4233 Bene
1367 4192 1494 4258 ergo
1525 4177 1724 4247 gradus
1746 4176 1805 4258 β
1829 4176 2011 4246 jungi-

416 4287 503 4330 tur
533 4273 744 4344 gradui,
777 4272 902 4343 quia
939 4286 1206 4343 pauperes
1248 4256 1446 4342 spiritu
1472 4269 1574 4339 ipsi
1609 4256 1875 4338 incipiunt
1895 4267 2008 4339 jam

414 4385 537 4425 esse
563 4368 742 4424 mites.

489 4463 574 4517 ΙΙΙ.
605 4460 831 4516 Accedit
870 4467 924 4515 et
957 4460 1185 4512 tertius:
1218 4455 1364 4511 Beati
1394 4455 1480 4523 qui
1524 4455 1720 4526 lugent,
1763 4452 2009 4523 quoniam

2100 3249 2533 3316 inaccessibilem
2561 3253 2653 3318 Dei
2678 3255 2980 3322 claritatem
3008 3258 3128 3314 sine
3153 3260 3548 3331 impedimento
3570 3278 3703 3319 con-

2099 3342 2350 3412 spiciant.
2381 3345 2642 3412 Munditia
2693 3349 2839 3413 enim
2887 3350 3093 3417 cordis,
3125 3362 3182 3408 et
3229 3355 3581 3412 conscientia:
3609 3372 3711 3427 pu-

2099 3436 2234 3498 ritas
2258 3436 2465 3498 nullam
2487 3439 2683 3499 nubem
2702 3439 2769 3496 ad
2793 3442 3115 3506 intuendum
3135 3444 3428 3506 Dominum
3445 3449 3706 3514 patietur.

2179 3526 2290 3585 Vll.
2321 3528 2604 3606 Sequitur,
2637 3530 2833 3599 it'atres
2867 3552 2880 3590 :
2911 3534 3060 3594 Beati
3083 3538 3310 3606 paciﬁci,
3339 3542 3585 3610 quoniam
3605 3541 3707 3611 [itii

2101 3617 2200 3678 Dei
2223 3620 2755 3693 v.0e.abuutur(l.bid..
2788 3624 2863 3696 9).
2913 3627 3106 3698 Magna
3147 3630 3387 3700 dignitas
3423 3634 3538 3702 paci
3587 3643 3706 3688 stu-

2103 3711 2372 3780 dentium,
2405 3728 2526 3768 cum
2574 3715 2812 3771 ﬁliorum
2864 3719 2960 3774 Dei
3016 3723 3384 3790 appellatione
3429 3734 3705 3782 censetur.

2096 3806 2161 3878 ε
2185 3805 2334 3862 Bona
2365 3805 2585 3880 quidem
2615 3817 2670 3863 et
2697 3807 2814 3874 haec
2842 3810 3146 3879 paciﬁcatio
3189 3829 3309 3883 qum
3343 3815 3400 3868 ﬁt
3432 3815 3574 3872 inter
3607 3817 3712 3872 fra-

2100 3907 2241 3965 tres,
2271 3909 2498 3969 propter
2515 3900 2885 3956 substantiam
2921 3904 3107 3959 saeculi
3140 3905 3437 3976 litigantes,
3471 3917 3564 3962 aut
3586 3925 3712 3978 pro-

2105 3999 2229 4068 ριβι·
2257 4007 2448 4066 νευωῃ
2482 3991 2730 4066 gloriam,
2773 4003 2865 4048 aut
2887 3995 3194 4052 simultates
3227 4016 3239 4049 :
3273 3998 3367 4052 sed
3402 4014 3565 4068 parva
3595 4001 3713 4058 hmc

2112 4098 2359 4148 merces;
2391 4069 2515 4154 quia
2537 4084 2750 4139 dixerat
2781 4085 3038 4141 Dominus
3069 4089 3122 4142 in
3151 4090 3459 4160 exemplum
3495 4095 3668 4148 nostri
3697 4110 3714 4147 :

2108 4173 2242 4240 Quis
2287 4190 2365 4228 me
2405 4176 2671 4237 constituit
2705 4176 2940 4252 judicem
2970 4190 3059 4232 aut
3104 4180 3378 4234 divisorem
3429 4199 3583 4254 super
3626 4201 3713 4239 vos

2114 4265 2264 4336 (Luc.
2300 4282 2394 4338 xu,
2453 4266 2584 4338 Mi?
2619 4267 2738 4334 Jarp
2778 4269 2921 4323 enim
2972 4273 3349 4339 praemiserat:
3399 4275 3572 4330 ablata
3627 4287 3716 4332 tua

2114 4374 2176 4411 ne
2196 4367 2394 4430 repetas
2427 4357 2578 4430 (Luc.
2603 4375 2675 4423 vr,
2701 4360 2816 4432 50).
2846 4363 2912 4415 Et
2962 4363 3070 4417 alio
3099 4365 3252 4419 loco:
3305 4367 3574 4433 Quomodo
3623 4386 3716 4440 po-

2117 4451 2264 4504 testis
2307 4453 2535 4518 credere,
2568 4453 2791 4524 gtorium
2834 4455 2897 4507 ab
2948 4457 3161 4511 invicem
3195 4460 3711 4532 acripienteonan.

417 4556 516 4625 ipsi
544 4552 946 4618 consolabuntur
974 4550 1137 4626 (Ibid.
1156 4592 1172 4618 ,
1201 4549 1281 4626 5).
1323 4547 1457 4616 Quis
1497 4547 1657 4608 nobis
1688 4544 1790 4601 iste
1838 4545 2014 4599 luctus
2041 4535 2091 4594 Ῑ)
2119 4558 2172 4608 V,
2199 4543 2336 4614 44)?
2365 4543 2551 4614 Potior
2593 4561 2725 4618 9780
2749 4557 2804 4601 el
2833 4548 3118 4618 sublimior
3159 4554 3465 4622 paciﬁcatio
3514 4556 3717 4612 intelli-

418 4647 801 4720 intclligendus
829 4655 914 4700 est
955 4642 1246 4700 salutaris?
1277 4640 1473 4709 Utique
1519 4653 1628 4696 non
1664 4638 1787 4702 ille,
1817 4636 1915 4707 qui
1945 4652 2011 4696 ex

418 4762 600 4802 rerum
629 4744 868 4799 nascitur
916 4737 1281 4802 detrimentis,
1333 4749 1441 4790 non
1470 4735 1564 4803 qui
1606 4747 1672 4787 ex
1717 4730 2016 4786 amissione

418 4845 729 4906 cltarorum,
774 4851 873 4892 nec
903 4834 995 4904 qui
1040 4847 1106 4886 ex
1150 4831 1362 4901 jactura
1393 4825 1734 4881 saacularinm
1781 4822 2018 4893 dignita-

424 4947 533 4992 tum
563 4955 576 4991 :
607 4947 726 5008 quae
765 4931 951 4998 utique
990 4923 1170 4978 omnia
1224 4924 1336 4991 jam
1383 4934 1587 4989 pauper
1620 4917 1792 4970 iactus
1823 4914 2015 4984 Spiritu

424 5045 526 5084 non
555 5026 784 5082 dolebit.
817 5022 911 5077 llic
946 5027 1028 5074 est
1067 5019 1243 5071 luctus
1270 5013 1557 5076 salutaris,
1591 5010 1679 5077 qui
1711 5010 1891 5079 agitur
1921 5022 2018 5076 pro

426 5097 694 5194 peccatis,
727 5093 824 5187 pro
871 5110 1246 5168 recordatione
1277 5105 1446 5160 divini
1474 5103 1685 5174 judicii.
1719 5101 1851 5154 Nam
1889 5102 2015 5168 quia

419 5192 574 5286 prius
593 5213 735 5284 inter
758 5208 1072 5263 innumeras
1087 5201 1268 5258 smeuli
1285 5195 1670 5267 occupationes
1694 5203 1744 5246 ct
1760 5192 2022 5260 asperita-

428 5317 508 5364 tes
526 5306 739 5360 animus
755 5300 1104 5363 constitutus,
1119 5295 1186 5349 de
1200 5310 1259 5348 se
1271 5293 1387 5362 ipso
1402 5290 1574 5359 cogita
1587 5303 1641 5341 rc
1662 5300 1767 5339 non
1786 5290 2018 5352 poterat;

426 5374 536 5474 jam
559 5374 783 5460 securus
801 5403 856 5451 ct
877 5394 1021 5448 mitis
1044 5389 1292 5466 elll'cctus,
1311 5383 1497 5452 incipit
1518 5397 1576 5434 se
1599 5381 1773 5449 ipsum
1796 5373 2018 5444 propius

427 5471 648 5562 intueri,
671 5491 989 5562 examinare
1029 5493 1180 5564 actus
1206 5495 1334 5535 suos
1358 5477 1582 5532 diurnos
1611 5481 1772 5564 atque
1801 5475 2020 5564 noctur-

423 5607 524 5650 nos
547 5609 561 5644 :
595 5599 647 5658 et
671 5588 753 5659 sic
774 5561 1172 5658 praeteritorum
1193 5573 1478 5644 criminum
1504 5567 1725 5659 vulnera
1750 5561 2020 5632 incipiunt

425 5657 721 5756 apparere,
756 5657 809 5734 et
851 5685 978 5730 tunc
1007 5673 1188 5727 luctus
1217 5681 1280 5721 ac
1299 5665 1564 5732 lacrymm
1614 5657 2020 5758 subsequuntur

429 5750 714 5841 salutares,
745 5781 800 5829 et
831 5769 966 5825 adeo
997 5763 1266 5826 salubres,
1313 5765 1368 5810 ut
1395 5767 1519 5808 mox
1546 5750 1784 5806 caelestis
1815 5756 2014 5804 conso-

2115 4635 2286 4706 genda
2320 4645 2404 4702 est
2431 4653 2458 4700 η
2492 4637 2680 4702 nobis;
2715 4637 2862 4701 illam
2889 4639 3089 4706 dicam,
3119 4658 3226 4711 qua
3253 4643 3506 4700 homines
3538 4649 3717 4716 genti-

2119 4728 2220 4793 les,
2249 4728 2342 4798 qui
2376 4729 2579 4784 inimici
2605 4737 2734 4784 sunt
2787 4731 2908 4798 Dei,
2957 4749 3052 4802 per
3095 4735 3407 4792 instantiam
3453 4739 3718 4797 doctrinae

2117 4820 2462 4875 adducuntur
2489 4824 2557 4875 ad
2590 4837 2812 4890 pacem:
2847 4840 2950 4894 qua
2984 4839 3299 4896 peccatores
3331 4833 3716 4904 emendantur,

2120 4919 2171 4964 et
2205 4911 2315 4966 Deo
2343 4926 2438 4979 per
2462 4913 2835 4981 paenitentiam
2862 4916 3318 4986 reconciliantur;
3351 4937 3452 4992 qua
3487 4925 3722 4984 rebelles

2124 5000 2366 5056 haeretici
2395 5002 2786 5073 corriguntur;
2819 5019 2924 5074 qua
2951 5005 3216 5065 Ecclesia:
3247 5012 3624 5073 discordantes
3654 5019 3722 5074 ad

2123 5092 2384 5147 unitatem
2417 5109 2721 5164 pacemque
2754 5094 3084 5160 formantur,
3115 5101 3254 5160 Were
3287 5106 3433 5163 enim
3468 5111 3557 5177 qui
3589 5112 3723 5167 tales

2121 5192 2248 5239 sunt
2276 5186 2506 5254 paciﬁci,
2539 5201 2645 5240 non
2669 5187 2844 5250 solum
2869 5189 3011 5247 beati
3053 5203 3200 5258 sunt.
3231 5198 3322 5251 sed
3347 5199 3494 5270 digni
3530 5203 3724 5260 inerito

2125 5275 2218 5328 ﬁlii
2249 5275 2343 5330 Dei
2375 5277 2715 5332 vocabuntur
2744 5295 2755 5332 :
2810 5280 2986 5348 ipsum
3017 5283 3161 5337 enim
3198 5287 3287 5342 Dei
3323 5288 3517 5344 Filium
3564 5293 3726 5347 Chri-

2119 5376 2262 5422 stum
2291 5368 2584 5432 imitantes,
2614 5371 2704 5435 qui
2735 5387 2838 5441 pan:
2888 5385 3066 5428 nostra
3106 5375 3336 5448 (Epltes.
3357 5397 3416 5447 ll,
3440 5382 3525 5450 14)
3561 5392 3613 5436 et
3642 5399 3727 5439 re-

2126 5460 2436 5516 conciliatio
2479 5463 2547 5514 ab
2576 5463 2838 5530 A|.05ltiitl
2891 5467 3218 5534 praedicatus
3267 5481 3368 5537 est,
3411 5470 3726 5533 societatem

2127 5552 2360 5609 nominis
2381 5554 2500 5623 ejus
2527 5555 2851 5611 sortiuntur.

2196 5645 2327 5700 Vill.
2361 5643 2509 5700 Beati
2535 5646 2626 5716 qui
2647 5650 3050 5718 persecutionem
3087 5655 3353 5721 patiuntur
3387 5669 3601 5728 prapter
3640 5663 3732 5729 ju-

2124 5739 2317 5792 stitiam
2333 5778 2348 5803 ,
2373 5738 2617 5807 quoniant
2641 5738 2875 5822 ipsorum
2894 5751 2968 5818 est
2993 5758 3207 5814 regnum
3228 5746 3473 5816 caelorum
3503 5751 3727 5826 (Matth.
