4172 6182
522 250 626 308 321

1546 249 1607 307 ὃ.
1649 240 2102 307 CHBOMATIUS
2132 233 2241 298 ΕΡ.
2283 239 2789 312 AQUILEIENSIS.

3722 233 3825 293 588

518 378 575 430 v,
606 363 721 434 l0).
753 362 871 418 Non
902 369 987 419 est
1012 362 1260 430 dubium,
1286 363 1506 428 fratres,
1536 363 1659 433 quia
1687 363 1833 419 bono
1864 363 2005 417 laeto
2028 377 2114 417 co-
2137 356 2192 418 A
2216 360 2426 426 sultare,
2450 360 2571 431 quia
2587 372 2777 411 merces
2794 361 2958 409 vestra
2973 351 3185 424 capiosa
3202 360 3276 406 est
3302 349 3356 405 in
3374 347 3515 404 ctelis
3536 345 3749 420 (Matth.
3767 365 3820 411 v,

520 470 638 511 mes
664 464 747 511 est
784 471 999 526 semper
1041 456 1260 511 invidia.
1318 455 1454 510 Nam
1501 456 1651 510 salva
1705 465 2113 526 persecuturum

514 546 876 613 crudelitate,
933 546 1024 601 ubi
1056 546 1291 616 emperis
1319 545 1546 617 rigidam
1589 556 1777 602 tenere
1825 546 2113 618 justitiam,

514 638 864 697 insolentiam
897 652 1274 708 repercutere,
1324 639 1641 695 incredulos
1673 640 1739 694 ad
1784 655 1968 709 pacem
2016 640 2116 694 Du-

513 731 645 787 mini
664 745 999 795 convocare;
1025 730 1113 785 ubi
1139 731 1375 801 coeperis
1401 731 1636 801 denique
1656 747 1684 785 a
1706 731 1996 786 mundanis
2018 730 2116 785 ho—

514 822 754 878 minibus
784 823 1105 879 eterruneis
1131 823 1469 894 discrepare,
1501 827 1682 879 statim
1710 826 2116 896 persecutiones

516 916 767 974 oriuntur
791 933 804 971 :
832 932 1059 973 necesse
1085 927 1169 973 est
1196 918 1255 987 9
1278 929 1502 989 surgant
1528 918 1675 982 odia,
1732 918 2008 973 aemulatio
2039 919 2117 972 la-

513 1018 682 1064 ceret.
714 1008 805 1065 Sic
831 1008 1067 1080 denique
1094 1009 1160 1062 ad
1208 1010 1359 1063 illum
1417 1024 1688 1064 summum
1740 1010 1990 1079 gradum,
2046 1010 2115 1064 ad

513 1098 690 1170 ipsum
720 1110 883 1171 caput
907 1112 1071 1172 atque
1094 1100 1390 1172 fastigium,
1421 1116 1552 1156 suos
1576 1101 1852 1158 auditores
1892 1102 2117 1159 adducit

511 1190 786 1258 Christus,
842 1207 951 1247 nun
998 1202 1205 1247 tantum
1255 1203 1312 1247 ut
1347 1196 1654 1249 sustineant
1690 1195 1969 1264 patiendo,
2017 1194 2113 1249 sed

507 1286 671 1339 etiam
704 1293 765 1338 ut
798 1285 1079 1340 moriendo
1106 1286 1505 1357 eongaudeant.

582 1375 675 1431 1X.
722 1375 893 1441 Beati,
928 1379 1122 1448 inquit,
1151 1395 1267 1432 cum
1304 1395 1389 1433 vos
1427 1388 1823 1451 persequuntur,
1852 1388 1899 1434 et
1928 1396 2113 1453 expro-

511 1468 680 1535 brant,
729 1479 777 1523 et
815 1471 988 1525 dicunt
1032 1488 1178 1526 omne
1224 1472 1419 1527 malum
1458 1475 1728 1529 adversum
1769 1494 1878 1542 vos,
1906 1488 2113 1549 prapter

498 1563 784 1635 justitiam,
832 1565 1170 1619 mentientes:
1213 1565 1443 1621 Gaudete
1480 1578 1527 1622 et
1566 1571 1837 1635 exsultute,
1868 1572 2109 1642 quoniam

506 1672 698 1710 merces
741 1667 905 1712 .estra
945 1658 1151 1730 copiosa
1182 1671 1253 1713 est
1283 1660 1336 1713 in
1365 1662 1500 1715 caelis
1525 1677 1543 1716 :
1573 1662 1663 1717 Sic
1692 1665 1827 1717 enim
1855 1667 2109 1735 persecuti

2228 455 2328 526 l2)
2354 471 2368 521 ;
2400 463 2454 510 et
2480 468 2732 509 crescere
2766 465 2865 522 per
2894 449 3225 505 incrementa
3254 445 3691 517 persecutionum
3714 443 3825 497 evi-

2220 550 2415 605 denter
2445 547 2706 603 ostendit.
2747 544 2963 601 Ostensi
3013 554 3161 604 sunt,
3196 543 3412 606 fratres,
3460 548 3586 595 octo
3628 537 3827 610 gradus

2220 641 2551 712 Evangelici,
2585 640 2850 696 exstructi
2882 654 2948 694 ex
2984 636 3277 706 lapidibus,
3313 644 3371 689 ut
3402 633 3672 699 dixeram,
3706 646 3828 702 pre-

2221 735 2394 789 tiosis.
2421 734 2651 789 Ostensa
2680 742 2765 788 est
2793 732 2882 787 illa
2916 731 3061 786 scala
3088 730 3279 786 Jacobi
3310 727 3477 796 (Gen.
3510 742 3665 793 xxvr,
3700 723 3825 797 l2),

2218 829 2373 897 cujus
2400 841 2662 882 cacumen
2705 826 2774 881 de
2805 836 2948 881 terra
2999 822 3344 895 pertingebat
3370 821 3438 876 ad
3477 821 3700 886 etelnm,
3734 833 3827 887 per

2218 936 2378 992 quam
2406 920 2498 990 qui
2528 917 2796 985 ascendit,
2832 927 3040 988 portam
3076 916 3281 971 invenit
3301 915 3447 980 (εαξη,
3482 929 3546 968 ac
3574 929 3676 984 per
3704 928 3826 969 eam

2218 1015 2518 1085 ingressus,
2535 1014 2653 1068 sine
2672 1013 2778 1068 line
2800 1013 2851 1066 in
2879 1022 3174 1082 conspectu
3196 1009 3413 1065 Domini
3433 1010 3585 1064 lectus
3602 1008 3821 1076 astabit,

2218 1104 2540 1161 laudaturus
2558 1105 2846 1160 Dominum
2866 1119 2989 1160 cum
3005 1104 3211 1159 sanctis
3227 1101 3437 1173 angelis
3456 1101 3508 1155 in
3529 1113 3820 1155 aeternum.

2289 1199 2359 1254 X.
2406 1200 2504 1255 llic
2534 1210 2721 1254 noster
2751 1208 3041 1264 mercatus,
3077 1202 3194 1252 haec
3226 1196 3465 1251 nundina
3500 1195 3822 1265 spiritualis.

2217 1296 2440 1361 Demus,
2464 1293 2760 1362 benedicti,
2793 1309 2913 1363 qua:
2941 1292 3204 1347 habemus
3230 1308 3244 1343 :
3274 1289 3568 1345 oll'cramus
3603 1288 3824 1358 Spiritus

2217 1400 2614 1461 paupertatem,
2641 1396 2701 1443 ut
2720 1387 3049 1458 accipiamus
3078 1384 3377 1441 secundum
3405 1384 3820 1454 promissionem

2215 1482 2367 1553 regni
2388 1481 2629 1536 cmlestis
2650 1479 2985 1545 ubertatem;
3010 1478 3302 1533 oll'eranms
3326 1476 3819 1543 mansuetudinem,

2214 1584 2274 1630 ut
2302 1586 2501 1630 terram
2520 1573 2896 1644 pussideamus
2919 1580 2974 1627 et
2998 1569 3303 1639 paradisum
3333 1587 3346 1624 :
3376 1568 3677 1623 deﬂeamus
3697 1583 3823 1637 pec-

2213 1678 2352 1733 cata,
2380 1678 2435 1724 et
2465 1676 2649 1723 nostra
2672 1676 2725 1723 et
2749 1667 2949 1728 aliena.
2974 1671 3034 1719 ut
3056 1661 3487 1718 consolationem
3509 1662 3577 1715 de
3605 1660 3822 1715 Domini

506 1759 623 1802 sunt
656 1752 933 1821 prapltetas
973 1753 1063 1822 qui
1090 1757 1298 1822 [uerunt
1333 1764 1451 1808 ante
1480 1754 1789 1827 vos(1bid.,
1823 1758 1881 1812 11
1909 1762 1944 1825 ).
1973 1759 2107 1813 Per-
2140 1754 2188 1813 B
2216 1762 2459 1817 bonitate
2486 1774 2794 1816 mereamur
2819 1776 2831 1811 :
2856 1757 3164 1813 esuriamus
3185 1765 3241 1809 et
3261 1753 3510 1809 sitiamus
3525 1752 3820 1823 justitiam,

502 1838 646 1896 fecta
670 1846 839 1898 virtus
860 1851 963 1911 est,
1003 1842 1224 1912 fratres,
1252 1856 1374 1915 post
1398 1848 1561 1901 totius
1579 1849 1805 1917 justiti-.c
1834 1850 2109 1905 ministra-

506 1932 704 1999 tiones,
751 1946 976 2004 propter
1025 1940 1313 1991 veritatem
1345 1938 1636 2007 opprobria
1684 1939 1754 1994 ab
1800 1940 2106 1997 hominibus

502 2027 795 2089 Bustinere,
842 2026 1007 2097 afﬂigi
1052 2028 1405 2095 cruciatibus,
1456 2041 1627 2085 morte
1670 2031 1905 2102 denique
1937 2034 2102 2102 affici,

503 2132 604 2172 nec
646 2118 864 2183 terreri,
907 2122 1185 2190 propesito
1217 2122 1375 2177 nobis
1402 2127 1653 2195 exemplo
1685 2125 2101 2195 Prophetarum,

499 2213 590 2282 qui
620 2212 859 2269 diversis
886 2215 1061 2270 modis
1089 2216 1597 2287 propterjustitiam
1625 2219 1869 2285 lacerati,
1900 2221 2103 2289 passio-

499 2321 627 2360 num
656 2306 857 2361 Christi
885 2309 1197 2364 conformes
1235 2325 1290 2365 et
1340 2313 1545 2381 prmmii
1594 2328 1717 2368 esse
1764 2324 2099 2370 mertterunt.

496 2396 598 2452 llic
640 2399 842 2467 gradus
891 2401 1092 2456 celsior
1147 2411 1265 2470 est,
1301 2404 1352 2458 in
1418 2420 1526 2475 quo
1580 2406 1853 2462 Christum
1901 2408 2102 2464 Paulus

497 2493 772 2562 aspiciens
820 2493 1076 2550 dicebat:
1113 2495 1286 2552 Unum
1333 2507 1523 2560 autem,
1567 2517 1681 2571 qua:
1715 2501 1923 2572 quidem
1965 2510 2102 2557 retro

493 2597 610 2642 sunt
629 2588 949 2657 obliviscaris,
970 2591 1039 2643 ad
1064 2608 1124 2645 ea
1150 2608 1265 2661 quia
1290 2593 1344 2647 in
1368 2595 1536 2665 primo
1556 2606 1672 2649 sunt
1692 2612 1773 2648 me
1797 2594 2096 2663 extendens,

489 2692 655 2739 sector
680 2685 751 2737 ad
780 2684 1014 2740 bravium
1050 2704 1288 2759 δίψει-πω
1334 2690 1617 2743 vocationis
1664 2689 1759 2745 Dei
1800 2691 1854 2743 in
1895 2690 2099 2745 Christo

493 2773 620 2830 Iesu
666 2776 937 2851 (Philipp.
983 2782 1187 2845 111,15,
1238 2779 1361 2851 M).
1418 2782 1486 2837 Et
1535 2782 1712 2838 adhuc
1757 2782 2000 2853 apertius
2029 2783 2094 2838 ad

489 2865 877 2924 Timotheum:
913 2869 1204 2937 Certamen,
1236 2873 1435 2943 inquit,
1486 2874 1675 2929 bonum
1709 2878 1923 2944 certavi,
1974 2893 2095 2930 cur-

484 2977 600 3016 sum
627 2966 975 3019 consummavi
1004 2966 1087 3037 (II
1134 2966 1268 3021 Tim.
1316 2984 1391 3034 tv,
1425 2968 1455 3021 7
1474 2976 1515 3039 ).
1567 2971 1731 3036 Quasi
1762 2972 1855 3041 qui
1902 2986 2095 3027 omnes

486 3055 689 3127 gradus
730 3058 1072 3125 ascenderat,
1104 3059 1354 3117 addidit:
1385 3060 1573 3118 Fidem
1617 3064 1812 3118 servavi
1830 3081 1849 3118 :
1881 3064 1944 3119 In
1972 3064 2095 3119 reli-

2213 1868 2273 1912 ut
2319 1856 2595 1926 copiosius
2640 1854 2953 1924 saginemur
2981 1869 2994 1904 :
3026 1851 3218 1905 deuius
3262 1846 3715 1912 misericordiam,
3763 1852 3821 1899 ut

2210 1965 2395 2006 veram
2446 1945 2874 2003 misericordiam
2906 1958 3351 2012 eunsequamur:
3394 1940 3638 1995 vivamus
3668 1939 3819 2009 ρηοί-

2212 2043 2321 2109 lici,
2353 2052 2414 2097 ut
2459 2041 2556 2096 ﬁlii
2606 2040 2699 2095 Dei
2742 2054 3039 2094 vocemur:
3074 2035 3333 2089 mundum
3366 2049 3461 2088 cor
3509 2043 3565 2087 et
3602 2042 3813 2086 castum

2209 2151 2405 2207 corpus
2432 2135 2751 2199 oll‘eramus,
2772 2141 2831 2187 ut
2858 2132 3038 2187 lucido
3059 2145 3225 2185 sensu
3246 2130 3410 2184 Deum
3434 2127 3624 2183 videre
3644 2126 3817 2195 possi—

2208 2242 2330 2282 mus
2361 2244 2374 2281 :
2408 2224 2817 2297 persecutiones
2843 2234 3063 2293 propter
3085 2223 3349 2293 justitiam
3378 2220 3605 2276 minime
3629 2221 3821 2274 timea-

2208 2334 2328 2374 mus
2356 2328 2412 2373 ιιι
2441 2319 2685 2373 caelestis
2730 2315 2901 2387 Regni
2952 2314 3257 2369 efﬁciamur
3288 2312 3571 2367 hatredes:
3617 2327 3817 2381 opproo

2206 2411 2347 2478 bria,
2374 2412 2669 2477 cruciatus,
2701 2419 2932 2465 mortem
2960 2407 3196 2477 denique
3219 2407 3264 2460 si
3309 2405 3545 2471 eveniat,
3594 2415 3816 2473 propter

2208 2506 2303 2560 Dei
2346 2505 2630 2560 veritatem
2678 2503 2982 2575 gaudentes
3029 2501 3426 2569 amplectamur
3472 2509 3527 2555 et
3573 2499 3708 2566 lzeti,
3756 2507 3816 2554 ut

2205 2615 2418 2654 merces
2464 2599 2622 2654 nobis
2664 2612 2787 2653 eum
2837 2594 3129 2664 Pruphetis
3172 2604 3226 2648 et
3267 2592 3545 2663 Apostolis
3590 2592 3811 2661 e0piusa

2205 2703 2493 2764 przestelur
2519 2691 2572 2746 in
2596 2691 2759 2747 coelo.
2793 2689 2861 2745 Ut
2887 2699 3068 2744 autem
3104 2687 3284 2742 verbis
3327 2688 3451 2741 linis
3471 2700 3593 2740 cum
3624 2682 3815 2754 prmia-

2203 2786 2349 2839 tione
2372 2781 2673 2838 concordet
2699 2799 2711 2835 :
2740 2781 2785 2835 si
2813 2790 2897 2835 est
2930 2778 3187 2850 gaudium
3218 2776 3617 2832 mercatoribus
3649 2790 3813 2845 prop-

2203 2885 2285 2931 ter
2314 2876 2462 2931 luera
2493 2874 2782 2945 praesentia
2811 2884 2865 2928 et
2893 2871 3119 2936 caduca,
3151 2872 3322 2941 magis
3354 2874 3451 2941 ιι
3477 2869 3810 2939 gaudeamus

2200 2984 2392 3025 omnes
2425 2968 2633 3038 pariter
2673 2979 2727 3023 et
2764 2965 3033 3030 laetemur,
3067 2963 3190 3033 quia
3223 2963 3353 3017 tales
3385 2962 3597 3016 ιιυιιιιιιί
3644 2960 3808 3015 hodie

2202 3062 2511 3117 invenimus
2555 3060 2900 3131 margaritas,
2953 3056 3155 3128 quibus
3205 3055 3352 3109 nulla
3406 3063 3612 3124 possunt
3667 3053 3807 3107 bona

484 3165 585 3219 quo
613 3152 844 3220 reposita
871 3162 947 3207 est
969 3153 1099 3207 mihi
1133 3170 1327 3209 corona
1344 3158 1568 3228 justitiat
1596 3156 1798 3226 (Ibid.,
1820 3157 1914 3229 8).
1951 3158 2087 3213 Vere
2117 3146 2162 3208 C
2195 3155 2378 3210 saeculi
2397 3154 2722 3224 comparari.
2744 3151 2891 3218 Quas
2915 3160 2970 3204 ut
2992 3149 3302 3219 acquirere,
3332 3148 3607 3211 obtinere,
3631 3148 3808 3214 possi-

482 3243 630 3298 enim
665 3245 922 3302 universo
949 3262 1110 3302 cursu
1139 3250 1414 3320 completo
1442 3251 1545 3306 hoc
1572 3261 1877 3321 supererat,
1905 3262 1962 3307 ut
1993 3268 2089 3321 per

481 3334 863 3393 tribulationes
885 3348 940 3392 et
965 3340 1247 3409 passiones
1268 3340 1511 3409 gaudens
1531 3341 1754 3407 Paulus,
1778 3343 1845 3397 ad
1864 3345 2087 3413 gradum

477 3426 855 3484 sublimiorem
886 3432 1132 3504 martyrii
1165 3434 1499 3502 perveniret.
1538 3434 1707 3506 Digne
1736 3451 1867 3506 ergo
1899 3435 2088 3491 Domi-

476 3531 583 3574 nus
601 3520 775 3575 servis
796 3522 908 3577 suis
926 3522 1119 3578 suadet
1146 3543 1157 3580 :
1193 3523 1448 3593 Gaudete,
1489 3528 1761 3598 inquiens,
1799 3529 1903 3599 ιο
1928 3540 1975 3583 et
2004 3546 2092 3585 ex-

2196 3247 2329 3303 dere
2347 3260 2678 3311 mereamur,
2699 3245 2959 3299 auxilium
2984 3242 3140 3297 nobis
3162 3252 3216 3296 et
3238 3242 3406 3311 gratia
3430 3255 3552 3294 eum
3578 3240 3803 3303 virtute,

2192 3342 2262 3397 ab
2286 3343 2405 3411 ipso
2439 3342 2666 3395 Domino
2708 3336 3032 3410 postulanda
3064 3348 3170 3405 est,
3196 3336 3286 3392 cui
3317 3336 3387 3391 sit
3412 3336 3585 3406 gloria
3617 3334 3671 3390 in
3700 3348 3806 3388 sae-

2190 3436 2308 3491 cula
2341 3435 2689 3491 saeculorum.
2720 3434 2917 3489 Anien.

472 3638 3141 3663 MM

1224 3817 1912 3937 SANCTI
1989 3822 3058 3940 CHBOMATII

1651 4020 2204 4097 AQUILEIENSIS
2247 4021 2602 4084 EPISCOPI

1402 4179 2844 4377 TRACTATUS,

1847 4411 1957 4473 QUI
1991 4409 2367 4462 SUPERSUNT
2387 4447 2403 4473 ,

778 4559 952 4682 IN
1041 4555 1531 4687 EVAN
1554 4558 2094 4687 GELIU

2198 4558 2249 4685 Ι
2342 4555 2473 4687 S.
2569 4556 3476 4687 MATTH/EI.

1746 4799 2499 4838 ᾧ

925 4969 1482 5045 numerares
1521 4971 1544 5027 ι
1586 4981 1633 5039 η,

744 5085 813 5140 In
846 5098 1003 5158 caput
1038 5104 1097 5144 ιιι
1131 5087 1397 5161 Evangelii
1428 5089 1490 5146 S.
1520 5087 1776 5145 Matthazi.

1014 5205 1215 5268 :(Deest
1247 5205 1481 5271 initium.)

519 5332 639 5389 1....
673 5331 1015 5405 Quapmpter
1057 5332 1394 5406 respondens
1424 5335 1686 5391 Dominus
1716 5336 1877 5392 Jesus
1918 5335 2058 5392 dixit

448 5424 501 5483 ei
526 5444 540 5481 :
575 5427 704 5484 Sine
726 5429 903 5496 modo,
925 5429 1002 5483 sic
1032 5429 1170 5483 enim
1189 5430 1333 5483 decet
1356 5445 1450 5483 nos
1480 5430 1690 5500 implere
1719 5447 1921 5485 omnem
1934 5434 2057 5502 jus-

448 5520 616 5577 titiam
641 5522 857 5594 tMatth.
882 5537 962 5588 ut,
1008 5522 1119 5593 15).
1158 5522 1319 5579 Jesus
1346 5523 1507 5593 igitur
1542 5524 1608 5577 ad
1634 5523 2059 5579 eonsummanda

451 5610 590 5681 legis
618 5614 803 5672 omnia
832 5624 1199 5683 sacramenta,
1228 5625 1287 5671 ut
1315 5614 1685 5686 baptizaretur
1708 5632 1739 5672 a
1768 5615 1998 5685 Joanne,
2028 5633 2058 5673 a

2087 4972 2142 5033 D
2168 4966 2386 5024 Galilaea
2428 4966 2480 5021 in
2509 4965 2803 5022 Jordanem
2843 4966 3148 5025 descendit.
3182 4968 3289 5025 Sed
3328 4969 3565 5027 Joannes
3604 4970 3771 5026 Deum

2163 5074 2321 5114 suum
2355 5073 2453 5129 per
2491 5057 2751 5128 Spiritum
2775 5067 3023 5115 sanctum
3066 5075 3488 5132 recognoscens,
3542 5063 3772 5133 enjusne

2164 5154 2529 5208 calceamenta
2560 5153 2780 5225 quidem
2827 5154 3048 5225 dignum
3096 5170 3156 5211 se
3184 5154 3352 5212 fuisse
3391 5166 3609 5227 portare
3640 5170 3766 5226 pro-

2159 5245 2338 5300 fessus
2370 5245 2566 5311 fuerat,
2593 5246 2826 5317 implere
2850 5248 2997 5317 quod
3033 5248 3327 5318 jubebatur
3354 5257 3615 5304 excusat:
3640 5248 3765 5319 quia

2160 5351 2270 5394 non
2300 5340 2559 5396 credebat
2589 5341 2638 5397 ei
2674 5342 3042 5397 necessarium
3073 5342 3403 5414 baptismum
3431 5358 3574 5406 esse.
3604 5359 3764 5410 quem

2162 5435 2325 5490 sciret
2370 5436 2436 5490 ad
2468 5434 2571 5491 huc
2593 5435 2843 5503 venisse,
2877 5446 2935 5491 ut
2964 5436 3241 5506 baptismo
3288 5451 3389 5492 suo
3417 5437 3604 5492 mundi
3637 5452 3765 5506 pee-

2161 5535 2280 5581 cata
2327 5527 2569 5594 deleret;
2603 5538 2658 5583 et
2696 5527 2903 5585 idcirco
2950 5527 3215 5598 baptizari
3247 5543 3309 5585 se
3354 5528 3423 5584 ab
3468 5543 3537 5583 eo
3584 5528 3764 5598 potius

2162 5628 2420 5690 oportere
2449 5630 2699 5690 testatur,
2728 5621 2996 5680 dicendo:
3025 5621 3139 5693 Ego
3159 5639 3191 5675 a
3218 5631 3267 5677 te
3290 5621 3447 5679 debeo
3472 5620 3764 5692 baptizari;

512 5776 536 5804 ⁸
565 5769 720 5841 Apud
750 5773 1002 5831 Galland.
1028 5790 1041 5830 :
1067 5772 1339 5831 Tractatus
1376 5773 1553 5845 XVII,
1584 5776 1639 5830 in
1680 5776 1743 5833 S.
1770 5774 2008 5833 Ματαιιεί
2046 5777 2410 5851 Evangelium.
