4172 6182
345 268 458 330 329

1203 268 1623 329 TRACTATUS
1662 270 1705 328 ll
1743 269 1810 327 IN
1850 264 2301 327 EVANGELIUM
2342 266 2399 325 ε.
2444 264 2798 325 ΜΑΤἸἮΕΙ.

3545 274 3651 332 530

342 396 391 442 ει
417 396 473 440 ιιι
503 386 644 441 venis
670 387 740 440 αά
765 402 846 442 ἠε
871 386 892 459 (
910 384 1077 450 Ῑθίάος
1111 386 1247 457 “)7
1274 387 1573 459 Τειηιίιιιιιηι
1614 388 1659 443 εί
1701 388 1945 444 dium“
1977 404 2027 462 A
2056 402 2153 458 ille
2180 403 2361 459 Deus:
2393 403 2487 459 Dei
2518 404 2660 459 enim
2694 411 2781 459 est
2818 410 3040 473 peccata
3080 403 3389 471 dimittere,
3421 415 3483 462 ut
3522 411 3657 464 scri-

344 479 459 550 Ego
486 478 651 534 homo
676 495 827 545 sunt;
852 489 906 534 tu
934 480 1115 535 Deus:
1146 479 1259 550 Ego
1288 489 1563 549 peccator,
1589 481 1716 551 quia
1747 481 1943 545 homo;

342 584 402 629 ιιι
435 572 558 630 sine
580 581 825 645 peccato,
850 574 976 644 quia
1008 573 1173 629 Deus.
1197 572 1337 642 Quid
1366 575 1447 629 vis
1472 588 1502 628 a
1533 589 1620 629 me
1645 572 1947 644 baptizari?

341 666 460 725 Non
495 682 690 725 recuso
717 667 1072 739 obsequium,
1105 667 1200 723 sed
1231 668 1419 739 ignoro
1448 668 1789 740 mysterium.
1833 667 1946 738 Ego

341 774 660 835 peccatores
689 761 907 834 baptizo
940 764 992 818 itt
1022 763 1425 834 pmnitentiam.
1456 762 1537 818 Tu
1567 762 1696 832 quid
1731 761 1837 835 14
1863 763 1945 817 vis

341 855 634 926 baptizari,
667 856 760 928 qui
792 872 898 911 non
932 857 1101 912 habes
1128 871 1346 912 causam
1378 857 1628 929 peccati?
1650 856 1822 911 lmn-o
1847 872 1947 927 po-

342 946 470 1011 tius,
497 947 628 1017 quid
656 948 737 1004 vis
768 947 1029 1014 baptizari
1071 960 1132 1004 ut
1160 959 1439 1019 peccator,
1462 949 1553 1019 qui
1578 949 1773 1004 venisti
1813 964 1934 1020 pec-

338 1048 459 1097 cata
492 1039 733 1096 tollere?
758 1040 900 1109 Qttid
926 1050 1011 1096 est
1037 1055 1167 1113 ergo
1197 1042 1343 1113 quod
1387 1042 1464 1097 ait
1489 1041 1735 1097 Joannes
1765 1059 1778 1094 :
1809 1042 1850 1095 A
1896 1051 1944 1096 te

339 1132 497 1187 debeo
524 1149 619 1204 ego
651 1133 925 1205 baptizari,
955 1143 1003 1188 et
1026 1144 1080 1188 tu
1108 1135 1246 1189 venis
1271 1133 1341 1187 ad
1364 1136 1483 1189 me?
1512 1143 1537 1170 ³
1562 1134 1830 1202 Quidnam
1864 1134 1943 1189 la-

338 1228 468 1284 muli
496 1229 581 1283 sui
605 1227 761 1284 fidele
787 1230 1089 1295 servitutis,
1118 1228 1214 1285 sed
1240 1228 1664 1302 dispensationis
1687 1245 1798 1284 sum
1827 1245 1943 1301 my-

336 1324 589 1391 sterium,
621 1323 890 1380 dicendo:
925 1323 1056 1380 Sine
1104 1324 1294 1393 modo;
1333 1327 1409 1379 sic
1452 1326 1587 1380 enim
1618 1334 1817 1392 Oportet
1849 1341 1943 1379 nos

333 1418 553 1488 intplere
572 1434 772 1472 omnem
800 1420 1055 1488 iustitiam
1079 1435 1097 1473 :
1121 1419 1419 1475 oSIendcns
1447 1419 1548 1474 hoc
1572 1435 1695 1475 esse
1718 1434 1937 1475 omnem

330 1510 625 1581 justitiam,
648 1521 705 1566 ut
728 1511 849 1583 ipse
877 1511 1140 1568 Dominus
1161 1524 1214 1567 et
1238 1513 1497 1582 magister
1523 1513 1714 1569 salutis
1739 1523 1940 1569 nostrae

337 1613 746 1659 sacramentum
778 1604 1099 1673 compleret.
1138 1604 1255 1660 Non
1283 1620 1418 1676 ergo
1463 1607 1545 1661 sui
1573 1620 1734 1661 causa
1764 1606 1942 1676 bapti-

337 1695 449 1751 zari
493 1695 754 1751 Dominus
784 1697 964 1765 venit,
996 1697 1091 1753 sed
1131 1713 1290 1753 causa
1324 1699 1532 1765 nostri,
1576 1708 1637 1754 ut
1686 1699 1942 1769 impleret

2050 506 2199 566 ptum
2238 506 2323 552 est
2355 514 2368 550 :
2404 497 2534 564 Quis
2583 506 2747 567 potest
2778 507 2987 568 peccata
3037 498 3327 564 dimittere,
3380 500 3481 553 nisi
3510 502 3652 556 solus

2047 587 2363 661 Deus(Luc.
2389 607 2442 656 v,
2473 590 2601 660 2!)?
2626 590 2691 644 Et
2724 590 2845 645 ideo
2870 592 2945 645 ait
2966 590 3206 647 Joannes
3236 592 3301 646 ad
3330 591 3603 649 Christum
3633 613 3644 647 :

2048 682 2163 755 Ego
2182 700 2215 737 a
2244 693 2289 736 te
2316 682 2471 737 debeo
2500 682 2791 753 baptizari;
2819 692 2868 736 et
2895 694 2949 736 tu
2980 684 3120 738 uenis
3152 684 3222 738 ad
3254 700 3335 738 me
3361 685 3387 739 ?
3410 685 3648 743 Joannes

2047 773 2191 829 enim
2238 775 2506 844 baptismo
2532 774 2759 845 egebat,
2791 775 2921 844 quia
2966 777 3083 831 sine
3112 789 3335 846 peccato
3376 794 3499 835 esse
3541 796 3648 835 non

2046 878 2295 939 poterat:
2327 871 2431 943 ιθ
2451 886 2638 927 verum
2668 869 2916 926 Christus
2942 870 3210 941 baptismo
3230 889 3391 944 egere
3416 890 3521 930 non
3556 892 3645 946 po-

2048 972 2224 1029 terat,
2254 962 2376 1034 quia
2433 973 2653 1034 peccata
2697 980 2803 1019 non
2835 963 3057 1019 fecerat.
3092 964 3244 1021 Unde
3286 967 3338 1021 in
3380 966 3652 1039 baptismo

2046 1055 2141 1111 illo
2181 1055 2449 1112 Dominus
2480 1072 2543 1113 ac
2584 1058 2841 1114 Salvator
2884 1067 3091 1123 noster,
3122 1062 3353 1129 primum
3386 1062 3611 1120 Joannis
3632 1107 3647 1130 ,

2044 1148 2243 1205 dehinc
2286 1152 2452 1206 totius
2495 1151 2681 1205 mundi
2729 1162 2948 1220 peccata
2991 1154 3257 1222 purgavit.
3285 1153 3351 1207 Et
3385 1155 3506 1210 ideo
3534 1156 3649 1210 ait:

2046 1241 2174 1296 Sine
2214 1244 2402 1307 modo;
2432 1243 2509 1297 sic
2546 1245 2683 1297 enim
2717 1254 2918 1313 oportet
2964 1262 3058 1300 nos
3087 1247 3303 1317 implere
3331 1264 3531 1303 omnem
3554 1254 3649 1323 ju-

2048 1336 2267 1391 stitiam.
2301 1336 2467 1407 Cujus
2498 1338 2752 1401 baptismi
2785 1339 2956 1409 gratia
2995 1342 3196 1396 dudum
3240 1344 3466 1413 mystice
3512 1360 3653 1411 pra:-

2044 1438 2260 1484 03tensa
2307 1439 2429 1497 est,
2482 1446 2605 1485 cum
2640 1433 2871 1501 p0pulus
2902 1448 2998 1504 per
3045 1433 3265 1488 lluviuin
3307 1435 3560 1492 Jwrdanis
3595 1439 3646 1492 in

2046 1530 2243 1577 terram
2297 1525 2678 1594 promissionis
2709 1526 2957 1583 inductus
3000 1540 3102 1583 est.
3152 1528 3300 1585 Sicut
3340 1546 3473 1601 ergo
3522 1543 3650 1587 tunc

2044 1617 2266 1686 populo,
2290 1616 2357 1671 ad
2392 1628 2594 1672 terram
2626 1621 3006 1685 protttissiunis
3027 1623 3194 1684 eunti,
3234 1638 3331 1692 per
3351 1623 3646 1680 Jordanem

2042 1708 2127 1762 via
2158 1708 2289 1775 fuit,
2322 1710 2551 1765 Domino
2586 1714 2964 1781 prtecedente:
2996 1714 3069 1769 ita
3103 1731 3267 1779 nunc,
3299 1732 3396 1786 per
3424 1721 3643 1772 easdem

336 1804 558 1845 omnem
585 1790 871 1860 justitiam.
923 1791 1135 1847 .lustnm
1187 1803 1273 1849 est
1320 1796 1500 1862 enim,
1540 1804 1598 1851 ut
1626 1794 1769 1865 quod
1815 1795 1939 1864 quis
1968 1805 2016 1866 Β
2043 1816 2211 1871 aquas
2233 1801 2380 1858 ﬂuvii
2409 1800 2685 1871 Jordanis,
2718 1806 2952 1875 primum
2977 1806 3081 1862 iter
3106 1808 3205 1862 via:
3226 1809 3470 1864 cmlestis
3494 1824 3650 1879 aper-

337 1880 501 1938 docet
524 1884 756 1940 alterum
788 1884 986 1952 facere,
1016 1888 1165 1956 prior
1196 1888 1439 1957 incipiat.
1469 1887 1606 1955 Quia
1634 1889 1795 1959 igitur
1825 1905 1939 1943 ma-

336 1975 509 2046 gister
541 1986 596 2031 et
626 1977 889 2033 Dominus
916 1977 1135 2035 humani
1164 1981 1382 2051 generis
1411 1988 1657 2043 venerat,
1685 1981 1937 2048 exemplo

336 2082 439 2123 suo
475 2070 674 2126 docere
708 2072 875 2126 voluit
898 2072 1024 2143 quid
1050 2082 1198 2130 esset
1232 2072 1563 2140 faciendum,
1597 2086 1653 2130 ut
1681 2075 1938 2147 discipuli

336 2162 679 2234 Magistrum,
714 2168 861 2222 servi
894 2166 1182 2223 Dominum
1218 2180 1594 2242 sequerentur.
1637 2171 1772 2240 Quia
1804 2187 1936 2243 ergo

337 2272 541 2313 novum
586 2258 850 2330 baptisma
890 2260 1115 2316 daturus
1155 2271 1305 2329 erat,
1339 2263 1406 2318 ad
1451 2265 1666 2335 generis
1714 2265 1936 2320 humani

334 2350 570 2407 salutem
597 2361 652 2407 et
680 2353 1056 2411 remissionem
1092 2356 1331 2423 peccati;
1365 2357 1511 2426 prior
1534 2360 1648 2428 ipse
1669 2358 1935 2429 baptizari

333 2440 591 2512 dignatus
630 2453 752 2510 est,
785 2460 894 2501 non
940 2454 997 2501 ut
1048 2457 1270 2517 peccata
1310 2448 1643 2519 deponeret,
1674 2450 1768 2521 qui
1812 2466 1935 2521 pec-

335 2546 515 2593 catum
544 2538 689 2594 solus
720 2554 828 2595 non
855 2538 1097 2607 fecerat;
1121 2542 1216 2597 sed
1250 2551 1308 2597 ut
1328 2557 1497 2611 aquas
1527 2543 1782 2614 baptismi
1810 2559 1937 2599 san-

335 2631 605 2688 ctiﬁcaret
629 2632 697 2688 ad
719 2632 976 2689 diluenda
1002 2644 1221 2705 peccata
1243 2635 1605 2691 credentium.
1630 2635 1933 2706 Numquam

336 2723 481 2780 enim
510 2740 667 2797 aqua:
696 2726 950 2797 baptismi
974 2744 1205 2800 purgare
1226 2739 1445 2800 peccata
1473 2730 1811 2786 credentium
1841 2747 1936 2803 po-

335 2817 608 2885 tuissent,
643 2819 747 2875 nisi
804 2829 951 2876 tactu
993 2820 1253 2878 dominici
1300 2824 1548 2893 corporis
1585 2824 1936 2880 sanctiﬁcata:

335 2907 588 2966 fuissent.
620 2909 715 2967 llle
743 2928 877 2983 ergo
917 2913 1221 2985 baptizatus
1248 2924 1367 2983 est,
1401 2925 1459 2970 ttt
1497 2930 1598 2972 nos
1627 2917 1935 2974 lavaremnr

335 3016 368 3057 a
401 3005 657 3075 peccatis.
690 3003 786 3060 Ille
817 3006 1021 3063 tinctus
1060 3019 1146 3063 est
1184 3007 1236 3063 in
1264 3023 1403 3079 aqua
1426 3050 1443 3077 ,
1476 3018 1536 3063 ut
1566 3024 1668 3065 nos
1707 3026 1734 3063 a
1764 3009 1935 3066 delic-

335 3101 515 3150 torum
542 3096 799 3151 sordibus
829 3113 1209 3169 purgarcmur.
1242 3098 1338 3155 Ille
1382 3099 1657 3157 lavacrum
1706 3117 1934 3174 regene-

336 3188 650 3245 rationibus
674 3192 910 3261 accepit,
946 3200 1004 3246 ut
1045 3207 1145 3248 nos
1170 3207 1237 3249 ex
1264 3208 1403 3264 aqua
1424 3202 1481 3249 ct
1508 3192 1712 3264 Spiritu
1742 3205 1933 3252 sancto
1960 3202 2008 3267 ο

335 3294 775 3348 renasceremur,
818 3282 961 3338 sicut
991 3283 1108 3353 ipse
1137 3285 1245 3339 alio
1280 3284 1381 3358 15
1410 3287 1463 3340 in
1505 3286 1625 3342 loco
1663 3286 1743 3341 ait
1773 3304 1788 3340 :
1814 3286 1935 3343 Nisi

336 3373 451 3441 quis
474 3384 685 3429 renatus
712 3375 868 3446 fuerit
909 3390 971 3430 ea:
998 3392 1133 3445 aqua
1158 3385 1204 3430 et
1232 3376 1440 3449 Spiritu
1464 3391 1642 3433 sancto
1661 3420 1676 3446 ,
1719 3396 1822 3434 non
1848 3381 1931 3434 in-

336 3466 493 3519 trabit
520 3466 577 3520 in
600 3483 812 3539 regnum
840 3470 1085 3524 steterunt
1107 3466 1286 3541 (Joan.
1324 3485 1407 3534 ιιι,
1436 3470 1515 3543 5).

412 3555 478 3611 ll.
511 3556 844 3628 Baptistnum
872 3576 1003 3633 ergo
1029 3559 1235 3618 Christi
1255 3563 1463 3618 ablutio
1499 3573 1582 3620 est
1608 3564 1933 3622 delictorum

336 3659 674 3717 nostrorum,
704 3662 760 3709 et
784 3654 1064 3712 renovatio
1092 3665 1177 3711 est
1203 3657 1329 3712 vitae
1354 3658 1631 3715 salutaris.
1657 3660 1794 3715 Audi
1829 3659 1935 3715 hoc

336 3745 512 3815 ipsum
542 3748 863 3817 Apostolum
885 3751 1375 3817 demonstrantem,
1402 3767 1523 3809 cum
1562 3754 1696 3810 dicit
1724 3771 1737 3807 :
1769 3754 1935 3820 Quot-

335 3853 454 3912 quot
484 3843 620 3898 enim
640 3845 698 3899 in
718 3843 924 3900 Christo
950 3847 1203 3918 baptizati
1231 3848 1372 3913 estis,
1402 3847 1663 3904 Christum
1691 3848 1934 3904 induistis

336 3936 480 4009 (Gal.
519 3953 597 4007 ιιι,
627 3939 745 4010 27).
790 3938 861 3995 Et
904 3941 1150 3997 addidit:
1193 3941 1493 4015 Consepulti
1539 3960 1661 4016 ergo
1703 3945 1785 3999 illi
1812 3945 1933 4000 estis

334 4046 428 4101 per
456 4030 764 4102 baptismum
792 4033 847 4088 in
873 4047 1087 4089 mortem
1108 4051 1127 4090 :
1155 4044 1211 4089 ut
1235 4036 1667 4111 quemadmodum
1700 4036 1934 4092 Christus

334 4127 562 4180 surrexit
583 4143 616 4180 α
644 4129 883 4192 mortuis,
907 4131 983 4184 sic
1011 4140 1059 4185 et
1079 4146 1167 4184 vos
1193 4132 1248 4185 in
1275 4133 1497 4187 novitate
1521 4134 1639 4187 vitta
1662 4134 1934 4189 ambuletis

336 4216 513 4287 (Rom.
561 4234 648 4288 vr,
676 4221 758 4292 4).
792 4220 897 4279 Per
927 4224 1254 4295 baptismum
1288 4226 1468 4297 itaque
1496 4238 1722 4298 peccato
1769 4228 1934 4283 mori-

334 4326 477 4380 mur,
512 4314 610 4371 sed
645 4313 865 4374 Christo
890 4318 1232 4375 convivimus
1260 4336 1274 4373 :
1303 4320 1428 4375 vitae
1458 4322 1702 4391 pristina:
1735 4321 1935 4393 sepeli-

333 4421 476 4476 mur,
512 4409 609 4465 sed
657 4426 813 4468 nova:
854 4413 979 4469 vita:
1025 4415 1358 4487 resurgimus
1399 4417 1644 4472 :vetusti
1697 4416 1932 4475 hominis

333 4514 523 4557 errore
549 4503 821 4569 exuimur,
853 4506 950 4561 sed
994 4505 1118 4562 novi
1154 4508 1388 4563 hominis
1417 4508 1734 4565 indumenta
1760 4509 1935 4566 susci-

2044 1901 2155 1947 tum
2190 1904 2295 1960 est,
2332 1910 2426 1965 per
2454 1895 2597 1967 quod
2627 1897 2693 1949 ad
2726 1898 2937 1953 bn-atam
2970 1898 3119 1953 illam
3163 1912 3363 1955 terram
3418 1906 3651 1972 promis-

2040 1983 2242 2049 sionis,
2276 1985 2328 2039 id
2359 1994 2478 2053 est,
2516 1988 2935 2057 promissionem
2970 1992 3119 2061 regni
3149 1994 3396 2049 cmlestis
3425 1995 3651 2051 deduci-

2041 2092 2183 2133 mur.
2214 2078 2324 2133 lllis
2351 2078 2513 2135 Jesus
2540 2080 2683 2136 ﬁlius
2708 2082 2853 2138 Nave
2892 2083 2945 2139 in
2967 2084 3210 2142 Jordane
3243 2087 3353 2142 dux
3384 2087 3520 2143 fuit:
3552 2105 3653 2145 no-

2039 2168 2126 2225 bis
2150 2185 2281 2228 vero
2308 2172 2466 2229 Jesus
2489 2173 2739 2231 Christus
2769 2177 3031 2234 Dominus
3056 2195 3154 2251 per
3184 2182 3511 2251 baptismum
3540 2184 3649 2240 dux

2039 2266 2250 2320 exstitit
2278 2267 2470 2323 salutis
2492 2279 2748 2338 aeternae;
2771 2272 3083 2343 unigenitus
3111 2272 3207 2329 Dei
3232 2274 3423 2345 Filius,
3448 2277 3540 2348 qui
3568 2286 3654 2335 est

2040 2354 2365 2416 benedictus
2396 2360 2450 2415 in
2482 2363 2681 2417 siccula
2712 2366 3061 2420 sa'culorunt.
3090 2368 3291 2424 Amen.

2551 2544 2969 2605 TRACTATUS
2998 2548 3041 2604 ll
3078 2547 3128 2606 ι’.

2325 2699 2392 2757 1η
2420 2711 2571 2774 caput
2593 2718 2652 2759 ιιι
2682 2702 2955 2777 Evangelii
2982 2706 3043 2761 S.
3078 2705 3337 2765 Matthts‘i.

2110 2855 2151 2911 Ι.
2183 2856 2395 2914 Dehinc
2426 2862 2675 2930 sequitur
2702 2878 2715 2913 :
2748 2860 2815 2914 Et
2849 2861 3143 2932 baptizatus
3167 2866 3346 2933 Iesus,
3375 2871 3647 2942 confestim

2037 2952 2272 3004 ascendit
2299 2951 2366 3006 de
2390 2969 2546 3021 aqua.
2578 2951 2646 3006 Et
2673 2970 2787 3009 ecce
2815 2957 2982 3023 aperti
3011 2967 3131 3011 sunt
3157 2960 3206 3013 ei
3244 2962 3361 3015 steti
3388 2977 3408 3015 :
3431 2974 3480 3018 et
3526 2967 3649 3019 vidit

2038 3042 2298 3112 Spiritum
2328 3042 2427 3099 Dei
2472 3048 2863 3102 descendentem
2890 3050 3039 3119 quasi
3087 3051 3400 3108 columbam.
3435 3055 3503 3109 Et
3533 3074 3649 3111 ecce

2038 3149 2137 3188 vox
2177 3135 2240 3189 de
2269 3138 2395 3190 coelo
2439 3137 2618 3192 dicens
2647 3154 2666 3191 :
2697 3138 2799 3194 Hic
2825 3152 2901 3196 est
2930 3141 2981 3193 F
2984 3143 3109 3198 ilius
3154 3163 3293 3202 meas
3320 3148 3559 3214 dilectus,
3594 3153 3648 3206 in

2036 3247 2138 3301 quo
2168 3234 2295 3286 mihi
2333 3234 2454 3288 bene
2482 3236 2775 3307 complacui
2806 3236 3025 3305 (Matth.
3072 3258 3151 3309 ιιι,
3185 3244 3277 3309 16,
3312 3248 3425 3317 l7).
3474 3248 3543 3305 Ut
3593 3250 3646 3305 in

2039 3323 2254 3381 Domini
2286 3341 2549 3399 corporea
2580 3330 2891 3397 nativitate,
2932 3334 3003 3389 ita
3035 3352 3256 3407 quoque
3296 3340 3349 3395 in
3381 3343 3650 3412 baptismo

2038 3418 2181 3489 ejus,
2209 3421 2359 3476 omni
2387 3421 2754 3479 admiratione
2783 3425 2944 3497 digna
2977 3439 3030 3483 et
3075 3430 3343 3501 utajestati
3372 3438 3492 3505 ejus
3519 3451 3651 3492 con-

2035 3525 2169 3582 grua
2192 3524 2513 3583 paruerunt.
2538 3516 2678 3572 C(Bli
2707 3516 2891 3588 igitur,
2916 3519 2983 3573 de
3004 3523 3163 3591 aquis
3188 3526 3521 3583 ascendente
3554 3528 3653 3583 Do-

2037 3604 2189 3658 mino
2217 3614 2339 3674 post
2370 3606 2732 3676 baptismum,
2781 3618 3115 3678 patuerunt:
3148 3614 3249 3685 17
3281 3628 3503 3674 sanctus
3528 3617 3652 3689 Spi-

2037 3696 2173 3752 ritus
2202 3695 2255 3750 in
2282 3696 2469 3752 habitu
2492 3701 2785 3767 columbae,
2810 3703 2997 3771 specie
3024 3710 3300 3775 corporali
3334 3712 3647 3779 descendit,

2039 3785 2413 3843 testimonium
2438 3789 2617 3845 Patris
2638 3806 2802 3862 supra
2823 3792 3019 3849 Filium
3044 3795 3325 3854 deferens:
3353 3817 3453 3856 vox
3482 3804 3644 3859 etiam

2036 3878 2213 3935 Patris
2237 3881 2421 3936 statim
2452 3882 2522 3937 de
2542 3884 2698 3940 caelis
2727 3884 2969 3953 auditur,
3004 3887 3239 3945 dicentis
3264 3910 3276 3943 :
3310 3892 3415 3948 Hic
3444 3907 3517 3949 est
3552 3897 3648 3951 Fi-

2038 3972 2140 4027 lius
2163 3990 2306 4028 meus
2330 3975 2572 4042 dilectus,
2601 3976 2654 4030 in
2695 3993 2794 4048 quo
2822 3979 2953 4032 mihi
2993 3979 3117 4035 bene
3138 3986 3448 4054 complacui.
3478 3987 3647 4060 Cujus

2036 4079 2207 4121 sacra:
2228 4065 2380 4123 vocis
2406 4068 2651 4123 auditum
2676 4086 2845 4140 super
2865 4087 3056 4142 aquas,
3086 4074 3251 4131 David
3280 4092 3498 4148 quoque
3521 4095 3648 4139 ante

2037 4162 2529 4231 przenuntiaverat,
2561 4163 2797 4220 dicendo
2823 4184 2837 4219 :
2878 4164 2995 4220 Vox
3022 4166 3235 4224 Domini
3274 4189 3429 4241 super
3459 4193 3641 4247 aquas,

2036 4248 2182 4306 Deus
2208 4254 2493 4317 maiestatis
2516 4255 2743 4311 intonuit
2765 4256 2941 4325 (Psal.
2978 4276 3169 4326 xxvut,
3197 4263 3279 4334 ὅ).
3313 4264 3367 4320 In
3396 4266 3502 4324 huc
3533 4273 3640 4327 uti-

2035 4358 2143 4409 que
2165 4384 2180 4408 ,
2210 4344 2263 4399 in
2306 4360 2417 4416 quo
2468 4362 2569 4403 vox
2602 4359 2845 4418 paterna:
2897 4350 3231 4423 majestatis,
3266 4360 3639 4420 testimonium

2036 4433 2178 4492 Filio
2220 4439 2532 4508 perltibens,
2567 4443 2723 4512 quasi
2748 4442 3024 4513 quoddam
3057 4449 3263 4506 tonitru
3294 4458 3504 4512 sonuit.

2110 4527 2172 4583 ll.
2216 4528 2350 4597 Quis
2380 4532 2545 4612 igityr
2588 4534 2677 4589 hic
2710 4548 2900 4591 contra
2945 4538 3109 4595 [idem
3162 4542 3439 4603 haereticis
3486 4550 3639 4608 locus

335 4593 537 4662 pimus.
581 4594 834 4667 Implevit
875 4612 1005 4670 ergo
1030 4600 1305 4670 ,Domiuus
1355 4602 1518 4658 etiam
1561 4603 1615 4657 in
1660 4602 1932 4674 baptismo

2041 4629 2123 4674 εει
2149 4617 2175 4673 i
2202 4618 2337 4688 Quae
2362 4621 2415 4676 in
2448 4593 2550 4677 hac
2587 4623 2766 4681 Patris
2816 4627 3163 4698 professione
3215 4635 3641 4709 blasphemandi

334 4697 553 4741 omnem
580 4686 847 4757 justitiam
869 4730 884 4757 ,
938 4693 1062 4762 quia
1092 4693 1159 4747 ad
1202 4692 1308 4749 hoc
1350 4694 1610 4765 baptizari
1642 4694 1843 4763 voluit,
1874 4706 1935 4752 ut

332 4774 766 4847 baptizaremur;
791 4781 859 4837 ad
885 4781 990 4839 hoc
1025 4783 1297 4840 lavacrum
1330 4787 1757 4858 regenerationis
1776 4802 1933 4845 acce-

338 4870 439 4940 pit,
475 4881 534 4926 ut
564 4888 977 4933 renasceremur
1009 4878 1062 4932 in
1096 4878 1229 4933 vita.

407 4963 496 5020 lll.
542 4966 609 5020 Et
647 4966 941 5039 baptizavit
987 4969 1207 5042 quidem
1258 4971 1497 5030 Joannes
1540 4974 1829 5032 Dominum
1868 4991 1934 5033 ac

332 5061 676 5119 Salvatorem
718 5079 1003 5134 nostrum,
1052 5067 1148 5124 sed
1195 5068 1376 5139 pOtius
1422 5070 1515 5126 ille
1559 5070 1862 5141 baptizatus
1902 5087 1934 5125 a

332 5154 554 5212 Christo
582 5168 701 5214 est:
731 5161 862 5231 quia
903 5161 995 5216 ille
1022 5176 1193 5233 aquas
1220 5163 1608 5230 sanctiﬁcavit,
1643 5164 1732 5218 hic
1777 5166 1935 5234 aquis

331 5249 706 5307 sattctilicatus
730 5261 845 5319 est;
876 5252 969 5309 ille
996 5256 1223 5325 gratiam
1261 5256 1519 5326 donavit,
1568 5259 1657 5314 hic
1686 5260 1929 5330 accepit;

330 5342 421 5400 hic
452 5358 679 5418 peccata
706 5348 997 5422 deposuit,
1047 5352 1141 5409 ille
1172 5354 1410 5421 remisit;
1451 5356 1576 5427 quia
1615 5355 1705 5413 hic
1734 5356 1930 5427 homo,

407 5489 430 5519 ⁸
454 5483 734 5560 Quidnam.
760 5484 849 5541 Al.
873 5486 1113 5557 quidem;
1136 5488 1206 5543 al.
1226 5489 1474 5560 quidam;
1502 5490 1597 5546 sed
1635 5499 1947 5560 utcumque,

329 5552 483 5633 Locus
514 5556 747 5633 hiulcus,
776 5552 1019 5633 videtur.
1042 5552 1107 5614 Et
1138 5552 1280 5633 idem
1307 5571 1392 5616 est
1418 5552 1473 5617 in
1504 5562 1748 5618 editione
1776 5552 1947 5633 prima

329 5624 942 5704 Basileensitutquein
971 5631 1144 5704 altera
1175 5632 1416 5704 Gnynwi.

402 5694 431 5735 ιο
463 5700 615 5773 Apud
644 5694 901 5757 Galland.
939 5720 953 5756 :
989 5694 1492 5773 Tractatio-XVIII,
1514 5706 1571 5760 in
1597 5704 1663 5762 S.
1702 5703 1944 5762 Matt/usi

330 5764 695 5833 Evang’etium.

406 5850 429 5880 ε
478 5828 632 5898 Unde
661 5858 760 5914 pro
817 5842 946 5901 Vide
984 5844 1182 5918 legitur
1208 5847 1312 5906 hoc
1340 5846 1446 5906 loci
1486 5848 1542 5907 iu
1596 5848 1938 5911 BibliOtheca

610 5934 889 6000 Panos.
933 5936 1084 6001 XX.

2036 4716 2253 4770 occasio
2274 4717 2466 4773 relicta
2502 4727 2588 4774 est
2619 4760 2635 4787 ,
2672 4735 2797 4776 cum
2848 4725 3012 4781 etiam
3071 4742 3335 4799 expressa
3385 4739 3635 4809 proprie-

2032 4814 2145 4861 tate
2172 4810 2463 4864 verborum
2493 4823 2901 4870 sacramentum
2934 4818 3006 4873 sit
3034 4822 3294 4888 perlecta:
3345 4825 3637 4889 Trinitatis

2034 4900 2360 4956 ostensum?
2392 4900 2450 4958 In
2480 4908 2745 4976 mySIerio
2799 4907 2945 4964 enim
3006 4910 3263 4981 baptismi
3295 4960 3309 4985 ,
3361 4928 3419 4976 et
3460 4923 3636 4985 Filius

2036 5005 2266 5047 manens
2298 4994 2512 5049 videtur
2538 4997 2590 5050 iu
2615 5012 2870 5069 corpore,
2920 5010 2977 5057 et
3014 5002 3253 5074 Spiritus
3298 5026 3524 5073 sanctus
3578 5021 3633 5077 in

2040 5085 2225 5153 specie
2252 5086 2523 5142 columba:
2554 5089 2868 5159 descendit,
2899 5105 2957 5149 et
2978 5111 3083 5152 vox
3111 5099 3289 5158 Patris
3347 5106 3418 5163 de
3474 5114 3632 5171 caelis

2039 5176 2280 5242 auditur,
2313 5186 2374 5232 ut
2404 5178 2690 5238 Trinitatis
2728 5185 2907 5241 unitas
2956 5188 3316 5264 declaretur;
3357 5203 3482 5271 quia
3531 5224 3633 5266 nec

2036 5265 2201 5324 Pater
2228 5270 2350 5326 sine
2376 5269 2518 5327 Filio
2544 5272 2776 5346 intelligi
2810 5288 3012 5347 potest,
3035 5296 3136 5338 nec
3159 5283 3336 5345 Filius
3361 5265 3483 5352 sine
3510 5297 3633 5369 Spi-

2036 5361 2146 5417 ritu
2174 5372 2370 5418 sancto
2398 5366 2680 5435 cognosci.
2714 5377 2737 5406 °
2801 5368 2939 5427 Vide
2959 5371 3126 5443 igitur
3149 5381 3311 5450 quale
3347 5382 3527 5443 Patris
3552 5361 3638 5447 'de

2055 5493 2279 5585 patrium
2298 5495 2675 5585 Eugdunensi,
2694 5503 2939 5585 torno__\_’,
2974 5510 3255 5585 pag._a90,
3286 5516 3446 5575 sicuti
3469 5526 3635 5585 etiam

2050 5570 2195 5657 apud
2222 5567 2595 5657 Gallatltdium,
2622 5567 2769 5628 tumo
2791 5574 2927 5657 νιιι,
2951 5567 3203 5657 pastas:
3225 5567 3254 5648 ς’
3273 5567 3639 5657 qui

2050 5639 2966 5737 glﬁont‘uiuhjeftaiagnatatione
3010 5639 3638 5737 dubitante}scripsii:

2047 5707 2129 5763 An
2160 5707 2452 5781 legendum:
2494 5713 2621 5769 Vide
2642 5716 2668 5768 .9

2117 5782 2353 5873 ιξιΔγιάε
2380 5800 2491 5873 pro
2512 5783 2663 5873 [inde
2701 5802 2803 5873 nos
2847 5789 2941 5873 hic
2970 5794 3253 5873 posuimus
3276 5807 3620 5873 conﬁdenter

2042 5860 2313 5910 orationis
2328 5870 2498 5913 sensu
2527 5860 2918 5932 compellente,
2960 5860 3019 5920 et
3041 5872 3374 5933 auctoritate
3402 5860 3524 5942 iiii
3536 5860 3651 5949 3'1:

3056 5960 3154 6031 .11
