  <div class='ocr_page' id='page_1' title='image "/cluster/home/n/w/nwhite01/storage/ocr_20150623/20/hvd.32044096580469/172.png"; bbox 0 0 4270 6176; ppageno 0'>
   <div class='ocr_carea' id='block_1_1' title="bbox 348 190 459 261">
    <p class='ocr_par' dir='ltr' id='par_1_1' title="bbox 348 190 459 261">
     <span class='ocr_line' id='line_1_1' title="bbox 348 190 459 261; baseline 0 -2"><span class='ocrx_word' id='word_1_1' title='bbox 348 190 459 261; x_wconf 60' lang='grc' dir='ltr'>ω</span> 
     </span>
    </p>
   </div>
   <div class='ocr_carea' id='block_1_2' title="bbox 1216 192 2784 266">
    <p class='ocr_par' dir='ltr' id='par_1_2' title="bbox 1216 192 2784 266">
     <span class='ocr_line' id='line_1_2' title="bbox 1216 192 2784 266; baseline 0.008 -15"><span class='ocrx_word' id='word_1_2' title='bbox 1216 192 1637 259; x_wconf 68' lang='grc' dir='ltr'><strong>τΒΛῦτΔΤυε</strong></span> <span class='ocrx_word' id='word_1_3' title='bbox 1664 196 1735 261; x_wconf 83' lang='lat' dir='ltr'><strong>lll</strong></span> <span class='ocrx_word' id='word_1_4' title='bbox 1770 196 1838 257; x_wconf 67' lang='lat' dir='ltr'><strong>IN</strong></span> <span class='ocrx_word' id='word_1_5' title='bbox 1861 196 2311 261; x_wconf 68' lang='lat' dir='ltr'><strong>EVANGELIUM</strong></span> <span class='ocrx_word' id='word_1_6' title='bbox 2342 200 2398 262; x_wconf 86' lang='lat' dir='ltr'><strong>S.</strong></span> <span class='ocrx_word' id='word_1_7' title='bbox 2430 202 2784 266; x_wconf 65' lang='grc' dir='ltr'><strong>ΜΔΤἸῊᾹΞΙ.</strong></span> 
     </span>
    </p>
   </div>
   <div class='ocr_carea' id='block_1_3' title="bbox 3548 205 3654 273">
    <p class='ocr_par' dir='ltr' id='par_1_3' title="bbox 3548 205 3654 273">
     <span class='ocr_line' id='line_1_3' title="bbox 3548 205 3654 273; baseline -0.009 0"><span class='ocrx_word' id='word_1_8' title='bbox 3548 205 3654 273; x_wconf 68' lang='lat' dir='ltr'><strong>BSt</strong></span> 
     </span>
    </p>
   </div>
   <div class='ocr_carea' id='block_1_4' title="bbox 349 308 3655 398">
    <p class='ocr_par' dir='ltr' id='par_1_4' title="bbox 349 308 3655 398">
     <span class='ocr_line' id='line_1_4' title="bbox 349 308 3655 398; baseline 0.006 -35"><span class='ocrx_word' id='word_1_9' title='bbox 349 324 472 363; x_wconf 81' lang='lat' dir='ltr'><strong>esse</strong></span> <span class='ocrx_word' id='word_1_10' title='bbox 500 320 772 380; x_wconf 76' lang='lat' dir='ltr'><strong>pauperes</strong></span> <span class='ocrx_word' id='word_1_11' title='bbox 798 308 1119 371; x_wconf 69' lang='lat' dir='ltr'><strong>soluerunt.</strong></span> <span class='ocrx_word' id='word_1_12' title='bbox 1153 309 1216 368; x_wconf 84' lang='lat' dir='ltr'><strong>Hi</strong></span> <span class='ocrx_word' id='word_1_13' title='bbox 1246 311 1381 371; x_wconf 85' lang='lat' dir='ltr'><strong>tales</strong></span> <span class='ocrx_word' id='word_1_14' title='bbox 1401 353 1414 376; x_wconf 87' lang='lat'><strong>.</strong></span> <span class='ocrx_word' id='word_1_15' title='bbox 1444 328 1711 383; x_wconf 82' lang='lat' dir='ltr'><strong>pauperes</strong></span> <span class='ocrx_word' id='word_1_16' title='bbox 1733 315 1950 383; x_wconf 79' lang='lat' dir='ltr'><strong>quidem</strong></span> <span class='ocrx_word' id='word_1_17' title='bbox 1981 316 2033 377; x_wconf 68' lang='grc' dir='ltr'>Α</span> <span class='ocrx_word' id='word_1_18' title='bbox 2063 316 2129 371; x_wconf 78' lang='lat' dir='ltr'><strong>Et</strong></span> <span class='ocrx_word' id='word_1_19' title='bbox 2176 317 2405 375; x_wconf 88' lang='lat' dir='ltr'><strong>iterum:</strong></span> <span class='ocrx_word' id='word_1_20' title='bbox 2440 321 2645 377; x_wconf 77' lang='lat' dir='ltr'><strong>Cibabis</strong></span> <span class='ocrx_word' id='word_1_21' title='bbox 2684 338 2778 378; x_wconf 82' lang='lat' dir='ltr'><strong>nos</strong></span> <span class='ocrx_word' id='word_1_22' title='bbox 2811 337 2943 394; x_wconf 79' lang='lat' dir='ltr'><strong>pane</strong></span> <span class='ocrx_word' id='word_1_23' title='bbox 2980 327 3329 397; x_wconf 80' lang='lat' dir='ltr'><strong>lacrymarum</strong></span> <span class='ocrx_word' id='word_1_24' title='bbox 3354 369 3368 395; x_wconf 98' lang='lat'><strong>,</strong></span> <span class='ocrx_word' id='word_1_25' title='bbox 3399 334 3446 383; x_wconf 85' lang='lat' dir='ltr'><strong>et</strong></span> <span class='ocrx_word' id='word_1_26' title='bbox 3475 338 3655 398; x_wconf 82' lang='lat' dir='ltr'><strong>potum</strong></span> 
     </span>
    </p>
   </div>
   <div class='ocr_carea' id='block_1_5' title="bbox 346 401 1951 478">
    <p class='ocr_par' dir='ltr' id='par_1_5' title="bbox 346 401 1951 478">
     <span class='ocr_line' id='line_1_5' title="bbox 346 401 1951 478; baseline 0.002 -18"><span class='ocrx_word' id='word_1_27' title='bbox 346 402 557 460; x_wconf 65' lang='lat' dir='ltr'><strong>saeculo</strong></span> <span class='ocrx_word' id='word_1_28' title='bbox 587 401 869 469; x_wconf 78' lang='lat' dir='ltr'><strong>videntur,</strong></span> <span class='ocrx_word' id='word_1_29' title='bbox 902 402 999 459; x_wconf 86' lang='lat' dir='ltr'><strong>sed</strong></span> <span class='ocrx_word' id='word_1_30' title='bbox 1030 402 1143 460; x_wconf 85' lang='lat' dir='ltr'><strong>Deo</strong></span> <span class='ocrx_word' id='word_1_31' title='bbox 1172 403 1373 463; x_wconf 74' lang='lat' dir='ltr'><strong>divites</strong></span> <span class='ocrx_word' id='word_1_32' title='bbox 1402 416 1527 462; x_wconf 89' lang='lat' dir='ltr'><strong>sunt</strong></span> <span class='ocrx_word' id='word_1_33' title='bbox 1551 447 1565 472; x_wconf 85' lang='lat'><strong>,</strong></span> <span class='ocrx_word' id='word_1_34' title='bbox 1597 417 1819 478; x_wconf 74' lang='lat' dir='ltr'><strong>egentes</strong></span> <span class='ocrx_word' id='word_1_35' title='bbox 1851 424 1951 463; x_wconf 78' lang='lat' dir='ltr'><strong>sae-</strong></span> 
     </span>
    </p>
   </div>
   <div class='ocr_carea' id='block_1_6' title="bbox 349 493 1950 569">
    <p class='ocr_par' dir='ltr' id='par_1_6' title="bbox 349 493 1950 569">
     <span class='ocr_line' id='line_1_6' title="bbox 349 493 1950 569; baseline 0.002 -16"><span class='ocrx_word' id='word_1_36' title='bbox 349 495 515 562; x_wconf 89' lang='lat' dir='ltr'><strong>culo,</strong></span> <span class='ocrx_word' id='word_1_37' title='bbox 544 495 643 551; x_wconf 90' lang='lat' dir='ltr'><strong>sed</strong></span> <span class='ocrx_word' id='word_1_38' title='bbox 673 493 903 559; x_wconf 78' lang='lat' dir='ltr'><strong>Christo</strong></span> <span class='ocrx_word' id='word_1_39' title='bbox 926 496 1252 567; x_wconf 75' lang='lat' dir='ltr'><strong>locupletes.</strong></span> <span class='ocrx_word' id='word_1_40' title='bbox 1297 497 1467 567; x_wconf 82' lang='lat' dir='ltr'><strong>Cttjus</strong></span> <span class='ocrx_word' id='word_1_41' title='bbox 1511 498 1683 567; x_wconf 71' lang='lat' dir='ltr'><strong>heatr.</strong></span> <span class='ocrx_word' id='word_1_42' title='bbox 1718 515 1950 569; x_wconf 80' lang='lat' dir='ltr'><strong>pauper-</strong></span> 
     </span>
    </p>
   </div>
   <div class='ocr_carea' id='block_1_7' title="bbox 352 588 1953 661">
    <p class='ocr_par' dir='ltr' id='par_1_7' title="bbox 352 588 1953 661">
     <span class='ocr_line' id='line_1_7' title="bbox 352 588 1953 661; baseline -0.001 -15"><span class='ocrx_word' id='word_1_43' title='bbox 352 588 483 655; x_wconf 77' lang='lat' dir='ltr'><strong>tatis</strong></span> <span class='ocrx_word' id='word_1_44' title='bbox 528 588 843 656; x_wconf 67' lang='lat' dir='ltr'><strong>exemplum</strong></span> <span class='ocrx_word' id='word_1_45' title='bbox 891 589 1050 645; x_wconf 89' lang='lat' dir='ltr'><strong>nobis</strong></span> <span class='ocrx_word' id='word_1_46' title='bbox 1096 589 1254 659; x_wconf 83' lang='lat' dir='ltr'><strong>primi</strong></span> <span class='ocrx_word' id='word_1_47' title='bbox 1304 590 1355 651; x_wconf 88' lang='lat' dir='ltr'><strong>in</strong></span> <span class='ocrx_word' id='word_1_48' title='bbox 1409 604 1469 649; x_wconf 85' lang='lat' dir='ltr'><strong>se</strong></span> <span class='ocrx_word' id='word_1_49' title='bbox 1513 591 1763 659; x_wconf 79' lang='lat' dir='ltr'><strong>Apostoli</strong></span> <span class='ocrx_word' id='word_1_50' title='bbox 1815 607 1953 661; x_wconf 58' lang='lat' dir='ltr'><strong>prte-</strong></span> 
     </span>
    </p>
   </div>
   <div class='ocr_carea' id='block_1_8' title="bbox 346 679 1954 752">
    <p class='ocr_par' dir='ltr' id='par_1_8' title="bbox 346 679 1954 752">
     <span class='ocr_line' id='line_1_8' title="bbox 346 679 1954 752; baseline 0.002 -17"><span class='ocrx_word' id='word_1_51' title='bbox 346 679 632 747; x_wconf 75' lang='lat' dir='ltr'><strong>bnernnt:</strong></span> <span class='ocrx_word' id='word_1_52' title='bbox 666 679 755 752; x_wconf 86' lang='lat' dir='ltr'><strong>qui</strong></span> <span class='ocrx_word' id='word_1_53' title='bbox 785 689 1098 750; x_wconf 86' lang='lat' dir='ltr'><strong>contempta</strong></span> <span class='ocrx_word' id='word_1_54' title='bbox 1130 681 1277 739; x_wconf 79' lang='lat' dir='ltr'><strong>omni</strong></span> <span class='ocrx_word' id='word_1_55' title='bbox 1310 680 1607 747; x_wconf 77' lang='lat' dir='ltr'><strong>facultate,</strong></span> <span class='ocrx_word' id='word_1_56' title='bbox 1652 683 1835 738; x_wconf 80' lang='lat' dir='ltr'><strong>Statim</strong></span> <span class='ocrx_word' id='word_1_57' title='bbox 1866 699 1954 739; x_wconf 89' lang='lat' dir='ltr'><strong>se-</strong></span> 
     </span>
    </p>
   </div>
   <div class='ocr_carea' id='block_1_9' title="bbox 348 771 1950 847">
    <p class='ocr_par' dir='ltr' id='par_1_9' title="bbox 348 771 1950 847">
     <span class='ocr_line' id='line_1_9' title="bbox 348 771 1950 847; baseline 0.004 -21"><span class='ocrx_word' id='word_1_58' title='bbox 348 772 461 843; x_wconf 72' lang='lat' dir='ltr'><strong>culi</strong></span> <span class='ocrx_word' id='word_1_59' title='bbox 486 771 699 833; x_wconf 88' lang='lat' dir='ltr'><strong>Domini</strong></span> <span class='ocrx_word' id='word_1_60' title='bbox 730 786 915 833; x_wconf 82' lang='lat' dir='ltr'><strong>vocem</strong></span> <span class='ocrx_word' id='word_1_61' title='bbox 938 812 954 839; x_wconf 91' lang='lat'><strong>,</strong></span> <span class='ocrx_word' id='word_1_62' title='bbox 985 771 1156 847; x_wconf 74' lang='lat' dir='ltr'><strong>ipsius</strong></span> <span class='ocrx_word' id='word_1_63' title='bbox 1182 788 1306 833; x_wconf 87' lang='lat' dir='ltr'><strong>esse</strong></span> <span class='ocrx_word' id='word_1_64' title='bbox 1331 773 1581 846; x_wconf 72' lang='lat' dir='ltr'><strong>discipuli</strong></span> <span class='ocrx_word' id='word_1_65' title='bbox 1614 784 1950 837; x_wconf 84' lang='lat' dir='ltr'><strong>meruerunt.</strong></span> 
     </span>
    </p>
   </div>
   <div class='ocr_carea' id='block_1_10' title="bbox 352 864 1956 943">
    <p class='ocr_par' dir='ltr' id='par_1_10' title="bbox 352 864 1956 943">
     <span class='ocr_line' id='line_1_10' title="bbox 352 864 1956 943; baseline 0.003 -25"><span class='ocrx_word' id='word_1_66' title='bbox 352 864 463 929; x_wconf 72' lang='lat' dir='ltr'><strong>llos</strong></span> <span class='ocrx_word' id='word_1_67' title='bbox 504 865 639 929; x_wconf 76' lang='lat' dir='ltr'><strong>talus</strong></span> <span class='ocrx_word' id='word_1_68' title='bbox 682 880 954 943; x_wconf 77' lang='lat' dir='ltr'><strong>pauperes</strong></span> <span class='ocrx_word' id='word_1_69' title='bbox 994 867 1157 935; x_wconf 80' lang='lat' dir='ltr'><strong>etiam</strong></span> <span class='ocrx_word' id='word_1_70' title='bbox 1199 866 1585 939; x_wconf 69' lang='lat' dir='ltr'><strong>Apostolorum</strong></span> <span class='ocrx_word' id='word_1_71' title='bbox 1617 868 1956 938; x_wconf 76' lang='lat' dir='ltr'><strong>temporibus</strong></span> 
     </span>
    </p>
   </div>
   <div class='ocr_carea' id='block_1_11' title="bbox 348 959 1956 1033">
    <p class='ocr_par' dir='ltr' id='par_1_11' title="bbox 348 959 1956 1033">
     <span class='ocr_line' id='line_1_11' title="bbox 348 959 1956 1033; baseline 0.001 -16"><span class='ocrx_word' id='word_1_72' title='bbox 348 959 694 1027; x_wconf 74' lang='lat' dir='ltr'><strong>invenimus,</strong></span> <span class='ocrx_word' id='word_1_73' title='bbox 748 960 840 1033; x_wconf 82' lang='lat' dir='ltr'><strong>qui</strong></span> <span class='ocrx_word' id='word_1_74' title='bbox 889 961 1047 1031; x_wconf 80' lang='lat' dir='ltr'><strong>primi</strong></span> <span class='ocrx_word' id='word_1_75' title='bbox 1097 959 1420 1031; x_wconf 79' lang='lat' dir='ltr'><strong>credentes,</strong></span> <span class='ocrx_word' id='word_1_76' title='bbox 1465 962 1740 1023; x_wconf 72' lang='lat' dir='ltr'><strong>universis</strong></span> <span class='ocrx_word' id='word_1_77' title='bbox 1790 962 1956 1027; x_wconf 77' lang='lat' dir='ltr'><strong>rebus</strong></span> 
     </span>
    </p>
   </div>
   <div class='ocr_carea' id='block_1_12' title="bbox 347 1052 1953 1127">
    <p class='ocr_par' dir='ltr' id='par_1_12' title="bbox 347 1052 1953 1127">
     <span class='ocr_line' id='line_1_12' title="bbox 347 1052 1953 1127; baseline -0.008 -8"><span class='ocrx_word' id='word_1_78' title='bbox 347 1054 461 1119; x_wconf 74' lang='lat' dir='ltr'><strong>suis</strong></span> <span class='ocrx_word' id='word_1_79' title='bbox 503 1053 1056 1127; x_wconf 74' lang='lat' dir='ltr'><strong>possessionibusque</strong></span> <span class='ocrx_word' id='word_1_80' title='bbox 1104 1052 1417 1117; x_wconf 80' lang='lat' dir='ltr'><strong>distractis.</strong></span> <span class='ocrx_word' id='word_1_81' title='bbox 1468 1055 1571 1109; x_wconf 88' lang='lat' dir='ltr'><strong>sub</strong></span> <span class='ocrx_word' id='word_1_82' title='bbox 1619 1053 1720 1109; x_wconf 84' lang='lat' dir='ltr'><strong>hac</strong></span> <span class='ocrx_word' id='word_1_83' title='bbox 1759 1052 1953 1109; x_wconf 84' lang='lat' dir='ltr'><strong>devota</strong></span> 
     </span>
    </p>
   </div>
   <div class='ocr_carea' id='block_1_13' title="bbox 352 1145 1957 1221">
    <p class='ocr_par' dir='ltr' id='par_1_13' title="bbox 352 1145 1957 1221">
     <span class='ocr_line' id='line_1_13' title="bbox 352 1145 1957 1221; baseline -0.004 -14"><span class='ocrx_word' id='word_1_84' title='bbox 352 1155 672 1221; x_wconf 79' lang='lat' dir='ltr'><strong>paupertate</strong></span> <span class='ocrx_word' id='word_1_85' title='bbox 721 1146 934 1219; x_wconf 70' lang='lat' dir='ltr'><strong>Domini</strong></span> <span class='ocrx_word' id='word_1_86' title='bbox 989 1146 1205 1213; x_wconf 60' lang='lat' dir='ltr'><strong>divitias</strong></span> <span class='ocrx_word' id='word_1_87' title='bbox 1259 1146 1611 1219; x_wconf 64' lang='lat' dir='ltr'><strong>quaesierunt.</strong></span> <span class='ocrx_word' id='word_1_88' title='bbox 1692 1145 1844 1202; x_wconf 86' lang='lat' dir='ltr'><strong>Unde</strong></span> <span class='ocrx_word' id='word_1_89' title='bbox 1902 1153 1957 1211; x_wconf 76' lang='lat' dir='ltr'><strong>et</strong></span> 
     </span>
    </p>
   </div>
   <div class='ocr_carea' id='block_1_14' title="bbox 350 1238 1956 1312">
    <p class='ocr_par' dir='ltr' id='par_1_14' title="bbox 350 1238 1956 1312">
     <span class='ocr_line' id='line_1_14' title="bbox 350 1238 1956 1312; baseline -0.003 -15"><span class='ocrx_word' id='word_1_90' title='bbox 350 1239 646 1312; x_wconf 82' lang='lat' dir='ltr'><strong>Apostolus</strong></span> <span class='ocrx_word' id='word_1_91' title='bbox 688 1239 742 1301; x_wconf 90' lang='lat' dir='ltr'><strong>in</strong></span> <span class='ocrx_word' id='word_1_92' title='bbox 786 1238 879 1299; x_wconf 86' lang='lat' dir='ltr'><strong>tali</strong></span> <span class='ocrx_word' id='word_1_93' title='bbox 924 1247 1242 1311; x_wconf 82' lang='lat' dir='ltr'><strong>paupertate</strong></span> <span class='ocrx_word' id='word_1_94' title='bbox 1282 1238 1499 1297; x_wconf 70' lang='lat' dir='ltr'><strong>divitias</strong></span> <span class='ocrx_word' id='word_1_95' title='bbox 1542 1239 1725 1294; x_wconf 86' lang='lat' dir='ltr'><strong>inesse</strong></span> <span class='ocrx_word' id='word_1_96' title='bbox 1762 1239 1956 1294; x_wconf 64' lang='lat' dir='ltr'><strong>coales-</strong></span> 
     </span>
    </p>
   </div>
   <div class='ocr_carea' id='block_1_15' title="bbox 350 1331 1958 1406">
    <p class='ocr_par' dir='ltr' id='par_1_15' title="bbox 350 1331 1958 1406">
     <span class='ocr_line' id='line_1_15' title="bbox 350 1331 1958 1406; baseline -0.002 -14"><span class='ocrx_word' id='word_1_97' title='bbox 350 1344 434 1401; x_wconf 79' lang='lat' dir='ltr'><strong>tes</strong></span> <span class='ocrx_word' id='word_1_98' title='bbox 473 1332 753 1403; x_wconf 76' lang='lat' dir='ltr'><strong>oslettdit.</strong></span> <span class='ocrx_word' id='word_1_99' title='bbox 796 1332 1021 1397; x_wconf 76' lang='lat' dir='ltr'><strong>dicens:</strong></span> <span class='ocrx_word' id='word_1_100' title='bbox 1068 1331 1360 1406; x_wconf 71' lang='lat' dir='ltr'><strong>Tamquam</strong></span> <span class='ocrx_word' id='word_1_101' title='bbox 1401 1332 1532 1392; x_wconf 83' lang='lat' dir='ltr'><strong>nihil</strong></span> <span class='ocrx_word' id='word_1_102' title='bbox 1580 1331 1858 1399; x_wconf 72' lang='lat' dir='ltr'><strong>habentes,</strong></span> <span class='ocrx_word' id='word_1_103' title='bbox 1909 1339 1958 1393; x_wconf 78' lang='lat' dir='ltr'><strong>et</strong></span> 
     </span>
    </p>
   </div>
   <div class='ocr_carea' id='block_1_16' title="bbox 350 1426 1956 1507">
    <p class='ocr_par' dir='ltr' id='par_1_16' title="bbox 350 1426 1956 1507">
     <span class='ocr_line' id='line_1_16' title="bbox 350 1426 1956 1507; baseline -0.002 -22"><span class='ocrx_word' id='word_1_104' title='bbox 350 1434 461 1507; x_wconf 67' lang='grc' dir='ltr'><strong>ῃ</strong></span> <span class='ocrx_word' id='word_1_105' title='bbox 489 1430 665 1499; x_wconf 66' lang='lat' dir='ltr'><strong>omnia</strong></span> <span class='ocrx_word' id='word_1_106' title='bbox 694 1430 1013 1502; x_wconf 72' lang='lat' dir='ltr'><strong>possidentes</strong></span> <span class='ocrx_word' id='word_1_107' title='bbox 1042 1426 1097 1499; x_wconf 91' lang='grc' dir='ltr'><strong>(Ι</strong></span> <span class='ocrx_word' id='word_1_108' title='bbox 1126 1426 1247 1483; x_wconf 82' lang='lat' dir='ltr'><strong>Cor.</strong></span> <span class='ocrx_word' id='word_1_109' title='bbox 1282 1442 1366 1493; x_wconf 82' lang='lat' dir='ltr'><strong>vt,</strong></span> <span class='ocrx_word' id='word_1_110' title='bbox 1399 1427 1523 1496; x_wconf 83' lang='grc'><strong>10).</strong></span> <span class='ocrx_word' id='word_1_111' title='bbox 1559 1426 1688 1489; x_wconf 85' lang='lat' dir='ltr'><strong>Inde</strong></span> <span class='ocrx_word' id='word_1_112' title='bbox 1718 1426 1956 1496; x_wconf 85' lang='lat' dir='ltr'><strong>denique</strong></span> 
     </span>
    </p>
   </div>
   <div class='ocr_carea' id='block_1_17' title="bbox 353 1520 1955 1591">
    <p class='ocr_par' dir='ltr' id='par_1_17' title="bbox 353 1520 1955 1591">
     <span class='ocr_line' id='line_1_17' title="bbox 353 1520 1955 1591; baseline -0.006 -6"><span class='ocrx_word' id='word_1_113' title='bbox 353 1526 586 1589; x_wconf 83' lang='lat' dir='ltr'><strong>Petrus,</strong></span> <span class='ocrx_word' id='word_1_114' title='bbox 618 1540 743 1591; x_wconf 74' lang='lat' dir='ltr'><strong>eum</strong></span> <span class='ocrx_word' id='word_1_115' title='bbox 774 1522 1081 1589; x_wconf 71' lang='lat' dir='ltr'><strong>ascendens</strong></span> <span class='ocrx_word' id='word_1_116' title='bbox 1124 1523 1178 1585; x_wconf 89' lang='lat' dir='ltr'><strong>in</strong></span> <span class='ocrx_word' id='word_1_117' title='bbox 1222 1521 1483 1591; x_wconf 78' lang='lat' dir='ltr'><strong>templum</strong></span> <span class='ocrx_word' id='word_1_118' title='bbox 1515 1535 1544 1576; x_wconf 90' lang='lat' dir='ltr'><strong>a</strong></span> <span class='ocrx_word' id='word_1_119' title='bbox 1576 1520 1774 1579; x_wconf 87' lang='lat' dir='ltr'><strong>claudo</strong></span> <span class='ocrx_word' id='word_1_120' title='bbox 1804 1520 1955 1577; x_wconf 81' lang='lat' dir='ltr'><strong>eloc-</strong></span> 
     </span>
    </p>
   </div>
   <div class='ocr_carea' id='block_1_18' title="bbox 352 1614 1956 1691">
    <p class='ocr_par' dir='ltr' id='par_1_18' title="bbox 352 1614 1956 1691">
     <span class='ocr_line' id='line_1_18' title="bbox 352 1614 1956 1691; baseline -0.004 -16"><span class='ocrx_word' id='word_1_121' title='bbox 352 1632 639 1690; x_wconf 75' lang='lat' dir='ltr'><strong>mosynam</strong></span> <span class='ocrx_word' id='word_1_122' title='bbox 673 1624 976 1686; x_wconf 76' lang='lat' dir='ltr'><strong>peteretur,</strong></span> <span class='ocrx_word' id='word_1_123' title='bbox 1007 1615 1117 1683; x_wconf 83' lang='lat' dir='ltr'><strong>ait:</strong></span> <span class='ocrx_word' id='word_1_124' title='bbox 1149 1614 1433 1691; x_wconf 77' lang='lat' dir='ltr'><strong>Argentum</strong></span> <span class='ocrx_word' id='word_1_125' title='bbox 1460 1621 1509 1672; x_wconf 82' lang='lat' dir='ltr'><strong>ct</strong></span> <span class='ocrx_word' id='word_1_126' title='bbox 1538 1630 1722 1675; x_wconf 83' lang='lat' dir='ltr'><strong>aurum</strong></span> <span class='ocrx_word' id='word_1_127' title='bbox 1752 1630 1855 1669; x_wconf 87' lang='lat' dir='ltr'><strong>non</strong></span> <span class='ocrx_word' id='word_1_128' title='bbox 1882 1623 1956 1675; x_wconf 75' lang='lat' dir='ltr'><strong>est</strong></span> 
     </span>
    </p>
   </div>
   <div class='ocr_carea' id='block_1_19' title="bbox 2059 408 3657 493">
    <p class='ocr_par' dir='ltr' id='par_1_19' title="bbox 2059 408 3657 493">
     <span class='ocr_line' id='line_1_19' title="bbox 2059 408 3657 493; baseline 0.009 -30"><span class='ocrx_word' id='word_1_129' title='bbox 2059 408 2207 466; x_wconf 74' lang='lat' dir='ltr'><strong>dabis</strong></span> <span class='ocrx_word' id='word_1_130' title='bbox 2252 413 2304 465; x_wconf 85' lang='lat' dir='ltr'><strong>in</strong></span> <span class='ocrx_word' id='word_1_131' title='bbox 2346 412 2588 485; x_wconf 77' lang='lat' dir='ltr'><strong>lacrymis</strong></span> <span class='ocrx_word' id='word_1_132' title='bbox 2617 415 2671 469; x_wconf 88' lang='lat' dir='ltr'><strong>in</strong></span> <span class='ocrx_word' id='word_1_133' title='bbox 2697 432 2940 471; x_wconf 78' lang='lat' dir='ltr'><strong>mensura</strong></span> <span class='ocrx_word' id='word_1_134' title='bbox 2984 416 3156 489; x_wconf 81' lang='lat' dir='ltr'><strong>(Psal.</strong></span> <span class='ocrx_word' id='word_1_135' title='bbox 3198 436 3359 476; x_wconf 76' lang='lat' dir='ltr'><strong>Lutx</strong></span> <span class='ocrx_word' id='word_1_136' title='bbox 3388 462 3400 484; x_wconf 90' lang='lat'><strong>,</strong></span> <span class='ocrx_word' id='word_1_137' title='bbox 3450 419 3529 493; x_wconf 80' lang='grc'><strong>6).</strong></span> <span class='ocrx_word' id='word_1_138' title='bbox 3564 422 3657 477; x_wconf 84' lang='lat' dir='ltr'><strong>Vis</strong></span> 
     </span>
    </p>
   </div>
   <div class='ocr_carea' id='block_1_20' title="bbox 2056 502 3649 574">
    <p class='ocr_par' dir='ltr' id='par_1_20' title="bbox 2056 502 3649 574">
     <span class='ocr_line' id='line_1_20' title="bbox 2056 502 3649 574; baseline 0.009 -21"><span class='ocrx_word' id='word_1_139' title='bbox 2056 510 2240 557; x_wconf 89' lang='lat' dir='ltr'><strong>autem</strong></span> <span class='ocrx_word' id='word_1_140' title='bbox 2276 502 2419 559; x_wconf 88' lang='lat' dir='ltr'><strong>seire</strong></span> <span class='ocrx_word' id='word_1_141' title='bbox 2450 506 2593 574; x_wconf 89' lang='lat' dir='ltr'><strong>pium</strong></span> <span class='ocrx_word' id='word_1_142' title='bbox 2625 506 2830 562; x_wconf 88' lang='lat' dir='ltr'><strong>luctum</strong></span> <span class='ocrx_word' id='word_1_143' title='bbox 2852 512 3207 567; x_wconf 87' lang='lat' dir='ltr'><strong>sanctorum?</strong></span> <span class='ocrx_word' id='word_1_144' title='bbox 3254 513 3396 566; x_wconf 85' lang='lat' dir='ltr'><strong>Audi</strong></span> <span class='ocrx_word' id='word_1_145' title='bbox 3443 513 3649 568; x_wconf 86' lang='lat' dir='ltr'><strong>dictum</strong></span> 
     </span>
    </p>
   </div>
   <div class='ocr_carea' id='block_1_21' title="bbox 2054 590 3655 675">
    <p class='ocr_par' dir='ltr' id='par_1_21' title="bbox 2054 590 3655 675">
     <span class='ocr_line' id='line_1_21' title="bbox 2054 590 3655 675; baseline 0.006 -22"><span class='ocrx_word' id='word_1_146' title='bbox 2054 590 2124 653; x_wconf 84' lang='lat' dir='ltr'><strong>.de</strong></span> <span class='ocrx_word' id='word_1_147' title='bbox 2154 593 2406 654; x_wconf 86' lang='lat' dir='ltr'><strong>Samuele</strong></span> <span class='ocrx_word' id='word_1_148' title='bbox 2440 600 2699 668; x_wconf 83' lang='lat' dir='ltr'><strong>propheta</strong></span> <span class='ocrx_word' id='word_1_149' title='bbox 2728 642 2742 667; x_wconf 89' lang='lat'><strong>,</strong></span> <span class='ocrx_word' id='word_1_150' title='bbox 2792 602 2914 671; x_wconf 89' lang='lat' dir='ltr'><strong>quia</strong></span> <span class='ocrx_word' id='word_1_151' title='bbox 2962 619 3138 675; x_wconf 87' lang='lat' dir='ltr'><strong>usque</strong></span> <span class='ocrx_word' id='word_1_152' title='bbox 3178 604 3244 659; x_wconf 82' lang='lat' dir='ltr'><strong>ad</strong></span> <span class='ocrx_word' id='word_1_153' title='bbox 3286 606 3431 661; x_wconf 90' lang='lat' dir='ltr'><strong>diem</strong></span> <span class='ocrx_word' id='word_1_154' title='bbox 3464 610 3655 664; x_wconf 82' lang='lat' dir='ltr'><strong>mortis</strong></span> 
     </span>
    </p>
   </div>
   <div class='ocr_carea' id='block_1_22' title="bbox 2056 685 3657 769">
    <p class='ocr_par' dir='ltr' id='par_1_22' title="bbox 2056 685 3657 769">
     <span class='ocr_line' id='line_1_22' title="bbox 2056 685 3657 769; baseline 0.01 -28"><span class='ocrx_word' id='word_1_155' title='bbox 2056 685 2173 755; x_wconf 85' lang='lat' dir='ltr'><strong>ejus</strong></span> <span class='ocrx_word' id='word_1_156' title='bbox 2201 688 2398 745; x_wconf 81' lang='lat' dir='ltr'><strong>luxerit</strong></span> <span class='ocrx_word' id='word_1_157' title='bbox 2422 706 2606 761; x_wconf 78' lang='lat' dir='ltr'><strong>regem</strong></span> <span class='ocrx_word' id='word_1_158' title='bbox 2638 692 2856 749; x_wconf 85' lang='lat' dir='ltr'><strong>Sanlem</strong></span> <span class='ocrx_word' id='word_1_159' title='bbox 2876 695 2921 767; x_wconf 90' lang='lat' dir='ltr'><strong>(l</strong></span> <span class='ocrx_word' id='word_1_160' title='bbox 2949 695 3080 769; x_wconf 86' lang='lat' dir='ltr'><strong>Reg.</strong></span> <span class='ocrx_word' id='word_1_161' title='bbox 3103 713 3191 761; x_wconf 74' lang='lat' dir='ltr'><strong>xv,</strong></span> <span class='ocrx_word' id='word_1_162' title='bbox 3210 697 3324 769; x_wconf 78' lang='lat'><strong>55).</strong></span> <span class='ocrx_word' id='word_1_163' title='bbox 3348 699 3657 757; x_wconf 86' lang='lat' dir='ltr'><strong>Hieremias</strong></span> 
     </span>
    </p>
   </div>
   <div class='ocr_carea' id='block_1_23' title="bbox 2057 786 3651 864">
    <p class='ocr_par' dir='ltr' id='par_1_23' title="bbox 2057 786 3651 864">
     <span class='ocr_line' id='line_1_23' title="bbox 2057 786 3651 864; baseline 0.008 -31"><span class='ocrx_word' id='word_1_164' title='bbox 2057 793 2276 849; x_wconf 80' lang='lat' dir='ltr'><strong>qquue</strong></span> <span class='ocrx_word' id='word_1_165' title='bbox 2304 796 2426 837; x_wconf 82' lang='lat' dir='ltr'><strong>cum</strong></span> <span class='ocrx_word' id='word_1_166' title='bbox 2456 786 2640 855; x_wconf 85' lang='lat' dir='ltr'><strong>populi</strong></span> <span class='ocrx_word' id='word_1_167' title='bbox 2667 797 2886 856; x_wconf 88' lang='lat' dir='ltr'><strong>peccata</strong></span> <span class='ocrx_word' id='word_1_168' title='bbox 2914 789 3174 855; x_wconf 79' lang='lat' dir='ltr'><strong>deﬁeret,</strong></span> <span class='ocrx_word' id='word_1_169' title='bbox 3208 792 3278 846; x_wconf 86' lang='lat' dir='ltr'><strong>ita</strong></span> <span class='ocrx_word' id='word_1_170' title='bbox 3310 792 3383 846; x_wconf 82' lang='lat' dir='ltr'><strong>ait</strong></span> <span class='ocrx_word' id='word_1_171' title='bbox 3408 810 3420 845; x_wconf 88' lang='lat'><strong>:</strong></span> <span class='ocrx_word' id='word_1_172' title='bbox 3454 792 3521 848; x_wconf 87' lang='lat' dir='ltr'><strong>Ut</strong></span> <span class='ocrx_word' id='word_1_173' title='bbox 3547 796 3651 864; x_wconf 83' lang='lat' dir='ltr'><strong>ﬂu-</strong></span> 
     </span>
    </p>
   </div>
   <div class='ocr_carea' id='block_1_24' title="bbox 2058 873 3657 957">
    <p class='ocr_par' dir='ltr' id='par_1_24' title="bbox 2058 873 3657 957">
     <span class='ocr_line' id='line_1_24' title="bbox 2058 873 3657 957; baseline 0.011 -31"><span class='ocrx_word' id='word_1_174' title='bbox 2058 873 2198 928; x_wconf 86' lang='lat' dir='ltr'><strong>mina</strong></span> <span class='ocrx_word' id='word_1_175' title='bbox 2219 891 2469 945; x_wconf 84' lang='lat' dir='ltr'><strong>aquarum</strong></span> <span class='ocrx_word' id='word_1_176' title='bbox 2496 881 2813 937; x_wconf 82' lang='lat' dir='ltr'><strong>transierunt</strong></span> <span class='ocrx_word' id='word_1_177' title='bbox 2842 884 2977 936; x_wconf 82' lang='lat' dir='ltr'><strong>oculi</strong></span> <span class='ocrx_word' id='word_1_178' title='bbox 3005 885 3135 951; x_wconf 84' lang='lat' dir='ltr'><strong>mei,</strong></span> <span class='ocrx_word' id='word_1_179' title='bbox 3167 902 3323 957; x_wconf 87' lang='lat' dir='ltr'><strong>super</strong></span> <span class='ocrx_word' id='word_1_180' title='bbox 3343 890 3657 944; x_wconf 78' lang='lat' dir='ltr'><strong>contritione</strong></span> 
     </span>
    </p>
   </div>
   <div class='ocr_carea' id='block_1_25' title="bbox 2059 964 3661 1049">
    <p class='ocr_par' dir='ltr' id='par_1_25' title="bbox 2059 964 3661 1049">
     <span class='ocr_line' id='line_1_25' title="bbox 2059 964 3661 1049; baseline 0.01 -28"><span class='ocrx_word' id='word_1_181' title='bbox 2059 964 2219 1034; x_wconf 79' lang='lat' dir='ltr'><strong>plebis</strong></span> <span class='ocrx_word' id='word_1_182' title='bbox 2249 984 2376 1023; x_wconf 72' lang='lat' dir='ltr'><strong>mere</strong></span> <span class='ocrx_word' id='word_1_183' title='bbox 2416 969 2633 1041; x_wconf 81' lang='lat' dir='ltr'><strong>(Thren.</strong></span> <span class='ocrx_word' id='word_1_184' title='bbox 2678 988 2735 1027; x_wconf 92' lang='grc' dir='ltr'><strong>ιιι</strong></span> <span class='ocrx_word' id='word_1_185' title='bbox 2766 1015 2778 1039; x_wconf 86' lang='grc'><em>,</em></span> <span class='ocrx_word' id='word_1_186' title='bbox 2812 974 2925 1041; x_wconf 83' lang='grc'><strong>48).</strong></span> <span class='ocrx_word' id='word_1_187' title='bbox 2973 976 3039 1031; x_wconf 84' lang='grc' dir='ltr'>Ει</span> <span class='ocrx_word' id='word_1_188' title='bbox 3076 979 3312 1034; x_wconf 82' lang='lat' dir='ltr'><strong>iterum:</strong></span> <span class='ocrx_word' id='word_1_189' title='bbox 3347 980 3476 1049; x_wconf 84' lang='lat' dir='ltr'><strong>Quis</strong></span> <span class='ocrx_word' id='word_1_190' title='bbox 3514 982 3661 1038; x_wconf 84' lang='lat' dir='ltr'><strong>dabit</strong></span> 
     </span>
    </p>
   </div>
   <div class='ocr_carea' id='block_1_26' title="bbox 2058 1058 3658 1144">
    <p class='ocr_par' dir='ltr' id='par_1_26' title="bbox 2058 1058 3658 1144">
     <span class='ocr_line' id='line_1_26' title="bbox 2058 1058 3658 1144; baseline 0.013 -35"><span class='ocrx_word' id='word_1_191' title='bbox 2058 1058 2216 1127; x_wconf 80' lang='lat' dir='ltr'><strong>capiti</strong></span> <span class='ocrx_word' id='word_1_192' title='bbox 2245 1076 2357 1115; x_wconf 86' lang='lat' dir='ltr'><strong>meo</strong></span> <span class='ocrx_word' id='word_1_193' title='bbox 2388 1078 2575 1133; x_wconf 83' lang='lat' dir='ltr'><strong>aquam</strong></span> <span class='ocrx_word' id='word_1_194' title='bbox 2595 1105 2611 1130; x_wconf 92' lang='lat'><strong>,</strong></span> <span class='ocrx_word' id='word_1_195' title='bbox 2643 1074 2691 1119; x_wconf 88' lang='lat' dir='ltr'><strong>et</strong></span> <span class='ocrx_word' id='word_1_196' title='bbox 2714 1067 2879 1125; x_wconf 81' lang='lat' dir='ltr'><strong>oculis</strong></span> <span class='ocrx_word' id='word_1_197' title='bbox 2907 1069 3033 1121; x_wconf 84' lang='lat' dir='ltr'><strong>meis</strong></span> <span class='ocrx_word' id='word_1_198' title='bbox 3060 1071 3255 1139; x_wconf 78' lang='lat' dir='ltr'><strong>[autent</strong></span> <span class='ocrx_word' id='word_1_199' title='bbox 3286 1072 3658 1144; x_wconf 79' lang='lat' dir='ltr'><strong>lecrymarum,</strong></span> 
     </span>
    </p>
   </div>
   <div class='ocr_carea' id='block_1_27' title="bbox 2059 1149 3657 1240">
    <p class='ocr_par' dir='ltr' id='par_1_27' title="bbox 2059 1149 3657 1240">
     <span class='ocr_line' id='line_1_27' title="bbox 2059 1149 3657 1240; baseline 0.013 -39"><span class='ocrx_word' id='word_1_200' title='bbox 2059 1157 2106 1201; x_wconf 85' lang='lat' dir='ltr'><strong>et</strong></span> <span class='ocrx_word' id='word_1_201' title='bbox 2135 1149 2350 1219; x_wconf 85' lang='lat' dir='ltr'><strong>plorabo</strong></span> <span class='ocrx_word' id='word_1_202' title='bbox 2379 1156 2513 1208; x_wconf 83' lang='lat' dir='ltr'><strong>hanc</strong></span> <span class='ocrx_word' id='word_1_203' title='bbox 2554 1155 2749 1224; x_wconf 79' lang='lat' dir='ltr'><strong>plebem</strong></span> <span class='ocrx_word' id='word_1_204' title='bbox 2788 1158 2873 1213; x_wconf 84' lang='lat' dir='ltr'><strong>die</strong></span> <span class='ocrx_word' id='word_1_205' title='bbox 2912 1176 2974 1214; x_wconf 87' lang='lat' dir='ltr'><strong>ac</strong></span> <span class='ocrx_word' id='word_1_206' title='bbox 3006 1173 3155 1216; x_wconf 82' lang='lat' dir='ltr'><strong>nocte</strong></span> <span class='ocrx_word' id='word_1_207' title='bbox 3183 1161 3395 1235; x_wconf 82' lang='lat' dir='ltr'><strong>(Jerem.</strong></span> <span class='ocrx_word' id='word_1_208' title='bbox 3427 1182 3479 1221; x_wconf 77' lang='lat' dir='ltr'><strong>rx</strong></span> <span class='ocrx_word' id='word_1_209' title='bbox 3509 1210 3522 1235; x_wconf 92' lang='lat'><strong>,</strong></span> <span class='ocrx_word' id='word_1_210' title='bbox 3558 1169 3657 1240; x_wconf 86' lang='lat' dir='ltr'><strong>l)?</strong></span> 
     </span>
    </p>
   </div>
   <div class='ocr_carea' id='block_1_28' title="bbox 2061 1241 3658 1328">
    <p class='ocr_par' dir='ltr' id='par_1_28' title="bbox 2061 1241 3658 1328">
     <span class='ocr_line' id='line_1_28' title="bbox 2061 1241 3658 1328; baseline 0.014 -33"><span class='ocrx_word' id='word_1_211' title='bbox 2061 1241 2250 1301; x_wconf 83' lang='lat' dir='ltr'><strong>Daniel</strong></span> <span class='ocrx_word' id='word_1_212' title='bbox 2284 1246 2448 1301; x_wconf 87' lang='lat' dir='ltr'><strong>etiam</strong></span> <span class='ocrx_word' id='word_1_213' title='bbox 2482 1250 2632 1318; x_wconf 79' lang='lat' dir='ltr'><strong>gravi</strong></span> <span class='ocrx_word' id='word_1_214' title='bbox 2664 1251 2808 1306; x_wconf 83' lang='lat' dir='ltr'><strong>luctu</strong></span> <span class='ocrx_word' id='word_1_215' title='bbox 2842 1268 2944 1322; x_wconf 89' lang='lat' dir='ltr'><strong>pro</strong></span> <span class='ocrx_word' id='word_1_216' title='bbox 2987 1257 3174 1325; x_wconf 89' lang='lat' dir='ltr'><strong>populi</strong></span> <span class='ocrx_word' id='word_1_217' title='bbox 3208 1262 3445 1328; x_wconf 84' lang='lat' dir='ltr'><strong>peccatis</strong></span> <span class='ocrx_word' id='word_1_218' title='bbox 3485 1262 3658 1318; x_wconf 79' lang='lat' dir='ltr'><strong>afﬁci-</strong></span> 
     </span>
    </p>
   </div>
   <div class='ocr_carea' id='block_1_29' title="bbox 2060 1341 3659 1423">
    <p class='ocr_par' dir='ltr' id='par_1_29' title="bbox 2060 1341 3659 1423">
     <span class='ocr_line' id='line_1_29' title="bbox 2060 1341 3659 1423; baseline 0.011 -30"><span class='ocrx_word' id='word_1_219' title='bbox 2060 1345 2149 1393; x_wconf 89' lang='lat' dir='ltr'><strong>tur</strong></span> <span class='ocrx_word' id='word_1_220' title='bbox 2176 1378 2190 1401; x_wconf 93' lang='lat'><strong>,</strong></span> <span class='ocrx_word' id='word_1_221' title='bbox 2221 1341 2523 1397; x_wconf 87' lang='lat' dir='ltr'><strong>secundum</strong></span> <span class='ocrx_word' id='word_1_222' title='bbox 2550 1344 2693 1413; x_wconf 90' lang='lat' dir='ltr'><strong>quod</strong></span> <span class='ocrx_word' id='word_1_223' title='bbox 2722 1344 2841 1415; x_wconf 75' lang='lat' dir='ltr'><strong>ipse</strong></span> <span class='ocrx_word' id='word_1_224' title='bbox 2866 1355 3099 1404; x_wconf 82' lang='lat' dir='ltr'><strong>testatur</strong></span> <span class='ocrx_word' id='word_1_225' title='bbox 3121 1350 3309 1406; x_wconf 86' lang='lat' dir='ltr'><strong>dicens</strong></span> <span class='ocrx_word' id='word_1_226' title='bbox 3336 1371 3348 1407; x_wconf 90' lang='lat'><strong>:</strong></span> <span class='ocrx_word' id='word_1_227' title='bbox 3385 1353 3454 1407; x_wconf 77' lang='lat' dir='ltr'><strong>Et</strong></span> <span class='ocrx_word' id='word_1_228' title='bbox 3484 1373 3621 1410; x_wconf 84' lang='lat' dir='ltr'><strong>eram</strong></span> <span class='ocrx_word' id='word_1_229' title='bbox 3645 1399 3659 1423; x_wconf 91' lang='lat'><strong>,</strong></span> 
     </span>
    </p>
   </div>
   <div class='ocr_carea' id='block_1_30' title="bbox 2060 1430 3661 1518">
    <p class='ocr_par' dir='ltr' id='par_1_30' title="bbox 2060 1430 3661 1518">
     <span class='ocr_line' id='line_1_30' title="bbox 2060 1430 3661 1518; baseline 0.01 -34"><span class='ocrx_word' id='word_1_230' title='bbox 2060 1430 2270 1500; x_wconf 89' lang='lat' dir='ltr'><strong>inquit,</strong></span> <span class='ocrx_word' id='word_1_231' title='bbox 2301 1431 2411 1504; x_wconf 66' lang='grc'><strong>24</strong></span> <span class='ocrx_word' id='word_1_232' title='bbox 2437 1434 2619 1505; x_wconf 79' lang='lat' dir='ltr'><strong>lugens</strong></span> <span class='ocrx_word' id='word_1_233' title='bbox 2653 1437 2815 1492; x_wconf 82' lang='lat' dir='ltr'><strong>tribus</strong></span> <span class='ocrx_word' id='word_1_234' title='bbox 2846 1439 3178 1496; x_wconf 79' lang='lat' dir='ltr'><strong>hebdomadis</strong></span> <span class='ocrx_word' id='word_1_235' title='bbox 3204 1443 3445 1511; x_wconf 84' lang='lat' dir='ltr'><strong>dierum,</strong></span> <span class='ocrx_word' id='word_1_236' title='bbox 3476 1462 3661 1518; x_wconf 81' lang='lat' dir='ltr'><strong>panem</strong></span> 
     </span>
    </p>
   </div>
   <div class='ocr_carea' id='block_1_31' title="bbox 2061 1528 3662 1614">
    <p class='ocr_par' dir='ltr' id='par_1_31' title="bbox 2061 1528 3662 1614">
     <span class='ocr_line' id='line_1_31' title="bbox 2061 1528 3662 1614; baseline 0.012 -36"><span class='ocrx_word' id='word_1_237' title='bbox 2061 1540 2163 1581; x_wconf 87' lang='lat' dir='ltr'><strong>non</strong></span> <span class='ocrx_word' id='word_1_238' title='bbox 2203 1528 2526 1583; x_wconf 76' lang='lat' dir='ltr'><strong>manducans</strong></span> <span class='ocrx_word' id='word_1_239' title='bbox 2556 1570 2571 1597; x_wconf 97' lang='lat'><strong>,</strong></span> <span class='ocrx_word' id='word_1_240' title='bbox 2605 1540 2652 1585; x_wconf 83' lang='lat' dir='ltr'><strong>et</strong></span> <span class='ocrx_word' id='word_1_241' title='bbox 2693 1534 2865 1587; x_wconf 80' lang='lat' dir='ltr'><strong>vinum</strong></span> <span class='ocrx_word' id='word_1_242' title='bbox 2904 1533 3006 1589; x_wconf 80' lang='lat' dir='ltr'><strong>non</strong></span> <span class='ocrx_word' id='word_1_243' title='bbox 3062 1537 3235 1591; x_wconf 80' lang='lat' dir='ltr'><strong>bibens</strong></span> <span class='ocrx_word' id='word_1_244' title='bbox 3267 1539 3438 1608; x_wconf 86' lang='lat' dir='ltr'><strong>(Dan.</strong></span> <span class='ocrx_word' id='word_1_245' title='bbox 3470 1557 3503 1595; x_wconf 83' lang='lat' dir='ltr'><strong>x</strong></span> <span class='ocrx_word' id='word_1_246' title='bbox 3530 1583 3546 1607; x_wconf 91' lang='lat'><strong>,</strong></span> <span class='ocrx_word' id='word_1_247' title='bbox 3579 1542 3662 1614; x_wconf 79' lang='lat'><strong>5).</strong></span> 
     </span>
    </p>
   </div>
   <div class='ocr_carea' id='block_1_32' title="bbox 2061 1619 3660 1697">
    <p class='ocr_par' dir='ltr' id='par_1_32' title="bbox 2061 1619 3660 1697">
     <span class='ocr_line' id='line_1_32' title="bbox 2061 1619 3660 1697; baseline 0.009 -22"><span class='ocrx_word' id='word_1_248' title='bbox 2061 1619 2296 1675; x_wconf 85' lang='lat' dir='ltr'><strong>Sanctus</strong></span> <span class='ocrx_word' id='word_1_249' title='bbox 2340 1635 2561 1689; x_wconf 83' lang='lat' dir='ltr'><strong>quoque</strong></span> <span class='ocrx_word' id='word_1_250' title='bbox 2604 1625 2905 1692; x_wconf 80' lang='lat' dir='ltr'><strong>Apostolus</strong></span> <span class='ocrx_word' id='word_1_251' title='bbox 2953 1629 3215 1697; x_wconf 87' lang='lat' dir='ltr'><strong>quosdam</strong></span> <span class='ocrx_word' id='word_1_252' title='bbox 3250 1631 3660 1689; x_wconf 87' lang='lat' dir='ltr'><strong>Corinthiorum</strong></span> 
     </span>
    </p>
   </div>
   <div class='ocr_carea' id='block_1_33' title="bbox 352 1704 3667 1795">
    <p class='ocr_par' dir='ltr' id='par_1_33' title="bbox 352 1704 3667 1795">
     <span class='ocr_line' id='line_1_33' title="bbox 352 1704 3667 1795; baseline 0.005 -26"><span class='ocrx_word' id='word_1_253' title='bbox 352 1710 478 1769; x_wconf 81' lang='lat' dir='ltr'><strong>mihi</strong></span> <span class='ocrx_word' id='word_1_254' title='bbox 499 1725 519 1766; x_wconf 89' lang='lat'><strong><em>:</em></strong></span> <span class='ocrx_word' id='word_1_255' title='bbox 543 1708 683 1781; x_wconf 84' lang='lat' dir='ltr'><strong>quod</strong></span> <span class='ocrx_word' id='word_1_256' title='bbox 711 1719 882 1775; x_wconf 74' lang='lat' dir='ltr'><strong>autem</strong></span> <span class='ocrx_word' id='word_1_257' title='bbox 913 1708 1100 1773; x_wconf 86' lang='lat' dir='ltr'><strong>habeo,</strong></span> <span class='ocrx_word' id='word_1_258' title='bbox 1135 1707 1232 1767; x_wconf 85' lang='lat' dir='ltr'><strong>hac</strong></span> <span class='ocrx_word' id='word_1_259' title='bbox 1261 1706 1351 1761; x_wconf 87' lang='lat' dir='ltr'><strong>tibi</strong></span> <span class='ocrx_word' id='word_1_260' title='bbox 1378 1709 1443 1763; x_wconf 86' lang='lat' dir='ltr'><strong>do</strong></span> <span class='ocrx_word' id='word_1_261' title='bbox 1467 1724 1485 1761; x_wconf 87' lang='lat'><strong><em>:</em></strong></span> <span class='ocrx_word' id='word_1_262' title='bbox 1514 1704 1581 1769; x_wconf 85' lang='lat' dir='ltr'><strong>In</strong></span> <span class='ocrx_word' id='word_1_263' title='bbox 1611 1706 1815 1760; x_wconf 76' lang='lat' dir='ltr'><strong>nomine</strong></span> <span class='ocrx_word' id='word_1_264' title='bbox 1850 1704 1951 1759; x_wconf 75' lang='grc' dir='ltr'><strong>Πο-</strong></span> <span class='ocrx_word' id='word_1_265' title='bbox 1987 1706 2036 1769; x_wconf 89' lang='grc' dir='ltr'><strong>Β</strong></span> <span class='ocrx_word' id='word_1_266' title='bbox 2062 1708 2211 1767; x_wconf 87' lang='lat' dir='ltr'><strong>luctu</strong></span> <span class='ocrx_word' id='word_1_267' title='bbox 2238 1711 2407 1767; x_wconf 85' lang='lat' dir='ltr'><strong>simili</strong></span> <span class='ocrx_word' id='word_1_268' title='bbox 2438 1713 2610 1770; x_wconf 79' lang='lat' dir='ltr'><strong>deﬂet</strong></span> <span class='ocrx_word' id='word_1_269' title='bbox 2635 1757 2651 1781; x_wconf 91' lang='lat'><strong>,</strong></span> <span class='ocrx_word' id='word_1_270' title='bbox 2684 1717 2947 1775; x_wconf 86' lang='lat' dir='ltr'><strong>dicendo:</strong></span> <span class='ocrx_word' id='word_1_271' title='bbox 2997 1722 3061 1775; x_wconf 79' lang='lat' dir='ltr'><strong>Et</strong></span> <span class='ocrx_word' id='word_1_272' title='bbox 3105 1725 3306 1778; x_wconf 66' lang='lat' dir='ltr'><strong>vernam</strong></span> <span class='ocrx_word' id='word_1_273' title='bbox 3335 1728 3406 1779; x_wconf 88' lang='lat' dir='ltr'><strong>ad</strong></span> <span class='ocrx_word' id='word_1_274' title='bbox 3444 1744 3531 1782; x_wconf 83' lang='lat' dir='ltr'><strong>vos</strong></span> <span class='ocrx_word' id='word_1_275' title='bbox 3562 1772 3576 1795; x_wconf 89' lang='lat'><strong>,</strong></span> <span class='ocrx_word' id='word_1_276' title='bbox 3612 1739 3667 1783; x_wconf 86' lang='lat' dir='ltr'><strong>ut</strong></span> 
     </span>
    </p>
   </div>
   <div class='ocr_carea' id='block_1_34' title="bbox 352 1796 1950 1872">
    <p class='ocr_par' dir='ltr' id='par_1_34' title="bbox 352 1796 1950 1872">
     <span class='ocr_line' id='line_1_34' title="bbox 352 1796 1950 1872; baseline -0.003 -12"><span class='ocrx_word' id='word_1_277' title='bbox 352 1806 479 1869; x_wconf 78' lang='lat' dir='ltr'><strong>mini</strong></span> <span class='ocrx_word' id='word_1_278' title='bbox 508 1805 677 1867; x_wconf 83' lang='lat' dir='ltr'><strong>nostri</strong></span> <span class='ocrx_word' id='word_1_279' title='bbox 707 1803 836 1869; x_wconf 66' lang='lat' dir='ltr'><strong>Jestt</strong></span> <span class='ocrx_word' id='word_1_280' title='bbox 864 1801 1056 1863; x_wconf 73' lang='lat' dir='ltr'><strong>Christi</strong></span> <span class='ocrx_word' id='word_1_281' title='bbox 1085 1817 1240 1872; x_wconf 79' lang='lat' dir='ltr'><strong>surge</strong></span> <span class='ocrx_word' id='word_1_282' title='bbox 1269 1810 1315 1855; x_wconf 87' lang='lat' dir='ltr'><strong>et</strong></span> <span class='ocrx_word' id='word_1_283' title='bbox 1343 1799 1554 1863; x_wconf 74' lang='lat' dir='ltr'><strong>ambula</strong></span> <span class='ocrx_word' id='word_1_284' title='bbox 1580 1800 1719 1871; x_wconf 84' lang='lat' dir='ltr'><strong>(Act.</strong></span> <span class='ocrx_word' id='word_1_285' title='bbox 1748 1815 1803 1854; x_wconf 90' lang='grc' dir='ltr'><strong>ιιι</strong></span> <span class='ocrx_word' id='word_1_286' title='bbox 1828 1840 1842 1865; x_wconf 88' lang='grc'><em>,</em></span> <span class='ocrx_word' id='word_1_287' title='bbox 1869 1796 1950 1867; x_wconf 80' lang='grc'><strong>6).</strong></span> 
     </span>
    </p>
   </div>
   <div class='ocr_carea' id='block_1_35' title="bbox 350 1891 1954 1965">
    <p class='ocr_par' dir='ltr' id='par_1_35' title="bbox 350 1891 1954 1965">
     <span class='ocr_line' id='line_1_35' title="bbox 350 1891 1954 1965; baseline -0.006 -10"><span class='ocrx_word' id='word_1_288' title='bbox 350 1896 396 1955; x_wconf 88' lang='lat'><strong>0</strong></span> <span class='ocrx_word' id='word_1_289' title='bbox 427 1911 556 1955; x_wconf 78' lang='lat' dir='ltr'><strong>rere</strong></span> <span class='ocrx_word' id='word_1_290' title='bbox 600 1895 756 1955; x_wconf 80' lang='lat' dir='ltr'><strong>beata</strong></span> <span class='ocrx_word' id='word_1_291' title='bbox 801 1904 1098 1965; x_wconf 74' lang='lat' dir='ltr'><strong>paupertas</strong></span> <span class='ocrx_word' id='word_1_292' title='bbox 1121 1935 1136 1959; x_wconf 91' lang='lat'><strong>,</strong></span> <span class='ocrx_word' id='word_1_293' title='bbox 1172 1908 1292 1963; x_wconf 69' lang='lat' dir='ltr'><strong>qua:</strong></span> <span class='ocrx_word' id='word_1_294' title='bbox 1322 1907 1443 1955; x_wconf 87' lang='lat' dir='ltr'><strong>eum</strong></span> <span class='ocrx_word' id='word_1_295' title='bbox 1477 1892 1612 1957; x_wconf 80' lang='lat' dir='ltr'><strong>nihil</strong></span> <span class='ocrx_word' id='word_1_296' title='bbox 1653 1891 1723 1959; x_wconf 89' lang='lat' dir='ltr'><strong>de</strong></span> <span class='ocrx_word' id='word_1_297' title='bbox 1767 1892 1954 1955; x_wconf 86' lang='lat' dir='ltr'><strong>mundi</strong></span> 
     </span>
    </p>
   </div>
   <div class='ocr_carea' id='block_1_36' title="bbox 350 1985 1958 2057">
    <p class='ocr_par' dir='ltr' id='par_1_36' title="bbox 350 1985 1958 2057">
     <span class='ocr_line' id='line_1_36' title="bbox 350 1985 1958 2057; baseline -0.002 -12"><span class='ocrx_word' id='word_1_298' title='bbox 350 1989 609 2045; x_wconf 84' lang='lat' dir='ltr'><strong>facultate</strong></span> <span class='ocrx_word' id='word_1_299' title='bbox 644 1988 842 2043; x_wconf 80' lang='lat' dir='ltr'><strong>habeat</strong></span> <span class='ocrx_word' id='word_1_300' title='bbox 865 2028 879 2050; x_wconf 86' lang='lat'><strong>,</strong></span> <span class='ocrx_word' id='word_1_301' title='bbox 912 1995 1123 2051; x_wconf 80' lang='lat' dir='ltr'><strong>tantum</strong></span> <span class='ocrx_word' id='word_1_302' title='bbox 1155 1986 1224 2049; x_wconf 78' lang='lat' dir='ltr'><strong>de</strong></span> <span class='ocrx_word' id='word_1_303' title='bbox 1250 1986 1392 2050; x_wconf 73' lang='lat' dir='ltr'><strong>coelo</strong></span> <span class='ocrx_word' id='word_1_304' title='bbox 1420 1986 1688 2057; x_wconf 76' lang='lat' dir='ltr'><strong>largitur!</strong></span> <span class='ocrx_word' id='word_1_305' title='bbox 1721 1985 1838 2042; x_wconf 85' lang='lat' dir='ltr'><strong>Non</strong></span> <span class='ocrx_word' id='word_1_306' title='bbox 1866 1986 1958 2047; x_wconf 85' lang='lat' dir='ltr'><strong>dat</strong></span> 
     </span>
    </p>
   </div>
   <div class='ocr_carea' id='block_1_37' title="bbox 350 2078 1954 2155">
    <p class='ocr_par' dir='ltr' id='par_1_37' title="bbox 350 2078 1954 2155">
     <span class='ocr_line' id='line_1_37' title="bbox 350 2078 1954 2155; baseline -0.002 -18"><span class='ocrx_word' id='word_1_307' title='bbox 350 2082 575 2155; x_wconf 74' lang='lat' dir='ltr'><strong>quidem</strong></span> <span class='ocrx_word' id='word_1_308' title='bbox 606 2091 889 2152; x_wconf 78' lang='lat' dir='ltr'><strong>argentum</strong></span> <span class='ocrx_word' id='word_1_309' title='bbox 923 2080 1009 2143; x_wconf 81' lang='lat' dir='ltr'><strong>vel</strong></span> <span class='ocrx_word' id='word_1_310' title='bbox 1041 2094 1232 2143; x_wconf 80' lang='lat' dir='ltr'><strong>aurum</strong></span> <span class='ocrx_word' id='word_1_311' title='bbox 1256 2118 1270 2144; x_wconf 83' lang='lat'><strong>,</strong></span> <span class='ocrx_word' id='word_1_312' title='bbox 1298 2078 1393 2145; x_wconf 79' lang='lat' dir='ltr'><strong>sed</strong></span> <span class='ocrx_word' id='word_1_313' title='bbox 1425 2078 1569 2149; x_wconf 79' lang='lat' dir='ltr'><strong>quod</strong></span> <span class='ocrx_word' id='word_1_314' title='bbox 1604 2080 1723 2148; x_wconf 83' lang='lat' dir='ltr'><strong>plus</strong></span> <span class='ocrx_word' id='word_1_315' title='bbox 1753 2090 1835 2141; x_wconf 85' lang='lat' dir='ltr'><strong>cst</strong></span> <span class='ocrx_word' id='word_1_316' title='bbox 1875 2079 1954 2133; x_wconf 82' lang='lat' dir='ltr'><strong>di-</strong></span> 
     </span>
    </p>
   </div>
   <div class='ocr_carea' id='block_1_38' title="bbox 351 2171 1956 2241">
    <p class='ocr_par' dir='ltr' id='par_1_38' title="bbox 351 2171 1956 2241">
     <span class='ocr_line' id='line_1_38' title="bbox 351 2171 1956 2241; baseline -0.004 -10"><span class='ocrx_word' id='word_1_317' title='bbox 351 2174 499 2239; x_wconf 67' lang='lat' dir='ltr'><strong>vitiis</strong></span> <span class='ocrx_word' id='word_1_318' title='bbox 523 2173 775 2235; x_wconf 84' lang='lat' dir='ltr'><strong>omnibus</strong></span> <span class='ocrx_word' id='word_1_319' title='bbox 795 2214 810 2240; x_wconf 83' lang='lat'><strong>,</strong></span> <span class='ocrx_word' id='word_1_320' title='bbox 840 2171 1019 2229; x_wconf 85' lang='lat' dir='ltr'><strong>reddit</strong></span> <span class='ocrx_word' id='word_1_321' title='bbox 1042 2172 1291 2241; x_wconf 84' lang='lat' dir='ltr'><strong>corporis</strong></span> <span class='ocrx_word' id='word_1_322' title='bbox 1313 2173 1622 2235; x_wconf 79' lang='lat' dir='ltr'><strong>sanitatem.</strong></span> <span class='ocrx_word' id='word_1_323' title='bbox 1658 2171 1956 2241; x_wconf 76' lang='lat' dir='ltr'><strong>imaginem</strong></span> 
     </span>
    </p>
   </div>
   <div class='ocr_carea' id='block_1_39' title="bbox 352 2263 1958 2335">
    <p class='ocr_par' dir='ltr' id='par_1_39' title="bbox 352 2263 1958 2335">
     <span class='ocr_line' id='line_1_39' title="bbox 352 2263 1958 2335; baseline -0.001 -15"><span class='ocrx_word' id='word_1_324' title='bbox 352 2266 594 2331; x_wconf 56' lang='lat' dir='ltr'><strong>thsaris</strong></span> <span class='ocrx_word' id='word_1_325' title='bbox 624 2266 676 2321; x_wconf 91' lang='lat' dir='ltr'><strong>in</strong></span> <span class='ocrx_word' id='word_1_326' title='bbox 710 2280 933 2323; x_wconf 85' lang='lat' dir='ltr'><strong>nummo</strong></span> <span class='ocrx_word' id='word_1_327' title='bbox 955 2306 970 2331; x_wconf 91' lang='lat'><strong>,</strong></span> <span class='ocrx_word' id='word_1_328' title='bbox 1004 2278 1166 2335; x_wconf 90' lang='lat' dir='ltr'><strong>quam</strong></span> <span class='ocrx_word' id='word_1_329' title='bbox 1198 2263 1395 2328; x_wconf 88' lang='lat' dir='ltr'><strong>daret,</strong></span> <span class='ocrx_word' id='word_1_330' title='bbox 1442 2279 1548 2318; x_wconf 87' lang='lat' dir='ltr'><strong>non</strong></span> <span class='ocrx_word' id='word_1_331' title='bbox 1596 2263 1825 2330; x_wconf 82' lang='lat' dir='ltr'><strong>habuit;</strong></span> <span class='ocrx_word' id='word_1_332' title='bbox 1862 2263 1958 2321; x_wconf 82' lang='lat' dir='ltr'><strong>sed</strong></span> 
     </span>
    </p>
   </div>
   <div class='ocr_carea' id='block_1_40' title="bbox 353 2357 1957 2433">
    <p class='ocr_par' dir='ltr' id='par_1_40' title="bbox 353 2357 1957 2433">
     <span class='ocr_line' id='line_1_40' title="bbox 353 2357 1957 2433; baseline -0.002 -17"><span class='ocrx_word' id='word_1_333' title='bbox 353 2359 555 2429; x_wconf 77' lang='lat' dir='ltr'><strong>Christi</strong></span> <span class='ocrx_word' id='word_1_334' title='bbox 590 2359 883 2433; x_wconf 76' lang='lat' dir='ltr'><strong>imaginem</strong></span> <span class='ocrx_word' id='word_1_335' title='bbox 917 2357 969 2425; x_wconf 83' lang='lat' dir='ltr'><strong>in</strong></span> <span class='ocrx_word' id='word_1_336' title='bbox 1003 2358 1228 2419; x_wconf 83' lang='lat' dir='ltr'><strong>homine</strong></span> <span class='ocrx_word' id='word_1_337' title='bbox 1261 2358 1610 2419; x_wconf 72' lang='lat' dir='ltr'><strong>reformat-it.</strong></span> <span class='ocrx_word' id='word_1_338' title='bbox 1657 2358 1731 2413; x_wconf 90' lang='lat' dir='ltr'><strong>De</strong></span> <span class='ocrx_word' id='word_1_339' title='bbox 1772 2357 1957 2429; x_wconf 83' lang='lat' dir='ltr'><strong>hujus-</strong></span> 
     </span>
    </p>
   </div>
   <div class='ocr_carea' id='block_1_41' title="bbox 355 2453 1961 2531">
    <p class='ocr_par' dir='ltr' id='par_1_41' title="bbox 355 2453 1961 2531">
     <span class='ocr_line' id='line_1_41' title="bbox 355 2453 1961 2531; baseline -0.009 -6"><span class='ocrx_word' id='word_1_340' title='bbox 355 2455 502 2525; x_wconf 64' lang='grc' dir='ltr'><strong>Πιααὶ</strong></span> <span class='ocrx_word' id='word_1_341' title='bbox 537 2454 866 2531; x_wconf 70' lang='lat' dir='ltr'><strong>pauperibus</strong></span> <span class='ocrx_word' id='word_1_342' title='bbox 906 2454 959 2511; x_wconf 85' lang='lat' dir='ltr'><strong>in</strong></span> <span class='ocrx_word' id='word_1_343' title='bbox 1003 2455 1263 2527; x_wconf 70' lang='lat' dir='ltr'><strong>[musculi</strong></span> <span class='ocrx_word' id='word_1_344' title='bbox 1309 2454 1433 2513; x_wconf 87' lang='lat' dir='ltr'><strong>loco</strong></span> <span class='ocrx_word' id='word_1_345' title='bbox 1479 2454 1742 2509; x_wconf 84' lang='lat' dir='ltr'><strong>Dominus</strong></span> <span class='ocrx_word' id='word_1_346' title='bbox 1784 2453 1961 2523; x_wconf 85' lang='lat' dir='ltr'><strong>loqui-</strong></span> 
     </span>
    </p>
   </div>
   <div class='ocr_carea' id='block_1_42' title="bbox 360 2546 1960 2621">
    <p class='ocr_par' dir='ltr' id='par_1_42' title="bbox 360 2546 1960 2621">
     <span class='ocr_line' id='line_1_42' title="bbox 360 2546 1960 2621; baseline -0.003 -15"><span class='ocrx_word' id='word_1_347' title='bbox 360 2560 465 2616; x_wconf 88' lang='lat' dir='ltr'><strong>tur,</strong></span> <span class='ocrx_word' id='word_1_348' title='bbox 512 2550 582 2613; x_wconf 82' lang='lat' dir='ltr'><strong>de</strong></span> <span class='ocrx_word' id='word_1_349' title='bbox 626 2549 822 2621; x_wconf 80' lang='lat' dir='ltr'><strong>quibus</strong></span> <span class='ocrx_word' id='word_1_350' title='bbox 866 2558 922 2607; x_wconf 86' lang='lat' dir='ltr'><strong>et</strong></span> <span class='ocrx_word' id='word_1_351' title='bbox 971 2548 1136 2607; x_wconf 66' lang='lat' dir='ltr'><strong>David</strong></span> <span class='ocrx_word' id='word_1_352' title='bbox 1181 2548 1369 2605; x_wconf 87' lang='lat' dir='ltr'><strong>multis</strong></span> <span class='ocrx_word' id='word_1_353' title='bbox 1416 2546 1550 2603; x_wconf 81' lang='lat' dir='ltr'><strong>locis</strong></span> <span class='ocrx_word' id='word_1_354' title='bbox 1599 2555 1828 2605; x_wconf 85' lang='lat' dir='ltr'><strong>testatur</strong></span> <span class='ocrx_word' id='word_1_355' title='bbox 1873 2547 1960 2602; x_wconf 86' lang='lat' dir='ltr'><strong>di-</strong></span> 
     </span>
    </p>
   </div>
   <div class='ocr_carea' id='block_1_43' title="bbox 356 2642 1962 2713">
    <p class='ocr_par' dir='ltr' id='par_1_43' title="bbox 356 2642 1962 2713">
     <span class='ocr_line' id='line_1_43' title="bbox 356 2642 1962 2713; baseline -0.002 -10"><span class='ocrx_word' id='word_1_356' title='bbox 356 2645 568 2703; x_wconf 87' lang='lat' dir='ltr'><strong>cendo:</strong></span> <span class='ocrx_word' id='word_1_357' title='bbox 602 2644 775 2703; x_wconf 81' lang='lat' dir='ltr'><strong>Edent</strong></span> <span class='ocrx_word' id='word_1_358' title='bbox 810 2660 1065 2713; x_wconf 76' lang='lat' dir='ltr'><strong>pauperes</strong></span> <span class='ocrx_word' id='word_1_359' title='bbox 1087 2685 1103 2711; x_wconf 93' lang='lat'><strong>,</strong></span> <span class='ocrx_word' id='word_1_360' title='bbox 1135 2653 1181 2707; x_wconf 75' lang='lat' dir='ltr'><strong>et</strong></span> <span class='ocrx_word' id='word_1_361' title='bbox 1211 2642 1609 2708; x_wconf 83' lang='lat' dir='ltr'><strong>saturabuntur,</strong></span> <span class='ocrx_word' id='word_1_362' title='bbox 1642 2652 1687 2696; x_wconf 89' lang='lat' dir='ltr'><strong>et</strong></span> <span class='ocrx_word' id='word_1_363' title='bbox 1718 2642 1844 2703; x_wconf 83' lang='lat' dir='ltr'><strong>viret</strong></span> <span class='ocrx_word' id='word_1_364' title='bbox 1874 2658 1962 2699; x_wconf 86' lang='lat' dir='ltr'><strong>cor</strong></span> 
     </span>
    </p>
   </div>
   <div class='ocr_carea' id='block_1_44' title="bbox 356 2734 1959 2807">
    <p class='ocr_par' dir='ltr' id='par_1_44' title="bbox 356 2734 1959 2807">
     <span class='ocr_line' id='line_1_44' title="bbox 356 2734 1959 2807; baseline -0.005 -11"><span class='ocrx_word' id='word_1_365' title='bbox 356 2756 534 2807; x_wconf 72' lang='lat' dir='ltr'><strong>eorum</strong></span> <span class='ocrx_word' id='word_1_366' title='bbox 560 2740 612 2795; x_wconf 86' lang='lat' dir='ltr'><strong>in</strong></span> <span class='ocrx_word' id='word_1_367' title='bbox 643 2738 891 2803; x_wconf 76' lang='lat' dir='ltr'><strong>steculunt</strong></span> <span class='ocrx_word' id='word_1_368' title='bbox 920 2736 1100 2793; x_wconf 67' lang='lat' dir='ltr'><strong>necati</strong></span> <span class='ocrx_word' id='word_1_369' title='bbox 1136 2734 1319 2805; x_wconf 76' lang='lat' dir='ltr'><strong>(Psal.</strong></span> <span class='ocrx_word' id='word_1_370' title='bbox 1348 2750 1448 2790; x_wconf 73' lang='lat' dir='ltr'><strong>ut</strong></span> <span class='ocrx_word' id='word_1_371' title='bbox 1467 2776 1481 2801; x_wconf 90' lang='lat'><strong>,</strong></span> <span class='ocrx_word' id='word_1_372' title='bbox 1510 2736 1588 2806; x_wconf 88' lang='grc'><strong>7).</strong></span> <span class='ocrx_word' id='word_1_373' title='bbox 1624 2734 1694 2791; x_wconf 86' lang='grc' dir='ltr'>Ει</span> <span class='ocrx_word' id='word_1_374' title='bbox 1721 2734 1918 2791; x_wconf 88' lang='lat' dir='ltr'><strong>iterum</strong></span> <span class='ocrx_word' id='word_1_375' title='bbox 1945 2752 1959 2788; x_wconf 89' lang='lat'><strong>:</strong></span> 
     </span>
    </p>
   </div>
   <div class='ocr_carea' id='block_1_45' title="bbox 357 2829 1963 2906">
    <p class='ocr_par' dir='ltr' id='par_1_45' title="bbox 357 2829 1963 2906">
     <span class='ocr_line' id='line_1_45' title="bbox 357 2829 1963 2906; baseline -0.005 -16"><span class='ocrx_word' id='word_1_376' title='bbox 357 2833 628 2893; x_wconf 80' lang='lat' dir='ltr'><strong>ludicabit</strong></span> <span class='ocrx_word' id='word_1_377' title='bbox 659 2848 914 2906; x_wconf 78' lang='lat' dir='ltr'><strong>pauperes</strong></span> <span class='ocrx_word' id='word_1_378' title='bbox 946 2831 1162 2901; x_wconf 78' lang='lat' dir='ltr'><strong>populi,</strong></span> <span class='ocrx_word' id='word_1_379' title='bbox 1197 2841 1244 2887; x_wconf 86' lang='lat' dir='ltr'><strong>et</strong></span> <span class='ocrx_word' id='word_1_380' title='bbox 1275 2830 1443 2886; x_wconf 81' lang='lat' dir='ltr'><strong>salvos</strong></span> <span class='ocrx_word' id='word_1_381' title='bbox 1474 2829 1629 2901; x_wconf 74' lang='lat' dir='ltr'><strong>faciet</strong></span> <span class='ocrx_word' id='word_1_382' title='bbox 1659 2829 1797 2897; x_wconf 72' lang='lat' dir='ltr'><strong>ﬁlios</strong></span> <span class='ocrx_word' id='word_1_383' title='bbox 1829 2845 1963 2899; x_wconf 87' lang='lat' dir='ltr'><strong>pau-</strong></span> 
     </span>
    </p>
   </div>
   <div class='ocr_carea' id='block_1_46' title="bbox 360 2922 1961 3000">
    <p class='ocr_par' dir='ltr' id='par_1_46' title="bbox 360 2922 1961 3000">
     <span class='ocr_line' id='line_1_46' title="bbox 360 2922 1961 3000; baseline -0.009 -7"><span class='ocrx_word' id='word_1_384' title='bbox 360 2943 539 2999; x_wconf 66' lang='lat' dir='ltr'><strong>parum</strong></span> <span class='ocrx_word' id='word_1_385' title='bbox 568 2924 753 3000; x_wconf 80' lang='lat' dir='ltr'><strong>(Psat.</strong></span> <span class='ocrx_word' id='word_1_386' title='bbox 787 2940 922 2989; x_wconf 74' lang='lat' dir='ltr'><strong>Lxxt</strong></span> <span class='ocrx_word' id='word_1_387' title='bbox 946 2966 961 2993; x_wconf 93' lang='lat'><strong>,</strong></span> <span class='ocrx_word' id='word_1_388' title='bbox 990 2925 1069 2994; x_wconf 72' lang='grc'><strong>4).</strong></span> <span class='ocrx_word' id='word_1_389' title='bbox 1106 2922 1215 2985; x_wconf 78' lang='lat' dir='ltr'><strong>iste</strong></span> <span class='ocrx_word' id='word_1_390' title='bbox 1244 2940 1439 2994; x_wconf 78' lang='lat' dir='ltr'><strong>pauper</strong></span> <span class='ocrx_word' id='word_1_391' title='bbox 1467 2924 1743 2987; x_wconf 85' lang='lat' dir='ltr'><strong>clamavit,</strong></span> <span class='ocrx_word' id='word_1_392' title='bbox 1774 2932 1819 2978; x_wconf 90' lang='lat' dir='ltr'><strong>et</strong></span> <span class='ocrx_word' id='word_1_393' title='bbox 1854 2922 1961 2983; x_wconf 80' lang='lat' dir='ltr'><strong>Da-</strong></span> 
     </span>
    </p>
   </div>
   <div class='ocr_carea' id='block_1_47' title="bbox 360 3016 1963 3091">
    <p class='ocr_par' dir='ltr' id='par_1_47' title="bbox 360 3016 1963 3091">
     <span class='ocr_line' id='line_1_47' title="bbox 360 3016 1963 3091; baseline -0.002 -16"><span class='ocrx_word' id='word_1_394' title='bbox 360 3022 530 3087; x_wconf 78' lang='lat' dir='ltr'><strong>ntt&#39;nus</strong></span> <span class='ocrx_word' id='word_1_395' title='bbox 558 3018 823 3085; x_wconf 62' lang='lat' dir='ltr'><strong>exaudiuit</strong></span> <span class='ocrx_word' id='word_1_396' title='bbox 855 3034 975 3088; x_wconf 80' lang='lat' dir='ltr'><strong>eum</strong></span> <span class='ocrx_word' id='word_1_397' title='bbox 1006 3016 1182 3091; x_wconf 82' lang='lat' dir='ltr'><strong>(Psal.</strong></span> <span class='ocrx_word' id='word_1_398' title='bbox 1220 3032 1403 3081; x_wconf 63' lang='grc' dir='ltr'>χχχιιι</span> <span class='ocrx_word' id='word_1_399' title='bbox 1424 3058 1438 3083; x_wconf 86' lang='grc'><em>,</em></span> <span class='ocrx_word' id='word_1_400' title='bbox 1470 3016 1548 3086; x_wconf 79' lang='grc'><strong>7).</strong></span> <span class='ocrx_word' id='word_1_401' title='bbox 1586 3016 1798 3075; x_wconf 84' lang='lat' dir='ltr'><strong>Talium</strong></span> <span class='ocrx_word' id='word_1_402' title='bbox 1830 3030 1963 3089; x_wconf 75' lang='lat' dir='ltr'><strong>ergo</strong></span> 
     </span>
    </p>
   </div>
   <div class='ocr_carea' id='block_1_48' title="bbox 362 3088 2041 3189">
    <p class='ocr_par' dir='ltr' id='par_1_48' title="bbox 362 3088 2041 3189">
     <span class='ocr_line' id='line_1_48' title="bbox 362 3088 2041 3189; baseline -0.007 -16"><span class='ocrx_word' id='word_1_403' title='bbox 362 3130 663 3189; x_wconf 75' lang='lat' dir='ltr'><strong>pauperum</strong></span> <span class='ocrx_word' id='word_1_404' title='bbox 705 3112 971 3181; x_wconf 80' lang='lat' dir='ltr'><strong>Dominus</strong></span> <span class='ocrx_word' id='word_1_405' title='bbox 1013 3088 1174 3175; x_wconf 79' lang='lat' dir='ltr'><strong>docet</strong></span> <span class='ocrx_word' id='word_1_406' title='bbox 1215 3125 1341 3173; x_wconf 74' lang='lat' dir='ltr'><strong>esse</strong></span> <span class='ocrx_word' id='word_1_407' title='bbox 1382 3124 1611 3180; x_wconf 76' lang='lat' dir='ltr'><strong>regnum</strong></span> <span class='ocrx_word' id='word_1_408' title='bbox 1656 3109 1959 3175; x_wconf 74' lang='lat' dir='ltr'><strong>caelorum,</strong></span> <span class='ocrx_word' id='word_1_409' title='bbox 1988 3088 2041 3155; x_wconf 77' lang='grc' dir='ltr'>Ο</span> 
     </span>
    </p>
   </div>
   <div class='ocr_carea' id='block_1_49' title="bbox 360 3204 1965 3286">
    <p class='ocr_par' dir='ltr' id='par_1_49' title="bbox 360 3204 1965 3286">
     <span class='ocr_line' id='line_1_49' title="bbox 360 3204 1965 3286; baseline -0.006 -15"><span class='ocrx_word' id='word_1_410' title='bbox 360 3213 449 3286; x_wconf 86' lang='lat' dir='ltr'><strong>qui</strong></span> <span class='ocrx_word' id='word_1_411' title='bbox 490 3228 557 3269; x_wconf 80' lang='lat' dir='ltr'><strong>se</strong></span> <span class='ocrx_word' id='word_1_412' title='bbox 595 3225 761 3271; x_wconf 81' lang='lat' dir='ltr'><strong>causa</strong></span> <span class='ocrx_word' id='word_1_413' title='bbox 805 3208 1085 3278; x_wconf 69' lang='lat' dir='ltr'><strong>religionis</strong></span> <span class='ocrx_word' id='word_1_414' title='bbox 1126 3222 1190 3261; x_wconf 85' lang='lat' dir='ltr'><strong>ac</strong></span> <span class='ocrx_word' id='word_1_415' title='bbox 1234 3205 1357 3269; x_wconf 83' lang='lat' dir='ltr'><strong>tidei</strong></span> <span class='ocrx_word' id='word_1_416' title='bbox 1390 3204 1594 3263; x_wconf 64' lang='lat' dir='ltr'><strong>swculo</strong></span> <span class='ocrx_word' id='word_1_417' title='bbox 1626 3220 1965 3275; x_wconf 82' lang='lat' dir='ltr'><strong>panperave-</strong></span> 
     </span>
    </p>
   </div>
   <div class='ocr_carea' id='block_1_50' title="bbox 358 3298 1960 3374">
    <p class='ocr_par' dir='ltr' id='par_1_50' title="bbox 358 3298 1960 3374">
     <span class='ocr_line' id='line_1_50' title="bbox 358 3298 1960 3374; baseline -0.005 -11"><span class='ocrx_word' id='word_1_418' title='bbox 358 3318 486 3365; x_wconf 84' lang='lat' dir='ltr'><strong>runt</strong></span> <span class='ocrx_word' id='word_1_419' title='bbox 508 3348 523 3373; x_wconf 84' lang='lat'><strong>,</strong></span> <span class='ocrx_word' id='word_1_420' title='bbox 555 3316 613 3367; x_wconf 89' lang='lat' dir='ltr'><strong>ut</strong></span> <span class='ocrx_word' id='word_1_421' title='bbox 645 3303 975 3374; x_wconf 81' lang='lat' dir='ltr'><strong>locupletem</strong></span> <span class='ocrx_word' id='word_1_422' title='bbox 1008 3313 1259 3361; x_wconf 75' lang='lat' dir='ltr'><strong>Sanetum</strong></span> <span class='ocrx_word' id='word_1_423' title='bbox 1289 3298 1555 3370; x_wconf 87' lang='lat' dir='ltr'><strong>Spiritum</strong></span> <span class='ocrx_word' id='word_1_424' title='bbox 1589 3299 1960 3369; x_wconf 84' lang='lat' dir='ltr'><strong>possiderent.</strong></span> 
     </span>
    </p>
   </div>
   <div class='ocr_carea' id='block_1_51' title="bbox 360 3393 1963 3466">
    <p class='ocr_par' dir='ltr' id='par_1_51' title="bbox 360 3393 1963 3466">
     <span class='ocr_line' id='line_1_51' title="bbox 360 3393 1963 3466; baseline -0.006 -7"><span class='ocrx_word' id='word_1_425' title='bbox 360 3398 464 3459; x_wconf 80' lang='lat' dir='ltr'><strong>Vel</strong></span> <span class='ocrx_word' id='word_1_426' title='bbox 496 3409 647 3459; x_wconf 82' lang='lat' dir='ltr'><strong>certe</strong></span> <span class='ocrx_word' id='word_1_427' title='bbox 685 3398 875 3457; x_wconf 84' lang='lat' dir='ltr'><strong>beatos</strong></span> <span class='ocrx_word' id='word_1_428' title='bbox 906 3410 1175 3466; x_wconf 84' lang='lat' dir='ltr'><strong>pauperes</strong></span> <span class='ocrx_word' id='word_1_429' title='bbox 1206 3394 1372 3459; x_wconf 86' lang='lat' dir='ltr'><strong>dicit,</strong></span> <span class='ocrx_word' id='word_1_430' title='bbox 1405 3393 1495 3464; x_wconf 90' lang='lat' dir='ltr'><strong>qui</strong></span> <span class='ocrx_word' id='word_1_431' title='bbox 1526 3393 1679 3459; x_wconf 86' lang='lat' dir='ltr'><strong>nulla</strong></span> <span class='ocrx_word' id='word_1_432' title='bbox 1708 3393 1963 3463; x_wconf 79' lang='lat' dir='ltr'><strong>superbia</strong></span> 
     </span>
    </p>
   </div>
   <div class='ocr_carea' id='block_1_52' title="bbox 360 3485 1963 3555">
    <p class='ocr_par' dir='ltr' id='par_1_52' title="bbox 360 3485 1963 3555">
     <span class='ocr_line' id='line_1_52' title="bbox 360 3485 1963 3555; baseline -0.001 -10"><span class='ocrx_word' id='word_1_433' title='bbox 360 3488 574 3547; x_wconf 81' lang='lat' dir='ltr'><strong>diaboli</strong></span> <span class='ocrx_word' id='word_1_434' title='bbox 610 3488 889 3555; x_wconf 73' lang='lat' dir='ltr'><strong>inﬂantur.</strong></span> <span class='ocrx_word' id='word_1_435' title='bbox 930 3486 1077 3551; x_wconf 80' lang='lat' dir='ltr'><strong>nulla</strong></span> <span class='ocrx_word' id='word_1_436' title='bbox 1117 3485 1419 3551; x_wconf 83' lang='lat' dir='ltr'><strong>ambitione</strong></span> <span class='ocrx_word' id='word_1_437' title='bbox 1460 3486 1647 3549; x_wconf 71' lang='lat' dir='ltr'><strong>smculi</strong></span> <span class='ocrx_word' id='word_1_438' title='bbox 1688 3486 1963 3551; x_wconf 61' lang='lat' dir='ltr'><strong>extollun-</strong></span> 
     </span>
    </p>
   </div>
   <div class='ocr_carea' id='block_1_53' title="bbox 362 3578 1965 3651">
    <p class='ocr_par' dir='ltr' id='par_1_53' title="bbox 362 3578 1965 3651">
     <span class='ocr_line' id='line_1_53' title="bbox 362 3578 1965 3651; baseline 0.001 -14"><span class='ocrx_word' id='word_1_439' title='bbox 362 3592 475 3648; x_wconf 89' lang='lat' dir='ltr'><strong>tur,</strong></span> <span class='ocrx_word' id='word_1_440' title='bbox 519 3580 615 3643; x_wconf 87' lang='lat' dir='ltr'><strong>setl</strong></span> <span class='ocrx_word' id='word_1_441' title='bbox 660 3579 1023 3643; x_wconf 63' lang='lat' dir='ltr'><strong>humilitatem</strong></span> <span class='ocrx_word' id='word_1_442' title='bbox 1068 3579 1295 3651; x_wconf 86' lang='lat' dir='ltr'><strong>spiritus</strong></span> <span class='ocrx_word' id='word_1_443' title='bbox 1338 3593 1462 3636; x_wconf 87' lang='lat' dir='ltr'><strong>cum</strong></span> <span class='ocrx_word' id='word_1_444' title='bbox 1507 3578 1633 3639; x_wconf 88' lang='lat' dir='ltr'><strong>fidei</strong></span> <span class='ocrx_word' id='word_1_445' title='bbox 1672 3578 1965 3643; x_wconf 73' lang='lat' dir='ltr'><strong>devotione</strong></span> 
     </span>
    </p>
   </div>
   <div class='ocr_carea' id='block_1_54' title="bbox 359 3670 1962 3739">
    <p class='ocr_par' dir='ltr' id='par_1_54' title="bbox 359 3670 1962 3739">
     <span class='ocr_line' id='line_1_54' title="bbox 359 3670 1962 3739; baseline -0.003 -8"><span class='ocrx_word' id='word_1_446' title='bbox 359 3672 700 3739; x_wconf 80' lang='lat' dir='ltr'><strong>custodiunt.</strong></span> <span class='ocrx_word' id='word_1_447' title='bbox 734 3670 888 3735; x_wconf 82' lang='lat' dir='ltr'><strong>Unde</strong></span> <span class='ocrx_word' id='word_1_448' title='bbox 915 3671 1117 3729; x_wconf 88' lang='lat' dir='ltr'><strong>dicitur</strong></span> <span class='ocrx_word' id='word_1_449' title='bbox 1144 3687 1174 3729; x_wconf 85' lang='lat' dir='ltr'><strong>a</strong></span> <span class='ocrx_word' id='word_1_450' title='bbox 1205 3670 1373 3729; x_wconf 81' lang='lat' dir='ltr'><strong>David</strong></span> <span class='ocrx_word' id='word_1_451' title='bbox 1403 3671 1455 3726; x_wconf 91' lang='lat' dir='ltr'><strong>in</strong></span> <span class='ocrx_word' id='word_1_452' title='bbox 1489 3670 1709 3733; x_wconf 78' lang='lat' dir='ltr'><strong>Psalmo</strong></span> <span class='ocrx_word' id='word_1_453' title='bbox 1736 3690 1750 3729; x_wconf 70' lang='grc' dir='ltr'>ς</span> <span class='ocrx_word' id='word_1_454' title='bbox 1783 3671 1962 3735; x_wconf 84' lang='lat' dir='ltr'><strong>Sacri-</strong></span> 
     </span>
    </p>
   </div>
   <div class='ocr_carea' id='block_1_55' title="bbox 362 3764 1964 3837">
    <p class='ocr_par' dir='ltr' id='par_1_55' title="bbox 362 3764 1964 3837">
     <span class='ocr_line' id='line_1_55' title="bbox 362 3764 1964 3837; baseline -0.002 -15"><span class='ocrx_word' id='word_1_455' title='bbox 362 3769 539 3837; x_wconf 75' lang='lat' dir='ltr'><strong>ﬁcium</strong></span> <span class='ocrx_word' id='word_1_456' title='bbox 584 3764 697 3821; x_wconf 87' lang='lat' dir='ltr'><strong>Deo</strong></span> <span class='ocrx_word' id='word_1_457' title='bbox 740 3766 955 3837; x_wconf 74' lang='lat' dir='ltr'><strong>spiritus</strong></span> <span class='ocrx_word' id='word_1_458' title='bbox 995 3764 1373 3829; x_wconf 77' lang='lat' dir='ltr'><strong>contribulatus</strong></span> <span class='ocrx_word' id='word_1_459' title='bbox 1399 3780 1418 3817; x_wconf 89' lang='lat'><em>:</em></span> <span class='ocrx_word' id='word_1_460' title='bbox 1459 3780 1548 3825; x_wconf 81' lang='lat' dir='ltr'><strong>eor</strong></span> <span class='ocrx_word' id='word_1_461' title='bbox 1589 3764 1868 3818; x_wconf 75' lang='lat' dir='ltr'><strong>contritum</strong></span> <span class='ocrx_word' id='word_1_462' title='bbox 1916 3774 1964 3831; x_wconf 76' lang='lat' dir='ltr'><strong>et</strong></span> 
     </span>
    </p>
   </div>
   <div class='ocr_carea' id='block_1_56' title="bbox 365 3856 1964 3928">
    <p class='ocr_par' dir='ltr' id='par_1_56' title="bbox 365 3856 1964 3928">
     <span class='ocr_line' id='line_1_56' title="bbox 365 3856 1964 3928; baseline 0.003 -15"><span class='ocrx_word' id='word_1_463' title='bbox 365 3861 697 3923; x_wconf 77' lang='lat' dir='ltr'><strong>humiliatum</strong></span> <span class='ocrx_word' id='word_1_464' title='bbox 738 3856 879 3921; x_wconf 76' lang='lat' dir='ltr'><strong>Deus</strong></span> <span class='ocrx_word' id='word_1_465' title='bbox 913 3874 1017 3912; x_wconf 83' lang='lat' dir='ltr'><strong>non</strong></span> <span class='ocrx_word' id='word_1_466' title='bbox 1059 3858 1257 3927; x_wconf 81' lang='lat' dir='ltr'><strong>spernit</strong></span> <span class='ocrx_word' id='word_1_467' title='bbox 1302 3856 1496 3928; x_wconf 82' lang='lat' dir='ltr'><strong>(Psal.</strong></span> <span class='ocrx_word' id='word_1_468' title='bbox 1528 3873 1593 3920; x_wconf 74' lang='grc' dir='ltr'>ι,</span> <span class='ocrx_word' id='word_1_469' title='bbox 1626 3857 1693 3913; x_wconf 85' lang='grc'><strong>19</strong></span> <span class='ocrx_word' id='word_1_470' title='bbox 1718 3858 1755 3927; x_wconf 84' lang='lat'><strong>).</strong></span> <span class='ocrx_word' id='word_1_471' title='bbox 1802 3857 1964 3917; x_wconf 83' lang='lat' dir='ltr'><strong>Tales</strong></span> 
     </span>
    </p>
   </div>
   <div class='ocr_carea' id='block_1_57' title="bbox 363 3947 1744 4024">
    <p class='ocr_par' dir='ltr' id='par_1_57' title="bbox 363 3947 1744 4024">
     <span class='ocr_line' id='line_1_57' title="bbox 363 3947 1744 4024; baseline -0.004 -15"><span class='ocrx_word' id='word_1_472' title='bbox 363 3968 496 4024; x_wconf 72' lang='lat' dir='ltr'><strong>ergo</strong></span> <span class='ocrx_word' id='word_1_473' title='bbox 527 3966 797 4022; x_wconf 77' lang='lat' dir='ltr'><strong>pauperes</strong></span> <span class='ocrx_word' id='word_1_474' title='bbox 826 3950 1020 4021; x_wconf 87' lang='lat' dir='ltr'><strong>spiritu</strong></span> <span class='ocrx_word' id='word_1_475' title='bbox 1052 3950 1194 4005; x_wconf 85' lang='lat' dir='ltr'><strong>beati</strong></span> <span class='ocrx_word' id='word_1_476' title='bbox 1225 3958 1353 4013; x_wconf 83' lang='lat' dir='ltr'><strong>sunt</strong></span> <span class='ocrx_word' id='word_1_477' title='bbox 1379 3947 1521 4018; x_wconf 83' lang='lat' dir='ltr'><strong>apud</strong></span> <span class='ocrx_word' id='word_1_478' title='bbox 1551 3949 1744 4017; x_wconf 85' lang='lat' dir='ltr'><strong>Deum.</strong></span> 
     </span>
    </p>
   </div>
   <div class='ocr_carea' id='block_1_58' title="bbox 437 4042 1963 4115">
    <p class='ocr_par' dir='ltr' id='par_1_58' title="bbox 437 4042 1963 4115">
     <span class='ocr_line' id='line_1_58' title="bbox 437 4042 1963 4115; baseline 0.007 -12"><span class='ocrx_word' id='word_1_479' title='bbox 437 4045 527 4111; x_wconf 84' lang='lat' dir='ltr'><strong>ill.</strong></span> <span class='ocrx_word' id='word_1_480' title='bbox 558 4045 766 4115; x_wconf 87' lang='lat' dir='ltr'><strong>Deinde</strong></span> <span class='ocrx_word' id='word_1_481' title='bbox 786 4047 901 4103; x_wconf 87' lang='lat' dir='ltr'><strong>ait:</strong></span> <span class='ocrx_word' id='word_1_482' title='bbox 933 4042 1085 4105; x_wconf 80' lang='lat' dir='ltr'><strong>Beati</strong></span> <span class='ocrx_word' id='word_1_483' title='bbox 1106 4044 1196 4114; x_wconf 82' lang='lat' dir='ltr'><strong>qui</strong></span> <span class='ocrx_word' id='word_1_484' title='bbox 1227 4044 1435 4114; x_wconf 70' lang='lat' dir='ltr'><strong>lugent.</strong></span> <span class='ocrx_word' id='word_1_485' title='bbox 1467 4042 1713 4111; x_wconf 65' lang='lat' dir='ltr'><strong>quoniam</strong></span> <span class='ocrx_word' id='word_1_486' title='bbox 1735 4042 1835 4113; x_wconf 64' lang='lat' dir='ltr'><strong>ipsi</strong></span> <span class='ocrx_word' id='word_1_487' title='bbox 1855 4042 1963 4115; x_wconf 73' lang='lat'><strong>23</strong></span> 
     </span>
    </p>
   </div>
   <div class='ocr_carea' id='block_1_59' title="bbox 364 4136 1965 4208">
    <p class='ocr_par' dir='ltr' id='par_1_59' title="bbox 364 4136 1965 4208">
     <span class='ocr_line' id='line_1_59' title="bbox 364 4136 1965 4208; baseline -0.006 -5"><span class='ocrx_word' id='word_1_488' title='bbox 364 4140 796 4203; x_wconf 75' lang='lat' dir='ltr'><strong>cattsolabuutur.</strong></span> <span class='ocrx_word' id='word_1_489' title='bbox 835 4137 989 4199; x_wconf 85' lang='lat' dir='ltr'><strong>Sicut</strong></span> <span class='ocrx_word' id='word_1_490' title='bbox 1017 4138 1086 4201; x_wconf 82' lang='lat' dir='ltr'><strong>de</strong></span> <span class='ocrx_word' id='word_1_491' title='bbox 1113 4136 1443 4208; x_wconf 83' lang='lat' dir='ltr'><strong>pauperibus</strong></span> <span class='ocrx_word' id='word_1_492' title='bbox 1473 4137 1733 4208; x_wconf 84' lang='lat' dir='ltr'><strong>superius</strong></span> <span class='ocrx_word' id='word_1_493' title='bbox 1757 4179 1771 4203; x_wconf 89' lang='lat'><strong>,</strong></span> <span class='ocrx_word' id='word_1_494' title='bbox 1807 4139 1876 4201; x_wconf 82' lang='lat' dir='ltr'><strong>ita</strong></span> <span class='ocrx_word' id='word_1_495' title='bbox 1909 4144 1965 4199; x_wconf 86' lang='lat' dir='ltr'><strong>et</strong></span> 
     </span>
    </p>
   </div>
   <div class='ocr_carea' id='block_1_60' title="bbox 366 4229 1956 4304">
    <p class='ocr_par' dir='ltr' id='par_1_60' title="bbox 366 4229 1956 4304">
     <span class='ocr_line' id='line_1_60' title="bbox 366 4229 1956 4304; baseline -0.004 -13"><span class='ocrx_word' id='word_1_496' title='bbox 366 4233 538 4303; x_wconf 74' lang='lat' dir='ltr'><strong>bicde</strong></span> <span class='ocrx_word' id='word_1_497' title='bbox 554 4232 864 4304; x_wconf 67' lang='lat' dir='ltr'><strong>lugentibus</strong></span> <span class='ocrx_word' id='word_1_498' title='bbox 894 4230 1162 4301; x_wconf 81' lang='lat' dir='ltr'><strong>loquitur:</strong></span> <span class='ocrx_word' id='word_1_499' title='bbox 1193 4245 1300 4295; x_wconf 82' lang='lat' dir='ltr'><strong>non</strong></span> <span class='ocrx_word' id='word_1_500' title='bbox 1328 4243 1424 4293; x_wconf 78' lang='lat' dir='ltr'><strong>eos</strong></span> <span class='ocrx_word' id='word_1_501' title='bbox 1440 4230 1631 4295; x_wconf 84' lang='lat' dir='ltr'><strong>beatos</strong></span> <span class='ocrx_word' id='word_1_502' title='bbox 1652 4229 1956 4300; x_wconf 86' lang='lat' dir='ltr'><strong>appellans,</strong></span> 
     </span>
    </p>
   </div>
   <div class='ocr_carea' id='block_1_61' title="bbox 365 4324 1964 4400">
    <p class='ocr_par' dir='ltr' id='par_1_61' title="bbox 365 4324 1964 4400">
     <span class='ocr_line' id='line_1_61' title="bbox 365 4324 1964 4400; baseline -0.004 -12"><span class='ocrx_word' id='word_1_503' title='bbox 365 4331 454 4400; x_wconf 85' lang='lat' dir='ltr'><strong>qui</strong></span> <span class='ocrx_word' id='word_1_504' title='bbox 506 4337 601 4387; x_wconf 85' lang='lat' dir='ltr'><strong>aut</strong></span> <span class='ocrx_word' id='word_1_505' title='bbox 640 4327 855 4391; x_wconf 83' lang='lat' dir='ltr'><strong>dilectae</strong></span> <span class='ocrx_word' id='word_1_506' title='bbox 897 4324 1131 4396; x_wconf 86' lang='lat' dir='ltr'><strong>alicujus</strong></span> <span class='ocrx_word' id='word_1_507' title='bbox 1189 4324 1435 4395; x_wconf 73' lang='lat' dir='ltr'><strong>conjugis</strong></span> <span class='ocrx_word' id='word_1_508' title='bbox 1486 4324 1775 4385; x_wconf 87' lang='lat' dir='ltr'><strong>orbitatem</strong></span> <span class='ocrx_word' id='word_1_509' title='bbox 1806 4364 1821 4390; x_wconf 90' lang='lat'><strong>,</strong></span> <span class='ocrx_word' id='word_1_510' title='bbox 1870 4333 1964 4381; x_wconf 89' lang='lat' dir='ltr'><strong>aut</strong></span> 
     </span>
    </p>
   </div>
   <div class='ocr_carea' id='block_1_62' title="bbox 366 4417 1961 4493">
    <p class='ocr_par' dir='ltr' id='par_1_62' title="bbox 366 4417 1961 4493">
     <span class='ocr_line' id='line_1_62' title="bbox 366 4417 1961 4493; baseline -0.004 -16"><span class='ocrx_word' id='word_1_511' title='bbox 366 4422 719 4493; x_wconf 71' lang='lat' dir='ltr'><strong>amissionem</strong></span> <span class='ocrx_word' id='word_1_512' title='bbox 748 4419 1041 4477; x_wconf 72' lang='lat' dir='ltr'><strong>abacorum</strong></span> <span class='ocrx_word' id='word_1_513' title='bbox 1078 4418 1361 4489; x_wconf 75' lang='lat' dir='ltr'><strong>pignorum</strong></span> <span class='ocrx_word' id='word_1_514' title='bbox 1396 4417 1742 4487; x_wconf 82' lang='lat' dir='ltr'><strong>ﬁliorumque</strong></span> <span class='ocrx_word' id='word_1_515' title='bbox 1777 4418 1961 4488; x_wconf 79' lang='lat' dir='ltr'><strong>gravi-</strong></span> 
     </span>
    </p>
   </div>
   <div class='ocr_carea' id='block_1_63' title="bbox 2060 1803 3666 1895">
    <p class='ocr_par' dir='ltr' id='par_1_63' title="bbox 2060 1803 3666 1895">
     <span class='ocr_line' id='line_1_63' title="bbox 2060 1803 3666 1895; baseline 0.012 -38"><span class='ocrx_word' id='word_1_516' title='bbox 2060 1803 2263 1873; x_wconf 78' lang='lat' dir='ltr'><strong>lugeant</strong></span> <span class='ocrx_word' id='word_1_517' title='bbox 2294 1807 2481 1861; x_wconf 82' lang='lat' dir='ltr'><strong>multos</strong></span> <span class='ocrx_word' id='word_1_518' title='bbox 2512 1825 2576 1863; x_wconf 74' lang='lat' dir='ltr'><strong>ea:</strong></span> <span class='ocrx_word' id='word_1_519' title='bbox 2602 1811 2682 1869; x_wconf 83' lang='lat' dir='ltr'><strong>his</strong></span> <span class='ocrx_word' id='word_1_520' title='bbox 2709 1814 2797 1882; x_wconf 83' lang='lat' dir='ltr'><strong>qui</strong></span> <span class='ocrx_word' id='word_1_521' title='bbox 2822 1824 2942 1868; x_wconf 80' lang='lat' dir='ltr'><strong>ante</strong></span> <span class='ocrx_word' id='word_1_522' title='bbox 2961 1827 3317 1887; x_wconf 71' lang='lat' dir='ltr'><strong>peccaverunt,</strong></span> <span class='ocrx_word' id='word_1_523' title='bbox 3344 1830 3391 1874; x_wconf 88' lang='lat' dir='ltr'><strong>et</strong></span> <span class='ocrx_word' id='word_1_524' title='bbox 3418 1839 3518 1876; x_wconf 87' lang='lat' dir='ltr'><strong>non</strong></span> <span class='ocrx_word' id='word_1_525' title='bbox 3545 1840 3666 1895; x_wconf 84' lang='lat' dir='ltr'><strong>ege-</strong></span> 
     </span>
    </p>
   </div>
   <div class='ocr_carea' id='block_1_64' title="bbox 2060 1902 3668 1984">
    <p class='ocr_par' dir='ltr' id='par_1_64' title="bbox 2060 1902 3668 1984">
     <span class='ocr_line' id='line_1_64' title="bbox 2060 1902 3668 1984; baseline 0.01 -31"><span class='ocrx_word' id='word_1_526' title='bbox 2060 1908 2183 1955; x_wconf 86' lang='lat' dir='ltr'><strong>runt</strong></span> <span class='ocrx_word' id='word_1_527' title='bbox 2211 1902 2565 1971; x_wconf 72' lang='lat' dir='ltr'><strong>paenitentiam</strong></span> <span class='ocrx_word' id='word_1_528' title='bbox 2594 1905 2647 1957; x_wconf 85' lang='lat' dir='ltr'><strong>in</strong></span> <span class='ocrx_word' id='word_1_529' title='bbox 2689 1906 3023 1963; x_wconf 81' lang='lat' dir='ltr'><strong>immunditia</strong></span> <span class='ocrx_word' id='word_1_530' title='bbox 3061 1928 3215 1981; x_wconf 81' lang='lat' dir='ltr'><strong>quam</strong></span> <span class='ocrx_word' id='word_1_531' title='bbox 3266 1926 3572 1984; x_wconf 82' lang='lat' dir='ltr'><strong>gesserunt,</strong></span> <span class='ocrx_word' id='word_1_532' title='bbox 3619 1928 3668 1971; x_wconf 84' lang='lat' dir='ltr'><strong>et</strong></span> 
     </span>
    </p>
   </div>
   <div class='ocr_carea' id='block_1_65' title="bbox 2061 1992 3664 2078">
    <p class='ocr_par' dir='ltr' id='par_1_65' title="bbox 2061 1992 3664 2078">
     <span class='ocr_line' id='line_1_65' title="bbox 2061 1992 3664 2078; baseline 0.01 -29"><span class='ocrx_word' id='word_1_533' title='bbox 2061 1992 2408 2063; x_wconf 73' lang='lat' dir='ltr'><strong>fornicatione</strong></span> <span class='ocrx_word' id='word_1_534' title='bbox 2433 1996 2499 2067; x_wconf 89' lang='lat' dir='ltr'><strong>(ll</strong></span> <span class='ocrx_word' id='word_1_535' title='bbox 2521 1996 2642 2051; x_wconf 83' lang='lat' dir='ltr'><strong>Cor.</strong></span> <span class='ocrx_word' id='word_1_536' title='bbox 2666 2014 2757 2062; x_wconf 77' lang='lat' dir='ltr'><strong>xu,</strong></span> <span class='ocrx_word' id='word_1_537' title='bbox 2794 2000 2909 2071; x_wconf 72' lang='grc'><strong>21).</strong></span> <span class='ocrx_word' id='word_1_538' title='bbox 2947 2001 3270 2073; x_wconf 85' lang='lat' dir='ltr'><strong>Hnjusmodi</strong></span> <span class='ocrx_word' id='word_1_539' title='bbox 3299 2022 3432 2078; x_wconf 80' lang='lat' dir='ltr'><strong>ergo</strong></span> <span class='ocrx_word' id='word_1_540' title='bbox 3458 2010 3664 2064; x_wconf 87' lang='lat' dir='ltr'><strong>luctum</strong></span> 
     </span>
    </p>
   </div>
   <div class='ocr_carea' id='block_1_66' title="bbox 2065 2084 3665 2169">
    <p class='ocr_par' dir='ltr' id='par_1_66' title="bbox 2065 2084 3665 2169">
     <span class='ocr_line' id='line_1_66' title="bbox 2065 2084 3665 2169; baseline 0.013 -30"><span class='ocrx_word' id='word_1_541' title='bbox 2065 2084 2326 2147; x_wconf 84' lang='lat' dir='ltr'><strong>Dominus</strong></span> <span class='ocrx_word' id='word_1_542' title='bbox 2357 2090 2607 2158; x_wconf 86' lang='lat' dir='ltr'><strong>perpetui</strong></span> <span class='ocrx_word' id='word_1_543' title='bbox 2650 2091 2834 2162; x_wconf 75' lang='lat' dir='ltr'><strong>gaudii</strong></span> <span class='ocrx_word' id='word_1_544' title='bbox 2876 2098 3256 2154; x_wconf 72' lang='lat' dir='ltr'><strong>consolatione</strong></span> <span class='ocrx_word' id='word_1_545' title='bbox 3292 2114 3613 2169; x_wconf 87' lang='lat' dir='ltr'><strong>compensat</strong></span> <span class='ocrx_word' id='word_1_546' title='bbox 3651 2147 3665 2164; x_wconf 85' lang='lat'><strong>.</strong></span> 
     </span>
    </p>
   </div>
   <div class='ocr_carea' id='block_1_67' title="bbox 2063 2180 3717 2266">
    <p class='ocr_par' dir='ltr' id='par_1_67' title="bbox 2063 2180 3717 2266">
     <span class='ocr_line' id='line_1_67' title="bbox 2063 2180 3717 2266; baseline 0.01 -33"><span class='ocrx_word' id='word_1_547' title='bbox 2063 2180 2362 2241; x_wconf 85' lang='lat' dir='ltr'><strong>secundum</strong></span> <span class='ocrx_word' id='word_1_548' title='bbox 2406 2183 2549 2250; x_wconf 87' lang='lat' dir='ltr'><strong>quod</strong></span> <span class='ocrx_word' id='word_1_549' title='bbox 2579 2182 2748 2238; x_wconf 80' lang='lat' dir='ltr'><strong>Isaias</strong></span> <span class='ocrx_word' id='word_1_550' title='bbox 2777 2187 2963 2241; x_wconf 85' lang='lat' dir='ltr'><strong>retulit</strong></span> <span class='ocrx_word' id='word_1_551' title='bbox 2992 2230 3005 2254; x_wconf 95' lang='lat'><strong>,</strong></span> <span class='ocrx_word' id='word_1_552' title='bbox 3037 2189 3261 2245; x_wconf 88' lang='lat' dir='ltr'><strong>dicens:</strong></span> <span class='ocrx_word' id='word_1_553' title='bbox 3309 2192 3439 2247; x_wconf 85' lang='lat' dir='ltr'><strong>Date</strong></span> <span class='ocrx_word' id='word_1_554' title='bbox 3469 2195 3550 2249; x_wconf 81' lang='lat' dir='ltr'><strong>his</strong></span> <span class='ocrx_word' id='word_1_555' title='bbox 3582 2198 3671 2266; x_wconf 87' lang='lat' dir='ltr'><strong>qui</strong></span> <span class='ocrx_word' id='word_1_556' title='bbox 3713 2244 3717 2248; x_wconf 95' lang='lat'><strong>.</strong></span> 
     </span>
    </p>
   </div>
   <div class='ocr_carea' id='block_1_68' title="bbox 2064 2271 3669 2349">
    <p class='ocr_par' dir='ltr' id='par_1_68' title="bbox 2064 2271 3669 2349">
     <span class='ocr_line' id='line_1_68' title="bbox 2064 2271 3669 2349; baseline 0.009 -24"><span class='ocrx_word' id='word_1_557' title='bbox 2064 2271 2237 2340; x_wconf 80' lang='lat' dir='ltr'><strong>lugent</strong></span> <span class='ocrx_word' id='word_1_558' title='bbox 2283 2272 2414 2329; x_wconf 83' lang='lat' dir='ltr'><strong>Sion</strong></span> <span class='ocrx_word' id='word_1_559' title='bbox 2447 2315 2461 2340; x_wconf 92' lang='lat'><strong>,</strong></span> <span class='ocrx_word' id='word_1_560' title='bbox 2511 2276 2734 2346; x_wconf 81' lang='lat' dir='ltr'><strong>gloriam</strong></span> <span class='ocrx_word' id='word_1_561' title='bbox 2763 2295 2856 2349; x_wconf 83' lang='lat' dir='ltr'><strong>pro</strong></span> <span class='ocrx_word' id='word_1_562' title='bbox 2880 2281 3051 2334; x_wconf 87' lang='lat' dir='ltr'><strong>cinere</strong></span> <span class='ocrx_word' id='word_1_563' title='bbox 3083 2298 3101 2334; x_wconf 87' lang='lat'><em>:</em></span> <span class='ocrx_word' id='word_1_564' title='bbox 3132 2286 3423 2339; x_wconf 80' lang='lat' dir='ltr'><strong>nnctionrm</strong></span> <span class='ocrx_word' id='word_1_565' title='bbox 3475 2288 3669 2344; x_wconf 61' lang='lat' dir='ltr'><strong>laetitia:</strong></span> 
     </span>
    </p>
   </div>
   <div class='ocr_carea' id='block_1_69' title="bbox 2065 2363 3670 2448">
    <p class='ocr_par' dir='ltr' id='par_1_69' title="bbox 2065 2363 3670 2448">
     <span class='ocr_line' id='line_1_69' title="bbox 2065 2363 3670 2448; baseline 0.012 -33"><span class='ocrx_word' id='word_1_566' title='bbox 2065 2363 2350 2433; x_wconf 76' lang='lat' dir='ltr'><strong>lugentibus</strong></span> <span class='ocrx_word' id='word_1_567' title='bbox 2368 2382 2386 2419; x_wconf 81' lang='lat'><strong>.&#39;</strong></span> <span class='ocrx_word' id='word_1_568' title='bbox 2414 2381 2509 2437; x_wconf 89' lang='lat' dir='ltr'><strong>pro</strong></span> <span class='ocrx_word' id='word_1_569' title='bbox 2532 2368 2720 2438; x_wconf 78' lang='lat' dir='ltr'><strong>spiritu</strong></span> <span class='ocrx_word' id='word_1_570' title='bbox 2753 2372 3008 2426; x_wconf 68' lang='lat' dir='ltr'><strong>maestitiae</strong></span> <span class='ocrx_word' id='word_1_571' title='bbox 3029 2376 3272 2429; x_wconf 80' lang='lat' dir='ltr'><strong>amictum</strong></span> <span class='ocrx_word' id='word_1_572' title='bbox 3296 2379 3480 2448; x_wconf 74' lang='lat' dir='ltr'><strong>gloria:</strong></span> <span class='ocrx_word' id='word_1_573' title='bbox 3514 2381 3529 2448; x_wconf 85' lang='lat'>(</span> <span class='ocrx_word' id='word_1_574' title='bbox 3538 2380 3670 2434; x_wconf 76' lang='grc' dir='ltr'><strong>1δαὶ.</strong></span> 
     </span>
    </p>
   </div>
   <div class='ocr_carea' id='block_1_70' title="bbox 2065 2458 3671 2545">
    <p class='ocr_par' dir='ltr' id='par_1_70' title="bbox 2065 2458 3671 2545">
     <span class='ocr_line' id='line_1_70' title="bbox 2065 2458 3671 2545; baseline 0.009 -30"><span class='ocrx_word' id='word_1_575' title='bbox 2065 2471 2175 2521; x_wconf 79' lang='lat' dir='ltr'><strong>ut,</strong></span> <span class='ocrx_word' id='word_1_576' title='bbox 2207 2458 2284 2528; x_wconf 76' lang='lat'><strong>‘5).</strong></span> <span class='ocrx_word' id='word_1_577' title='bbox 2314 2459 2481 2515; x_wconf 80' lang='lat' dir='ltr'><strong>David</strong></span> <span class='ocrx_word' id='word_1_578' title='bbox 2510 2461 2620 2516; x_wconf 84' lang='lat' dir='ltr'><strong>ait:</strong></span> <span class='ocrx_word' id='word_1_579' title='bbox 2656 2461 2964 2518; x_wconf 78' lang='lat' dir='ltr'><strong>Conrertisti</strong></span> <span class='ocrx_word' id='word_1_580' title='bbox 2986 2470 3249 2538; x_wconf 88' lang='lat' dir='ltr'><strong>planctum</strong></span> <span class='ocrx_word' id='word_1_581' title='bbox 3274 2489 3441 2526; x_wconf 84' lang='lat' dir='ltr'><strong>meum</strong></span> <span class='ocrx_word' id='word_1_582' title='bbox 3466 2476 3516 2527; x_wconf 93' lang='lat' dir='ltr'><strong>in</strong></span> <span class='ocrx_word' id='word_1_583' title='bbox 3540 2492 3671 2545; x_wconf 84' lang='lat' dir='ltr'><strong>gau-</strong></span> 
     </span>
    </p>
   </div>
   <div class='ocr_carea' id='block_1_71' title="bbox 2065 2548 3670 2635">
    <p class='ocr_par' dir='ltr' id='par_1_71' title="bbox 2065 2548 3670 2635">
     <span class='ocr_line' id='line_1_71' title="bbox 2065 2548 3670 2635; baseline 0.014 -33"><span class='ocrx_word' id='word_1_584' title='bbox 2065 2548 2211 2605; x_wconf 87' lang='lat' dir='ltr'><strong>dium</strong></span> <span class='ocrx_word' id='word_1_585' title='bbox 2232 2552 2380 2616; x_wconf 79' lang='lat' dir='ltr'><strong>mihi,</strong></span> <span class='ocrx_word' id='word_1_586' title='bbox 2414 2552 2685 2625; x_wconf 74' lang='lat' dir='ltr'><strong>disrupisti</strong></span> <span class='ocrx_word' id='word_1_587' title='bbox 2715 2573 2921 2611; x_wconf 84' lang='lat' dir='ltr'><strong>saccum</strong></span> <span class='ocrx_word' id='word_1_588' title='bbox 2954 2576 3142 2629; x_wconf 86' lang='lat' dir='ltr'><strong>meum,</strong></span> <span class='ocrx_word' id='word_1_589' title='bbox 3174 2574 3221 2617; x_wconf 85' lang='lat' dir='ltr'><strong>et</strong></span> <span class='ocrx_word' id='word_1_590' title='bbox 3244 2568 3562 2635; x_wconf 67' lang='lat' dir='ltr'><strong>prwcinaisti</strong></span> <span class='ocrx_word' id='word_1_591' title='bbox 3591 2589 3670 2624; x_wconf 79' lang='lat' dir='ltr'><strong>me</strong></span> 
     </span>
    </p>
   </div>
   <div class='ocr_carea' id='block_1_72' title="bbox 2067 2641 2782 2719">
    <p class='ocr_par' dir='ltr' id='par_1_72' title="bbox 2067 2641 2782 2719">
     <span class='ocr_line' id='line_1_72' title="bbox 2067 2641 2782 2719; baseline 0.01 -24"><span class='ocrx_word' id='word_1_592' title='bbox 2067 2641 2249 2697; x_wconf 74' lang='lat' dir='ltr'><strong>lwtitia</strong></span> <span class='ocrx_word' id='word_1_593' title='bbox 2276 2642 2451 2714; x_wconf 86' lang='lat' dir='ltr'><strong>(Psal.</strong></span> <span class='ocrx_word' id='word_1_594' title='bbox 2484 2662 2632 2713; x_wconf 76' lang='lat' dir='ltr'><strong>unt,</strong></span> <span class='ocrx_word' id='word_1_595' title='bbox 2666 2648 2782 2719; x_wconf 74' lang='grc'><strong>12).</strong></span> 
     </span>
    </p>
   </div>
   <div class='ocr_carea' id='block_1_73' title="bbox 2142 2735 3673 2823">
    <p class='ocr_par' dir='ltr' id='par_1_73' title="bbox 2142 2735 3673 2823">
     <span class='ocr_line' id='line_1_73' title="bbox 2142 2735 3673 2823; baseline 0.013 -34"><span class='ocrx_word' id='word_1_596' title='bbox 2142 2735 2229 2791; x_wconf 82' lang='lat' dir='ltr'><strong>IV.</strong></span> <span class='ocrx_word' id='word_1_597' title='bbox 2261 2736 2465 2792; x_wconf 86' lang='lat' dir='ltr'><strong>Deinde</strong></span> <span class='ocrx_word' id='word_1_598' title='bbox 2496 2738 2606 2792; x_wconf 86' lang='lat' dir='ltr'><strong>ait:</strong></span> <span class='ocrx_word' id='word_1_599' title='bbox 2640 2737 2791 2794; x_wconf 84' lang='lat' dir='ltr'><strong>Beati</strong></span> <span class='ocrx_word' id='word_1_600' title='bbox 2818 2743 2965 2797; x_wconf 86' lang='lat' dir='ltr'><strong>mites</strong></span> <span class='ocrx_word' id='word_1_601' title='bbox 2988 2786 3000 2807; x_wconf 85' lang='lat'><strong>,</strong></span> <span class='ocrx_word' id='word_1_602' title='bbox 3035 2749 3279 2814; x_wconf 87' lang='lat' dir='ltr'><strong>quoniam</strong></span> <span class='ocrx_word' id='word_1_603' title='bbox 3325 2752 3425 2823; x_wconf 81' lang='lat' dir='ltr'><strong>ipsi</strong></span> <span class='ocrx_word' id='word_1_604' title='bbox 3450 2754 3673 2809; x_wconf 75' lang='lat' dir='ltr'><strong>Inrrctli-</strong></span> 
     </span>
    </p>
   </div>
   <div class='ocr_carea' id='block_1_74' title="bbox 2067 2831 3669 2915">
    <p class='ocr_par' dir='ltr' id='par_1_74' title="bbox 2067 2831 3669 2915">
     <span class='ocr_line' id='line_1_74' title="bbox 2067 2831 3669 2915; baseline 0.006 -31"><span class='ocrx_word' id='word_1_605' title='bbox 2067 2838 2171 2885; x_wconf 89' lang='lat' dir='ltr'><strong>tate</strong></span> <span class='ocrx_word' id='word_1_606' title='bbox 2194 2831 2526 2901; x_wconf 74' lang='lat' dir='ltr'><strong>possidebunt</strong></span> <span class='ocrx_word' id='word_1_607' title='bbox 2556 2844 2762 2888; x_wconf 85' lang='lat' dir='ltr'><strong>terram.</strong></span> <span class='ocrx_word' id='word_1_608' title='bbox 2796 2835 3036 2893; x_wconf 79' lang='lat' dir='ltr'><strong>Diversae</strong></span> <span class='ocrx_word' id='word_1_609' title='bbox 3064 2850 3192 2895; x_wconf 86' lang='lat' dir='ltr'><strong>sunt</strong></span> <span class='ocrx_word' id='word_1_610' title='bbox 3210 2847 3399 2913; x_wconf 68' lang='lat' dir='ltr'><strong>gratia:</strong></span> <span class='ocrx_word' id='word_1_611' title='bbox 3431 2850 3669 2915; x_wconf 72' lang='lat' dir='ltr'><strong>premis,</strong></span> 
     </span>
    </p>
   </div>
   <div class='ocr_carea' id='block_1_75' title="bbox 2067 2925 3664 3004">
    <p class='ocr_par' dir='ltr' id='par_1_75' title="bbox 2067 2925 3664 3004">
     <span class='ocr_line' id='line_1_75' title="bbox 2067 2925 3664 3004; baseline 0.013 -26"><span class='ocrx_word' id='word_1_612' title='bbox 2067 2926 2282 2985; x_wconf 87' lang='lat' dir='ltr'><strong>sionum</strong></span> <span class='ocrx_word' id='word_1_613' title='bbox 2307 2925 2616 2981; x_wconf 81' lang='lat' dir='ltr'><strong>divinarum</strong></span> <span class='ocrx_word' id='word_1_614' title='bbox 2642 2970 2658 2995; x_wconf 89' lang='lat'><strong>,</strong></span> <span class='ocrx_word' id='word_1_615' title='bbox 2692 2930 2817 2998; x_wconf 86' lang='lat' dir='ltr'><strong>quia</strong></span> <span class='ocrx_word' id='word_1_616' title='bbox 2850 2930 3054 2987; x_wconf 83' lang='lat' dir='ltr'><strong>diversi</strong></span> <span class='ocrx_word' id='word_1_617' title='bbox 3083 2937 3286 3004; x_wconf 86' lang='lat' dir='ltr'><strong>gradus</strong></span> <span class='ocrx_word' id='word_1_618' title='bbox 3319 2940 3664 2998; x_wconf 89' lang='lat' dir='ltr'><strong>meritorum.</strong></span> 
     </span>
    </p>
   </div>
   <div class='ocr_carea' id='block_1_76' title="bbox 2070 3016 3671 3099">
    <p class='ocr_par' dir='ltr' id='par_1_76' title="bbox 2070 3016 3671 3099">
     <span class='ocr_line' id='line_1_76' title="bbox 2070 3016 3671 3099; baseline 0.01 -26"><span class='ocrx_word' id='word_1_619' title='bbox 2070 3016 2163 3073; x_wconf 79' lang='lat' dir='ltr'><strong>Ait</strong></span> <span class='ocrx_word' id='word_1_620' title='bbox 2190 3032 2352 3087; x_wconf 74' lang='lat' dir='ltr'><strong>ergo:</strong></span> <span class='ocrx_word' id='word_1_621' title='bbox 2383 3017 2529 3075; x_wconf 85' lang='lat' dir='ltr'><strong>Beati</strong></span> <span class='ocrx_word' id='word_1_622' title='bbox 2553 3020 2701 3074; x_wconf 79' lang='lat' dir='ltr'><strong>utiles</strong></span> <span class='ocrx_word' id='word_1_623' title='bbox 2729 3063 2742 3085; x_wconf 89' lang='lat'><strong>,</strong></span> <span class='ocrx_word' id='word_1_624' title='bbox 2773 3024 3020 3092; x_wconf 84' lang='lat' dir='ltr'><strong>quoniam</strong></span> <span class='ocrx_word' id='word_1_625' title='bbox 3058 3026 3157 3096; x_wconf 86' lang='lat' dir='ltr'><strong>ipsi</strong></span> <span class='ocrx_word' id='word_1_626' title='bbox 3196 3030 3533 3099; x_wconf 66' lang='lat' dir='ltr'><strong>possidebunt</strong></span> <span class='ocrx_word' id='word_1_627' title='bbox 3567 3047 3671 3089; x_wconf 74' lang='lat' dir='ltr'><strong>tor-</strong></span> 
     </span>
    </p>
   </div>
   <div class='ocr_carea' id='block_1_77' title="bbox 2067 3109 3668 3183">
    <p class='ocr_par' dir='ltr' id='par_1_77' title="bbox 2067 3109 3668 3183">
     <span class='ocr_line' id='line_1_77' title="bbox 2067 3109 3668 3183; baseline 0.012 -20"><span class='ocrx_word' id='word_1_628' title='bbox 2067 3126 2200 3165; x_wconf 85' lang='lat' dir='ltr'><strong>rant.</strong></span> <span class='ocrx_word' id='word_1_629' title='bbox 2242 3109 2398 3166; x_wconf 82' lang='lat' dir='ltr'><strong>Mites</strong></span> <span class='ocrx_word' id='word_1_630' title='bbox 2432 3118 2562 3165; x_wconf 86' lang='lat' dir='ltr'><strong>sunt</strong></span> <span class='ocrx_word' id='word_1_631' title='bbox 2602 3112 2852 3168; x_wconf 82' lang='lat' dir='ltr'><strong>homines</strong></span> <span class='ocrx_word' id='word_1_632' title='bbox 2882 3118 3180 3183; x_wconf 82' lang='lat' dir='ltr'><strong>mansueti,</strong></span> <span class='ocrx_word' id='word_1_633' title='bbox 3212 3121 3443 3179; x_wconf 89' lang='lat' dir='ltr'><strong>humiles</strong></span> <span class='ocrx_word' id='word_1_634' title='bbox 3466 3135 3517 3180; x_wconf 90' lang='lat' dir='ltr'><strong>et</strong></span> <span class='ocrx_word' id='word_1_635' title='bbox 3552 3143 3668 3181; x_wconf 89' lang='lat' dir='ltr'><strong>mo-</strong></span> 
     </span>
    </p>
   </div>
   <div class='ocr_carea' id='block_1_78' title="bbox 2066 3203 3669 3291">
    <p class='ocr_par' dir='ltr' id='par_1_78' title="bbox 2066 3203 3669 3291">
     <span class='ocr_line' id='line_1_78' title="bbox 2066 3203 3669 3291; baseline 0.011 -32"><span class='ocrx_word' id='word_1_636' title='bbox 2066 3203 2205 3260; x_wconf 84' lang='lat' dir='ltr'><strong>desti</strong></span> <span class='ocrx_word' id='word_1_637' title='bbox 2233 3244 2248 3268; x_wconf 91' lang='lat'><strong>,</strong></span> <span class='ocrx_word' id='word_1_638' title='bbox 2283 3205 2334 3259; x_wconf 93' lang='lat' dir='ltr'><strong>in</strong></span> <span class='ocrx_word' id='word_1_639' title='bbox 2368 3205 2473 3263; x_wconf 85' lang='lat' dir='ltr'><strong>ﬁde</strong></span> <span class='ocrx_word' id='word_1_640' title='bbox 2497 3206 2776 3276; x_wconf 85' lang='lat' dir='ltr'><strong>simplices</strong></span> <span class='ocrx_word' id='word_1_641' title='bbox 2808 3250 2823 3275; x_wconf 89' lang='lat'><strong>,</strong></span> <span class='ocrx_word' id='word_1_642' title='bbox 2857 3221 2910 3264; x_wconf 88' lang='lat' dir='ltr'><strong>et</strong></span> <span class='ocrx_word' id='word_1_643' title='bbox 2939 3210 3006 3265; x_wconf 83' lang='lat' dir='ltr'><strong>ad</strong></span> <span class='ocrx_word' id='word_1_644' title='bbox 3039 3226 3257 3268; x_wconf 84' lang='lat' dir='ltr'><strong>omnem</strong></span> <span class='ocrx_word' id='word_1_645' title='bbox 3288 3216 3539 3286; x_wconf 81' lang='lat' dir='ltr'><strong>injuriam</strong></span> <span class='ocrx_word' id='word_1_646' title='bbox 3575 3238 3669 3291; x_wconf 82' lang='lat' dir='ltr'><strong>pa—</strong></span> 
     </span>
    </p>
   </div>
   <div class='ocr_carea' id='block_1_79' title="bbox 2070 3298 3667 3374">
    <p class='ocr_par' dir='ltr' id='par_1_79' title="bbox 2070 3298 3667 3374">
     <span class='ocr_line' id='line_1_79' title="bbox 2070 3298 3667 3374; baseline 0.01 -21"><span class='ocrx_word' id='word_1_647' title='bbox 2070 3298 2290 3361; x_wconf 86' lang='lat' dir='ltr'><strong>tientes.</strong></span> <span class='ocrx_word' id='word_1_648' title='bbox 2316 3300 2406 3370; x_wconf 87' lang='lat' dir='ltr'><strong>qui</strong></span> <span class='ocrx_word' id='word_1_649' title='bbox 2434 3302 2725 3370; x_wconf 60' lang='lat' dir='ltr'><strong>praceptis</strong></span> <span class='ocrx_word' id='word_1_650' title='bbox 2749 3305 3084 3374; x_wconf 83' lang='lat' dir='ltr'><strong>evangelicis</strong></span> <span class='ocrx_word' id='word_1_651' title='bbox 3104 3307 3667 3371; x_wconf 79' lang='lat' dir='ltr'><strong>instituti,Dominic:n</strong></span> 
     </span>
    </p>
   </div>
   <div class='ocr_carea' id='block_1_80' title="bbox 2069 3390 3674 3467">
    <p class='ocr_par' dir='ltr' id='par_1_80' title="bbox 2069 3390 3674 3467">
     <span class='ocr_line' id='line_1_80' title="bbox 2069 3390 3674 3467; baseline 0.011 -25"><span class='ocrx_word' id='word_1_652' title='bbox 2069 3390 2507 3447; x_wconf 86' lang='lat' dir='ltr'><strong>mansuetudinis</strong></span> <span class='ocrx_word' id='word_1_653' title='bbox 2529 3390 2810 3447; x_wconf 84' lang='lat' dir='ltr'><strong>imitantur</strong></span> <span class='ocrx_word' id='word_1_654' title='bbox 2831 3396 3170 3465; x_wconf 77' lang='lat' dir='ltr'><strong>exetuplum,</strong></span> <span class='ocrx_word' id='word_1_655' title='bbox 3200 3399 3293 3467; x_wconf 89' lang='lat' dir='ltr'><strong>qui</strong></span> <span class='ocrx_word' id='word_1_656' title='bbox 3317 3401 3393 3455; x_wconf 82' lang='lat' dir='ltr'><strong>ait</strong></span> <span class='ocrx_word' id='word_1_657' title='bbox 3422 3403 3472 3455; x_wconf 88' lang='lat' dir='ltr'><strong>in</strong></span> <span class='ocrx_word' id='word_1_658' title='bbox 3496 3403 3674 3458; x_wconf 76' lang='lat' dir='ltr'><strong>Evan-</strong></span> 
     </span>
    </p>
   </div>
   <div class='ocr_carea' id='block_1_81' title="bbox 2066 3480 3663 3553">
    <p class='ocr_par' dir='ltr' id='par_1_81' title="bbox 2066 3480 3663 3553">
     <span class='ocr_line' id='line_1_81' title="bbox 2066 3480 3663 3553; baseline 0.008 -16"><span class='ocrx_word' id='word_1_659' title='bbox 2066 3483 2246 3552; x_wconf 81' lang='lat' dir='ltr'><strong>gelio:</strong></span> <span class='ocrx_word' id='word_1_660' title='bbox 2281 3480 2478 3539; x_wconf 77' lang='lat' dir='ltr'><strong>Discite</strong></span> <span class='ocrx_word' id='word_1_661' title='bbox 2506 3501 2538 3537; x_wconf 90' lang='lat' dir='ltr'><strong>a</strong></span> <span class='ocrx_word' id='word_1_662' title='bbox 2562 3500 2642 3539; x_wconf 89' lang='lat' dir='ltr'><strong>me</strong></span> <span class='ocrx_word' id='word_1_663' title='bbox 2669 3524 2685 3551; x_wconf 89' lang='lat'><strong>,</strong></span> <span class='ocrx_word' id='word_1_664' title='bbox 2718 3487 2842 3553; x_wconf 86' lang='lat' dir='ltr'><strong>quia</strong></span> <span class='ocrx_word' id='word_1_665' title='bbox 2866 3487 3006 3540; x_wconf 83' lang='lat' dir='ltr'><strong>mitis</strong></span> <span class='ocrx_word' id='word_1_666' title='bbox 3031 3505 3144 3542; x_wconf 84' lang='lat' dir='ltr'><strong>sum</strong></span> <span class='ocrx_word' id='word_1_667' title='bbox 3171 3500 3222 3543; x_wconf 81' lang='lat' dir='ltr'><strong>et</strong></span> <span class='ocrx_word' id='word_1_668' title='bbox 3261 3492 3473 3547; x_wconf 80' lang='lat' dir='ltr'><strong>humilis</strong></span> <span class='ocrx_word' id='word_1_669' title='bbox 3505 3498 3663 3551; x_wconf 60' lang='grc' dir='ltr'><strong>(οι-((0</strong></span> 
     </span>
    </p>
   </div>
   <div class='ocr_carea' id='block_1_82' title="bbox 2066 3575 3666 3649">
    <p class='ocr_par' dir='ltr' id='par_1_82' title="bbox 2066 3575 3666 3649">
     <span class='ocr_line' id='line_1_82' title="bbox 2066 3575 3666 3649; baseline 0.007 -16"><span class='ocrx_word' id='word_1_670' title='bbox 2066 3575 2285 3649; x_wconf 72' lang='lat' dir='ltr'><strong>(Matth.</strong></span> <span class='ocrx_word' id='word_1_671' title='bbox 2310 3590 2396 3641; x_wconf 77' lang='grc' dir='ltr'>ιι,</span> <span class='ocrx_word' id='word_1_672' title='bbox 2432 3576 2541 3647; x_wconf 86' lang='grc'><strong>19).</strong></span> <span class='ocrx_word' id='word_1_673' title='bbox 2578 3577 2821 3647; x_wconf 83' lang='lat' dir='ltr'><strong>Denique</strong></span> <span class='ocrx_word' id='word_1_674' title='bbox 2847 3580 3195 3649; x_wconf 76' lang='lat' dir='ltr'><strong>Moysesjam</strong></span> <span class='ocrx_word' id='word_1_675' title='bbox 3224 3583 3429 3638; x_wconf 83' lang='lat' dir='ltr'><strong>dudum</strong></span> <span class='ocrx_word' id='word_1_676' title='bbox 3460 3586 3666 3644; x_wconf 88' lang='lat' dir='ltr'><strong>idcirco</strong></span> 
     </span>
    </p>
   </div>
   <div class='ocr_carea' id='block_1_83' title="bbox 2067 3668 3667 3745">
    <p class='ocr_par' dir='ltr' id='par_1_83' title="bbox 2067 3668 3667 3745">
     <span class='ocr_line' id='line_1_83' title="bbox 2067 3668 3667 3745; baseline 0.008 -22"><span class='ocrx_word' id='word_1_677' title='bbox 2067 3668 2361 3727; x_wconf 75' lang='lat' dir='ltr'><strong>maximam</strong></span> <span class='ocrx_word' id='word_1_678' title='bbox 2400 3669 2629 3738; x_wconf 77' lang='lat' dir='ltr'><strong>gratiam</strong></span> <span class='ocrx_word' id='word_1_679' title='bbox 2659 3670 2801 3739; x_wconf 86' lang='lat' dir='ltr'><strong>apud</strong></span> <span class='ocrx_word' id='word_1_680' title='bbox 2831 3671 3017 3741; x_wconf 84' lang='lat' dir='ltr'><strong>Deum</strong></span> <span class='ocrx_word' id='word_1_681' title='bbox 3062 3673 3244 3728; x_wconf 85' lang='lat' dir='ltr'><strong>habuit</strong></span> <span class='ocrx_word' id='word_1_682' title='bbox 3278 3719 3291 3740; x_wconf 90' lang='lat'><strong>,</strong></span> <span class='ocrx_word' id='word_1_683' title='bbox 3344 3678 3465 3745; x_wconf 84' lang='lat' dir='ltr'><strong>quia</strong></span> <span class='ocrx_word' id='word_1_684' title='bbox 3520 3682 3667 3738; x_wconf 89' lang='lat' dir='ltr'><strong>mitis</strong></span> 
     </span>
    </p>
   </div>
   <div class='ocr_carea' id='block_1_84' title="bbox 2066 3759 3664 3843">
    <p class='ocr_par' dir='ltr' id='par_1_84' title="bbox 2066 3759 3664 3843">
     <span class='ocr_line' id='line_1_84' title="bbox 2066 3759 3664 3843; baseline 0.008 -30"><span class='ocrx_word' id='word_1_685' title='bbox 2066 3771 2206 3821; x_wconf 86' lang='lat' dir='ltr'><strong>erat.</strong></span> <span class='ocrx_word' id='word_1_686' title='bbox 2244 3760 2355 3821; x_wconf 85' lang='lat' dir='ltr'><strong>lloc</strong></span> <span class='ocrx_word' id='word_1_687' title='bbox 2382 3760 2531 3815; x_wconf 89' lang='lat' dir='ltr'><strong>enim</strong></span> <span class='ocrx_word' id='word_1_688' title='bbox 2559 3759 2629 3815; x_wconf 90' lang='lat' dir='ltr'><strong>de</strong></span> <span class='ocrx_word' id='word_1_689' title='bbox 2664 3776 2732 3816; x_wconf 89' lang='lat' dir='ltr'><strong>eo</strong></span> <span class='ocrx_word' id='word_1_690' title='bbox 2766 3764 3030 3831; x_wconf 83' lang='lat' dir='ltr'><strong>scriptum</strong></span> <span class='ocrx_word' id='word_1_691' title='bbox 3066 3775 3182 3820; x_wconf 84' lang='lat' dir='ltr'><strong>est:</strong></span> <span class='ocrx_word' id='word_1_692' title='bbox 3222 3768 3283 3820; x_wconf 69' lang='lat' dir='ltr'><strong>Et</strong></span> <span class='ocrx_word' id='word_1_693' title='bbox 3320 3780 3431 3823; x_wconf 85' lang='lat' dir='ltr'><strong>erat</strong></span> <span class='ocrx_word' id='word_1_694' title='bbox 3458 3770 3664 3843; x_wconf 74' lang='lat' dir='ltr'><strong>Moyses</strong></span> 
     </span>
    </p>
   </div>
   <div class='ocr_carea' id='block_1_85' title="bbox 2064 3851 3659 3935">
    <p class='ocr_par' dir='ltr' id='par_1_85' title="bbox 2064 3851 3659 3935">
     <span class='ocr_line' id='line_1_85' title="bbox 2064 3851 3659 3935; baseline 0.009 -31"><span class='ocrx_word' id='word_1_695' title='bbox 2064 3860 2360 3911; x_wconf 77' lang='lat' dir='ltr'><strong>mansuetus</strong></span> <span class='ocrx_word' id='word_1_696' title='bbox 2390 3865 2499 3923; x_wconf 73' lang='lat' dir='ltr'><strong>prta</strong></span> <span class='ocrx_word' id='word_1_697' title='bbox 2528 3851 2760 3909; x_wconf 80' lang='lat' dir='ltr'><strong>omnibus</strong></span> <span class='ocrx_word' id='word_1_698' title='bbox 2786 3855 2873 3921; x_wconf 85' lang='lat' dir='ltr'><strong>qui</strong></span> <span class='ocrx_word' id='word_1_699' title='bbox 2900 3865 3045 3909; x_wconf 83' lang='lat' dir='ltr'><strong>erant</strong></span> <span class='ocrx_word' id='word_1_700' title='bbox 3070 3873 3223 3929; x_wconf 77' lang='lat' dir='ltr'><strong>super</strong></span> <span class='ocrx_word' id='word_1_701' title='bbox 3249 3868 3444 3916; x_wconf 81' lang='lat' dir='ltr'><strong>terram</strong></span> <span class='ocrx_word' id='word_1_702' title='bbox 3467 3862 3659 3935; x_wconf 80' lang='lat' dir='ltr'><strong>(Num.</strong></span> 
     </span>
    </p>
   </div>
   <div class='ocr_carea' id='block_1_86' title="bbox 2065 3943 3662 4022">
    <p class='ocr_par' dir='ltr' id='par_1_86' title="bbox 2065 3943 3662 4022">
     <span class='ocr_line' id='line_1_86' title="bbox 2065 3943 3662 4022; baseline 0.007 -23"><span class='ocrx_word' id='word_1_703' title='bbox 2065 3945 2244 4013; x_wconf 55' lang='lat'><strong>“1.3).</strong></span> <span class='ocrx_word' id='word_1_704' title='bbox 2280 3943 2436 4001; x_wconf 87' lang='lat' dir='ltr'><strong>Unde</strong></span> <span class='ocrx_word' id='word_1_705' title='bbox 2463 3944 2633 4005; x_wconf 85' lang='lat' dir='ltr'><strong>David</strong></span> <span class='ocrx_word' id='word_1_706' title='bbox 2648 3944 2702 4009; x_wconf 76' lang='lat' dir='ltr'><strong>in</strong></span> <span class='ocrx_word' id='word_1_707' title='bbox 2734 3944 2950 4000; x_wconf 82' lang='lat' dir='ltr'><strong>Psalmo</strong></span> <span class='ocrx_word' id='word_1_708' title='bbox 2970 3948 3046 4001; x_wconf 81' lang='lat' dir='ltr'><strong>ait</strong></span> <span class='ocrx_word' id='word_1_709' title='bbox 3078 3965 3091 4002; x_wconf 92' lang='lat'><strong>:</strong></span> <span class='ocrx_word' id='word_1_710' title='bbox 3116 3947 3395 4021; x_wconf 67' lang='lat' dir='ltr'><strong>Memento,</strong></span> <span class='ocrx_word' id='word_1_711' title='bbox 3420 3952 3662 4022; x_wconf 79' lang='lat' dir='ltr'><strong>Domine,</strong></span> 
     </span>
    </p>
   </div>
   <div class='ocr_carea' id='block_1_87' title="bbox 2066 4034 3664 4117">
    <p class='ocr_par' dir='ltr' id='par_1_87' title="bbox 2066 4034 3664 4117">
     <span class='ocr_line' id='line_1_87' title="bbox 2066 4034 3664 4117; baseline 0.008 -27"><span class='ocrx_word' id='word_1_712' title='bbox 2066 4034 2237 4097; x_wconf 83' lang='lat' dir='ltr'><strong>David</strong></span> <span class='ocrx_word' id='word_1_713' title='bbox 2271 4045 2319 4091; x_wconf 85' lang='lat' dir='ltr'><strong>et</strong></span> <span class='ocrx_word' id='word_1_714' title='bbox 2361 4036 2526 4091; x_wconf 81' lang='lat' dir='ltr'><strong>omnis</strong></span> <span class='ocrx_word' id='word_1_715' title='bbox 2553 4038 2966 4092; x_wconf 76' lang='lat' dir='ltr'><strong>mansuetudinis</strong></span> <span class='ocrx_word' id='word_1_716' title='bbox 2987 4042 3099 4112; x_wconf 83' lang='lat' dir='ltr'><strong>ejus</strong></span> <span class='ocrx_word' id='word_1_717' title='bbox 3128 4039 3308 4111; x_wconf 81' lang='lat' dir='ltr'><strong>(Psal.</strong></span> <span class='ocrx_word' id='word_1_718' title='bbox 3338 4060 3509 4099; x_wconf 65' lang='lat' dir='ltr'><strong>cxsxr</strong></span> <span class='ocrx_word' id='word_1_719' title='bbox 3535 4091 3546 4110; x_wconf 71' lang='grc'><em>,</em></span> <span class='ocrx_word' id='word_1_720' title='bbox 3583 4048 3664 4117; x_wconf 67' lang='grc' dir='ltr'><strong>ἓ).</strong></span> 
     </span>
    </p>
   </div>
   <div class='ocr_carea' id='block_1_88' title="bbox 2068 4127 3668 4208">
    <p class='ocr_par' dir='ltr' id='par_1_88' title="bbox 2068 4127 3668 4208">
     <span class='ocr_line' id='line_1_88' title="bbox 2068 4127 3668 4208; baseline 0.008 -26"><span class='ocrx_word' id='word_1_721' title='bbox 2068 4127 2391 4198; x_wconf 81' lang='lat' dir='ltr'><strong>llujusmndi</strong></span> <span class='ocrx_word' id='word_1_722' title='bbox 2422 4143 2553 4198; x_wconf 82' lang='lat' dir='ltr'><strong>ergo</strong></span> <span class='ocrx_word' id='word_1_723' title='bbox 2584 4129 2748 4184; x_wconf 84' lang='lat' dir='ltr'><strong>mites</strong></span> <span class='ocrx_word' id='word_1_724' title='bbox 2777 4130 2967 4185; x_wconf 87' lang='lat' dir='ltr'><strong>beatos</strong></span> <span class='ocrx_word' id='word_1_725' title='bbox 2996 4134 3235 4187; x_wconf 82' lang='lat' dir='ltr'><strong>ostendit</strong></span> <span class='ocrx_word' id='word_1_726' title='bbox 3265 4176 3279 4201; x_wconf 93' lang='lat'><strong>,</strong></span> <span class='ocrx_word' id='word_1_727' title='bbox 3325 4136 3430 4208; x_wconf 77' lang='lat'><strong>25</strong></span> <span class='ocrx_word' id='word_1_728' title='bbox 3471 4139 3668 4208; x_wconf 85' lang='lat' dir='ltr'><strong>quibus</strong></span> 
     </span>
    </p>
   </div>
   <div class='ocr_carea' id='block_1_89' title="bbox 2068 4222 3663 4298">
    <p class='ocr_par' dir='ltr' id='par_1_89' title="bbox 2068 4222 3663 4298">
     <span class='ocr_line' id='line_1_89' title="bbox 2068 4222 3663 4298; baseline 0.006 -20"><span class='ocrx_word' id='word_1_729' title='bbox 2068 4237 2177 4285; x_wconf 83' lang='lat' dir='ltr'><strong>non</strong></span> <span class='ocrx_word' id='word_1_730' title='bbox 2212 4222 2265 4285; x_wconf 86' lang='lat' dir='ltr'><strong>in</strong></span> <span class='ocrx_word' id='word_1_731' title='bbox 2313 4222 2567 4291; x_wconf 71' lang='lat' dir='ltr'><strong>praesenti</strong></span> <span class='ocrx_word' id='word_1_732' title='bbox 2607 4223 2712 4279; x_wconf 85' lang='lat' dir='ltr'><strong>vita</strong></span> <span class='ocrx_word' id='word_1_733' title='bbox 2748 4264 2762 4289; x_wconf 88' lang='lat'><strong>,</strong></span> <span class='ocrx_word' id='word_1_734' title='bbox 2792 4223 2887 4279; x_wconf 80' lang='lat' dir='ltr'><strong>sed</strong></span> <span class='ocrx_word' id='word_1_735' title='bbox 2933 4223 2987 4278; x_wconf 89' lang='lat' dir='ltr'><strong>in</strong></span> <span class='ocrx_word' id='word_1_736' title='bbox 3032 4224 3213 4280; x_wconf 78' lang='lat' dir='ltr'><strong>futura</strong></span> <span class='ocrx_word' id='word_1_737' title='bbox 3260 4234 3663 4298; x_wconf 78' lang='lat' dir='ltr'><strong>possessionem</strong></span> 
     </span>
    </p>
   </div>
   <div class='ocr_carea' id='block_1_90' title="bbox 2067 4316 3665 4400">
    <p class='ocr_par' dir='ltr' id='par_1_90' title="bbox 2067 4316 3665 4400">
     <span class='ocr_line' id='line_1_90' title="bbox 2067 4316 3665 4400; baseline 0.006 -28"><span class='ocrx_word' id='word_1_738' title='bbox 2067 4326 2231 4379; x_wconf 73' lang='lat' dir='ltr'><strong>terra:</strong></span> <span class='ocrx_word' id='word_1_739' title='bbox 2261 4316 2405 4373; x_wconf 88' lang='lat' dir='ltr'><strong>illius</strong></span> <span class='ocrx_word' id='word_1_740' title='bbox 2446 4316 2619 4372; x_wconf 81' lang='lat' dir='ltr'><strong>felicis</strong></span> <span class='ocrx_word' id='word_1_741' title='bbox 2650 4318 2961 4386; x_wconf 88' lang='lat' dir='ltr'><strong>repromisit</strong></span> <span class='ocrx_word' id='word_1_742' title='bbox 2994 4359 3007 4383; x_wconf 90' lang='lat'><strong>,</strong></span> <span class='ocrx_word' id='word_1_743' title='bbox 3043 4319 3112 4375; x_wconf 90' lang='lat' dir='ltr'><strong>de</strong></span> <span class='ocrx_word' id='word_1_744' title='bbox 3142 4336 3246 4391; x_wconf 85' lang='lat' dir='ltr'><strong>qua</strong></span> <span class='ocrx_word' id='word_1_745' title='bbox 3288 4323 3489 4378; x_wconf 85' lang='lat' dir='ltr'><strong>dictum</strong></span> <span class='ocrx_word' id='word_1_746' title='bbox 3534 4328 3665 4400; x_wconf 86' lang='lat' dir='ltr'><strong>legi-</strong></span> 
     </span>
    </p>
   </div>
   <div class='ocr_carea' id='block_1_91' title="bbox 2067 4409 3659 4489">
    <p class='ocr_par' dir='ltr' id='par_1_91' title="bbox 2067 4409 3659 4489">
     <span class='ocr_line' id='line_1_91' title="bbox 2067 4409 3659 4489; baseline 0.004 -20"><span class='ocrx_word' id='word_1_747' title='bbox 2067 4426 2188 4469; x_wconf 86' lang='lat' dir='ltr'><strong>mus</strong></span> <span class='ocrx_word' id='word_1_748' title='bbox 2217 4411 2270 4466; x_wconf 92' lang='lat' dir='ltr'><strong>in</strong></span> <span class='ocrx_word' id='word_1_749' title='bbox 2303 4410 2553 4467; x_wconf 88' lang='lat' dir='ltr'><strong>Psalmo:</strong></span> <span class='ocrx_word' id='word_1_750' title='bbox 2587 4409 2847 4465; x_wconf 79' lang='lat' dir='ltr'><strong>Mansueti</strong></span> <span class='ocrx_word' id='word_1_751' title='bbox 2873 4420 3041 4466; x_wconf 84' lang='lat' dir='ltr'><strong>autem</strong></span> <span class='ocrx_word' id='word_1_752' title='bbox 3074 4414 3407 4477; x_wconf 78' lang='lat' dir='ltr'><strong>possidebunt</strong></span> <span class='ocrx_word' id='word_1_753' title='bbox 3436 4427 3623 4475; x_wconf 84' lang='lat' dir='ltr'><strong>terram</strong></span> <span class='ocrx_word' id='word_1_754' title='bbox 3646 4466 3659 4489; x_wconf 89' lang='lat'><strong>,</strong></span> 
     </span>
    </p>
   </div>
   <div class='ocr_carea' id='block_1_92' title="bbox 369 4479 3660 4585">
    <p class='ocr_par' dir='ltr' id='par_1_92' title="bbox 369 4479 3660 4585">
     <span class='ocr_line' id='line_1_92' title="bbox 369 4479 3660 4585; baseline -0.001 -13"><span class='ocrx_word' id='word_1_755' title='bbox 369 4479 693 4584; x_wconf 44' lang='lat' dir='ltr'><strong>ler‘lutteulz;</strong></span> <span class='ocrx_word' id='word_1_756' title='bbox 721 4510 815 4579; x_wconf 77' lang='lat' dir='ltr'><strong>sed</strong></span> <span class='ocrx_word' id='word_1_757' title='bbox 846 4525 942 4568; x_wconf 84' lang='lat' dir='ltr'><strong>eos</strong></span> <span class='ocrx_word' id='word_1_758' title='bbox 969 4479 1160 4579; x_wconf 50' lang='lat' dir='ltr'><strong>poti-tt;</strong></span> <span class='ocrx_word' id='word_1_759' title='bbox 1183 4509 1375 4571; x_wconf 86' lang='lat' dir='ltr'><strong>beatos</strong></span> <span class='ocrx_word' id='word_1_760' title='bbox 1402 4523 1529 4571; x_wconf 82' lang='lat' dir='ltr'><strong>esse</strong></span> <span class='ocrx_word' id='word_1_761' title='bbox 1558 4479 1958 4580; x_wconf 52' lang='lat' dir='ltr'><strong>significanqui</strong></span> <span class='ocrx_word' id='word_1_762' title='bbox 1987 4479 2043 4540; x_wconf 69' lang='grc' dir='ltr'><strong>Β</strong></span> <span class='ocrx_word' id='word_1_763' title='bbox 2066 4502 2519 4561; x_wconf 76' lang='lat' dir='ltr'><strong>etdelectabuntur</strong></span> <span class='ocrx_word' id='word_1_764' title='bbox 2542 4502 2593 4556; x_wconf 89' lang='lat' dir='ltr'><strong>in</strong></span> <span class='ocrx_word' id='word_1_765' title='bbox 2616 4501 2951 4559; x_wconf 83' lang='lat' dir='ltr'><strong>multitudine</strong></span> <span class='ocrx_word' id='word_1_766' title='bbox 2968 4504 3569 4577; x_wconf 78' lang='lat' dir='ltr'><strong>pacis(Psal.xxxvm,l</strong></span> <span class='ocrx_word' id='word_1_767' title='bbox 3586 4514 3660 4585; x_wconf 88' lang='grc'><strong>1).</strong></span> 
     </span>
    </p>
   </div>
   <div class='ocr_carea' id='block_1_93' title="bbox 366 4602 1962 4677">
    <p class='ocr_par' dir='ltr' id='par_1_93' title="bbox 366 4602 1962 4677">
     <span class='ocr_line' id='line_1_93' title="bbox 366 4602 1962 4677; baseline -0.001 -14"><span class='ocrx_word' id='word_1_768' title='bbox 366 4616 462 4667; x_wconf 85' lang='lat' dir='ltr'><strong>aut</strong></span> <span class='ocrx_word' id='word_1_769' title='bbox 488 4606 706 4677; x_wconf 77' lang='lat' dir='ltr'><strong>propria</strong></span> <span class='ocrx_word' id='word_1_770' title='bbox 735 4604 1027 4671; x_wconf 67' lang='lat' dir='ltr'><strong>commissa</strong></span> <span class='ocrx_word' id='word_1_771' title='bbox 1056 4612 1277 4674; x_wconf 83' lang='lat' dir='ltr'><strong>peccata</strong></span> <span class='ocrx_word' id='word_1_772' title='bbox 1306 4602 1419 4673; x_wconf 78' lang='lat' dir='ltr'><strong>jugi</strong></span> <span class='ocrx_word' id='word_1_773' title='bbox 1444 4604 1804 4675; x_wconf 81' lang='lat' dir='ltr'><strong>lacrymarnm</strong></span> <span class='ocrx_word' id='word_1_774' title='bbox 1832 4605 1962 4671; x_wconf 81' lang='lat' dir='ltr'><strong>ﬂetu</strong></span> 
     </span>
    </p>
   </div>
   <div class='ocr_carea' id='block_1_94' title="bbox 367 4692 1963 4771">
    <p class='ocr_par' dir='ltr' id='par_1_94' title="bbox 367 4692 1963 4771">
     <span class='ocr_line' id='line_1_94' title="bbox 367 4692 1963 4771; baseline -0.001 -18"><span class='ocrx_word' id='word_1_775' title='bbox 367 4700 591 4771; x_wconf 76' lang='lat' dir='ltr'><strong>expiare</strong></span> <span class='ocrx_word' id='word_1_776' title='bbox 615 4696 975 4764; x_wconf 77' lang='lat' dir='ltr'><strong>contendunt,</strong></span> <span class='ocrx_word' id='word_1_777' title='bbox 1006 4706 1099 4751; x_wconf 84' lang='lat' dir='ltr'><strong>aut</strong></span> <span class='ocrx_word' id='word_1_778' title='bbox 1128 4694 1219 4765; x_wconf 90' lang='lat' dir='ltr'><strong>qui</strong></span> <span class='ocrx_word' id='word_1_779' title='bbox 1254 4710 1348 4765; x_wconf 87' lang='lat' dir='ltr'><strong>pro</strong></span> <span class='ocrx_word' id='word_1_780' title='bbox 1378 4692 1509 4765; x_wconf 73' lang='lat' dir='ltr'><strong>legis</strong></span> <span class='ocrx_word' id='word_1_781' title='bbox 1538 4693 1731 4750; x_wconf 76' lang='lat' dir='ltr'><strong>atfectu</strong></span> <span class='ocrx_word' id='word_1_782' title='bbox 1763 4695 1963 4765; x_wconf 90' lang='lat' dir='ltr'><strong>iniqui-</strong></span> 
     </span>
    </p>
   </div>
   <div class='ocr_carea' id='block_1_95' title="bbox 371 4786 1962 4859">
    <p class='ocr_par' dir='ltr' id='par_1_95' title="bbox 371 4786 1962 4859">
     <span class='ocr_line' id='line_1_95' title="bbox 371 4786 1962 4859; baseline -0.004 -10"><span class='ocrx_word' id='word_1_783' title='bbox 371 4803 540 4853; x_wconf 75' lang='lat' dir='ltr'><strong>tatem</strong></span> <span class='ocrx_word' id='word_1_784' title='bbox 569 4792 754 4849; x_wconf 75' lang='lat' dir='ltr'><strong>sazenli</strong></span> <span class='ocrx_word' id='word_1_785' title='bbox 776 4804 842 4847; x_wconf 86' lang='lat' dir='ltr'><strong>ac</strong></span> <span class='ocrx_word' id='word_1_786' title='bbox 872 4787 1209 4859; x_wconf 85' lang='lat' dir='ltr'><strong>peccantium</strong></span> <span class='ocrx_word' id='word_1_787' title='bbox 1240 4786 1437 4849; x_wconf 84' lang='lat' dir='ltr'><strong>delicta</strong></span> <span class='ocrx_word' id='word_1_788' title='bbox 1467 4786 1653 4858; x_wconf 78' lang='lat' dir='ltr'><strong>lugere</strong></span> <span class='ocrx_word' id='word_1_789' title='bbox 1682 4803 1788 4843; x_wconf 87' lang='lat' dir='ltr'><strong>non</strong></span> <span class='ocrx_word' id='word_1_790' title='bbox 1821 4787 1962 4844; x_wconf 86' lang='lat' dir='ltr'><strong>desi-</strong></span> 
     </span>
    </p>
   </div>
   <div class='ocr_carea' id='block_1_96' title="bbox 371 4876 1960 4955">
    <p class='ocr_par' dir='ltr' id='par_1_96' title="bbox 371 4876 1960 4955">
     <span class='ocr_line' id='line_1_96' title="bbox 371 4876 1960 4955; baseline -0.004 -13"><span class='ocrx_word' id='word_1_791' title='bbox 371 4896 527 4955; x_wconf 82' lang='lat' dir='ltr'><strong>nunt.</strong></span> <span class='ocrx_word' id='word_1_792' title='bbox 562 4884 657 4945; x_wconf 79' lang='lat' dir='ltr'><strong>His</strong></span> <span class='ocrx_word' id='word_1_793' title='bbox 695 4898 826 4955; x_wconf 72' lang='lat' dir='ltr'><strong>ergo</strong></span> <span class='ocrx_word' id='word_1_794' title='bbox 854 4890 961 4941; x_wconf 84' lang='lat' dir='ltr'><strong>tam</strong></span> <span class='ocrx_word' id='word_1_795' title='bbox 987 4891 1174 4939; x_wconf 88' lang='lat' dir='ltr'><strong>sancte</strong></span> <span class='ocrx_word' id='word_1_796' title='bbox 1202 4876 1510 4949; x_wconf 71' lang='lat' dir='ltr'><strong>lugentibus</strong></span> <span class='ocrx_word' id='word_1_797' title='bbox 1546 4896 1654 4935; x_wconf 89' lang='lat' dir='ltr'><strong>non</strong></span> <span class='ocrx_word' id='word_1_798' title='bbox 1685 4879 1960 4939; x_wconf 88' lang='lat' dir='ltr'><strong>immerito</strong></span> 
     </span>
    </p>
   </div>
   <div class='ocr_carea' id='block_1_97' title="bbox 370 4972 1968 5041">
    <p class='ocr_par' dir='ltr' id='par_1_97' title="bbox 370 4972 1968 5041">
     <span class='ocr_line' id='line_1_97' title="bbox 370 4972 1968 5041; baseline -0.007 -4"><span class='ocrx_word' id='word_1_799' title='bbox 370 4996 399 5036; x_wconf 87' lang='lat' dir='ltr'><strong>a</strong></span> <span class='ocrx_word' id='word_1_800' title='bbox 436 4979 663 5037; x_wconf 84' lang='lat' dir='ltr'><strong>Domino</strong></span> <span class='ocrx_word' id='word_1_801' title='bbox 687 4975 990 5035; x_wconf 84' lang='lat' dir='ltr'><strong>consolatio</strong></span> <span class='ocrx_word' id='word_1_802' title='bbox 1016 4972 1405 5035; x_wconf 73' lang='lat' dir='ltr'><strong>exsultationis</strong></span> <span class='ocrx_word' id='word_1_803' title='bbox 1433 4984 1653 5029; x_wconf 64' lang='lat' dir='ltr'><strong>internae</strong></span> <span class='ocrx_word' id='word_1_804' title='bbox 1698 4973 1968 5041; x_wconf 89' lang='lat' dir='ltr'><strong>promitti-</strong></span> 
     </span>
    </p>
   </div>
   <div class='ocr_carea' id='block_1_98' title="bbox 370 5065 1965 5141">
    <p class='ocr_par' dir='ltr' id='par_1_98' title="bbox 370 5065 1965 5141">
     <span class='ocr_line' id='line_1_98' title="bbox 370 5065 1965 5141; baseline -0.006 -11"><span class='ocrx_word' id='word_1_805' title='bbox 370 5083 483 5131; x_wconf 89' lang='lat' dir='ltr'><strong>tur.</strong></span> <span class='ocrx_word' id='word_1_806' title='bbox 515 5072 649 5133; x_wconf 79' lang='lat' dir='ltr'><strong>Eam</strong></span> <span class='ocrx_word' id='word_1_807' title='bbox 676 5069 915 5141; x_wconf 84' lang='lat' dir='ltr'><strong>denique</strong></span> <span class='ocrx_word' id='word_1_808' title='bbox 949 5066 1117 5127; x_wconf 77' lang='lat' dir='ltr'><strong>David</strong></span> <span class='ocrx_word' id='word_1_809' title='bbox 1148 5073 1369 5125; x_wconf 85' lang='lat' dir='ltr'><strong>sanctus</strong></span> <span class='ocrx_word' id='word_1_810' title='bbox 1400 5076 1728 5135; x_wconf 79' lang='lat' dir='ltr'><strong>exspectans</strong></span> <span class='ocrx_word' id='word_1_811' title='bbox 1754 5106 1767 5129; x_wconf 92' lang='lat'><strong>,</strong></span> <span class='ocrx_word' id='word_1_812' title='bbox 1802 5065 1965 5125; x_wconf 88' lang='lat' dir='ltr'><strong>etiam</strong></span> 
     </span>
    </p>
   </div>
   <div class='ocr_carea' id='block_1_99' title="bbox 368 5155 1961 5236">
    <p class='ocr_par' dir='ltr' id='par_1_99' title="bbox 368 5155 1961 5236">
     <span class='ocr_line' id='line_1_99' title="bbox 368 5155 1961 5236; baseline -0.009 -10"><span class='ocrx_word' id='word_1_813' title='bbox 368 5179 775 5233; x_wconf 74' lang='lat' dir='ltr'><strong>stratumsuum</strong></span> <span class='ocrx_word' id='word_1_814' title='bbox 794 5163 909 5236; x_wconf 54' lang='grc' dir='ltr'><strong>,ῖμεὶ</strong></span> <span class='ocrx_word' id='word_1_815' title='bbox 928 5162 1290 5231; x_wconf 74' lang='lat' dir='ltr'><strong>lacrymarutn</strong></span> <span class='ocrx_word' id='word_1_816' title='bbox 1320 5157 1449 5215; x_wconf 84' lang='lat' dir='ltr'><strong>ﬂetu</strong></span> <span class='ocrx_word' id='word_1_817' title='bbox 1477 5157 1675 5228; x_wconf 75' lang='lat' dir='ltr'><strong>rigavit</strong></span> <span class='ocrx_word' id='word_1_818' title='bbox 1694 5155 1961 5223; x_wconf 86' lang='lat' dir='ltr'><strong>dicendo:</strong></span> 
     </span>
    </p>
   </div>
   <div class='ocr_carea' id='block_1_100' title="bbox 370 5250 1965 5332">
    <p class='ocr_par' dir='ltr' id='par_1_100' title="bbox 370 5250 1965 5332">
     <span class='ocr_line' id='line_1_100' title="bbox 370 5250 1965 5332; baseline -0.009 -12"><span class='ocrx_word' id='word_1_819' title='bbox 370 5260 579 5327; x_wconf 72' lang='lat' dir='ltr'><strong>Lauabo</strong></span> <span class='ocrx_word' id='word_1_820' title='bbox 606 5277 695 5332; x_wconf 82' lang='lat' dir='ltr'><strong>per</strong></span> <span class='ocrx_word' id='word_1_821' title='bbox 735 5259 967 5330; x_wconf 78' lang='lat' dir='ltr'><strong>singulas</strong></span> <span class='ocrx_word' id='word_1_822' title='bbox 1008 5264 1178 5317; x_wconf 85' lang='lat' dir='ltr'><strong>noctes</strong></span> <span class='ocrx_word' id='word_1_823' title='bbox 1229 5254 1415 5317; x_wconf 80' lang='lat' dir='ltr'><strong>lectum</strong></span> <span class='ocrx_word' id='word_1_824' title='bbox 1467 5267 1634 5317; x_wconf 72' lang='lat' dir='ltr'><strong>meum</strong></span> <span class='ocrx_word' id='word_1_825' title='bbox 1664 5291 1679 5316; x_wconf 87' lang='lat'><strong>,</strong></span> <span class='ocrx_word' id='word_1_826' title='bbox 1725 5250 1965 5320; x_wconf 80' lang='lat' dir='ltr'><strong>lacrymis</strong></span> 
     </span>
    </p>
   </div>
   <div class='ocr_carea' id='block_1_101' title="bbox 371 5343 1960 5424">
    <p class='ocr_par' dir='ltr' id='par_1_101' title="bbox 371 5343 1960 5424">
     <span class='ocr_line' id='line_1_101' title="bbox 371 5343 1960 5424; baseline -0.005 -15"><span class='ocrx_word' id='word_1_827' title='bbox 371 5357 500 5411; x_wconf 80' lang='lat' dir='ltr'><strong>meis</strong></span> <span class='ocrx_word' id='word_1_828' title='bbox 527 5364 745 5415; x_wconf 81' lang='lat' dir='ltr'><strong>stratum</strong></span> <span class='ocrx_word' id='word_1_829' title='bbox 775 5368 941 5419; x_wconf 76' lang='lat' dir='ltr'><strong>meum</strong></span> <span class='ocrx_word' id='word_1_830' title='bbox 968 5348 1146 5424; x_wconf 59' lang='lat' dir='ltr'><strong>rigato</strong></span> <span class='ocrx_word' id='word_1_831' title='bbox 1184 5345 1358 5420; x_wconf 57' lang='lat' dir='ltr'><strong>(Padi.</strong></span> <span class='ocrx_word' id='word_1_832' title='bbox 1392 5361 1444 5400; x_wconf 77' lang='lat' dir='ltr'><strong>vr</strong></span> <span class='ocrx_word' id='word_1_833' title='bbox 1468 5388 1483 5413; x_wconf 91' lang='lat'><strong>,</strong></span> <span class='ocrx_word' id='word_1_834' title='bbox 1519 5345 1595 5415; x_wconf 84' lang='grc'><strong>7).</strong></span> <span class='ocrx_word' id='word_1_835' title='bbox 1630 5343 1698 5399; x_wconf 83' lang='grc' dir='ltr'>Ει</span> <span class='ocrx_word' id='word_1_836' title='bbox 1727 5344 1960 5409; x_wconf 83' lang='lat' dir='ltr'><strong>iterum:</strong></span> 
     </span>
    </p>
   </div>
   <div class='ocr_carea' id='block_1_102' title="bbox 373 5436 1965 5517">
    <p class='ocr_par' dir='ltr' id='par_1_102' title="bbox 373 5436 1965 5517">
     <span class='ocr_line' id='line_1_102' title="bbox 373 5436 1965 5517; baseline -0.008 -12"><span class='ocrx_word' id='word_1_837' title='bbox 373 5448 609 5505; x_wconf 78' lang='lat' dir='ltr'><strong>Fuerunt</strong></span> <span class='ocrx_word' id='word_1_838' title='bbox 635 5448 760 5517; x_wconf 77' lang='lat' dir='ltr'><strong>mihi</strong></span> <span class='ocrx_word' id='word_1_839' title='bbox 786 5446 1028 5516; x_wconf 72' lang='lat' dir='ltr'><strong>lacrynua</strong></span> <span class='ocrx_word' id='word_1_840' title='bbox 1054 5456 1180 5503; x_wconf 79' lang='lat' dir='ltr'><strong>mea:</strong></span> <span class='ocrx_word' id='word_1_841' title='bbox 1211 5456 1367 5513; x_wconf 71' lang='lat' dir='ltr'><strong>panes</strong></span> <span class='ocrx_word' id='word_1_842' title='bbox 1396 5438 1481 5497; x_wconf 84' lang='lat' dir='ltr'><strong>die</strong></span> <span class='ocrx_word' id='word_1_843' title='bbox 1521 5455 1581 5492; x_wconf 87' lang='lat' dir='ltr'><strong>ac</strong></span> <span class='ocrx_word' id='word_1_844' title='bbox 1625 5446 1768 5491; x_wconf 81' lang='lat' dir='ltr'><strong>nocte</strong></span> <span class='ocrx_word' id='word_1_845' title='bbox 1792 5477 1806 5500; x_wconf 84' lang='lat'><strong>,</strong></span> <span class='ocrx_word' id='word_1_846' title='bbox 1839 5436 1965 5492; x_wconf 87' lang='lat' dir='ltr'><strong>dum</strong></span> 
     </span>
    </p>
   </div>
   <div class='ocr_carea' id='block_1_103' title="bbox 376 5525 1964 5609">
    <p class='ocr_par' dir='ltr' id='par_1_103' title="bbox 376 5525 1964 5609">
     <span class='ocr_line' id='line_1_103' title="bbox 376 5525 1964 5609; baseline -0.009 -14"><span class='ocrx_word' id='word_1_847' title='bbox 376 5542 568 5599; x_wconf 84' lang='lat' dir='ltr'><strong>dicitur</strong></span> <span class='ocrx_word' id='word_1_848' title='bbox 590 5542 712 5609; x_wconf 76' lang='lat' dir='ltr'><strong>milii</strong></span> <span class='ocrx_word' id='word_1_849' title='bbox 730 5539 993 5609; x_wconf 81' lang='lat' dir='ltr'><strong>quotidie:</strong></span> <span class='ocrx_word' id='word_1_850' title='bbox 1022 5535 1067 5593; x_wconf 82' lang='grc' dir='ltr'><em>υ</em></span> <span class='ocrx_word' id='word_1_851' title='bbox 1073 5537 1121 5597; x_wconf 82' lang='grc' dir='ltr'><strong>ιιὶ</strong></span> <span class='ocrx_word' id='word_1_852' title='bbox 1137 5546 1213 5593; x_wconf 83' lang='lat' dir='ltr'><strong>est</strong></span> <span class='ocrx_word' id='word_1_853' title='bbox 1228 5532 1369 5597; x_wconf 77' lang='lat' dir='ltr'><strong>Deus</strong></span> <span class='ocrx_word' id='word_1_854' title='bbox 1396 5540 1517 5587; x_wconf 85' lang='lat' dir='ltr'><strong>tuus</strong></span> <span class='ocrx_word' id='word_1_855' title='bbox 1542 5527 1713 5602; x_wconf 83' lang='lat' dir='ltr'><strong>(Psal.</strong></span> <span class='ocrx_word' id='word_1_856' title='bbox 1742 5543 1855 5595; x_wconf 79' lang='lat' dir='ltr'><strong>xu,</strong></span> <span class='ocrx_word' id='word_1_857' title='bbox 1880 5525 1964 5602; x_wconf 53' lang='lat'><strong>:5)?</strong></span> 
     </span>
    </p>
   </div>
   <div class='ocr_carea' id='block_1_104' title="bbox 380 5622 1965 5703">
    <p class='ocr_par' dir='ltr' id='par_1_104' title="bbox 380 5622 1965 5703">
     <span class='ocr_line' id='line_1_104' title="bbox 380 5622 1965 5703; baseline -0.011 -10"><span class='ocrx_word' id='word_1_858' title='bbox 380 5636 452 5693; x_wconf 79' lang='lat' dir='ltr'><strong>Et</strong></span> <span class='ocrx_word' id='word_1_859' title='bbox 483 5637 716 5703; x_wconf 71' lang='lat' dir='ltr'><strong>iterum:</strong></span> <span class='ocrx_word' id='word_1_860' title='bbox 750 5634 889 5699; x_wconf 69' lang='lat' dir='ltr'><strong>Quia</strong></span> <span class='ocrx_word' id='word_1_861' title='bbox 907 5632 1129 5695; x_wconf 74' lang='lat' dir='ltr'><strong>cinerem</strong></span> <span class='ocrx_word' id='word_1_862' title='bbox 1160 5628 1295 5689; x_wconf 76' lang='lat' dir='ltr'><strong>sicut</strong></span> <span class='ocrx_word' id='word_1_863' title='bbox 1323 5641 1509 5699; x_wconf 69' lang='lat' dir='ltr'><strong>panem</strong></span> <span class='ocrx_word' id='word_1_864' title='bbox 1543 5622 1925 5685; x_wconf 72' lang='lat' dir='ltr'><strong>manducabatn</strong></span> <span class='ocrx_word' id='word_1_865' title='bbox 1948 5664 1965 5691; x_wconf 85' lang='lat'><strong>,</strong></span> 
     </span>
    </p>
   </div>
   <div class='ocr_carea' id='block_1_105' title="bbox 376 5718 1964 5802">
    <p class='ocr_par' dir='ltr' id='par_1_105' title="bbox 376 5718 1964 5802">
     <span class='ocr_line' id='line_1_105' title="bbox 376 5718 1964 5802; baseline -0.008 -15"><span class='ocrx_word' id='word_1_866' title='bbox 376 5740 425 5787; x_wconf 74' lang='lat' dir='ltr'><strong>et</strong></span> <span class='ocrx_word' id='word_1_867' title='bbox 455 5739 632 5802; x_wconf 70' lang='lat' dir='ltr'><strong>potum</strong></span> <span class='ocrx_word' id='word_1_868' title='bbox 660 5743 831 5784; x_wconf 71' lang='lat' dir='ltr'><strong>meum</strong></span> <span class='ocrx_word' id='word_1_869' title='bbox 856 5741 975 5781; x_wconf 75' lang='lat' dir='ltr'><strong>cum</strong></span> <span class='ocrx_word' id='word_1_870' title='bbox 1001 5725 1124 5795; x_wconf 65' lang='lat' dir='ltr'><strong>ﬁetu</strong></span> <span class='ocrx_word' id='word_1_871' title='bbox 1151 5720 1494 5797; x_wconf 76' lang='lat' dir='ltr'><strong>teutperaqu</strong></span> <span class='ocrx_word' id='word_1_872' title='bbox 1521 5718 1697 5793; x_wconf 66' lang='lat' dir='ltr'><strong>(Psal.</strong></span> <span class='ocrx_word' id='word_1_873' title='bbox 1724 5736 1773 5780; x_wconf 79' lang='lat' dir='ltr'><strong>ot</strong></span> <span class='ocrx_word' id='word_1_874' title='bbox 1799 5762 1813 5789; x_wconf 87' lang='lat'><strong>,</strong></span> <span class='ocrx_word' id='word_1_875' title='bbox 1852 5720 1964 5788; x_wconf 84' lang='grc'><strong>10).</strong></span> 
     </span>
    </p>
   </div>
   <div class='ocr_carea' id='block_1_106' title="bbox 2069 4596 3664 4672">
    <p class='ocr_par' dir='ltr' id='par_1_106' title="bbox 2069 4596 3664 4672">
     <span class='ocr_line' id='line_1_106' title="bbox 2069 4596 3664 4672; baseline 0.003 -20"><span class='ocrx_word' id='word_1_876' title='bbox 2069 4598 2135 4653; x_wconf 82' lang='grc' dir='ltr'>Ει</span> <span class='ocrx_word' id='word_1_877' title='bbox 2163 4597 2362 4657; x_wconf 82' lang='lat' dir='ltr'><strong>iterum</strong></span> <span class='ocrx_word' id='word_1_878' title='bbox 2387 4613 2398 4649; x_wconf 89' lang='lat'>:</span> <span class='ocrx_word' id='word_1_879' title='bbox 2435 4597 2535 4661; x_wconf 77' lang='lat' dir='ltr'><strong>Qui</strong></span> <span class='ocrx_word' id='word_1_880' title='bbox 2564 4605 2859 4665; x_wconf 75' lang='lat' dir='ltr'><strong>exspectant</strong></span> <span class='ocrx_word' id='word_1_881' title='bbox 2891 4596 3171 4653; x_wconf 87' lang='lat' dir='ltr'><strong>Dominum</strong></span> <span class='ocrx_word' id='word_1_882' title='bbox 3191 4640 3206 4665; x_wconf 91' lang='lat'><strong>,</strong></span> <span class='ocrx_word' id='word_1_883' title='bbox 3236 4602 3335 4672; x_wconf 86' lang='lat' dir='ltr'><strong>ipsi</strong></span> <span class='ocrx_word' id='word_1_884' title='bbox 3364 4602 3664 4661; x_wconf 56' lang='lat' dir='ltr'><strong>humilitati,-</strong></span> 
     </span>
    </p>
   </div>
   <div class='ocr_carea' id='block_1_107' title="bbox 2067 4688 3665 4770">
    <p class='ocr_par' dir='ltr' id='par_1_107' title="bbox 2067 4688 3665 4770">
     <span class='ocr_line' id='line_1_107' title="bbox 2067 4688 3665 4770; baseline 0.004 -25"><span class='ocrx_word' id='word_1_885' title='bbox 2067 4692 2398 4763; x_wconf 80' lang='lat' dir='ltr'><strong>possidebunt</strong></span> <span class='ocrx_word' id='word_1_886' title='bbox 2438 4699 2626 4745; x_wconf 86' lang='lat' dir='ltr'><strong>terram</strong></span> <span class='ocrx_word' id='word_1_887' title='bbox 2658 4688 2830 4759; x_wconf 85' lang='lat' dir='ltr'><strong>(Psal.</strong></span> <span class='ocrx_word' id='word_1_888' title='bbox 2866 4707 3022 4746; x_wconf 76' lang='lat' dir='ltr'><strong>urnt</strong></span> <span class='ocrx_word' id='word_1_889' title='bbox 3053 4734 3065 4755; x_wconf 83' lang='grc'>,</span> <span class='ocrx_word' id='word_1_890' title='bbox 3095 4693 3209 4763; x_wconf 75' lang='grc'><strong>56).</strong></span> <span class='ocrx_word' id='word_1_891' title='bbox 3245 4695 3317 4751; x_wconf 90' lang='lat' dir='ltr'><strong>De</strong></span> <span class='ocrx_word' id='word_1_892' title='bbox 3349 4712 3451 4767; x_wconf 85' lang='lat' dir='ltr'><strong>qua</strong></span> <span class='ocrx_word' id='word_1_893' title='bbox 3482 4708 3535 4753; x_wconf 87' lang='lat' dir='ltr'><strong>et</strong></span> <span class='ocrx_word' id='word_1_894' title='bbox 3568 4718 3665 4770; x_wconf 79' lang='lat' dir='ltr'><strong>per</strong></span> 
     </span>
    </p>
   </div>
   <div class='ocr_carea' id='block_1_108' title="bbox 2070 4782 3665 4860">
    <p class='ocr_par' dir='ltr' id='par_1_108' title="bbox 2070 4782 3665 4860">
     <span class='ocr_line' id='line_1_108' title="bbox 2070 4782 3665 4860; baseline 0.005 -18"><span class='ocrx_word' id='word_1_895' title='bbox 2070 4785 2421 4842; x_wconf 84' lang='lat' dir='ltr'><strong>Salomonem</strong></span> <span class='ocrx_word' id='word_1_896' title='bbox 2454 4782 2696 4853; x_wconf 86' lang='lat' dir='ltr'><strong>Spiritus</strong></span> <span class='ocrx_word' id='word_1_897' title='bbox 2730 4796 2961 4841; x_wconf 84' lang='lat' dir='ltr'><strong>Sanctus</strong></span> <span class='ocrx_word' id='word_1_898' title='bbox 2992 4796 3221 4842; x_wconf 85' lang='lat' dir='ltr'><strong>testatur</strong></span> <span class='ocrx_word' id='word_1_899' title='bbox 3263 4789 3485 4847; x_wconf 87' lang='lat' dir='ltr'><strong>dicens:</strong></span> <span class='ocrx_word' id='word_1_900' title='bbox 3523 4795 3665 4860; x_wconf 82' lang='lat' dir='ltr'><strong>Quo-</strong></span> 
     </span>
    </p>
   </div>
   <div class='ocr_carea' id='block_1_109' title="bbox 2070 4875 3661 4946">
    <p class='ocr_par' dir='ltr' id='par_1_109' title="bbox 2070 4875 3661 4946">
     <span class='ocr_line' id='line_1_109' title="bbox 2070 4875 3661 4946; baseline 0.011 -17"><span class='ocrx_word' id='word_1_901' title='bbox 2070 4878 2206 4931; x_wconf 85' lang='lat' dir='ltr'><strong>niam</strong></span> <span class='ocrx_word' id='word_1_902' title='bbox 2232 4876 2354 4932; x_wconf 87' lang='lat' dir='ltr'><strong>recti</strong></span> <span class='ocrx_word' id='word_1_903' title='bbox 2391 4875 2692 4933; x_wconf 76' lang='lat' dir='ltr'><strong>habitabant</strong></span> <span class='ocrx_word' id='word_1_904' title='bbox 2727 4877 2781 4930; x_wconf 86' lang='lat' dir='ltr'><strong>in</strong></span> <span class='ocrx_word' id='word_1_905' title='bbox 2806 4886 2941 4931; x_wconf 85' lang='lat' dir='ltr'><strong>terra</strong></span> <span class='ocrx_word' id='word_1_906' title='bbox 2961 4917 2977 4943; x_wconf 92' lang='lat'><strong>,</strong></span> <span class='ocrx_word' id='word_1_907' title='bbox 3009 4890 3055 4931; x_wconf 86' lang='lat' dir='ltr'><strong>et</strong></span> <span class='ocrx_word' id='word_1_908' title='bbox 3087 4882 3253 4934; x_wconf 82' lang='lat' dir='ltr'><strong>sancti</strong></span> <span class='ocrx_word' id='word_1_909' title='bbox 3274 4882 3577 4943; x_wconf 78' lang='lat' dir='ltr'><strong>habitabant</strong></span> <span class='ocrx_word' id='word_1_910' title='bbox 3610 4892 3661 4946; x_wconf 83' lang='lat' dir='ltr'><strong>in</strong></span> 
     </span>
    </p>
   </div>
   <div class='ocr_carea' id='block_1_110' title="bbox 2069 4966 3665 5041">
    <p class='ocr_par' dir='ltr' id='par_1_110' title="bbox 2069 4966 3665 5041">
     <span class='ocr_line' id='line_1_110' title="bbox 2069 4966 3665 5041; baseline 0.009 -18"><span class='ocrx_word' id='word_1_911' title='bbox 2069 4987 2129 5025; x_wconf 87' lang='lat' dir='ltr'><strong>ea</strong></span> <span class='ocrx_word' id='word_1_912' title='bbox 2171 4966 2353 5041; x_wconf 77' lang='lat' dir='ltr'><strong>(Prtv.</strong></span> <span class='ocrx_word' id='word_1_913' title='bbox 2383 4983 2435 5023; x_wconf 73' lang='grc' dir='ltr'><strong>ιι</strong></span> <span class='ocrx_word' id='word_1_914' title='bbox 2462 5009 2475 5031; x_wconf 88' lang='grc'><em>,</em></span> <span class='ocrx_word' id='word_1_915' title='bbox 2519 4966 2633 5035; x_wconf 61' lang='lat' dir='ltr'><strong>ﬁt).</strong></span> <span class='ocrx_word' id='word_1_916' title='bbox 2683 4966 2794 5023; x_wconf 89' lang='lat' dir='ltr'><strong>Hos</strong></span> <span class='ocrx_word' id='word_1_917' title='bbox 2822 4982 2955 5039; x_wconf 79' lang='lat' dir='ltr'><strong>ergo</strong></span> <span class='ocrx_word' id='word_1_918' title='bbox 2992 4970 3156 5026; x_wconf 88' lang='lat' dir='ltr'><strong>mites</strong></span> <span class='ocrx_word' id='word_1_919' title='bbox 3185 4973 3445 5033; x_wconf 89' lang='lat' dir='ltr'><strong>Dominus</strong></span> <span class='ocrx_word' id='word_1_920' title='bbox 3475 4979 3665 5037; x_wconf 81' lang='lat' dir='ltr'><strong>beatos</strong></span> 
     </span>
    </p>
   </div>
   <div class='ocr_carea' id='block_1_111' title="bbox 2070 5059 3669 5131">
    <p class='ocr_par' dir='ltr' id='par_1_111' title="bbox 2070 5059 3669 5131">
     <span class='ocr_line' id='line_1_111' title="bbox 2070 5059 3669 5131; baseline 0.009 -15"><span class='ocrx_word' id='word_1_921' title='bbox 2070 5059 2343 5125; x_wconf 81' lang='lat' dir='ltr'><strong>ostendit,</strong></span> <span class='ocrx_word' id='word_1_922' title='bbox 2364 5061 2453 5131; x_wconf 90' lang='lat' dir='ltr'><strong>qui</strong></span> <span class='ocrx_word' id='word_1_923' title='bbox 2483 5059 2763 5116; x_wconf 88' lang='lat' dir='ltr'><strong>lenitatem</strong></span> <span class='ocrx_word' id='word_1_924' title='bbox 2791 5063 3232 5120; x_wconf 84' lang='lat' dir='ltr'><strong>mansuetudinis</strong></span> <span class='ocrx_word' id='word_1_925' title='bbox 3260 5067 3553 5127; x_wconf 64' lang='lat' dir='ltr'><strong>Dontinicm</strong></span> <span class='ocrx_word' id='word_1_926' title='bbox 3581 5092 3669 5131; x_wconf 50' lang='lat' dir='ltr'><strong>sca</strong></span> 
     </span>
    </p>
   </div>
   <div class='ocr_carea' id='block_1_112' title="bbox 2069 5152 3667 5236">
    <p class='ocr_par' dir='ltr' id='par_1_112' title="bbox 2069 5152 3667 5236">
     <span class='ocr_line' id='line_1_112' title="bbox 2069 5152 3667 5236; baseline 0.004 -21"><span class='ocrx_word' id='word_1_927' title='bbox 2069 5163 2321 5226; x_wconf 81' lang='lat' dir='ltr'><strong>quentes,</strong></span> <span class='ocrx_word' id='word_1_928' title='bbox 2353 5154 2527 5213; x_wconf 65' lang='lat' dir='ltr'><strong>beatae</strong></span> <span class='ocrx_word' id='word_1_929' title='bbox 2550 5152 2695 5208; x_wconf 88' lang='lat' dir='ltr'><strong>illius</strong></span> <span class='ocrx_word' id='word_1_930' title='bbox 2718 5163 2879 5215; x_wconf 77' lang='lat' dir='ltr'><strong>terra:</strong></span> <span class='ocrx_word' id='word_1_931' title='bbox 2912 5156 3230 5214; x_wconf 68' lang='lat' dir='ltr'><strong>haereditate</strong></span> <span class='ocrx_word' id='word_1_932' title='bbox 3261 5176 3520 5232; x_wconf 88' lang='lat' dir='ltr'><strong>perpetua</strong></span> <span class='ocrx_word' id='word_1_933' title='bbox 3545 5183 3667 5236; x_wconf 84' lang='lat' dir='ltr'><strong>pos-</strong></span> 
     </span>
    </p>
   </div>
   <div class='ocr_carea' id='block_1_113' title="bbox 2074 5246 3667 5313">
    <p class='ocr_par' dir='ltr' id='par_1_113' title="bbox 2074 5246 3667 5313">
     <span class='ocr_line' id='line_1_113' title="bbox 2074 5246 3667 5313; baseline 0.005 -10"><span class='ocrx_word' id='word_1_934' title='bbox 2074 5250 2318 5309; x_wconf 84' lang='lat' dir='ltr'><strong>sessione</strong></span> <span class='ocrx_word' id='word_1_935' title='bbox 2365 5248 2633 5309; x_wconf 87' lang='lat' dir='ltr'><strong>fruentur.</strong></span> <span class='ocrx_word' id='word_1_936' title='bbox 2678 5246 2909 5304; x_wconf 73' lang='lat' dir='ltr'><strong>Maxime</strong></span> <span class='ocrx_word' id='word_1_937' title='bbox 2959 5260 3143 5307; x_wconf 87' lang='lat' dir='ltr'><strong>tamen</strong></span> <span class='ocrx_word' id='word_1_938' title='bbox 3179 5254 3246 5308; x_wconf 87' lang='lat' dir='ltr'><strong>tle</strong></span> <span class='ocrx_word' id='word_1_939' title='bbox 3297 5264 3439 5311; x_wconf 86' lang='lat' dir='ltr'><strong>terra</strong></span> <span class='ocrx_word' id='word_1_940' title='bbox 3491 5259 3667 5313; x_wconf 86' lang='lat' dir='ltr'><strong>nostri</strong></span> 
     </span>
    </p>
   </div>
   <div class='ocr_carea' id='block_1_114' title="bbox 2069 5342 3673 5422">
    <p class='ocr_par' dir='ltr' id='par_1_114' title="bbox 2069 5342 3673 5422">
     <span class='ocr_line' id='line_1_114' title="bbox 2069 5342 3673 5422; baseline 0.002 -21"><span class='ocrx_word' id='word_1_941' title='bbox 2069 5344 2322 5413; x_wconf 87' lang='lat' dir='ltr'><strong>corporis</strong></span> <span class='ocrx_word' id='word_1_942' title='bbox 2350 5343 2610 5414; x_wconf 84' lang='lat' dir='ltr'><strong>loquitur,</strong></span> <span class='ocrx_word' id='word_1_943' title='bbox 2636 5342 2691 5399; x_wconf 90' lang='lat' dir='ltr'><strong>in</strong></span> <span class='ocrx_word' id='word_1_944' title='bbox 2721 5358 2827 5414; x_wconf 86' lang='lat' dir='ltr'><strong>qua</strong></span> <span class='ocrx_word' id='word_1_945' title='bbox 2861 5345 3033 5400; x_wconf 71' lang='lat' dir='ltr'><strong>uncti</strong></span> <span class='ocrx_word' id='word_1_946' title='bbox 3075 5348 3449 5419; x_wconf 68' lang='lat' dir='ltr'><strong>transfigurati</strong></span> <span class='ocrx_word' id='word_1_947' title='bbox 3480 5350 3531 5405; x_wconf 91' lang='lat' dir='ltr'><strong>in</strong></span> <span class='ocrx_word' id='word_1_948' title='bbox 3554 5352 3673 5422; x_wconf 81' lang='lat' dir='ltr'><strong>glo-</strong></span> 
     </span>
    </p>
   </div>
   <div class='ocr_carea' id='block_1_115' title="bbox 2070 5436 3672 5513">
    <p class='ocr_par' dir='ltr' id='par_1_115' title="bbox 2070 5436 3672 5513">
     <span class='ocr_line' id='line_1_115' title="bbox 2070 5436 3672 5513; baseline 0.003 -20"><span class='ocrx_word' id='word_1_949' title='bbox 2070 5436 2208 5501; x_wconf 83' lang='lat' dir='ltr'><strong>riam</strong></span> <span class='ocrx_word' id='word_1_950' title='bbox 2235 5478 2249 5501; x_wconf 88' lang='lat'><strong>,</strong></span> <span class='ocrx_word' id='word_1_951' title='bbox 2280 5436 2579 5497; x_wconf 88' lang='lat' dir='ltr'><strong>secundum</strong></span> <span class='ocrx_word' id='word_1_952' title='bbox 2611 5436 2935 5506; x_wconf 81' lang='lat' dir='ltr'><strong>Apostolum</strong></span> <span class='ocrx_word' id='word_1_953' title='bbox 2964 5479 2976 5502; x_wconf 87' lang='lat'><strong>,</strong></span> <span class='ocrx_word' id='word_1_954' title='bbox 3009 5451 3215 5495; x_wconf 65' lang='lat' dir='ltr'><strong>aeterna</strong></span> <span class='ocrx_word' id='word_1_955' title='bbox 3249 5441 3514 5498; x_wconf 82' lang='lat' dir='ltr'><strong>felicitate</strong></span> <span class='ocrx_word' id='word_1_956' title='bbox 3544 5459 3672 5513; x_wconf 82' lang='lat' dir='ltr'><strong>reg-</strong></span> 
     </span>
    </p>
   </div>
   <div class='ocr_carea' id='block_1_116' title="bbox 2074 5528 2295 5597">
    <p class='ocr_par' dir='ltr' id='par_1_116' title="bbox 2074 5528 2295 5597">
     <span class='ocr_line' id='line_1_116' title="bbox 2074 5528 2295 5597; baseline 0.014 -6"><span class='ocrx_word' id='word_1_957' title='bbox 2074 5528 2295 5597; x_wconf 68' lang='lat' dir='ltr'><strong>nabant-</strong></span> 
     </span>
    </p>
   </div>
   <div class='ocr_carea' id='block_1_117' title="bbox 2148 5617 3693 5700">
    <p class='ocr_par' dir='ltr' id='par_1_117' title="bbox 2148 5617 3693 5700">
     <span class='ocr_line' id='line_1_117' title="bbox 2148 5617 3693 5700; baseline -0.001 -23"><span class='ocrx_word' id='word_1_958' title='bbox 2148 5622 2213 5685; x_wconf 83' lang='grc' dir='ltr'><strong>γ.</strong></span> <span class='ocrx_word' id='word_1_959' title='bbox 2246 5617 2460 5687; x_wconf 77' lang='lat' dir='ltr'><strong>Deinde</strong></span> <span class='ocrx_word' id='word_1_960' title='bbox 2484 5618 2558 5683; x_wconf 75' lang='lat' dir='ltr'><strong>ait</strong></span> <span class='ocrx_word' id='word_1_961' title='bbox 2590 5635 2602 5671; x_wconf 88' lang='lat'><strong>:</strong></span> <span class='ocrx_word' id='word_1_962' title='bbox 2640 5618 2786 5676; x_wconf 82' lang='lat' dir='ltr'><strong>Beati</strong></span> <span class='ocrx_word' id='word_1_963' title='bbox 2814 5622 2902 5690; x_wconf 86' lang='lat' dir='ltr'><strong>qui</strong></span> <span class='ocrx_word' id='word_1_964' title='bbox 2948 5623 3184 5676; x_wconf 72' lang='lat' dir='ltr'><strong>esuriant</strong></span> <span class='ocrx_word' id='word_1_965' title='bbox 3237 5632 3285 5675; x_wconf 80' lang='lat' dir='ltr'><strong>et</strong></span> <span class='ocrx_word' id='word_1_966' title='bbox 3316 5623 3693 5700; x_wconf 80' lang='lat' dir='ltr'><strong>sitiuntjusti-</strong></span> 
     </span>
    </p>
   </div>
   <div class='ocr_carea' id='block_1_118' title="bbox 2081 5712 3710 5783">
    <p class='ocr_par' dir='ltr' id='par_1_118' title="bbox 2081 5712 3710 5783">
     <span class='ocr_line' id='line_1_118' title="bbox 2081 5712 3710 5783; baseline 0 -16"><span class='ocrx_word' id='word_1_967' title='bbox 2081 5716 2231 5781; x_wconf 77' lang='lat' dir='ltr'><strong>tiam,</strong></span> <span class='ocrx_word' id='word_1_968' title='bbox 2257 5712 2505 5783; x_wconf 72' lang='lat' dir='ltr'><strong>quoniam</strong></span> <span class='ocrx_word' id='word_1_969' title='bbox 2529 5714 2627 5782; x_wconf 81' lang='lat' dir='ltr'><strong>ipsi</strong></span> <span class='ocrx_word' id='word_1_970' title='bbox 2649 5714 3037 5769; x_wconf 72' lang='lat' dir='ltr'><strong>saturabuutur.</strong></span> <span class='ocrx_word' id='word_1_971' title='bbox 3057 5714 3173 5768; x_wconf 85' lang='lat' dir='ltr'><strong>Non</strong></span> <span class='ocrx_word' id='word_1_972' title='bbox 3203 5712 3351 5773; x_wconf 78' lang='lat' dir='ltr'><strong>facili</strong></span> <span class='ocrx_word' id='word_1_973' title='bbox 3380 5717 3710 5776; x_wconf 77' lang='lat' dir='ltr'><strong>desiderio,</strong></span> 
     </span>
    </p>
   </div>
  </div>
