  <div class='ocr_page' id='page_1' title='image "/cluster/home/n/w/nwhite01/storage/ocr_20150623/20/hvd.32044096580469/173.png"; bbox 0 0 4270 6176; ppageno 0'>
   <div class='ocr_carea' id='block_1_1' title="bbox 546 272 652 332">
    <p class='ocr_par' dir='ltr' id='par_1_1' title="bbox 546 272 652 332">
     <span class='ocr_line' id='line_1_1' title="bbox 546 272 652 332; baseline -0.028 0"><span class='ocrx_word' id='word_1_1' title='bbox 546 272 652 332; x_wconf 73' lang='grc'>355</span> 
     </span>
    </p>
   </div>
   <div class='ocr_carea' id='block_1_2' title="bbox 1534 254 2943 332">
    <p class='ocr_par' dir='ltr' id='par_1_2' title="bbox 1534 254 2943 332">
     <span class='ocr_line' id='line_1_2' title="bbox 1534 254 2943 332; baseline -0.009 -5"><span class='ocrx_word' id='word_1_2' title='bbox 1534 273 1542 281; x_wconf 89' lang='grc'><strong>”</strong></span> <span class='ocrx_word' id='word_1_3' title='bbox 1576 267 1633 327; x_wconf 88' lang='lat' dir='ltr'><strong>S.</strong></span> <span class='ocrx_word' id='word_1_4' title='bbox 1674 258 2053 325; x_wconf 79' lang='lat' dir='ltr'><strong>CllROMATll</strong></span> <span class='ocrx_word' id='word_1_5' title='bbox 2092 258 2311 320; x_wconf 85' lang='lat' dir='ltr'><strong>EPISC.</strong></span> <span class='ocrx_word' id='word_1_6' title='bbox 2353 256 2850 332; x_wconf 79' lang='lat' dir='ltr'><strong>AQUlLElENSlS.</strong></span> <span class='ocrx_word' id='word_1_7' title='bbox 2894 254 2943 265; x_wconf 75' lang='grc'><strong>’“</strong></span> 
     </span>
    </p>
   </div>
   <div class='ocr_carea' id='block_1_3' title="bbox 3748 254 3856 317">
    <p class='ocr_par' dir='ltr' id='par_1_3' title="bbox 3748 254 3856 317">
     <span class='ocr_line' id='line_1_3' title="bbox 3748 254 3856 317; baseline -0.019 0"><span class='ocrx_word' id='word_1_8' title='bbox 3748 254 3856 317; x_wconf 75' lang='grc'><strong>556</strong></span> 
     </span>
    </p>
   </div>
   <div class='ocr_carea' id='block_1_4' title="bbox 544 369 3857 456">
    <p class='ocr_par' dir='ltr' id='par_1_4' title="bbox 544 369 3857 456">
     <span class='ocr_line' id='line_1_4' title="bbox 544 369 3857 456; baseline -0.005 -15"><span class='ocrx_word' id='word_1_9' title='bbox 544 403 647 442; x_wconf 90' lang='lat' dir='ltr'><strong>nec</strong></span> <span class='ocrx_word' id='word_1_10' title='bbox 675 386 779 443; x_wconf 99' lang='lat' dir='ltr'><strong>levi</strong></span> <span class='ocrx_word' id='word_1_11' title='bbox 807 384 1126 456; x_wconf 77' lang='lat' dir='ltr'><strong>cupiditatis</strong></span> <span class='ocrx_word' id='word_1_12' title='bbox 1156 382 1356 438; x_wconf 86' lang='lat' dir='ltr'><strong>ardore</strong></span> <span class='ocrx_word' id='word_1_13' title='bbox 1379 381 1741 449; x_wconf 78' lang='lat' dir='ltr'><strong>expetendam</strong></span> <span class='ocrx_word' id='word_1_14' title='bbox 1775 396 1803 435; x_wconf 91' lang='lat' dir='ltr'><strong>a</strong></span> <span class='ocrx_word' id='word_1_15' title='bbox 1837 380 1998 435; x_wconf 83' lang='lat' dir='ltr'><strong>nobis</strong></span> <span class='ocrx_word' id='word_1_16' title='bbox 2030 392 2153 433; x_wconf 89' lang='lat' dir='ltr'><strong>esse</strong></span> <span class='ocrx_word' id='word_1_17' title='bbox 2182 377 2231 436; x_wconf 82' lang='grc' dir='ltr'><strong>Α</strong></span> <span class='ocrx_word' id='word_1_18' title='bbox 2260 376 2499 442; x_wconf 81' lang='lat' dir='ltr'><strong>spiritum</strong></span> <span class='ocrx_word' id='word_1_19' title='bbox 2525 386 2718 429; x_wconf 87' lang='lat' dir='ltr'><strong>rectum</strong></span> <span class='ocrx_word' id='word_1_20' title='bbox 2739 377 2927 428; x_wconf 86' lang='lat' dir='ltr'><strong>iunova</strong></span> <span class='ocrx_word' id='word_1_21' title='bbox 2950 374 3002 427; x_wconf 90' lang='lat' dir='ltr'><strong>in</strong></span> <span class='ocrx_word' id='word_1_22' title='bbox 3030 372 3309 428; x_wconf 69' lang='lat' dir='ltr'><strong>visceribus</strong></span> <span class='ocrx_word' id='word_1_23' title='bbox 3329 372 3457 427; x_wconf 89' lang='lat' dir='ltr'><strong>meis</strong></span> <span class='ocrx_word' id='word_1_24' title='bbox 3476 369 3648 444; x_wconf 82' lang='lat' dir='ltr'><strong>(Psal.</strong></span> <span class='ocrx_word' id='word_1_25' title='bbox 3670 373 3857 438; x_wconf 59' lang='grc' dir='ltr'>μη).</span> 
     </span>
    </p>
   </div>
   <div class='ocr_carea' id='block_1_5' title="bbox 538 469 2152 550">
    <p class='ocr_par' dir='ltr' id='par_1_5' title="bbox 538 469 2152 550">
     <span class='ocr_line' id='line_1_5' title="bbox 538 469 2152 550; baseline -0.007 -15"><span class='ocrx_word' id='word_1_26' title='bbox 538 482 811 550; x_wconf 75' lang='lat' dir='ltr'><strong>justitiam</strong></span> <span class='ocrx_word' id='word_1_27' title='bbox 842 479 1048 533; x_wconf 90' lang='lat' dir='ltr'><strong>docuit.</strong></span> <span class='ocrx_word' id='word_1_28' title='bbox 1100 475 1381 546; x_wconf 65' lang='lat' dir='ltr'><strong>Siquidem</strong></span> <span class='ocrx_word' id='word_1_29' title='bbox 1413 474 1513 528; x_wconf 87' lang='lat' dir='ltr'><strong>ltos</strong></span> <span class='ocrx_word' id='word_1_30' title='bbox 1562 474 1754 528; x_wconf 89' lang='lat' dir='ltr'><strong>beatos</strong></span> <span class='ocrx_word' id='word_1_31' title='bbox 1776 488 1898 528; x_wconf 82' lang='lat' dir='ltr'><strong>esse</strong></span> <span class='ocrx_word' id='word_1_32' title='bbox 1943 469 2152 543; x_wconf 82' lang='lat' dir='ltr'><strong>signiti-</strong></span> 
     </span>
    </p>
   </div>
   <div class='ocr_carea' id='block_1_6' title="bbox 550 564 2151 644">
    <p class='ocr_par' dir='ltr' id='par_1_6' title="bbox 550 564 2151 644">
     <span class='ocr_line' id='line_1_6' title="bbox 550 564 2151 644; baseline -0.006 -16"><span class='ocrx_word' id='word_1_33' title='bbox 550 576 767 644; x_wconf 89' lang='lat' dir='ltr'><strong>cat,qui</strong></span> <span class='ocrx_word' id='word_1_34' title='bbox 802 573 866 626; x_wconf 93' lang='lat' dir='ltr'><strong>ad</strong></span> <span class='ocrx_word' id='word_1_35' title='bbox 887 588 1007 628; x_wconf 86' lang='lat' dir='ltr'><strong>eam</strong></span> <span class='ocrx_word' id='word_1_36' title='bbox 1035 568 1508 639; x_wconf 86' lang='lat' dir='ltr'><strong>consequendam,</strong></span> <span class='ocrx_word' id='word_1_37' title='bbox 1529 568 1806 623; x_wconf 90' lang='lat' dir='ltr'><strong>esuriendi</strong></span> <span class='ocrx_word' id='word_1_38' title='bbox 1835 582 1896 621; x_wconf 89' lang='lat' dir='ltr'><strong>ac</strong></span> <span class='ocrx_word' id='word_1_39' title='bbox 1930 564 2151 621; x_wconf 88' lang='lat' dir='ltr'><strong>sitiendi</strong></span> 
     </span>
    </p>
   </div>
   <div class='ocr_carea' id='block_1_7' title="bbox 554 661 2148 733">
    <p class='ocr_par' dir='ltr' id='par_1_7' title="bbox 554 661 2148 733">
     <span class='ocr_line' id='line_1_7' title="bbox 554 661 2148 733; baseline -0.006 -10"><span class='ocrx_word' id='word_1_40' title='bbox 554 669 738 731; x_wconf 91' lang='lat' dir='ltr'><strong>modo,</strong></span> <span class='ocrx_word' id='word_1_41' title='bbox 772 666 976 721; x_wconf 65' lang='lat' dir='ltr'><strong>interni</strong></span> <span class='ocrx_word' id='word_1_42' title='bbox 1020 664 1280 721; x_wconf 66' lang='lat' dir='ltr'><strong>desiderii</strong></span> <span class='ocrx_word' id='word_1_43' title='bbox 1337 664 1725 733; x_wconf 85' lang='lat' dir='ltr'><strong>cupiditatibus</strong></span> <span class='ocrx_word' id='word_1_44' title='bbox 1758 661 2148 716; x_wconf 86' lang='lat' dir='ltr'><strong>inardescunt:</strong></span> 
     </span>
    </p>
   </div>
   <div class='ocr_carea' id='block_1_8' title="bbox 553 755 2151 829">
    <p class='ocr_par' dir='ltr' id='par_1_8' title="bbox 553 755 2151 829">
     <span class='ocr_line' id='line_1_8' title="bbox 553 755 2151 829; baseline -0.003 -16"><span class='ocrx_word' id='word_1_45' title='bbox 553 760 681 829; x_wconf 93' lang='lat' dir='ltr'><strong>quia</strong></span> <span class='ocrx_word' id='word_1_46' title='bbox 712 760 756 813; x_wconf 74' lang='lat' dir='ltr'><strong>si</strong></span> <span class='ocrx_word' id='word_1_47' title='bbox 785 775 904 813; x_wconf 87' lang='lat' dir='ltr'><strong>eam</strong></span> <span class='ocrx_word' id='word_1_48' title='bbox 924 758 1303 829; x_wconf 83' lang='lat' dir='ltr'><strong>unusquisque</strong></span> <span class='ocrx_word' id='word_1_49' title='bbox 1328 766 1571 812; x_wconf 90' lang='lat' dir='ltr'><strong>nostrum</strong></span> <span class='ocrx_word' id='word_1_50' title='bbox 1603 757 1852 811; x_wconf 88' lang='lat' dir='ltr'><strong>esuriens</strong></span> <span class='ocrx_word' id='word_1_51' title='bbox 1875 770 1937 809; x_wconf 88' lang='lat' dir='ltr'><strong>ac</strong></span> <span class='ocrx_word' id='word_1_52' title='bbox 1959 755 2151 809; x_wconf 87' lang='lat' dir='ltr'><strong>sitiens</strong></span> 
     </span>
    </p>
   </div>
   <div class='ocr_carea' id='block_1_9' title="bbox 550 847 2147 922">
    <p class='ocr_par' dir='ltr' id='par_1_9' title="bbox 550 847 2147 922">
     <span class='ocr_line' id='line_1_9' title="bbox 550 847 2147 922; baseline -0.006 -14"><span class='ocrx_word' id='word_1_53' title='bbox 550 853 831 908; x_wconf 89' lang='lat' dir='ltr'><strong>desiderio</strong></span> <span class='ocrx_word' id='word_1_54' title='bbox 888 851 1287 922; x_wconf 69' lang='lat' dir='ltr'><strong>concupiscat,</strong></span> <span class='ocrx_word' id='word_1_55' title='bbox 1333 865 1439 903; x_wconf 91' lang='lat' dir='ltr'><strong>non</strong></span> <span class='ocrx_word' id='word_1_56' title='bbox 1499 858 1679 919; x_wconf 88' lang='lat' dir='ltr'><strong>potest</strong></span> <span class='ocrx_word' id='word_1_57' title='bbox 1724 847 1871 902; x_wconf 91' lang='lat' dir='ltr'><strong>aliud</strong></span> <span class='ocrx_word' id='word_1_58' title='bbox 1910 862 2147 915; x_wconf 81' lang='lat' dir='ltr'><strong>semper,</strong></span> 
     </span>
    </p>
   </div>
   <div class='ocr_carea' id='block_1_10' title="bbox 556 939 2147 1015">
    <p class='ocr_par' dir='ltr' id='par_1_10' title="bbox 556 939 2147 1015">
     <span class='ocr_line' id='line_1_10' title="bbox 556 939 2147 1015; baseline -0.007 -13"><span class='ocrx_word' id='word_1_59' title='bbox 556 962 718 1015; x_wconf 89' lang='lat' dir='ltr'><strong>quam</strong></span> <span class='ocrx_word' id='word_1_60' title='bbox 774 944 1044 1014; x_wconf 86' lang='lat' dir='ltr'><strong>justitiam</strong></span> <span class='ocrx_word' id='word_1_61' title='bbox 1092 942 1361 1013; x_wconf 86' lang='lat' dir='ltr'><strong>cogitare,</strong></span> <span class='ocrx_word' id='word_1_62' title='bbox 1394 942 1659 1011; x_wconf 75' lang='lat' dir='ltr'><strong>justitiam</strong></span> <span class='ocrx_word' id='word_1_63' title='bbox 1693 957 1939 1011; x_wconf 77' lang='lat' dir='ltr'><strong>qua-rere</strong></span> <span class='ocrx_word' id='word_1_64' title='bbox 1973 957 1986 993; x_wconf 92' lang='lat'><strong>:</strong></span> <span class='ocrx_word' id='word_1_65' title='bbox 2025 939 2147 1009; x_wconf 84' lang='lat' dir='ltr'><strong>quia</strong></span> 
     </span>
    </p>
   </div>
   <div class='ocr_carea' id='block_1_11' title="bbox 546 1033 2150 1103">
    <p class='ocr_par' dir='ltr' id='par_1_11' title="bbox 546 1033 2150 1103">
     <span class='ocr_line' id='line_1_11' title="bbox 546 1033 2150 1103; baseline -0.005 -9"><span class='ocrx_word' id='word_1_66' title='bbox 546 1038 801 1094; x_wconf 85' lang='lat' dir='ltr'><strong>esuriens</strong></span> <span class='ocrx_word' id='word_1_67' title='bbox 826 1052 891 1092; x_wconf 91' lang='lat' dir='ltr'><strong>ac</strong></span> <span class='ocrx_word' id='word_1_68' title='bbox 936 1035 1155 1100; x_wconf 72' lang='lat' dir='ltr'><strong>sitiens,</strong></span> <span class='ocrx_word' id='word_1_69' title='bbox 1197 1050 1423 1091; x_wconf 88' lang='lat' dir='ltr'><strong>necesse</strong></span> <span class='ocrx_word' id='word_1_70' title='bbox 1455 1044 1562 1100; x_wconf 80' lang='lat' dir='ltr'><strong>est,</strong></span> <span class='ocrx_word' id='word_1_71' title='bbox 1594 1034 1643 1088; x_wconf 89' lang='lat' dir='ltr'><strong>id</strong></span> <span class='ocrx_word' id='word_1_72' title='bbox 1674 1034 1816 1103; x_wconf 86' lang='lat' dir='ltr'><strong>quod</strong></span> <span class='ocrx_word' id='word_1_73' title='bbox 1848 1033 1963 1086; x_wconf 88' lang='lat' dir='ltr'><strong>sitit</strong></span> <span class='ocrx_word' id='word_1_74' title='bbox 1989 1040 2150 1101; x_wconf 71' lang='lat' dir='ltr'><strong>atque</strong></span> 
     </span>
    </p>
   </div>
   <div class='ocr_carea' id='block_1_12' title="bbox 550 1126 2149 1198">
    <p class='ocr_par' dir='ltr' id='par_1_12' title="bbox 550 1126 2149 1198">
     <span class='ocr_line' id='line_1_12' title="bbox 550 1126 2149 1198; baseline -0.006 -11"><span class='ocrx_word' id='word_1_75' title='bbox 550 1132 745 1197; x_wconf 78' lang='lat' dir='ltr'><strong>esurit,</strong></span> <span class='ocrx_word' id='word_1_76' title='bbox 765 1129 1144 1198; x_wconf 60' lang='lat' dir='ltr'><strong>concupiscit.</strong></span> <span class='ocrx_word' id='word_1_77' title='bbox 1175 1129 1367 1183; x_wconf 89' lang='lat' dir='ltr'><strong>Merito</strong></span> <span class='ocrx_word' id='word_1_78' title='bbox 1397 1128 1558 1197; x_wconf 91' lang='lat' dir='ltr'><strong>igitur</strong></span> <span class='ocrx_word' id='word_1_79' title='bbox 1587 1127 1671 1181; x_wconf 85' lang='lat' dir='ltr'><strong>his</strong></span> <span class='ocrx_word' id='word_1_80' title='bbox 1704 1127 1885 1180; x_wconf 84' lang='lat' dir='ltr'><strong>taliter</strong></span> <span class='ocrx_word' id='word_1_81' title='bbox 1906 1126 2149 1180; x_wconf 76' lang='lat' dir='ltr'><strong>esurien-</strong></span> 
     </span>
    </p>
   </div>
   <div class='ocr_carea' id='block_1_13' title="bbox 552 1216 2151 1290">
    <p class='ocr_par' dir='ltr' id='par_1_13' title="bbox 552 1216 2151 1290">
     <span class='ocr_line' id='line_1_13' title="bbox 552 1216 2151 1290; baseline -0.006 -10"><span class='ocrx_word' id='word_1_82' title='bbox 552 1225 699 1280; x_wconf 87' lang='lat' dir='ltr'><strong>tibus</strong></span> <span class='ocrx_word' id='word_1_83' title='bbox 730 1239 793 1279; x_wconf 91' lang='lat' dir='ltr'><strong>ac</strong></span> <span class='ocrx_word' id='word_1_84' title='bbox 822 1223 1139 1279; x_wconf 91' lang='lat' dir='ltr'><strong>sitientibus</strong></span> <span class='ocrx_word' id='word_1_85' title='bbox 1157 1237 1303 1285; x_wconf 91' lang='lat' dir='ltr'><strong>eum,</strong></span> <span class='ocrx_word' id='word_1_86' title='bbox 1338 1222 1427 1290; x_wconf 87' lang='lat' dir='ltr'><strong>qui</strong></span> <span class='ocrx_word' id='word_1_87' title='bbox 1480 1220 1638 1290; x_wconf 89' lang='lat' dir='ltr'><strong>panis</strong></span> <span class='ocrx_word' id='word_1_88' title='bbox 1676 1219 1915 1274; x_wconf 74' lang='lat' dir='ltr'><strong>caelestis</strong></span> <span class='ocrx_word' id='word_1_89' title='bbox 1943 1233 2005 1272; x_wconf 89' lang='lat' dir='ltr'><strong>ac</strong></span> <span class='ocrx_word' id='word_1_90' title='bbox 2029 1216 2151 1271; x_wconf 82' lang='lat' dir='ltr'><strong>fons</strong></span> 
     </span>
    </p>
   </div>
   <div class='ocr_carea' id='block_1_14' title="bbox 549 1313 2151 1389">
    <p class='ocr_par' dir='ltr' id='par_1_14' title="bbox 549 1313 2151 1389">
     <span class='ocr_line' id='line_1_14' title="bbox 549 1313 2151 1389; baseline -0.004 -18"><span class='ocrx_word' id='word_1_91' title='bbox 549 1332 703 1389; x_wconf 65' lang='lat' dir='ltr'><strong>aqua:</strong></span> <span class='ocrx_word' id='word_1_92' title='bbox 731 1316 871 1371; x_wconf 70' lang='lat' dir='ltr'><strong>viva:</strong></span> <span class='ocrx_word' id='word_1_93' title='bbox 914 1326 1022 1381; x_wconf 90' lang='lat' dir='ltr'><strong>est,</strong></span> <span class='ocrx_word' id='word_1_94' title='bbox 1075 1316 1385 1369; x_wconf 88' lang='lat' dir='ltr'><strong>satietatem</strong></span> <span class='ocrx_word' id='word_1_95' title='bbox 1420 1313 1735 1367; x_wconf 77' lang='lat' dir='ltr'><strong>refectionis</strong></span> <span class='ocrx_word' id='word_1_96' title='bbox 1767 1314 1911 1366; x_wconf 90' lang='lat' dir='ltr'><strong>illius</strong></span> <span class='ocrx_word' id='word_1_97' title='bbox 1959 1326 2151 1381; x_wconf 90' lang='lat' dir='ltr'><strong>perpe-</strong></span> 
     </span>
    </p>
   </div>
   <div class='ocr_carea' id='block_1_15' title="bbox 544 1405 2149 1478">
    <p class='ocr_par' dir='ltr' id='par_1_15' title="bbox 544 1405 2149 1478">
     <span class='ocr_line' id='line_1_15' title="bbox 544 1405 2149 1478; baseline -0.004 -12"><span class='ocrx_word' id='word_1_98' title='bbox 544 1419 656 1466; x_wconf 72' lang='lat' dir='ltr'><strong>tua:</strong></span> <span class='ocrx_word' id='word_1_99' title='bbox 689 1408 1049 1472; x_wconf 87' lang='lat' dir='ltr'><strong>repromittit,</strong></span> <span class='ocrx_word' id='word_1_100' title='bbox 1086 1406 1356 1461; x_wconf 88' lang='lat' dir='ltr'><strong>dicendo:</strong></span> <span class='ocrx_word' id='word_1_101' title='bbox 1387 1407 1495 1478; x_wconf 74' lang='lat'><strong>26</strong></span> <span class='ocrx_word' id='word_1_102' title='bbox 1522 1405 1669 1459; x_wconf 84' lang='lat' dir='ltr'><strong>Beati</strong></span> <span class='ocrx_word' id='word_1_103' title='bbox 1710 1406 1800 1475; x_wconf 90' lang='lat' dir='ltr'><strong>qui</strong></span> <span class='ocrx_word' id='word_1_104' title='bbox 1822 1405 2054 1458; x_wconf 82' lang='lat' dir='ltr'><strong>esuriant</strong></span> <span class='ocrx_word' id='word_1_105' title='bbox 2099 1414 2149 1459; x_wconf 88' lang='lat' dir='ltr'><strong>et</strong></span> 
     </span>
    </p>
   </div>
   <div class='ocr_carea' id='block_1_16' title="bbox 544 1498 2147 1573">
    <p class='ocr_par' dir='ltr' id='par_1_16' title="bbox 544 1498 2147 1573">
     <span class='ocr_line' id='line_1_16' title="bbox 544 1498 2147 1573; baseline -0.004 -16"><span class='ocrx_word' id='word_1_106' title='bbox 544 1504 1024 1573; x_wconf 74' lang='lat' dir='ltr'><strong>sitiuntjustitiam,</strong></span> <span class='ocrx_word' id='word_1_107' title='bbox 1058 1503 1301 1570; x_wconf 89' lang='lat' dir='ltr'><strong>quoniam</strong></span> <span class='ocrx_word' id='word_1_108' title='bbox 1322 1502 1421 1570; x_wconf 96' lang='lat' dir='ltr'><strong>ipsi</strong></span> <span class='ocrx_word' id='word_1_109' title='bbox 1448 1502 1844 1553; x_wconf 85' lang='lat' dir='ltr'><strong>saturabuntur.</strong></span> <span class='ocrx_word' id='word_1_110' title='bbox 1866 1498 2018 1552; x_wconf 90' lang='lat' dir='ltr'><strong>Illam</strong></span> <span class='ocrx_word' id='word_1_111' title='bbox 2041 1499 2147 1552; x_wconf 91' lang='lat' dir='ltr'><strong>uti-</strong></span> 
     </span>
    </p>
   </div>
   <div class='ocr_carea' id='block_1_17' title="bbox 450 1590 2149 1667">
    <p class='ocr_par' dir='ltr' id='par_1_17' title="bbox 450 1590 2149 1667">
     <span class='ocr_line' id='line_1_17' title="bbox 450 1590 2149 1667; baseline -0.004 -15"><span class='ocrx_word' id='word_1_112' title='bbox 450 1636 453 1637; x_wconf 49' lang='grc' dir='ltr'><em>ν</em></span> <span class='ocrx_word' id='word_1_113' title='bbox 543 1612 651 1667; x_wconf 88' lang='lat' dir='ltr'><strong>que</strong></span> <span class='ocrx_word' id='word_1_114' title='bbox 676 1596 941 1665; x_wconf 74' lang='lat' dir='ltr'><strong>jusntiam</strong></span> <span class='ocrx_word' id='word_1_115' title='bbox 974 1594 1120 1657; x_wconf 90' lang='lat' dir='ltr'><strong>lidei,</strong></span> <span class='ocrx_word' id='word_1_116' title='bbox 1176 1609 1299 1664; x_wconf 85' lang='lat' dir='ltr'><strong>quae</strong></span> <span class='ocrx_word' id='word_1_117' title='bbox 1355 1592 1448 1649; x_wconf 86' lang='lat' dir='ltr'><strong>Dei</strong></span> <span class='ocrx_word' id='word_1_118' title='bbox 1491 1602 1544 1647; x_wconf 90' lang='lat' dir='ltr'><strong>et</strong></span> <span class='ocrx_word' id='word_1_119' title='bbox 1572 1590 1775 1647; x_wconf 74' lang='lat' dir='ltr'><strong>Clll&#39;isli</strong></span> <span class='ocrx_word' id='word_1_120' title='bbox 1808 1603 1912 1653; x_wconf 75' lang='grc' dir='ltr'><strong>εει,</strong></span> <span class='ocrx_word' id='word_1_121' title='bbox 1944 1592 2012 1646; x_wconf 91' lang='lat' dir='ltr'><strong>de</strong></span> <span class='ocrx_word' id='word_1_122' title='bbox 2043 1607 2149 1661; x_wconf 88' lang='lat' dir='ltr'><strong>qua</strong></span> 
     </span>
    </p>
   </div>
   <div class='ocr_carea' id='block_1_18' title="bbox 546 1682 2149 1756">
    <p class='ocr_par' dir='ltr' id='par_1_18' title="bbox 546 1682 2149 1756">
     <span class='ocr_line' id='line_1_18' title="bbox 546 1682 2149 1756; baseline -0.004 -14"><span class='ocrx_word' id='word_1_123' title='bbox 546 1696 603 1742; x_wconf 92' lang='lat' dir='ltr'><strong>et</strong></span> <span class='ocrx_word' id='word_1_124' title='bbox 655 1688 950 1756; x_wconf 79' lang='lat' dir='ltr'><strong>Apostolus</strong></span> <span class='ocrx_word' id='word_1_125' title='bbox 999 1686 1186 1742; x_wconf 89' lang='lat' dir='ltr'><strong>retulit</strong></span> <span class='ocrx_word' id='word_1_126' title='bbox 1216 1702 1229 1738; x_wconf 92' lang='lat'>:</span> <span class='ocrx_word' id='word_1_127' title='bbox 1258 1684 1474 1739; x_wconf 79' lang='lat' dir='ltr'><strong>Iustitia</strong></span> <span class='ocrx_word' id='word_1_128' title='bbox 1519 1694 1689 1737; x_wconf 89' lang='lat' dir='ltr'><strong>autem</strong></span> <span class='ocrx_word' id='word_1_129' title='bbox 1725 1682 1820 1737; x_wconf 91' lang='lat' dir='ltr'><strong>Dei</strong></span> <span class='ocrx_word' id='word_1_130' title='bbox 1874 1700 1964 1753; x_wconf 86' lang='lat' dir='ltr'><strong>per</strong></span> <span class='ocrx_word' id='word_1_131' title='bbox 1994 1683 2149 1752; x_wconf 81' lang='lat' dir='ltr'><strong>fidem</strong></span> 
     </span>
    </p>
   </div>
   <div class='ocr_carea' id='block_1_19' title="bbox 2258 466 3858 539">
    <p class='ocr_par' dir='ltr' id='par_1_19' title="bbox 2258 466 3858 539">
     <span class='ocr_line' id='line_1_19' title="bbox 2258 466 3858 539; baseline -0.001 -16"><span class='ocrx_word' id='word_1_132' title='bbox 2258 467 2574 537; x_wconf 82' lang='lat' dir='ltr'><strong>llujusmodi</strong></span> <span class='ocrx_word' id='word_1_133' title='bbox 2618 483 2750 539; x_wconf 88' lang='lat' dir='ltr'><strong>ergo</strong></span> <span class='ocrx_word' id='word_1_134' title='bbox 2781 468 2984 521; x_wconf 89' lang='lat' dir='ltr'><strong>mundo</strong></span> <span class='ocrx_word' id='word_1_135' title='bbox 3014 467 3179 522; x_wconf 87' lang='lat' dir='ltr'><strong>corde</strong></span> <span class='ocrx_word' id='word_1_136' title='bbox 3209 467 3471 522; x_wconf 74' lang='lat' dir='ltr'><strong>Dmuiuus</strong></span> <span class='ocrx_word' id='word_1_137' title='bbox 3502 466 3692 521; x_wconf 82' lang='lat' dir='ltr'><strong>beatos</strong></span> <span class='ocrx_word' id='word_1_138' title='bbox 3730 482 3858 522; x_wconf 89' lang='lat' dir='ltr'><strong>esse</strong></span> 
     </span>
    </p>
   </div>
   <div class='ocr_carea' id='block_1_20' title="bbox 2254 563 3856 636">
    <p class='ocr_par' dir='ltr' id='par_1_20' title="bbox 2254 563 3856 636">
     <span class='ocr_line' id='line_1_20' title="bbox 2254 563 3856 636; baseline -0.002 -15"><span class='ocrx_word' id='word_1_139' title='bbox 2254 566 2518 627; x_wconf 87' lang='lat' dir='ltr'><strong>ostendit.</strong></span> <span class='ocrx_word' id='word_1_140' title='bbox 2552 568 2641 635; x_wconf 88' lang='lat' dir='ltr'><strong>qui</strong></span> <span class='ocrx_word' id='word_1_141' title='bbox 2674 583 2805 636; x_wconf 87' lang='lat' dir='ltr'><strong>pura</strong></span> <span class='ocrx_word' id='word_1_142' title='bbox 2845 576 3031 621; x_wconf 89' lang='lat' dir='ltr'><strong>mente</strong></span> <span class='ocrx_word' id='word_1_143' title='bbox 3055 574 3111 621; x_wconf 91' lang='lat' dir='ltr'><strong>et</strong></span> <span class='ocrx_word' id='word_1_144' title='bbox 3140 566 3345 634; x_wconf 80' lang='lat' dir='ltr'><strong>integra</strong></span> <span class='ocrx_word' id='word_1_145' title='bbox 3389 564 3725 619; x_wconf 90' lang='lat' dir='ltr'><strong>conscientia</strong></span> <span class='ocrx_word' id='word_1_146' title='bbox 3755 563 3856 617; x_wconf 88' lang='lat' dir='ltr'><strong>sub</strong></span> 
     </span>
    </p>
   </div>
   <div class='ocr_carea' id='block_1_21' title="bbox 2253 656 3856 728">
    <p class='ocr_par' dir='ltr' id='par_1_21' title="bbox 2253 656 3856 728">
     <span class='ocr_line' id='line_1_21' title="bbox 2253 656 3856 728; baseline -0.001 -15"><span class='ocrx_word' id='word_1_147' title='bbox 2253 659 2360 716; x_wconf 79' lang='lat' dir='ltr'><strong>title</strong></span> <span class='ocrx_word' id='word_1_148' title='bbox 2410 659 2625 715; x_wconf 84' lang='lat' dir='ltr'><strong>Domini</strong></span> <span class='ocrx_word' id='word_1_149' title='bbox 2673 661 2948 725; x_wconf 83' lang='lat' dir='ltr'><strong>viventes,</strong></span> <span class='ocrx_word' id='word_1_150' title='bbox 2981 659 3146 715; x_wconf 90' lang='lat' dir='ltr'><strong>Deum</strong></span> <span class='ocrx_word' id='word_1_151' title='bbox 3190 658 3382 728; x_wconf 68' lang='lat' dir='ltr'><strong>gloria:</strong></span> <span class='ocrx_word' id='word_1_152' title='bbox 3427 658 3480 711; x_wconf 87' lang='lat' dir='ltr'><strong>itt</strong></span> <span class='ocrx_word' id='word_1_153' title='bbox 3514 656 3709 717; x_wconf 25' lang='lat' dir='ltr'><strong>futuro,</strong></span> <span class='ocrx_word' id='word_1_154' title='bbox 3739 671 3856 711; x_wconf 73' lang='lat' dir='ltr'><strong>cu:-</strong></span> 
     </span>
    </p>
   </div>
   <div class='ocr_carea' id='block_1_22' title="bbox 2252 751 3856 827">
    <p class='ocr_par' dir='ltr' id='par_1_22' title="bbox 2252 751 3856 827">
     <span class='ocr_line' id='line_1_22' title="bbox 2252 751 3856 827; baseline -0.006 -16"><span class='ocrx_word' id='word_1_155' title='bbox 2252 757 2375 812; x_wconf 90' lang='lat' dir='ltr'><strong>lesti</strong></span> <span class='ocrx_word' id='word_1_156' title='bbox 2429 756 2622 827; x_wconf 79' lang='lat' dir='ltr'><strong>Regno</strong></span> <span class='ocrx_word' id='word_1_157' title='bbox 2669 758 2994 827; x_wconf 80' lang='lat' dir='ltr'><strong>conspicere</strong></span> <span class='ocrx_word' id='word_1_158' title='bbox 3026 754 3422 811; x_wconf 79' lang='lat' dir='ltr'><strong>merebuntur:</strong></span> <span class='ocrx_word' id='word_1_159' title='bbox 3466 751 3584 805; x_wconf 86' lang='lat' dir='ltr'><strong>Non</strong></span> <span class='ocrx_word' id='word_1_160' title='bbox 3620 754 3735 825; x_wconf 87' lang='lat' dir='ltr'><strong>jam</strong></span> <span class='ocrx_word' id='word_1_161' title='bbox 3767 766 3856 818; x_wconf 87' lang='lat' dir='ltr'><strong>per</strong></span> 
     </span>
    </p>
   </div>
   <div class='ocr_carea' id='block_1_23' title="bbox 2253 845 3857 921">
    <p class='ocr_par' dir='ltr' id='par_1_23' title="bbox 2253 845 3857 921">
     <span class='ocr_line' id='line_1_23' title="bbox 2253 845 3857 921; baseline -0.003 -17"><span class='ocrx_word' id='word_1_162' title='bbox 2253 850 2515 918; x_wconf 87' lang='lat' dir='ltr'><strong>speculum</strong></span> <span class='ocrx_word' id='word_1_163' title='bbox 2540 860 2588 903; x_wconf 88' lang='lat' dir='ltr'><strong>et</strong></span> <span class='ocrx_word' id='word_1_164' title='bbox 2605 850 2657 903; x_wconf 90' lang='lat' dir='ltr'><strong>in</strong></span> <span class='ocrx_word' id='word_1_165' title='bbox 2682 850 2976 921; x_wconf 77' lang='lat' dir='ltr'><strong>ienigmate,</strong></span> <span class='ocrx_word' id='word_1_166' title='bbox 3002 848 3093 903; x_wconf 91' lang='lat' dir='ltr'><strong>sed</strong></span> <span class='ocrx_word' id='word_1_167' title='bbox 3115 848 3249 917; x_wconf 77' lang='lat' dir='ltr'><strong>[acie</strong></span> <span class='ocrx_word' id='word_1_168' title='bbox 3279 846 3348 899; x_wconf 86' lang='lat' dir='ltr'><strong>ad</strong></span> <span class='ocrx_word' id='word_1_169' title='bbox 3378 845 3561 913; x_wconf 77' lang='lat' dir='ltr'><strong>faciem</strong></span> <span class='ocrx_word' id='word_1_170' title='bbox 3582 887 3595 909; x_wconf 91' lang='lat'><strong>,</strong></span> <span class='ocrx_word' id='word_1_171' title='bbox 3621 854 3677 898; x_wconf 91' lang='lat' dir='ltr'><strong>ut</strong></span> <span class='ocrx_word' id='word_1_172' title='bbox 3712 846 3857 912; x_wconf 80' lang='lat' dir='ltr'><strong>Apo-</strong></span> 
     </span>
    </p>
   </div>
   <div class='ocr_carea' id='block_1_24' title="bbox 2254 938 3851 1011">
    <p class='ocr_par' dir='ltr' id='par_1_24' title="bbox 2254 938 3851 1011">
     <span class='ocr_line' id='line_1_24' title="bbox 2254 938 3851 1011; baseline -0.004 -14"><span class='ocrx_word' id='word_1_173' title='bbox 2254 943 2430 997; x_wconf 90' lang='lat' dir='ltr'><strong>stolus</strong></span> <span class='ocrx_word' id='word_1_174' title='bbox 2464 942 2651 997; x_wconf 81' lang='lat' dir='ltr'><strong>retulit</strong></span> <span class='ocrx_word' id='word_1_175' title='bbox 2681 941 2722 1011; x_wconf 91' lang='lat' dir='ltr'><strong>(l</strong></span> <span class='ocrx_word' id='word_1_176' title='bbox 2750 941 2871 995; x_wconf 85' lang='lat' dir='ltr'><strong>Cor.</strong></span> <span class='ocrx_word' id='word_1_177' title='bbox 2902 957 3021 1004; x_wconf 67' lang='grc' dir='ltr'><strong>χιιι,</strong></span> <span class='ocrx_word' id='word_1_178' title='bbox 3054 942 3167 1010; x_wconf 66' lang='grc'>12).</span> <span class='ocrx_word' id='word_1_179' title='bbox 3200 938 3362 994; x_wconf 84' lang='lat' dir='ltr'><strong>Modo</strong></span> <span class='ocrx_word' id='word_1_180' title='bbox 3385 942 3532 994; x_wconf 90' lang='lat' dir='ltr'><strong>enim</strong></span> <span class='ocrx_word' id='word_1_181' title='bbox 3568 938 3693 992; x_wconf 80' lang='lat' dir='ltr'><strong>licet</strong></span> <span class='ocrx_word' id='word_1_182' title='bbox 3718 952 3851 993; x_wconf 83' lang='lat' dir='ltr'><strong>ocu-</strong></span> 
     </span>
    </p>
   </div>
   <div class='ocr_carea' id='block_1_25' title="bbox 2255 1032 3853 1108">
    <p class='ocr_par' dir='ltr' id='par_1_25' title="bbox 2255 1032 3853 1108">
     <span class='ocr_line' id='line_1_25' title="bbox 2255 1032 3853 1108; baseline -0.003 -18"><span class='ocrx_word' id='word_1_183' title='bbox 2255 1036 2322 1093; x_wconf 89' lang='lat' dir='ltr'><strong>lis</strong></span> <span class='ocrx_word' id='word_1_184' title='bbox 2351 1037 2474 1092; x_wconf 81' lang='lat' dir='ltr'><strong>ﬁdei</strong></span> <span class='ocrx_word' id='word_1_185' title='bbox 2499 1037 2670 1092; x_wconf 88' lang='lat' dir='ltr'><strong>Deum</strong></span> <span class='ocrx_word' id='word_1_186' title='bbox 2695 1036 3155 1108; x_wconf 84' lang='lat' dir='ltr'><strong>contemplemur,</strong></span> <span class='ocrx_word' id='word_1_187' title='bbox 3181 1034 3489 1090; x_wconf 88' lang='lat' dir='ltr'><strong>claritatem</strong></span> <span class='ocrx_word' id='word_1_188' title='bbox 3521 1040 3700 1087; x_wconf 89' lang='lat' dir='ltr'><strong>tamen</strong></span> <span class='ocrx_word' id='word_1_189' title='bbox 3732 1032 3853 1101; x_wconf 78' lang='lat' dir='ltr'><strong>ejus</strong></span> 
     </span>
    </p>
   </div>
   <div class='ocr_carea' id='block_1_26' title="bbox 2253 1130 3855 1201">
    <p class='ocr_par' dir='ltr' id='par_1_26' title="bbox 2253 1130 3855 1201">
     <span class='ocr_line' id='line_1_26' title="bbox 2253 1130 3855 1201; baseline -0.002 -16"><span class='ocrx_word' id='word_1_190' title='bbox 2253 1146 2365 1201; x_wconf 71' lang='lat' dir='ltr'><strong>pra:</strong></span> <span class='ocrx_word' id='word_1_191' title='bbox 2418 1131 2735 1185; x_wconf 90' lang='lat' dir='ltr'><strong>inlirmitate</strong></span> <span class='ocrx_word' id='word_1_192' title='bbox 2766 1132 2948 1187; x_wconf 88' lang='lat' dir='ltr'><strong>carnis</strong></span> <span class='ocrx_word' id='word_1_193' title='bbox 2996 1130 3185 1185; x_wconf 91' lang='lat' dir='ltr'><strong>videre</strong></span> <span class='ocrx_word' id='word_1_194' title='bbox 3216 1146 3323 1182; x_wconf 79' lang='lat' dir='ltr'><strong>non</strong></span> <span class='ocrx_word' id='word_1_195' title='bbox 3354 1142 3647 1198; x_wconf 64' lang='lat' dir='ltr'><strong>possumus</strong></span> <span class='ocrx_word' id='word_1_196' title='bbox 3678 1146 3690 1181; x_wconf 89' lang='lat'><strong>:</strong></span> <span class='ocrx_word' id='word_1_197' title='bbox 3723 1138 3855 1181; x_wconf 90' lang='lat' dir='ltr'><strong>tunc</strong></span> 
     </span>
    </p>
   </div>
   <div class='ocr_carea' id='block_1_27' title="bbox 2252 1219 3853 1293">
    <p class='ocr_par' dir='ltr' id='par_1_27' title="bbox 2252 1219 3853 1293">
     <span class='ocr_line' id='line_1_27' title="bbox 2252 1219 3853 1293; baseline -0.001 -17"><span class='ocrx_word' id='word_1_198' title='bbox 2252 1234 2434 1277; x_wconf 88' lang='lat' dir='ltr'><strong>autem</strong></span> <span class='ocrx_word' id='word_1_199' title='bbox 2469 1221 2776 1278; x_wconf 82' lang='lat' dir='ltr'><strong>videbimus</strong></span> <span class='ocrx_word' id='word_1_200' title='bbox 2826 1238 2975 1287; x_wconf 91' lang='lat' dir='ltr'><strong>eum,</strong></span> <span class='ocrx_word' id='word_1_201' title='bbox 3008 1229 3226 1289; x_wconf 85' lang='lat' dir='ltr'><strong>accepta</strong></span> <span class='ocrx_word' id='word_1_202' title='bbox 3276 1222 3388 1293; x_wconf 73' lang='lat'><strong>28</strong></span> <span class='ocrx_word' id='word_1_203' title='bbox 3438 1219 3853 1275; x_wconf 84' lang='lat' dir='ltr'><strong>immortalitate</strong></span> 
     </span>
    </p>
   </div>
   <div class='ocr_carea' id='block_1_28' title="bbox 2257 1314 3855 1387">
    <p class='ocr_par' dir='ltr' id='par_1_28' title="bbox 2257 1314 3855 1387">
     <span class='ocr_line' id='line_1_28' title="bbox 2257 1314 3855 1387; baseline -0.001 -16"><span class='ocrx_word' id='word_1_204' title='bbox 2257 1316 2310 1371; x_wconf 91' lang='lat' dir='ltr'><strong>in</strong></span> <span class='ocrx_word' id='word_1_205' title='bbox 2352 1317 2630 1372; x_wconf 70' lang='lat' dir='ltr'><strong>caelestem</strong></span> <span class='ocrx_word' id='word_1_206' title='bbox 2677 1317 2909 1387; x_wconf 81' lang='lat' dir='ltr'><strong>gloriam</strong></span> <span class='ocrx_word' id='word_1_207' title='bbox 2963 1315 3368 1379; x_wconf 80' lang='lat' dir='ltr'><strong>transformati,</strong></span> <span class='ocrx_word' id='word_1_208' title='bbox 3413 1330 3538 1369; x_wconf 88' lang='lat' dir='ltr'><strong>cum</strong></span> <span class='ocrx_word' id='word_1_209' title='bbox 3572 1314 3855 1369; x_wconf 71' lang='lat' dir='ltr'><strong>immorta-</strong></span> 
     </span>
    </p>
   </div>
   <div class='ocr_carea' id='block_1_29' title="bbox 2253 1405 3850 1476">
    <p class='ocr_par' dir='ltr' id='par_1_29' title="bbox 2253 1405 3850 1476">
     <span class='ocr_line' id='line_1_29' title="bbox 2253 1405 3850 1476; baseline -0.001 -15"><span class='ocrx_word' id='word_1_210' title='bbox 2253 1408 2358 1463; x_wconf 91' lang='lat' dir='ltr'><strong>lem</strong></span> <span class='ocrx_word' id='word_1_211' title='bbox 2409 1409 2577 1463; x_wconf 90' lang='lat' dir='ltr'><strong>Deum</strong></span> <span class='ocrx_word' id='word_1_212' title='bbox 2610 1409 3014 1464; x_wconf 83' lang='lat' dir='ltr'><strong>immortalibus</strong></span> <span class='ocrx_word' id='word_1_213' title='bbox 3034 1408 3212 1462; x_wconf 92' lang='lat' dir='ltr'><strong>oculis</strong></span> <span class='ocrx_word' id='word_1_214' title='bbox 3258 1407 3581 1473; x_wconf 79' lang='lat' dir='ltr'><strong>conspicere</strong></span> <span class='ocrx_word' id='word_1_215' title='bbox 3611 1405 3850 1476; x_wconf 62' lang='lat' dir='ltr'><strong>casperio</strong></span> 
     </span>
    </p>
   </div>
   <div class='ocr_carea' id='block_1_30' title="bbox 2255 1496 3851 1570">
    <p class='ocr_par' dir='ltr' id='par_1_30' title="bbox 2255 1496 3851 1570">
     <span class='ocr_line' id='line_1_30' title="bbox 2255 1496 3851 1570; baseline -0.001 -17"><span class='ocrx_word' id='word_1_216' title='bbox 2255 1515 2373 1553; x_wconf 90' lang='lat' dir='ltr'><strong>mus</strong></span> <span class='ocrx_word' id='word_1_217' title='bbox 2399 1517 2411 1553; x_wconf 91' lang='lat'><strong>:</strong></span> <span class='ocrx_word' id='word_1_218' title='bbox 2437 1510 2491 1554; x_wconf 92' lang='lat' dir='ltr'><strong>et</strong></span> <span class='ocrx_word' id='word_1_219' title='bbox 2525 1510 2653 1555; x_wconf 91' lang='lat' dir='ltr'><strong>tunc</strong></span> <span class='ocrx_word' id='word_1_220' title='bbox 2684 1516 2814 1554; x_wconf 85' lang='lat' dir='ltr'><strong>vere</strong></span> <span class='ocrx_word' id='word_1_221' title='bbox 2865 1500 3184 1570; x_wconf 86' lang='lat' dir='ltr'><strong>implebitur</strong></span> <span class='ocrx_word' id='word_1_222' title='bbox 3234 1500 3284 1553; x_wconf 91' lang='lat' dir='ltr'><strong>in</strong></span> <span class='ocrx_word' id='word_1_223' title='bbox 3319 1498 3481 1553; x_wconf 87' lang='lat' dir='ltr'><strong>nobis</strong></span> <span class='ocrx_word' id='word_1_224' title='bbox 3515 1498 3670 1562; x_wconf 89' lang='lat' dir='ltr'><strong>illud,</strong></span> <span class='ocrx_word' id='word_1_225' title='bbox 3704 1496 3851 1567; x_wconf 88' lang='lat' dir='ltr'><strong>quod</strong></span> 
     </span>
    </p>
   </div>
   <div class='ocr_carea' id='block_1_31' title="bbox 2254 1592 3852 1665">
    <p class='ocr_par' dir='ltr' id='par_1_31' title="bbox 2254 1592 3852 1665">
     <span class='ocr_line' id='line_1_31' title="bbox 2254 1592 3852 1665; baseline -0.002 -17"><span class='ocrx_word' id='word_1_226' title='bbox 2254 1594 2515 1665; x_wconf 90' lang='lat' dir='ltr'><strong>scriptum</strong></span> <span class='ocrx_word' id='word_1_227' title='bbox 2549 1604 2634 1649; x_wconf 91' lang='lat' dir='ltr'><strong>est</strong></span> <span class='ocrx_word' id='word_1_228' title='bbox 2663 1611 2675 1647; x_wconf 92' lang='lat'><strong>:</strong></span> <span class='ocrx_word' id='word_1_229' title='bbox 2709 1593 2859 1649; x_wconf 84' lang='lat' dir='ltr'><strong>Sicut</strong></span> <span class='ocrx_word' id='word_1_230' title='bbox 2904 1593 3222 1659; x_wconf 84' lang='lat' dir='ltr'><strong>audivimus,</strong></span> <span class='ocrx_word' id='word_1_231' title='bbox 3272 1594 3345 1646; x_wconf 86' lang='lat' dir='ltr'><strong>ita</strong></span> <span class='ocrx_word' id='word_1_232' title='bbox 3374 1602 3421 1645; x_wconf 91' lang='lat' dir='ltr'><strong>et</strong></span> <span class='ocrx_word' id='word_1_233' title='bbox 3444 1592 3665 1645; x_wconf 88' lang='lat' dir='ltr'><strong>vidimus</strong></span> <span class='ocrx_word' id='word_1_234' title='bbox 3693 1592 3748 1645; x_wconf 89' lang='lat' dir='ltr'><strong>in</strong></span> <span class='ocrx_word' id='word_1_235' title='bbox 3778 1592 3852 1645; x_wconf 85' lang='lat' dir='ltr'><strong>ci-</strong></span> 
     </span>
    </p>
   </div>
   <div class='ocr_carea' id='block_1_32' title="bbox 2250 1682 3849 1757">
    <p class='ocr_par' dir='ltr' id='par_1_32' title="bbox 2250 1682 3849 1757">
     <span class='ocr_line' id='line_1_32' title="bbox 2250 1682 3849 1757; baseline -0.001 -17"><span class='ocrx_word' id='word_1_236' title='bbox 2250 1688 2404 1741; x_wconf 79' lang='lat' dir='ltr'><strong>vitate</strong></span> <span class='ocrx_word' id='word_1_237' title='bbox 2434 1686 2646 1741; x_wconf 81' lang='lat' dir='ltr'><strong>Domini</strong></span> <span class='ocrx_word' id='word_1_238' title='bbox 2676 1687 2924 1740; x_wconf 86' lang='lat' dir='ltr'><strong>virtutum</strong></span> <span class='ocrx_word' id='word_1_239' title='bbox 2953 1685 2971 1757; x_wconf 94' lang='lat'>(</span> <span class='ocrx_word' id='word_1_240' title='bbox 2998 1684 3148 1739; x_wconf 91' lang='lat' dir='ltr'><strong>Psal.</strong></span> <span class='ocrx_word' id='word_1_241' title='bbox 3185 1701 3351 1745; x_wconf 72' lang='grc' dir='ltr'><strong>ιινιι.</strong></span> <span class='ocrx_word' id='word_1_242' title='bbox 3383 1682 3471 1755; x_wconf 89' lang='grc'><strong>9).</strong></span> <span class='ocrx_word' id='word_1_243' title='bbox 3503 1683 3620 1739; x_wconf 81' lang='lat' dir='ltr'><strong>Non</strong></span> <span class='ocrx_word' id='word_1_244' title='bbox 3652 1684 3849 1739; x_wconf 84' lang='lat' dir='ltr'><strong>imme-</strong></span> 
     </span>
    </p>
   </div>
   <div class='ocr_carea' id='block_1_33' title="bbox 543 1773 3852 1849">
    <p class='ocr_par' dir='ltr' id='par_1_33' title="bbox 543 1773 3852 1849">
     <span class='ocr_line' id='line_1_33' title="bbox 543 1773 3852 1849; baseline -0.001 -14"><span class='ocrx_word' id='word_1_245' title='bbox 543 1781 672 1836; x_wconf 78' lang='lat' dir='ltr'><strong>Jesu</strong></span> <span class='ocrx_word' id='word_1_246' title='bbox 703 1780 918 1847; x_wconf 81' lang='lat' dir='ltr'><strong>Christi,</strong></span> <span class='ocrx_word' id='word_1_247' title='bbox 950 1783 1005 1835; x_wconf 89' lang='lat' dir='ltr'><strong>in</strong></span> <span class='ocrx_word' id='word_1_248' title='bbox 1035 1798 1210 1836; x_wconf 88' lang='lat' dir='ltr'><strong>onmes</strong></span> <span class='ocrx_word' id='word_1_249' title='bbox 1238 1791 1285 1833; x_wconf 90' lang='lat' dir='ltr'><strong>et</strong></span> <span class='ocrx_word' id='word_1_250' title='bbox 1314 1796 1469 1844; x_wconf 80' lang='lat' dir='ltr'><strong>super</strong></span> <span class='ocrx_word' id='word_1_251' title='bbox 1514 1797 1690 1833; x_wconf 83' lang='lat' dir='ltr'><strong>omnes</strong></span> <span class='ocrx_word' id='word_1_252' title='bbox 1740 1780 1826 1849; x_wconf 88' lang='lat' dir='ltr'><strong>qui</strong></span> <span class='ocrx_word' id='word_1_253' title='bbox 1857 1780 2068 1833; x_wconf 82' lang='lat' dir='ltr'><strong>credunt</strong></span> <span class='ocrx_word' id='word_1_254' title='bbox 2096 1780 2149 1833; x_wconf 88' lang='lat' dir='ltr'><strong>in</strong></span> <span class='ocrx_word' id='word_1_255' title='bbox 2179 1773 2227 1833; x_wconf 87' lang='lat' dir='ltr'><strong>B</strong></span> <span class='ocrx_word' id='word_1_256' title='bbox 2256 1782 2362 1834; x_wconf 82' lang='lat' dir='ltr'><strong>rito</strong></span> <span class='ocrx_word' id='word_1_257' title='bbox 2394 1780 2536 1836; x_wconf 90' lang='lat' dir='ltr'><strong>idem</strong></span> <span class='ocrx_word' id='word_1_258' title='bbox 2569 1780 2739 1834; x_wconf 89' lang='lat' dir='ltr'><strong>David</strong></span> <span class='ocrx_word' id='word_1_259' title='bbox 2771 1796 2892 1833; x_wconf 80' lang='lat' dir='ltr'><strong>cum</strong></span> <span class='ocrx_word' id='word_1_260' title='bbox 2924 1778 3089 1833; x_wconf 79' lang='lat' dir='ltr'><strong>futuri</strong></span> <span class='ocrx_word' id='word_1_261' title='bbox 3118 1779 3382 1846; x_wconf 89' lang='lat' dir='ltr'><strong>temporis</strong></span> <span class='ocrx_word' id='word_1_262' title='bbox 3408 1778 3641 1848; x_wconf 81' lang='lat' dir='ltr'><strong>gloriam</strong></span> <span class='ocrx_word' id='word_1_263' title='bbox 3668 1785 3852 1832; x_wconf 83' lang='lat' dir='ltr'><strong>osten-</strong></span> 
     </span>
    </p>
   </div>
   <div class='ocr_carea' id='block_1_34' title="bbox 542 1872 2145 1949">
    <p class='ocr_par' dir='ltr' id='par_1_34' title="bbox 542 1872 2145 1949">
     <span class='ocr_line' id='line_1_34' title="bbox 542 1872 2145 1949; baseline -0.002 -18"><span class='ocrx_word' id='word_1_264' title='bbox 542 1894 655 1932; x_wconf 90' lang='lat' dir='ltr'><strong>eum</strong></span> <span class='ocrx_word' id='word_1_265' title='bbox 689 1876 866 1949; x_wconf 81' lang='lat' dir='ltr'><strong>(Rom.</strong></span> <span class='ocrx_word' id='word_1_266' title='bbox 900 1892 980 1937; x_wconf 88' lang='lat' dir='ltr'><strong>nt.</strong></span> <span class='ocrx_word' id='word_1_267' title='bbox 1033 1874 1149 1945; x_wconf 68' lang='grc' dir='ltr'>ΞΟ).</span> <span class='ocrx_word' id='word_1_268' title='bbox 1188 1874 1285 1929; x_wconf 83' lang='lat' dir='ltr'><strong>Vel</strong></span> <span class='ocrx_word' id='word_1_269' title='bbox 1331 1884 1480 1929; x_wconf 92' lang='lat' dir='ltr'><strong>certe</strong></span> <span class='ocrx_word' id='word_1_270' title='bbox 1538 1874 1715 1943; x_wconf 89' lang='lat' dir='ltr'><strong>ipsum</strong></span> <span class='ocrx_word' id='word_1_271' title='bbox 1761 1872 2054 1927; x_wconf 91' lang='lat' dir='ltr'><strong>Dominum</strong></span> <span class='ocrx_word' id='word_1_272' title='bbox 2081 1886 2145 1927; x_wconf 88' lang='lat' dir='ltr'><strong>ac</strong></span> 
     </span>
    </p>
   </div>
   <div class='ocr_carea' id='block_1_35' title="bbox 543 1964 2146 2034">
    <p class='ocr_par' dir='ltr' id='par_1_35' title="bbox 543 1964 2146 2034">
     <span class='ocr_line' id='line_1_35' title="bbox 543 1964 2146 2034; baseline -0.005 -9"><span class='ocrx_word' id='word_1_273' title='bbox 543 1969 884 2025; x_wconf 67' lang='lat' dir='ltr'><strong>Salvatora-m</strong></span> <span class='ocrx_word' id='word_1_274' title='bbox 911 1978 1191 2031; x_wconf 74' lang='lat' dir='ltr'><strong>nosmtm,</strong></span> <span class='ocrx_word' id='word_1_275' title='bbox 1234 1965 1325 2034; x_wconf 91' lang='lat' dir='ltr'><strong>qui</strong></span> <span class='ocrx_word' id='word_1_276' title='bbox 1371 1967 1528 2019; x_wconf 89' lang='lat' dir='ltr'><strong>nobis</strong></span> <span class='ocrx_word' id='word_1_277' title='bbox 1579 1964 1874 2019; x_wconf 87' lang='lat' dir='ltr'><strong>secundum</strong></span> <span class='ocrx_word' id='word_1_278' title='bbox 1910 1966 2146 2031; x_wconf 81' lang='lat' dir='ltr'><strong>Aposto-</strong></span> 
     </span>
    </p>
   </div>
   <div class='ocr_carea' id='block_1_36' title="bbox 540 2060 2147 2133">
    <p class='ocr_par' dir='ltr' id='par_1_36' title="bbox 540 2060 2147 2133">
     <span class='ocr_line' id='line_1_36' title="bbox 540 2060 2147 2133; baseline -0.001 -17"><span class='ocrx_word' id='word_1_279' title='bbox 540 2062 653 2116; x_wconf 89' lang='lat' dir='ltr'><strong>ltttn</strong></span> <span class='ocrx_word' id='word_1_280' title='bbox 689 2078 700 2113; x_wconf 92' lang='lat'><strong>:</strong></span> <span class='ocrx_word' id='word_1_281' title='bbox 733 2060 801 2115; x_wconf 85' lang='lat' dir='ltr'><strong>Et</strong></span> <span class='ocrx_word' id='word_1_282' title='bbox 819 2061 1046 2133; x_wconf 88' lang='lat' dir='ltr'><strong>justitia,</strong></span> <span class='ocrx_word' id='word_1_283' title='bbox 1081 2070 1129 2114; x_wconf 91' lang='lat' dir='ltr'><strong>et</strong></span> <span class='ocrx_word' id='word_1_284' title='bbox 1158 2060 1527 2129; x_wconf 78' lang='lat' dir='ltr'><strong>sanctiﬁcatio,</strong></span> <span class='ocrx_word' id='word_1_285' title='bbox 1571 2070 1618 2113; x_wconf 90' lang='lat' dir='ltr'><strong>et</strong></span> <span class='ocrx_word' id='word_1_286' title='bbox 1660 2060 1947 2129; x_wconf 84' lang='lat' dir='ltr'><strong>redemptio</strong></span> <span class='ocrx_word' id='word_1_287' title='bbox 1979 2060 2147 2129; x_wconf 80' lang='lat' dir='ltr'><strong>factus</strong></span> 
     </span>
    </p>
   </div>
   <div class='ocr_carea' id='block_1_37' title="bbox 541 2152 2146 2227">
    <p class='ocr_par' dir='ltr' id='par_1_37' title="bbox 541 2152 2146 2227">
     <span class='ocr_line' id='line_1_37' title="bbox 541 2152 2146 2227; baseline -0.001 -18"><span class='ocrx_word' id='word_1_288' title='bbox 541 2164 617 2210; x_wconf 89' lang='lat' dir='ltr'><strong>est</strong></span> <span class='ocrx_word' id='word_1_289' title='bbox 648 2154 692 2227; x_wconf 67' lang='grc'><strong>(1</strong></span> <span class='ocrx_word' id='word_1_290' title='bbox 722 2152 843 2209; x_wconf 85' lang='lat' dir='ltr'><strong>Cor.</strong></span> <span class='ocrx_word' id='word_1_291' title='bbox 876 2171 915 2219; x_wconf 88' lang='lat' dir='ltr'><strong>t,</strong></span> <span class='ocrx_word' id='word_1_292' title='bbox 958 2155 1056 2223; x_wconf 90' lang='grc'><strong>50)</strong></span> <span class='ocrx_word' id='word_1_293' title='bbox 1082 2171 1097 2219; x_wconf 87' lang='grc'>;</span> <span class='ocrx_word' id='word_1_294' title='bbox 1130 2153 1287 2223; x_wconf 85' lang='lat' dir='ltr'><strong>cujus</strong></span> <span class='ocrx_word' id='word_1_295' title='bbox 1314 2152 1617 2218; x_wconf 88' lang='lat' dir='ltr'><strong>desiderio,</strong></span> <span class='ocrx_word' id='word_1_296' title='bbox 1647 2154 1798 2208; x_wconf 90' lang='lat' dir='ltr'><strong>velut</strong></span> <span class='ocrx_word' id='word_1_297' title='bbox 1819 2155 1925 2210; x_wconf 90' lang='lat' dir='ltr'><strong>cibi</strong></span> <span class='ocrx_word' id='word_1_298' title='bbox 1958 2170 2021 2208; x_wconf 94' lang='lat' dir='ltr'><strong>ac</strong></span> <span class='ocrx_word' id='word_1_299' title='bbox 2052 2171 2146 2224; x_wconf 86' lang='lat' dir='ltr'><strong>po-</strong></span> 
     </span>
    </p>
   </div>
   <div class='ocr_carea' id='block_1_38' title="bbox 542 2244 2147 2316">
    <p class='ocr_par' dir='ltr' id='par_1_38' title="bbox 542 2244 2147 2316">
     <span class='ocr_line' id='line_1_38' title="bbox 542 2244 2147 2316; baseline -0.001 -16"><span class='ocrx_word' id='word_1_300' title='bbox 542 2256 632 2301; x_wconf 92' lang='lat' dir='ltr'><strong>tus</strong></span> <span class='ocrx_word' id='word_1_301' title='bbox 665 2244 849 2310; x_wconf 91' lang='lat' dir='ltr'><strong>modo,</strong></span> <span class='ocrx_word' id='word_1_302' title='bbox 884 2244 1027 2299; x_wconf 90' lang='lat' dir='ltr'><strong>beati</strong></span> <span class='ocrx_word' id='word_1_303' title='bbox 1058 2260 1280 2314; x_wconf 88' lang='lat' dir='ltr'><strong>semper</strong></span> <span class='ocrx_word' id='word_1_304' title='bbox 1308 2254 1637 2309; x_wconf 78' lang='lat' dir='ltr'><strong>estestuant,</strong></span> <span class='ocrx_word' id='word_1_305' title='bbox 1670 2244 1970 2299; x_wconf 92' lang='lat' dir='ltr'><strong>secundum</strong></span> <span class='ocrx_word' id='word_1_306' title='bbox 2000 2245 2147 2316; x_wconf 89' lang='lat' dir='ltr'><strong>quod</strong></span> 
     </span>
    </p>
   </div>
   <div class='ocr_carea' id='block_1_39' title="bbox 542 2335 2145 2409">
    <p class='ocr_par' dir='ltr' id='par_1_39' title="bbox 542 2335 2145 2409">
     <span class='ocr_line' id='line_1_39' title="bbox 542 2335 2145 2409; baseline -0.001 -16"><span class='ocrx_word' id='word_1_307' title='bbox 542 2339 663 2409; x_wconf 84' lang='lat' dir='ltr'><strong>ipse</strong></span> <span class='ocrx_word' id='word_1_308' title='bbox 707 2338 973 2393; x_wconf 91' lang='lat' dir='ltr'><strong>Dominus</strong></span> <span class='ocrx_word' id='word_1_309' title='bbox 1024 2352 1122 2407; x_wconf 90' lang='lat' dir='ltr'><strong>per</strong></span> <span class='ocrx_word' id='word_1_310' title='bbox 1164 2335 1514 2392; x_wconf 78' lang='lat' dir='ltr'><strong>Salomonem</strong></span> <span class='ocrx_word' id='word_1_311' title='bbox 1549 2347 1800 2404; x_wconf 86' lang='lat' dir='ltr'><strong>testatur,</strong></span> <span class='ocrx_word' id='word_1_312' title='bbox 1834 2337 2025 2393; x_wconf 89' lang='lat' dir='ltr'><strong>dicens</strong></span> <span class='ocrx_word' id='word_1_313' title='bbox 2077 2353 2145 2393; x_wconf 85' lang='lat' dir='ltr'><strong>ex</strong></span> 
     </span>
    </p>
   </div>
   <div class='ocr_carea' id='block_1_40' title="bbox 538 2428 2147 2501">
    <p class='ocr_par' dir='ltr' id='par_1_40' title="bbox 538 2428 2147 2501">
     <span class='ocr_line' id='line_1_40' title="bbox 538 2428 2147 2501; baseline -0.002 -13"><span class='ocrx_word' id='word_1_314' title='bbox 538 2445 775 2501; x_wconf 74' lang='lat' dir='ltr'><strong>persona</strong></span> <span class='ocrx_word' id='word_1_315' title='bbox 800 2430 1133 2500; x_wconf 60' lang='lat' dir='ltr'><strong>Sapientia}:</strong></span> <span class='ocrx_word' id='word_1_316' title='bbox 1171 2428 1272 2496; x_wconf 84' lang='lat' dir='ltr'><strong>Qui</strong></span> <span class='ocrx_word' id='word_1_317' title='bbox 1322 2446 1403 2483; x_wconf 91' lang='lat' dir='ltr'><strong>me</strong></span> <span class='ocrx_word' id='word_1_318' title='bbox 1433 2430 1769 2495; x_wconf 85' lang='lat' dir='ltr'><strong>manducant,</strong></span> <span class='ocrx_word' id='word_1_319' title='bbox 1802 2430 1975 2485; x_wconf 87' lang='lat' dir='ltr'><strong>adhuc</strong></span> <span class='ocrx_word' id='word_1_320' title='bbox 2028 2448 2147 2485; x_wconf 83' lang='lat' dir='ltr'><strong>esu-</strong></span> 
     </span>
    </p>
   </div>
   <div class='ocr_carea' id='block_1_41' title="bbox 538 2521 2143 2595">
    <p class='ocr_par' dir='ltr' id='par_1_41' title="bbox 538 2521 2143 2595">
     <span class='ocr_line' id='line_1_41' title="bbox 538 2521 2143 2595; baseline 0.001 -20"><span class='ocrx_word' id='word_1_321' title='bbox 538 2524 670 2578; x_wconf 87' lang='lat' dir='ltr'><strong>rient</strong></span> <span class='ocrx_word' id='word_1_322' title='bbox 700 2542 718 2579; x_wconf 92' lang='lat'><strong><em>:</em></strong></span> <span class='ocrx_word' id='word_1_323' title='bbox 760 2533 809 2577; x_wconf 89' lang='lat' dir='ltr'><strong>et</strong></span> <span class='ocrx_word' id='word_1_324' title='bbox 869 2525 959 2595; x_wconf 87' lang='lat' dir='ltr'><strong>qui</strong></span> <span class='ocrx_word' id='word_1_325' title='bbox 1003 2539 1081 2577; x_wconf 88' lang='lat' dir='ltr'><strong>me</strong></span> <span class='ocrx_word' id='word_1_326' title='bbox 1128 2522 1325 2588; x_wconf 86' lang='lat' dir='ltr'><strong>bibunt,</strong></span> <span class='ocrx_word' id='word_1_327' title='bbox 1355 2521 1527 2575; x_wconf 83' lang='lat' dir='ltr'><strong>adhuc</strong></span> <span class='ocrx_word' id='word_1_328' title='bbox 1566 2524 1739 2577; x_wconf 88' lang='lat' dir='ltr'><strong>sitient</strong></span> <span class='ocrx_word' id='word_1_329' title='bbox 1769 2522 1962 2592; x_wconf 79' lang='lat' dir='ltr'><strong>(Eccli.</strong></span> <span class='ocrx_word' id='word_1_330' title='bbox 1995 2540 2143 2589; x_wconf 72' lang='lat' dir='ltr'><strong>xxrv,</strong></span> 
     </span>
    </p>
   </div>
   <div class='ocr_carea' id='block_1_42' title="bbox 542 2616 2147 2691">
    <p class='ocr_par' dir='ltr' id='par_1_42' title="bbox 542 2616 2147 2691">
     <span class='ocr_line' id='line_1_42' title="bbox 542 2616 2147 2691; baseline 0.001 -19"><span class='ocrx_word' id='word_1_331' title='bbox 542 2617 665 2691; x_wconf 75' lang='lat'><strong>29).</strong></span> <span class='ocrx_word' id='word_1_332' title='bbox 703 2617 855 2673; x_wconf 85' lang='lat' dir='ltr'><strong>llanc</strong></span> <span class='ocrx_word' id='word_1_333' title='bbox 886 2632 1018 2688; x_wconf 87' lang='lat' dir='ltr'><strong>ergo</strong></span> <span class='ocrx_word' id='word_1_334' title='bbox 1042 2616 1314 2687; x_wconf 89' lang='lat' dir='ltr'><strong>justitiam</strong></span> <span class='ocrx_word' id='word_1_335' title='bbox 1363 2618 1525 2672; x_wconf 89' lang='lat' dir='ltr'><strong>etiam</strong></span> <span class='ocrx_word' id='word_1_336' title='bbox 1562 2632 1660 2671; x_wconf 90' lang='lat' dir='ltr'><strong>nos</strong></span> <span class='ocrx_word' id='word_1_337' title='bbox 1691 2632 1908 2685; x_wconf 85' lang='lat' dir='ltr'><strong>semper</strong></span> <span class='ocrx_word' id='word_1_338' title='bbox 1934 2620 2147 2673; x_wconf 88' lang='lat' dir='ltr'><strong>esurire</strong></span> 
     </span>
    </p>
   </div>
   <div class='ocr_carea' id='block_1_43' title="bbox 537 2712 2141 2783">
    <p class='ocr_par' dir='ltr' id='par_1_43' title="bbox 537 2712 2141 2783">
     <span class='ocr_line' id='line_1_43' title="bbox 537 2712 2141 2783; baseline 0.001 -17"><span class='ocrx_word' id='word_1_339' title='bbox 537 2727 602 2767; x_wconf 90' lang='lat' dir='ltr'><strong>ac</strong></span> <span class='ocrx_word' id='word_1_340' title='bbox 630 2713 785 2768; x_wconf 83' lang='lat' dir='ltr'><strong>sitire</strong></span> <span class='ocrx_word' id='word_1_341' title='bbox 810 2712 1098 2775; x_wconf 85' lang='lat' dir='ltr'><strong>debemus,</strong></span> <span class='ocrx_word' id='word_1_342' title='bbox 1128 2721 1185 2767; x_wconf 92' lang='lat' dir='ltr'><strong>ut</strong></span> <span class='ocrx_word' id='word_1_343' title='bbox 1231 2712 1467 2767; x_wconf 78' lang='lat' dir='ltr'><strong>saturari</strong></span> <span class='ocrx_word' id='word_1_344' title='bbox 1507 2712 1632 2768; x_wconf 89' lang='lat' dir='ltr'><strong>cibo</strong></span> <span class='ocrx_word' id='word_1_345' title='bbox 1662 2712 1983 2767; x_wconf 88' lang='lat' dir='ltr'><strong>relectionis</strong></span> <span class='ocrx_word' id='word_1_346' title='bbox 2015 2728 2141 2783; x_wconf 87' lang='lat' dir='ltr'><strong>per-</strong></span> 
     </span>
    </p>
   </div>
   <div class='ocr_carea' id='block_1_44' title="bbox 535 2805 2144 2877">
    <p class='ocr_par' dir='ltr' id='par_1_44' title="bbox 535 2805 2144 2877">
     <span class='ocr_line' id='line_1_44' title="bbox 535 2805 2144 2877; baseline -0.002 -15"><span class='ocrx_word' id='word_1_347' title='bbox 535 2818 718 2877; x_wconf 68' lang='lat' dir='ltr'><strong>petua:</strong></span> <span class='ocrx_word' id='word_1_348' title='bbox 777 2822 1108 2861; x_wconf 88' lang='lat' dir='ltr'><strong>mereamur.</strong></span> <span class='ocrx_word' id='word_1_349' title='bbox 1162 2805 1307 2861; x_wconf 91' lang='lat' dir='ltr'><strong>Bene</strong></span> <span class='ocrx_word' id='word_1_350' title='bbox 1354 2814 1535 2859; x_wconf 90' lang='lat' dir='ltr'><strong>autem</strong></span> <span class='ocrx_word' id='word_1_351' title='bbox 1595 2820 1717 2859; x_wconf 92' lang='lat' dir='ltr'><strong>cum</strong></span> <span class='ocrx_word' id='word_1_352' title='bbox 1767 2806 2144 2861; x_wconf 82' lang='lat' dir='ltr'><strong>additamenta</strong></span> 
     </span>
    </p>
   </div>
   <div class='ocr_carea' id='block_1_45' title="bbox 532 2898 2141 2971">
    <p class='ocr_par' dir='ltr' id='par_1_45' title="bbox 532 2898 2141 2971">
     <span class='ocr_line' id='line_1_45' title="bbox 532 2898 2141 2971; baseline -0.002 -16"><span class='ocrx_word' id='word_1_353' title='bbox 532 2900 741 2956; x_wconf 89' lang='lat' dir='ltr'><strong>dictum</strong></span> <span class='ocrx_word' id='word_1_354' title='bbox 773 2911 858 2955; x_wconf 90' lang='lat' dir='ltr'><strong>est</strong></span> <span class='ocrx_word' id='word_1_355' title='bbox 887 2901 938 2955; x_wconf 92' lang='lat' dir='ltr'><strong>iu</strong></span> <span class='ocrx_word' id='word_1_356' title='bbox 966 2902 1088 2956; x_wconf 89' lang='lat' dir='ltr'><strong>loco</strong></span> <span class='ocrx_word' id='word_1_357' title='bbox 1116 2899 1377 2971; x_wconf 77' lang='lat' dir='ltr'><strong>praesenti</strong></span> <span class='ocrx_word' id='word_1_358' title='bbox 1409 2916 1422 2951; x_wconf 91' lang='lat'><strong>:</strong></span> <span class='ocrx_word' id='word_1_359' title='bbox 1452 2898 1602 2952; x_wconf 86' lang='lat' dir='ltr'><strong>Beati</strong></span> <span class='ocrx_word' id='word_1_360' title='bbox 1627 2900 1716 2970; x_wconf 87' lang='lat' dir='ltr'><strong>qui</strong></span> <span class='ocrx_word' id='word_1_361' title='bbox 1744 2900 1975 2953; x_wconf 75' lang='lat' dir='ltr'><strong>esuriant</strong></span> <span class='ocrx_word' id='word_1_362' title='bbox 1998 2909 2045 2952; x_wconf 90' lang='lat' dir='ltr'><strong>et</strong></span> <span class='ocrx_word' id='word_1_363' title='bbox 2066 2899 2141 2953; x_wconf 89' lang='lat' dir='ltr'><strong>si-</strong></span> 
     </span>
    </p>
   </div>
   <div class='ocr_carea' id='block_1_46' title="bbox 535 2990 2140 3066">
    <p class='ocr_par' dir='ltr' id='par_1_46' title="bbox 535 2990 2140 3066">
     <span class='ocr_line' id='line_1_46' title="bbox 535 2990 2140 3066; baseline -0.001 -19"><span class='ocrx_word' id='word_1_364' title='bbox 535 2994 665 3047; x_wconf 88' lang='lat' dir='ltr'><strong>tiunt</strong></span> <span class='ocrx_word' id='word_1_365' title='bbox 687 2993 973 3066; x_wconf 83' lang='lat' dir='ltr'><strong>justitiam,</strong></span> <span class='ocrx_word' id='word_1_366' title='bbox 1007 2993 1267 3064; x_wconf 90' lang='lat' dir='ltr'><strong>quoniam</strong></span> <span class='ocrx_word' id='word_1_367' title='bbox 1294 2990 1398 3061; x_wconf 90' lang='lat' dir='ltr'><strong>ipsi</strong></span> <span class='ocrx_word' id='word_1_368' title='bbox 1440 2991 1839 3046; x_wconf 90' lang='lat' dir='ltr'><strong>saturabnntur</strong></span> <span class='ocrx_word' id='word_1_369' title='bbox 1864 3008 1877 3043; x_wconf 90' lang='lat'><strong>:</strong></span> <span class='ocrx_word' id='word_1_370' title='bbox 1904 2991 2026 3061; x_wconf 90' lang='lat' dir='ltr'><strong>quia</strong></span> <span class='ocrx_word' id='word_1_371' title='bbox 2049 2992 2140 3062; x_wconf 89' lang='lat' dir='ltr'><strong>qui</strong></span> 
     </span>
    </p>
   </div>
   <div class='ocr_carea' id='block_1_47' title="bbox 540 3081 2139 3153">
    <p class='ocr_par' dir='ltr' id='par_1_47' title="bbox 540 3081 2139 3153">
     <span class='ocr_line' id='line_1_47' title="bbox 540 3081 2139 3153; baseline -0.003 -13"><span class='ocrx_word' id='word_1_372' title='bbox 540 3100 648 3140; x_wconf 93' lang='lat' dir='ltr'><strong>non</strong></span> <span class='ocrx_word' id='word_1_373' title='bbox 674 3085 965 3153; x_wconf 79' lang='lat' dir='ltr'><strong>jusdtiam,</strong></span> <span class='ocrx_word' id='word_1_374' title='bbox 998 3084 1093 3139; x_wconf 90' lang='lat' dir='ltr'><strong>sed</strong></span> <span class='ocrx_word' id='word_1_375' title='bbox 1144 3083 1462 3153; x_wconf 45' lang='lat' dir='ltr'><strong>injustxtiam</strong></span> <span class='ocrx_word' id='word_1_376' title='bbox 1490 3082 1758 3147; x_wconf 90' lang='lat' dir='ltr'><strong>esuriunt,</strong></span> <span class='ocrx_word' id='word_1_377' title='bbox 1788 3082 2000 3137; x_wconf 83' lang='lat' dir='ltr'><strong>scilicet</strong></span> <span class='ocrx_word' id='word_1_378' title='bbox 2046 3081 2139 3152; x_wconf 88' lang='lat' dir='ltr'><strong>qui</strong></span> 
     </span>
    </p>
   </div>
   <div class='ocr_carea' id='block_1_48' title="bbox 530 3153 2214 3247">
    <p class='ocr_par' dir='ltr' id='par_1_48' title="bbox 530 3153 2214 3247">
     <span class='ocr_line' id='line_1_48' title="bbox 530 3153 2214 3247; baseline -0.002 -15"><span class='ocrx_word' id='word_1_379' title='bbox 530 3192 746 3242; x_wconf 85' lang='lat' dir='ltr'><strong>aurum,</strong></span> <span class='ocrx_word' id='word_1_380' title='bbox 796 3186 852 3232; x_wconf 89' lang='lat' dir='ltr'><strong>et</strong></span> <span class='ocrx_word' id='word_1_381' title='bbox 879 3186 1164 3247; x_wconf 86' lang='lat' dir='ltr'><strong>argentum</strong></span> <span class='ocrx_word' id='word_1_382' title='bbox 1192 3176 1532 3238; x_wconf 86' lang='lat' dir='ltr'><strong>desiderant,</strong></span> <span class='ocrx_word' id='word_1_383' title='bbox 1561 3178 1651 3245; x_wconf 91' lang='lat' dir='ltr'><strong>qui</strong></span> <span class='ocrx_word' id='word_1_384' title='bbox 1677 3176 1895 3231; x_wconf 81' lang='lat' dir='ltr'><strong>divitias</strong></span> <span class='ocrx_word' id='word_1_385' title='bbox 1916 3176 2003 3231; x_wconf 85' lang='lat' dir='ltr'><strong>vel</strong></span> <span class='ocrx_word' id='word_1_386' title='bbox 2035 3176 2134 3230; x_wconf 85' lang='lat' dir='ltr'><strong>ho-</strong></span> <span class='ocrx_word' id='word_1_387' title='bbox 2165 3153 2214 3217; x_wconf 61' lang='grc' dir='ltr'><strong>(ἶ</strong></span> 
     </span>
    </p>
   </div>
   <div class='ocr_carea' id='block_1_49' title="bbox 536 3270 2142 3340">
    <p class='ocr_par' dir='ltr' id='par_1_49' title="bbox 536 3270 2142 3340">
     <span class='ocr_line' id='line_1_49' title="bbox 536 3270 2142 3340; baseline 0 -15"><span class='ocrx_word' id='word_1_388' title='bbox 536 3286 703 3325; x_wconf 88' lang='lat' dir='ltr'><strong>nores</strong></span> <span class='ocrx_word' id='word_1_389' title='bbox 725 3270 915 3325; x_wconf 74' lang='lat' dir='ltr'><strong>smculi</strong></span> <span class='ocrx_word' id='word_1_390' title='bbox 954 3270 1371 3340; x_wconf 88' lang='lat' dir='ltr'><strong>concupiscunt,</strong></span> <span class='ocrx_word' id='word_1_391' title='bbox 1396 3278 1452 3324; x_wconf 89' lang='lat' dir='ltr'><strong>et</strong></span> <span class='ocrx_word' id='word_1_392' title='bbox 1473 3270 1564 3339; x_wconf 93' lang='lat' dir='ltr'><strong>qui</strong></span> <span class='ocrx_word' id='word_1_393' title='bbox 1592 3286 1883 3340; x_wconf 90' lang='lat' dir='ltr'><strong>numquam</strong></span> <span class='ocrx_word' id='word_1_394' title='bbox 1910 3270 2142 3325; x_wconf 86' lang='lat' dir='ltr'><strong>terrenis</strong></span> 
     </span>
    </p>
   </div>
   <div class='ocr_carea' id='block_1_50' title="bbox 537 3363 2142 3434">
    <p class='ocr_par' dir='ltr' id='par_1_50' title="bbox 537 3363 2142 3434">
     <span class='ocr_line' id='line_1_50' title="bbox 537 3363 2142 3434; baseline 0 -15"><span class='ocrx_word' id='word_1_395' title='bbox 537 3364 735 3434; x_wconf 88' lang='lat' dir='ltr'><strong>opibus</strong></span> <span class='ocrx_word' id='word_1_396' title='bbox 763 3365 849 3419; x_wconf 90' lang='lat' dir='ltr'><strong>vel</strong></span> <span class='ocrx_word' id='word_1_397' title='bbox 889 3364 1070 3418; x_wconf 86' lang='lat' dir='ltr'><strong>carnis</strong></span> <span class='ocrx_word' id='word_1_398' title='bbox 1109 3363 1403 3419; x_wconf 69' lang='lat' dir='ltr'><strong>desideriis</strong></span> <span class='ocrx_word' id='word_1_399' title='bbox 1429 3364 1735 3427; x_wconf 83' lang='lat' dir='ltr'><strong>satiantur;</strong></span> <span class='ocrx_word' id='word_1_400' title='bbox 1779 3365 1812 3418; x_wconf 89' lang='lat' dir='ltr'><strong>ii</strong></span> <span class='ocrx_word' id='word_1_401' title='bbox 1849 3364 2005 3429; x_wconf 88' lang='lat' dir='ltr'><strong>tales,</strong></span> <span class='ocrx_word' id='word_1_402' title='bbox 2033 3381 2142 3420; x_wconf 91' lang='lat' dir='ltr'><strong>non</strong></span> 
     </span>
    </p>
   </div>
   <div class='ocr_carea' id='block_1_51' title="bbox 536 3456 2141 3529">
    <p class='ocr_par' dir='ltr' id='par_1_51' title="bbox 536 3456 2141 3529">
     <span class='ocr_line' id='line_1_51' title="bbox 536 3456 2141 3529; baseline 0.001 -18"><span class='ocrx_word' id='word_1_403' title='bbox 536 3456 708 3524; x_wconf 87' lang='lat' dir='ltr'><strong>beati,</strong></span> <span class='ocrx_word' id='word_1_404' title='bbox 761 3457 858 3513; x_wconf 87' lang='lat' dir='ltr'><strong>sed</strong></span> <span class='ocrx_word' id='word_1_405' title='bbox 912 3456 1163 3513; x_wconf 76' lang='lat' dir='ltr'><strong>infelices</strong></span> <span class='ocrx_word' id='word_1_406' title='bbox 1216 3465 1377 3522; x_wconf 88' lang='lat' dir='ltr'><strong>sunt;</strong></span> <span class='ocrx_word' id='word_1_407' title='bbox 1412 3458 1535 3527; x_wconf 87' lang='lat' dir='ltr'><strong>quia</strong></span> <span class='ocrx_word' id='word_1_408' title='bbox 1566 3462 1666 3521; x_wconf 81' lang='lat' dir='ltr'><strong>eis,</strong></span> <span class='ocrx_word' id='word_1_409' title='bbox 1700 3473 1807 3512; x_wconf 88' lang='lat' dir='ltr'><strong>non</strong></span> <span class='ocrx_word' id='word_1_410' title='bbox 1858 3473 1982 3529; x_wconf 91' lang='lat' dir='ltr'><strong>spes</strong></span> <span class='ocrx_word' id='word_1_411' title='bbox 2012 3473 2141 3528; x_wconf 85' lang='lat' dir='ltr'><strong>pro-</strong></span> 
     </span>
    </p>
   </div>
   <div class='ocr_carea' id='block_1_52' title="bbox 539 3549 1957 3621">
    <p class='ocr_par' dir='ltr' id='par_1_52' title="bbox 539 3549 1957 3621">
     <span class='ocr_line' id='line_1_52' title="bbox 539 3549 1957 3621; baseline -0.001 -17"><span class='ocrx_word' id='word_1_412' title='bbox 539 3550 725 3605; x_wconf 61' lang='lat' dir='ltr'><strong>missae</strong></span> <span class='ocrx_word' id='word_1_413' title='bbox 753 3550 965 3621; x_wconf 63' lang='lat' dir='ltr'><strong>glorim,</strong></span> <span class='ocrx_word' id='word_1_414' title='bbox 996 3550 1091 3605; x_wconf 91' lang='lat' dir='ltr'><strong>sed</strong></span> <span class='ocrx_word' id='word_1_415' title='bbox 1121 3549 1489 3604; x_wconf 90' lang='lat' dir='ltr'><strong>damnationis</strong></span> <span class='ocrx_word' id='word_1_416' title='bbox 1522 3564 1681 3620; x_wconf 61' lang='lat' dir='ltr'><strong>paena</strong></span> <span class='ocrx_word' id='word_1_417' title='bbox 1708 3550 1957 3606; x_wconf 86' lang='lat' dir='ltr'><strong>debetur.</strong></span> 
     </span>
    </p>
   </div>
   <div class='ocr_carea' id='block_1_53' title="bbox 617 3643 2142 3718">
    <p class='ocr_par' dir='ltr' id='par_1_53' title="bbox 617 3643 2142 3718">
     <span class='ocr_line' id='line_1_53' title="bbox 617 3643 2142 3718; baseline 0.002 -21"><span class='ocrx_word' id='word_1_418' title='bbox 617 3643 701 3700; x_wconf 82' lang='lat' dir='ltr'><strong>Vl.</strong></span> <span class='ocrx_word' id='word_1_419' title='bbox 730 3644 933 3699; x_wconf 86' lang='lat' dir='ltr'><strong>Deinde</strong></span> <span class='ocrx_word' id='word_1_420' title='bbox 963 3646 1079 3699; x_wconf 87' lang='lat' dir='ltr'><strong>ait:</strong></span> <span class='ocrx_word' id='word_1_421' title='bbox 1133 3643 1281 3699; x_wconf 84' lang='lat' dir='ltr'><strong>Beati</strong></span> <span class='ocrx_word' id='word_1_422' title='bbox 1314 3645 1691 3709; x_wconf 79' lang='lat' dir='ltr'><strong>misericordes,</strong></span> <span class='ocrx_word' id='word_1_423' title='bbox 1742 3646 1985 3717; x_wconf 88' lang='lat' dir='ltr'><strong>quoniam</strong></span> <span class='ocrx_word' id='word_1_424' title='bbox 2014 3647 2142 3718; x_wconf 86' lang='lat' dir='ltr'><strong>ipsis</strong></span> 
     </span>
    </p>
   </div>
   <div class='ocr_carea' id='block_1_54' title="bbox 536 3736 2142 3809">
    <p class='ocr_par' dir='ltr' id='par_1_54' title="bbox 536 3736 2142 3809">
     <span class='ocr_line' id='line_1_54' title="bbox 536 3736 2142 3809; baseline 0.002 -19"><span class='ocrx_word' id='word_1_425' title='bbox 536 3738 861 3793; x_wconf 76' lang='lat' dir='ltr'><strong>miserebitur</strong></span> <span class='ocrx_word' id='word_1_426' title='bbox 911 3736 1074 3792; x_wconf 84' lang='lat' dir='ltr'><strong>Deus.</strong></span> <span class='ocrx_word' id='word_1_427' title='bbox 1116 3738 1369 3793; x_wconf 91' lang='lat' dir='ltr'><strong>Pluritnis</strong></span> <span class='ocrx_word' id='word_1_428' title='bbox 1400 3738 1619 3809; x_wconf 89' lang='lat' dir='ltr'><strong>quidem</strong></span> <span class='ocrx_word' id='word_1_429' title='bbox 1650 3740 1998 3801; x_wconf 80' lang='lat' dir='ltr'><strong>testimoniis.</strong></span> <span class='ocrx_word' id='word_1_430' title='bbox 2034 3749 2142 3794; x_wconf 91' lang='lat' dir='ltr'><strong>tam</strong></span> 
     </span>
    </p>
   </div>
   <div class='ocr_carea' id='block_1_55' title="bbox 534 3830 2142 3902">
    <p class='ocr_par' dir='ltr' id='par_1_55' title="bbox 534 3830 2142 3902">
     <span class='ocr_line' id='line_1_55' title="bbox 534 3830 2142 3902; baseline 0 -17"><span class='ocrx_word' id='word_1_431' title='bbox 534 3832 592 3886; x_wconf 91' lang='lat' dir='ltr'><strong>in</strong></span> <span class='ocrx_word' id='word_1_432' title='bbox 623 3833 796 3885; x_wconf 73' lang='lat' dir='ltr'><strong>Veteri</strong></span> <span class='ocrx_word' id='word_1_433' title='bbox 828 3830 1181 3887; x_wconf 87' lang='lat' dir='ltr'><strong>Testamento</strong></span> <span class='ocrx_word' id='word_1_434' title='bbox 1227 3847 1389 3902; x_wconf 89' lang='lat' dir='ltr'><strong>quam</strong></span> <span class='ocrx_word' id='word_1_435' title='bbox 1448 3834 1614 3887; x_wconf 90' lang='lat' dir='ltr'><strong>etiam</strong></span> <span class='ocrx_word' id='word_1_436' title='bbox 1660 3832 1713 3886; x_wconf 91' lang='lat' dir='ltr'><strong>in</strong></span> <span class='ocrx_word' id='word_1_437' title='bbox 1770 3847 1931 3899; x_wconf 91' lang='lat' dir='ltr'><strong>novo,</strong></span> <span class='ocrx_word' id='word_1_438' title='bbox 1961 3832 2028 3888; x_wconf 91' lang='lat' dir='ltr'><strong>ad</strong></span> <span class='ocrx_word' id='word_1_439' title='bbox 2065 3834 2142 3887; x_wconf 83' lang='lat' dir='ltr'><strong>la-</strong></span> 
     </span>
    </p>
   </div>
   <div class='ocr_carea' id='block_1_56' title="bbox 535 3922 2139 3992">
    <p class='ocr_par' dir='ltr' id='par_1_56' title="bbox 535 3922 2139 3992">
     <span class='ocr_line' id='line_1_56' title="bbox 535 3922 2139 3992; baseline 0.002 -15"><span class='ocrx_word' id='word_1_440' title='bbox 535 3922 787 3978; x_wconf 88' lang='lat' dir='ltr'><strong>ciendam</strong></span> <span class='ocrx_word' id='word_1_441' title='bbox 818 3922 1257 3978; x_wconf 86' lang='lat' dir='ltr'><strong>misericordiam</strong></span> <span class='ocrx_word' id='word_1_442' title='bbox 1289 3940 1317 3976; x_wconf 90' lang='lat' dir='ltr'><strong>a</strong></span> <span class='ocrx_word' id='word_1_443' title='bbox 1345 3923 1578 3977; x_wconf 91' lang='lat' dir='ltr'><strong>Domino</strong></span> <span class='ocrx_word' id='word_1_444' title='bbox 1608 3938 2008 3992; x_wconf 87' lang='lat' dir='ltr'><strong>provocamur:</strong></span> <span class='ocrx_word' id='word_1_445' title='bbox 2043 3924 2139 3981; x_wconf 89' lang='lat' dir='ltr'><strong>sed</strong></span> 
     </span>
    </p>
   </div>
   <div class='ocr_carea' id='block_1_57' title="bbox 535 4014 2139 4088">
    <p class='ocr_par' dir='ltr' id='par_1_57' title="bbox 535 4014 2139 4088">
     <span class='ocr_line' id='line_1_57' title="bbox 535 4014 2139 4088; baseline 0.003 -19"><span class='ocrx_word' id='word_1_446' title='bbox 535 4016 603 4070; x_wconf 88' lang='lat' dir='ltr'><strong>ad</strong></span> <span class='ocrx_word' id='word_1_447' title='bbox 633 4016 1024 4083; x_wconf 89' lang='lat' dir='ltr'><strong>compendium</strong></span> <span class='ocrx_word' id='word_1_448' title='bbox 1055 4014 1176 4071; x_wconf 80' lang='lat' dir='ltr'><strong>fidei</strong></span> <span class='ocrx_word' id='word_1_449' title='bbox 1205 4016 1537 4070; x_wconf 88' lang='lat' dir='ltr'><strong>arbitramur</strong></span> <span class='ocrx_word' id='word_1_450' title='bbox 1560 4015 1667 4087; x_wconf 73' lang='lat'><strong>27</strong></span> <span class='ocrx_word' id='word_1_451' title='bbox 1692 4017 1825 4069; x_wconf 86' lang='lat' dir='ltr'><strong>satis</strong></span> <span class='ocrx_word' id='word_1_452' title='bbox 1864 4031 2139 4088; x_wconf 86' lang='lat' dir='ltr'><strong>superque</strong></span> 
     </span>
    </p>
   </div>
   <div class='ocr_carea' id='block_1_58' title="bbox 531 4104 2139 4176">
    <p class='ocr_par' dir='ltr' id='par_1_58' title="bbox 531 4104 2139 4176">
     <span class='ocr_line' id='line_1_58' title="bbox 531 4104 2139 4176; baseline 0.004 -19"><span class='ocrx_word' id='word_1_453' title='bbox 531 4104 788 4160; x_wconf 70' lang='lat' dir='ltr'><strong>suilli-ere</strong></span> <span class='ocrx_word' id='word_1_454' title='bbox 835 4106 910 4168; x_wconf 89' lang='lat' dir='ltr'><strong>id,</strong></span> <span class='ocrx_word' id='word_1_455' title='bbox 943 4106 1087 4175; x_wconf 91' lang='lat' dir='ltr'><strong>quod</strong></span> <span class='ocrx_word' id='word_1_456' title='bbox 1132 4105 1185 4166; x_wconf 88' lang='lat' dir='ltr'><strong>in</strong></span> <span class='ocrx_word' id='word_1_457' title='bbox 1229 4107 1489 4176; x_wconf 72' lang='lat' dir='ltr'><strong>prarsenti</strong></span> <span class='ocrx_word' id='word_1_458' title='bbox 1538 4107 1657 4159; x_wconf 90' lang='lat' dir='ltr'><strong>loco</strong></span> <span class='ocrx_word' id='word_1_459' title='bbox 1704 4106 1822 4176; x_wconf 91' lang='lat' dir='ltr'><strong>ipse</strong></span> <span class='ocrx_word' id='word_1_460' title='bbox 1876 4109 2139 4165; x_wconf 84' lang='lat' dir='ltr'><strong>Dominus</strong></span> 
     </span>
    </p>
   </div>
   <div class='ocr_carea' id='block_1_59' title="bbox 535 4186 2135 4272">
    <p class='ocr_par' dir='ltr' id='par_1_59' title="bbox 535 4186 2135 4272">
     <span class='ocr_line' id='line_1_59' title="bbox 535 4186 2135 4272; baseline 0.003 -19"><span class='ocrx_word' id='word_1_461' title='bbox 535 4200 757 4269; x_wconf 90' lang='lat' dir='ltr'><strong>propria</strong></span> <span class='ocrx_word' id='word_1_462' title='bbox 784 4213 918 4254; x_wconf 88' lang='lat' dir='ltr'><strong>voce</strong></span> <span class='ocrx_word' id='word_1_463' title='bbox 941 4186 1239 4269; x_wconf 75' lang='lat' dir='ltr'><strong>depromit,</strong></span> <span class='ocrx_word' id='word_1_464' title='bbox 1271 4200 1509 4255; x_wconf 91' lang='lat' dir='ltr'><strong>dicendo</strong></span> <span class='ocrx_word' id='word_1_465' title='bbox 1538 4198 1725 4255; x_wconf 88' lang='lat' dir='ltr'><strong>:Beati</strong></span> <span class='ocrx_word' id='word_1_466' title='bbox 1757 4202 2135 4272; x_wconf 87' lang='lat' dir='ltr'><strong>misericordes,</strong></span> 
     </span>
    </p>
   </div>
   <div class='ocr_carea' id='block_1_60' title="bbox 534 4292 2137 4361">
    <p class='ocr_par' dir='ltr' id='par_1_60' title="bbox 534 4292 2137 4361">
     <span class='ocr_line' id='line_1_60' title="bbox 534 4292 2137 4361; baseline 0.004 -14"><span class='ocrx_word' id='word_1_467' title='bbox 534 4294 782 4361; x_wconf 84' lang='lat' dir='ltr'><strong>quoniam</strong></span> <span class='ocrx_word' id='word_1_468' title='bbox 813 4293 949 4361; x_wconf 88' lang='lat' dir='ltr'><strong>ipsis</strong></span> <span class='ocrx_word' id='word_1_469' title='bbox 967 4294 1292 4348; x_wconf 87' lang='lat' dir='ltr'><strong>miserebitur</strong></span> <span class='ocrx_word' id='word_1_470' title='bbox 1334 4292 1497 4349; x_wconf 87' lang='lat' dir='ltr'><strong>Deus.</strong></span> <span class='ocrx_word' id='word_1_471' title='bbox 1535 4294 1801 4351; x_wconf 83' lang='lat' dir='ltr'><strong>Dominus</strong></span> <span class='ocrx_word' id='word_1_472' title='bbox 1826 4297 2137 4354; x_wconf 80' lang='lat' dir='ltr'><strong>misericor-</strong></span> 
     </span>
    </p>
   </div>
   <div class='ocr_carea' id='block_1_61' title="bbox 528 4384 2135 4453">
    <p class='ocr_par' dir='ltr' id='par_1_61' title="bbox 528 4384 2135 4453">
     <span class='ocr_line' id='line_1_61' title="bbox 528 4384 2135 4453; baseline 0.005 -14"><span class='ocrx_word' id='word_1_473' title='bbox 528 4384 740 4440; x_wconf 88' lang='lat' dir='ltr'><strong>diarmn</strong></span> <span class='ocrx_word' id='word_1_474' title='bbox 789 4384 1173 4441; x_wconf 87' lang='lat' dir='ltr'><strong>misericordes</strong></span> <span class='ocrx_word' id='word_1_475' title='bbox 1202 4386 1335 4441; x_wconf 91' lang='lat' dir='ltr'><strong>dicit</strong></span> <span class='ocrx_word' id='word_1_476' title='bbox 1393 4402 1516 4443; x_wconf 75' lang='lat' dir='ltr'><strong>esse</strong></span> <span class='ocrx_word' id='word_1_477' title='bbox 1568 4387 1780 4453; x_wconf 84' lang='lat' dir='ltr'><strong>beatos,</strong></span> <span class='ocrx_word' id='word_1_478' title='bbox 1840 4390 2135 4447; x_wconf 88' lang='lat' dir='ltr'><strong>ostendens</strong></span> 
     </span>
    </p>
   </div>
   <div class='ocr_carea' id='block_1_62' title="bbox 533 4479 2129 4551">
    <p class='ocr_par' dir='ltr' id='par_1_62' title="bbox 533 4479 2129 4551">
     <span class='ocr_line' id='line_1_62' title="bbox 533 4479 2129 4551; baseline 0.003 -17"><span class='ocrx_word' id='word_1_479' title='bbox 533 4494 975 4549; x_wconf 88' lang='lat' dir='ltr'><strong>unumquemque</strong></span> <span class='ocrx_word' id='word_1_480' title='bbox 1018 4479 1453 4537; x_wconf 91' lang='lat' dir='ltr'><strong>misericordiam</strong></span> <span class='ocrx_word' id='word_1_481' title='bbox 1509 4480 1603 4535; x_wconf 90' lang='lat' dir='ltr'><strong>Dei</strong></span> <span class='ocrx_word' id='word_1_482' title='bbox 1663 4484 1971 4551; x_wconf 88' lang='lat' dir='ltr'><strong>promereri</strong></span> <span class='ocrx_word' id='word_1_483' title='bbox 2024 4502 2129 4539; x_wconf 91' lang='lat' dir='ltr'><strong>non</strong></span> 
     </span>
    </p>
   </div>
   <div class='ocr_carea' id='block_1_63' title="bbox 534 4570 2135 4642">
    <p class='ocr_par' dir='ltr' id='par_1_63' title="bbox 534 4570 2135 4642">
     <span class='ocr_line' id='line_1_63' title="bbox 534 4570 2135 4642; baseline 0.008 -23"><span class='ocrx_word' id='word_1_484' title='bbox 534 4587 699 4641; x_wconf 83' lang='lat' dir='ltr'><strong>posse</strong></span> <span class='ocrx_word' id='word_1_485' title='bbox 749 4572 850 4627; x_wconf 75' lang='lat' dir='ltr'><strong>nisi</strong></span> <span class='ocrx_word' id='word_1_486' title='bbox 896 4581 951 4626; x_wconf 91' lang='lat' dir='ltr'><strong>et</strong></span> <span class='ocrx_word' id='word_1_487' title='bbox 991 4570 1109 4642; x_wconf 89' lang='lat' dir='ltr'><strong>ipse</strong></span> <span class='ocrx_word' id='word_1_488' title='bbox 1152 4573 1468 4628; x_wconf 81' lang='lat' dir='ltr'><strong>misericors</strong></span> <span class='ocrx_word' id='word_1_489' title='bbox 1524 4574 1703 4629; x_wconf 90' lang='lat' dir='ltr'><strong>luerit.</strong></span> <span class='ocrx_word' id='word_1_490' title='bbox 1758 4575 1912 4631; x_wconf 90' lang='lat' dir='ltr'><strong>Unde</strong></span> <span class='ocrx_word' id='word_1_491' title='bbox 1940 4586 1994 4632; x_wconf 90' lang='lat' dir='ltr'><strong>et</strong></span> <span class='ocrx_word' id='word_1_492' title='bbox 2024 4578 2135 4633; x_wconf 89' lang='lat' dir='ltr'><strong>alio</strong></span> 
     </span>
    </p>
   </div>
   <div class='ocr_carea' id='block_1_64' title="bbox 536 4666 2132 4737">
    <p class='ocr_par' dir='ltr' id='par_1_64' title="bbox 536 4666 2132 4737">
     <span class='ocr_line' id='line_1_64' title="bbox 536 4666 2132 4737; baseline 0.005 -19"><span class='ocrx_word' id='word_1_493' title='bbox 536 4666 657 4721; x_wconf 88' lang='lat' dir='ltr'><strong>loco</strong></span> <span class='ocrx_word' id='word_1_494' title='bbox 684 4666 760 4721; x_wconf 86' lang='lat' dir='ltr'><strong>ait</strong></span> <span class='ocrx_word' id='word_1_495' title='bbox 785 4682 798 4720; x_wconf 89' lang='lat'><strong>:</strong></span> <span class='ocrx_word' id='word_1_496' title='bbox 823 4666 1001 4721; x_wconf 84' lang='lat' dir='ltr'><strong>Estote</strong></span> <span class='ocrx_word' id='word_1_497' title='bbox 1026 4684 1148 4737; x_wconf 87' lang='lat' dir='ltr'><strong>ergo</strong></span> <span class='ocrx_word' id='word_1_498' title='bbox 1178 4667 1561 4733; x_wconf 86' lang='lat' dir='ltr'><strong>misericordes,</strong></span> <span class='ocrx_word' id='word_1_499' title='bbox 1587 4668 1721 4723; x_wconf 88' lang='lat' dir='ltr'><strong>sicut</strong></span> <span class='ocrx_word' id='word_1_500' title='bbox 1757 4679 1805 4723; x_wconf 91' lang='lat' dir='ltr'><strong>et</strong></span> <span class='ocrx_word' id='word_1_501' title='bbox 1838 4668 1998 4724; x_wconf 88' lang='lat' dir='ltr'><strong>Pater</strong></span> <span class='ocrx_word' id='word_1_502' title='bbox 2020 4688 2132 4726; x_wconf 84' lang='lat' dir='ltr'><strong>ves-</strong></span> 
     </span>
    </p>
   </div>
   <div class='ocr_carea' id='block_1_65' title="bbox 531 4761 2132 4838">
    <p class='ocr_par' dir='ltr' id='par_1_65' title="bbox 531 4761 2132 4838">
     <span class='ocr_line' id='line_1_65' title="bbox 531 4761 2132 4838; baseline 0.006 -26"><span class='ocrx_word' id='word_1_503' title='bbox 531 4769 609 4813; x_wconf 88' lang='lat' dir='ltr'><strong>ter</strong></span> <span class='ocrx_word' id='word_1_504' title='bbox 657 4762 743 4829; x_wconf 85' lang='lat' dir='ltr'><strong>qui</strong></span> <span class='ocrx_word' id='word_1_505' title='bbox 790 4772 865 4815; x_wconf 85' lang='lat' dir='ltr'><strong>est</strong></span> <span class='ocrx_word' id='word_1_506' title='bbox 909 4762 963 4815; x_wconf 88' lang='lat' dir='ltr'><strong>in</strong></span> <span class='ocrx_word' id='word_1_507' title='bbox 1014 4762 1174 4826; x_wconf 69' lang='lat' dir='ltr'><strong>caelis,</strong></span> <span class='ocrx_word' id='word_1_508' title='bbox 1226 4762 1519 4815; x_wconf 80' lang='lat' dir='ltr'><strong>misericors</strong></span> <span class='ocrx_word' id='word_1_509' title='bbox 1566 4771 1641 4817; x_wconf 89' lang='lat' dir='ltr'><strong>est</strong></span> <span class='ocrx_word' id='word_1_510' title='bbox 1690 4761 1949 4835; x_wconf 81' lang='lat' dir='ltr'><strong>(Luc.\t,</strong></span> <span class='ocrx_word' id='word_1_511' title='bbox 2002 4766 2132 4838; x_wconf 86' lang='grc'>56).</span> 
     </span>
    </p>
   </div>
   <div class='ocr_carea' id='block_1_66' title="bbox 530 4852 2132 4927">
    <p class='ocr_par' dir='ltr' id='par_1_66' title="bbox 530 4852 2132 4927">
     <span class='ocr_line' id='line_1_66' title="bbox 530 4852 2132 4927; baseline 0.005 -23"><span class='ocrx_word' id='word_1_512' title='bbox 530 4852 740 4907; x_wconf 78' lang='lat' dir='ltr'><strong>Deinde</strong></span> <span class='ocrx_word' id='word_1_513' title='bbox 767 4853 844 4908; x_wconf 88' lang='lat' dir='ltr'><strong>ait</strong></span> <span class='ocrx_word' id='word_1_514' title='bbox 875 4870 889 4907; x_wconf 90' lang='lat'><strong>:</strong></span> <span class='ocrx_word' id='word_1_515' title='bbox 918 4852 1062 4907; x_wconf 86' lang='lat' dir='ltr'><strong>Beati</strong></span> <span class='ocrx_word' id='word_1_516' title='bbox 1098 4855 1291 4908; x_wconf 89' lang='lat' dir='ltr'><strong>mundo</strong></span> <span class='ocrx_word' id='word_1_517' title='bbox 1315 4855 1489 4922; x_wconf 89' lang='lat' dir='ltr'><strong>corde,</strong></span> <span class='ocrx_word' id='word_1_518' title='bbox 1526 4856 1775 4926; x_wconf 83' lang='lat' dir='ltr'><strong>quoniam</strong></span> <span class='ocrx_word' id='word_1_519' title='bbox 1818 4854 1921 4927; x_wconf 85' lang='lat' dir='ltr'><strong>ipsi</strong></span> <span class='ocrx_word' id='word_1_520' title='bbox 1964 4855 2132 4912; x_wconf 87' lang='lat' dir='ltr'><strong>Deum</strong></span> 
     </span>
    </p>
   </div>
   <div class='ocr_carea' id='block_1_67' title="bbox 526 4942 2132 5019">
    <p class='ocr_par' dir='ltr' id='par_1_67' title="bbox 526 4942 2132 5019">
     <span class='ocr_line' id='line_1_67' title="bbox 526 4942 2132 5019; baseline 0.009 -24"><span class='ocrx_word' id='word_1_521' title='bbox 526 4942 794 4996; x_wconf 86' lang='lat' dir='ltr'><strong>videbunt.</strong></span> <span class='ocrx_word' id='word_1_522' title='bbox 830 4942 939 4999; x_wconf 85' lang='lat' dir='ltr'><strong>Hos</strong></span> <span class='ocrx_word' id='word_1_523' title='bbox 968 4945 1173 4999; x_wconf 89' lang='lat' dir='ltr'><strong>mundo</strong></span> <span class='ocrx_word' id='word_1_524' title='bbox 1202 4945 1373 5001; x_wconf 89' lang='lat' dir='ltr'><strong>corde</strong></span> <span class='ocrx_word' id='word_1_525' title='bbox 1395 4962 1524 5003; x_wconf 89' lang='lat' dir='ltr'><strong>esse</strong></span> <span class='ocrx_word' id='word_1_526' title='bbox 1554 4948 1844 5018; x_wconf 83' lang='lat' dir='ltr'><strong>signiﬁcat,</strong></span> <span class='ocrx_word' id='word_1_527' title='bbox 1876 4950 1987 5019; x_wconf 87' lang='lat' dir='ltr'><strong>qui,</strong></span> <span class='ocrx_word' id='word_1_528' title='bbox 2034 4951 2132 5008; x_wconf 83' lang='lat' dir='ltr'><strong>de-</strong></span> 
     </span>
    </p>
   </div>
   <div class='ocr_carea' id='block_1_68' title="bbox 524 5036 2127 5114">
    <p class='ocr_par' dir='ltr' id='par_1_68' title="bbox 524 5036 2127 5114">
     <span class='ocr_line' id='line_1_68' title="bbox 524 5036 2127 5114; baseline 0.006 -24"><span class='ocrx_word' id='word_1_529' title='bbox 524 5038 704 5107; x_wconf 86' lang='lat' dir='ltr'><strong>posita</strong></span> <span class='ocrx_word' id='word_1_530' title='bbox 753 5036 916 5091; x_wconf 88' lang='lat' dir='ltr'><strong>sorde</strong></span> <span class='ocrx_word' id='word_1_531' title='bbox 966 5038 1199 5105; x_wconf 86' lang='lat' dir='ltr'><strong>peccati,</strong></span> <span class='ocrx_word' id='word_1_532' title='bbox 1247 5039 1317 5093; x_wconf 89' lang='lat' dir='ltr'><strong>ab</strong></span> <span class='ocrx_word' id='word_1_533' title='bbox 1347 5040 1498 5094; x_wconf 93' lang='lat' dir='ltr'><strong>omni</strong></span> <span class='ocrx_word' id='word_1_534' title='bbox 1546 5054 1605 5095; x_wconf 91' lang='lat' dir='ltr'><strong>se</strong></span> <span class='ocrx_word' id='word_1_535' title='bbox 1640 5042 1829 5097; x_wconf 89' lang='lat' dir='ltr'><strong>carnis</strong></span> <span class='ocrx_word' id='word_1_536' title='bbox 1875 5042 2127 5114; x_wconf 86' lang='lat' dir='ltr'><strong>inquina-</strong></span> 
     </span>
    </p>
   </div>
   <div class='ocr_carea' id='block_1_69' title="bbox 523 5130 2122 5205">
    <p class='ocr_par' dir='ltr' id='par_1_69' title="bbox 523 5130 2122 5205">
     <span class='ocr_line' id='line_1_69' title="bbox 523 5130 2122 5205; baseline 0.005 -23"><span class='ocrx_word' id='word_1_537' title='bbox 523 5140 713 5182; x_wconf 88' lang='lat' dir='ltr'><strong>mento</strong></span> <span class='ocrx_word' id='word_1_538' title='bbox 742 5130 1121 5199; x_wconf 77' lang='lat' dir='ltr'><strong>purgaverint,</strong></span> <span class='ocrx_word' id='word_1_539' title='bbox 1152 5139 1207 5185; x_wconf 92' lang='lat' dir='ltr'><strong>et</strong></span> <span class='ocrx_word' id='word_1_540' title='bbox 1249 5142 1351 5201; x_wconf 88' lang='lat' dir='ltr'><strong>per</strong></span> <span class='ocrx_word' id='word_1_541' title='bbox 1380 5146 1547 5201; x_wconf 84' lang='lat' dir='ltr'><strong>opera</strong></span> <span class='ocrx_word' id='word_1_542' title='bbox 1600 5133 1723 5188; x_wconf 90' lang='lat' dir='ltr'><strong>lidei</strong></span> <span class='ocrx_word' id='word_1_543' title='bbox 1776 5144 1937 5205; x_wconf 89' lang='lat' dir='ltr'><strong>atque</strong></span> <span class='ocrx_word' id='word_1_544' title='bbox 1959 5136 2122 5203; x_wconf 82' lang='lat' dir='ltr'><strong>justi—</strong></span> 
     </span>
    </p>
   </div>
   <div class='ocr_carea' id='block_1_70' title="bbox 520 5223 2123 5298">
    <p class='ocr_par' dir='ltr' id='par_1_70' title="bbox 520 5223 2123 5298">
     <span class='ocr_line' id='line_1_70' title="bbox 520 5223 2123 5298; baseline 0.006 -21"><span class='ocrx_word' id='word_1_545' title='bbox 520 5223 613 5279; x_wconf 71' lang='lat' dir='ltr'><strong>tiae</strong></span> <span class='ocrx_word' id='word_1_546' title='bbox 641 5223 751 5279; x_wconf 91' lang='lat' dir='ltr'><strong>Deo</strong></span> <span class='ocrx_word' id='word_1_547' title='bbox 783 5225 1107 5292; x_wconf 80' lang='lat' dir='ltr'><strong>placuerint,</strong></span> <span class='ocrx_word' id='word_1_548' title='bbox 1133 5226 1430 5282; x_wconf 91' lang='lat' dir='ltr'><strong>secundum</strong></span> <span class='ocrx_word' id='word_1_549' title='bbox 1462 5228 1605 5298; x_wconf 89' lang='lat' dir='ltr'><strong>quod</strong></span> <span class='ocrx_word' id='word_1_550' title='bbox 1633 5230 1798 5284; x_wconf 85' lang='lat' dir='ltr'><strong>David</strong></span> <span class='ocrx_word' id='word_1_551' title='bbox 1832 5232 1882 5285; x_wconf 94' lang='lat' dir='ltr'><strong>in</strong></span> <span class='ocrx_word' id='word_1_552' title='bbox 1907 5230 2123 5287; x_wconf 89' lang='lat' dir='ltr'><strong>Psalmo</strong></span> 
     </span>
    </p>
   </div>
   <div class='ocr_carea' id='block_1_71' title="bbox 520 5318 2118 5392">
    <p class='ocr_par' dir='ltr' id='par_1_71' title="bbox 520 5318 2118 5392">
     <span class='ocr_line' id='line_1_71' title="bbox 520 5318 2118 5392; baseline 0.004 -19"><span class='ocrx_word' id='word_1_553' title='bbox 520 5325 753 5373; x_wconf 86' lang='lat' dir='ltr'><strong>testatur</strong></span> <span class='ocrx_word' id='word_1_554' title='bbox 792 5318 983 5373; x_wconf 83' lang='lat' dir='ltr'><strong>dicens</strong></span> <span class='ocrx_word' id='word_1_555' title='bbox 1010 5336 1023 5372; x_wconf 87' lang='lat'><strong>:</strong></span> <span class='ocrx_word' id='word_1_556' title='bbox 1049 5318 1178 5386; x_wconf 82' lang='lat' dir='ltr'><strong>Quis</strong></span> <span class='ocrx_word' id='word_1_557' title='bbox 1222 5321 1461 5374; x_wconf 84' lang='lat' dir='ltr'><strong>ascendet</strong></span> <span class='ocrx_word' id='word_1_558' title='bbox 1512 5324 1565 5374; x_wconf 90' lang='lat' dir='ltr'><strong>in</strong></span> <span class='ocrx_word' id='word_1_559' title='bbox 1610 5333 1833 5376; x_wconf 88' lang='lat' dir='ltr'><strong>montem</strong></span> <span class='ocrx_word' id='word_1_560' title='bbox 1884 5324 2118 5392; x_wconf 80' lang='lat' dir='ltr'><strong>Domini,</strong></span> 
     </span>
    </p>
   </div>
   <div class='ocr_carea' id='block_1_72' title="bbox 515 5410 2119 5485">
    <p class='ocr_par' dir='ltr' id='par_1_72' title="bbox 515 5410 2119 5485">
     <span class='ocr_line' id='line_1_72' title="bbox 515 5410 2119 5485; baseline 0.006 -22"><span class='ocrx_word' id='word_1_561' title='bbox 515 5419 607 5463; x_wconf 88' lang='lat' dir='ltr'><strong>aut</strong></span> <span class='ocrx_word' id='word_1_562' title='bbox 650 5410 762 5480; x_wconf 84' lang='lat' dir='ltr'><strong>quis</strong></span> <span class='ocrx_word' id='word_1_563' title='bbox 791 5410 944 5465; x_wconf 83' lang='lat' dir='ltr'><strong>stabit</strong></span> <span class='ocrx_word' id='word_1_564' title='bbox 975 5412 1027 5463; x_wconf 87' lang='lat' dir='ltr'><strong>in</strong></span> <span class='ocrx_word' id='word_1_565' title='bbox 1058 5412 1171 5464; x_wconf 90' lang='lat' dir='ltr'><strong>loco</strong></span> <span class='ocrx_word' id='word_1_566' title='bbox 1200 5422 1378 5465; x_wconf 87' lang='lat' dir='ltr'><strong>sancto</strong></span> <span class='ocrx_word' id='word_1_567' title='bbox 1408 5413 1562 5485; x_wconf 79' lang='lat' dir='ltr'><strong>ejus?</strong></span> <span class='ocrx_word' id='word_1_568' title='bbox 1592 5412 1851 5471; x_wconf 87' lang='lat' dir='ltr'><strong>Innoceus</strong></span> <span class='ocrx_word' id='word_1_569' title='bbox 1887 5419 2119 5473; x_wconf 85' lang='lat' dir='ltr'><strong>manibus</strong></span> 
     </span>
    </p>
   </div>
   <div class='ocr_carea' id='block_1_73' title="bbox 509 5501 2114 5576">
    <p class='ocr_par' dir='ltr' id='par_1_73' title="bbox 509 5501 2114 5576">
     <span class='ocr_line' id='line_1_73' title="bbox 509 5501 2114 5576; baseline 0.006 -20"><span class='ocrx_word' id='word_1_570' title='bbox 509 5510 562 5556; x_wconf 85' lang='lat' dir='ltr'><strong>et</strong></span> <span class='ocrx_word' id='word_1_571' title='bbox 586 5501 776 5555; x_wconf 89' lang='lat' dir='ltr'><strong>mundo</strong></span> <span class='ocrx_word' id='word_1_572' title='bbox 802 5503 977 5567; x_wconf 88' lang='lat' dir='ltr'><strong>corde,</strong></span> <span class='ocrx_word' id='word_1_573' title='bbox 1004 5503 1092 5571; x_wconf 88' lang='lat' dir='ltr'><strong>qui</strong></span> <span class='ocrx_word' id='word_1_574' title='bbox 1115 5519 1218 5556; x_wconf 90' lang='lat' dir='ltr'><strong>non</strong></span> <span class='ocrx_word' id='word_1_575' title='bbox 1243 5506 1444 5576; x_wconf 83' lang='lat' dir='ltr'><strong>accepit</strong></span> <span class='ocrx_word' id='word_1_576' title='bbox 1468 5508 1521 5558; x_wconf 88' lang='lat' dir='ltr'><strong>in</strong></span> <span class='ocrx_word' id='word_1_577' title='bbox 1558 5522 1688 5562; x_wconf 85' lang='lat' dir='ltr'><strong>vano</strong></span> <span class='ocrx_word' id='word_1_578' title='bbox 1716 5510 1943 5564; x_wconf 88' lang='lat' dir='ltr'><strong>animam</strong></span> <span class='ocrx_word' id='word_1_579' title='bbox 1968 5528 2114 5566; x_wconf 88' lang='lat' dir='ltr'><strong>suam</strong></span> 
     </span>
    </p>
   </div>
   <div class='ocr_carea' id='block_1_74' title="bbox 512 5592 2110 5663">
    <p class='ocr_par' dir='ltr' id='par_1_74' title="bbox 512 5592 2110 5663">
     <span class='ocr_line' id='line_1_74' title="bbox 512 5592 2110 5663; baseline 0.008 -19"><span class='ocrx_word' id='word_1_580' title='bbox 512 5592 700 5663; x_wconf 78' lang='lat' dir='ltr'><strong>(I’sul.</strong></span> <span class='ocrx_word' id='word_1_581' title='bbox 733 5609 887 5657; x_wconf 74' lang='lat' dir='ltr'><strong>svnt,</strong></span> <span class='ocrx_word' id='word_1_582' title='bbox 918 5594 1086 5661; x_wconf 69' lang='lat'><strong>3,4).</strong></span> <span class='ocrx_word' id='word_1_583' title='bbox 1134 5595 1331 5649; x_wconf 84' lang='lat' dir='ltr'><strong>Merito</strong></span> <span class='ocrx_word' id='word_1_584' title='bbox 1379 5608 1438 5651; x_wconf 89' lang='lat' dir='ltr'><strong>et</strong></span> <span class='ocrx_word' id='word_1_585' title='bbox 1488 5596 1657 5654; x_wconf 86' lang='lat' dir='ltr'><strong>David</strong></span> <span class='ocrx_word' id='word_1_586' title='bbox 1711 5601 1892 5657; x_wconf 90' lang='lat' dir='ltr'><strong>sciens</strong></span> <span class='ocrx_word' id='word_1_587' title='bbox 1940 5603 2110 5659; x_wconf 92' lang='lat' dir='ltr'><strong>Deum</strong></span> 
     </span>
    </p>
   </div>
   <div class='ocr_carea' id='block_1_75' title="bbox 508 5686 2111 5759">
    <p class='ocr_par' dir='ltr' id='par_1_75' title="bbox 508 5686 2111 5759">
     <span class='ocr_line' id='line_1_75' title="bbox 508 5686 2111 5759; baseline 0.009 -21"><span class='ocrx_word' id='word_1_588' title='bbox 508 5686 730 5739; x_wconf 78' lang='lat' dir='ltr'><strong>nonnisi</strong></span> <span class='ocrx_word' id='word_1_589' title='bbox 777 5687 979 5742; x_wconf 85' lang='lat' dir='ltr'><strong>mundo</strong></span> <span class='ocrx_word' id='word_1_590' title='bbox 1024 5687 1191 5742; x_wconf 88' lang='lat' dir='ltr'><strong>corde</strong></span> <span class='ocrx_word' id='word_1_591' title='bbox 1240 5702 1403 5756; x_wconf 85' lang='lat' dir='ltr'><strong>posse</strong></span> <span class='ocrx_word' id='word_1_592' title='bbox 1449 5690 1644 5759; x_wconf 88' lang='lat' dir='ltr'><strong>videri,</strong></span> <span class='ocrx_word' id='word_1_593' title='bbox 1708 5695 1778 5748; x_wconf 90' lang='lat' dir='ltr'><strong>ita</strong></span> <span class='ocrx_word' id='word_1_594' title='bbox 1807 5694 1861 5750; x_wconf 89' lang='lat' dir='ltr'><strong>in</strong></span> <span class='ocrx_word' id='word_1_595' title='bbox 1896 5696 2111 5754; x_wconf 86' lang='lat' dir='ltr'><strong>Psalmo</strong></span> 
     </span>
    </p>
   </div>
   <div class='ocr_carea' id='block_1_76' title="bbox 2253 1870 3846 1940">
    <p class='ocr_par' dir='ltr' id='par_1_76' title="bbox 2253 1870 3846 1940">
     <span class='ocr_line' id='line_1_76' title="bbox 2253 1870 3846 1940; baseline -0.002 -14"><span class='ocrx_word' id='word_1_596' title='bbox 2253 1871 2405 1926; x_wconf 66' lang='lat' dir='ltr'><strong>deret</strong></span> <span class='ocrx_word' id='word_1_597' title='bbox 2438 1873 2617 1940; x_wconf 90' lang='lat' dir='ltr'><strong>inqua</strong></span> <span class='ocrx_word' id='word_1_598' title='bbox 2646 1872 2820 1927; x_wconf 80' lang='lat' dir='ltr'><strong>sancti</strong></span> <span class='ocrx_word' id='word_1_599' title='bbox 2848 1886 2970 1926; x_wconf 87' lang='lat' dir='ltr'><strong>cum</strong></span> <span class='ocrx_word' id='word_1_600' title='bbox 3004 1872 3113 1926; x_wconf 89' lang='lat' dir='ltr'><strong>Deo</strong></span> <span class='ocrx_word' id='word_1_601' title='bbox 3140 1870 3485 1932; x_wconf 78' lang='lat' dir='ltr'><strong>habitabant,</strong></span> <span class='ocrx_word' id='word_1_602' title='bbox 3520 1871 3593 1924; x_wconf 91' lang='lat' dir='ltr'><strong>ita</strong></span> <span class='ocrx_word' id='word_1_603' title='bbox 3626 1872 3846 1925; x_wconf 91' lang='lat' dir='ltr'><strong>retulit:</strong></span> 
     </span>
    </p>
   </div>
   <div class='ocr_carea' id='block_1_77' title="bbox 2252 1962 3850 2035">
    <p class='ocr_par' dir='ltr' id='par_1_77' title="bbox 2252 1962 3850 2035">
     <span class='ocr_line' id='line_1_77' title="bbox 2252 1962 3850 2035; baseline -0.001 -17"><span class='ocrx_word' id='word_1_604' title='bbox 2252 1966 2490 2020; x_wconf 84' lang='lat' dir='ltr'><strong>Attamen</strong></span> <span class='ocrx_word' id='word_1_605' title='bbox 2540 1967 2666 2031; x_wconf 83' lang='lat' dir='ltr'><strong>iusti</strong></span> <span class='ocrx_word' id='word_1_606' title='bbox 2717 1965 3096 2035; x_wconf 83' lang='lat' dir='ltr'><strong>conﬁtebuntur</strong></span> <span class='ocrx_word' id='word_1_607' title='bbox 3143 1965 3255 2028; x_wconf 88' lang='lat' dir='ltr'><strong>tibi,</strong></span> <span class='ocrx_word' id='word_1_608' title='bbox 3297 1974 3346 2019; x_wconf 88' lang='lat' dir='ltr'><strong>et</strong></span> <span class='ocrx_word' id='word_1_609' title='bbox 3392 1962 3695 2019; x_wconf 77' lang='lat' dir='ltr'><strong>habitabant</strong></span> <span class='ocrx_word' id='word_1_610' title='bbox 3722 1964 3850 2020; x_wconf 87' lang='lat' dir='ltr'><strong>recti</strong></span> 
     </span>
    </p>
   </div>
   <div class='ocr_carea' id='block_1_78' title="bbox 2251 2056 3279 2131">
    <p class='ocr_par' dir='ltr' id='par_1_78' title="bbox 2251 2056 3279 2131">
     <span class='ocr_line' id='line_1_78' title="bbox 2251 2056 3279 2131; baseline -0.001 -19"><span class='ocrx_word' id='word_1_611' title='bbox 2251 2075 2366 2112; x_wconf 90' lang='lat' dir='ltr'><strong>cum</strong></span> <span class='ocrx_word' id='word_1_612' title='bbox 2399 2058 2535 2126; x_wconf 82' lang='lat' dir='ltr'><strong>facie</strong></span> <span class='ocrx_word' id='word_1_613' title='bbox 2564 2068 2651 2112; x_wconf 85' lang='lat' dir='ltr'><strong>tua</strong></span> <span class='ocrx_word' id='word_1_614' title='bbox 2680 2057 2862 2131; x_wconf 86' lang='lat' dir='ltr'><strong>(Psal.</strong></span> <span class='ocrx_word' id='word_1_615' title='bbox 2894 2073 3121 2123; x_wconf 75' lang='lat' dir='ltr'><strong>cxxxu,</strong></span> <span class='ocrx_word' id='word_1_616' title='bbox 3150 2056 3279 2128; x_wconf 76' lang='grc'>14).</span> 
     </span>
    </p>
   </div>
   <div class='ocr_carea' id='block_1_79' title="bbox 2325 2148 3848 2219">
    <p class='ocr_par' dir='ltr' id='par_1_79' title="bbox 2325 2148 3848 2219">
     <span class='ocr_line' id='line_1_79' title="bbox 2325 2148 3848 2219; baseline -0.001 -15"><span class='ocrx_word' id='word_1_617' title='bbox 2325 2149 2437 2206; x_wconf 84' lang='lat' dir='ltr'><strong>VII.</strong></span> <span class='ocrx_word' id='word_1_618' title='bbox 2484 2151 2689 2206; x_wconf 88' lang='lat' dir='ltr'><strong>Deinde</strong></span> <span class='ocrx_word' id='word_1_619' title='bbox 2732 2151 2809 2205; x_wconf 91' lang='lat' dir='ltr'><strong>ait</strong></span> <span class='ocrx_word' id='word_1_620' title='bbox 2845 2148 3034 2205; x_wconf 89' lang='lat' dir='ltr'><strong>:Beati</strong></span> <span class='ocrx_word' id='word_1_621' title='bbox 3066 2150 3289 2219; x_wconf 77' lang='lat' dir='ltr'><strong>paciﬁci,</strong></span> <span class='ocrx_word' id='word_1_622' title='bbox 3336 2150 3582 2219; x_wconf 86' lang='lat' dir='ltr'><strong>quoniam</strong></span> <span class='ocrx_word' id='word_1_623' title='bbox 3625 2150 3722 2219; x_wconf 82' lang='lat' dir='ltr'><strong>[ilii</strong></span> <span class='ocrx_word' id='word_1_624' title='bbox 3752 2149 3848 2206; x_wconf 88' lang='lat' dir='ltr'><strong>Dei</strong></span> 
     </span>
    </p>
   </div>
   <div class='ocr_carea' id='block_1_80' title="bbox 2250 2242 3849 2313">
    <p class='ocr_par' dir='ltr' id='par_1_80' title="bbox 2250 2242 3849 2313">
     <span class='ocr_line' id='line_1_80' title="bbox 2250 2242 3849 2313; baseline 0.003 -17"><span class='ocrx_word' id='word_1_625' title='bbox 2250 2244 2585 2298; x_wconf 82' lang='lat' dir='ltr'><strong>vocabuntur.</strong></span> <span class='ocrx_word' id='word_1_626' title='bbox 2622 2243 2836 2299; x_wconf 71' lang='lat' dir='ltr'><strong>Par-ilici</strong></span> <span class='ocrx_word' id='word_1_627' title='bbox 2882 2254 3030 2308; x_wconf 90' lang='lat' dir='ltr'><strong>sunt,</strong></span> <span class='ocrx_word' id='word_1_628' title='bbox 3061 2243 3154 2313; x_wconf 89' lang='lat' dir='ltr'><strong>qui</strong></span> <span class='ocrx_word' id='word_1_629' title='bbox 3183 2260 3210 2295; x_wconf 89' lang='lat' dir='ltr'><strong>a</strong></span> <span class='ocrx_word' id='word_1_630' title='bbox 3243 2242 3605 2299; x_wconf 87' lang='lat' dir='ltr'><strong>dissensionis</strong></span> <span class='ocrx_word' id='word_1_631' title='bbox 3648 2255 3704 2299; x_wconf 90' lang='lat' dir='ltr'><strong>et</strong></span> <span class='ocrx_word' id='word_1_632' title='bbox 3730 2244 3849 2300; x_wconf 85' lang='lat' dir='ltr'><strong>dis-</strong></span> 
     </span>
    </p>
   </div>
   <div class='ocr_carea' id='block_1_81' title="bbox 2250 2337 3848 2407">
    <p class='ocr_par' dir='ltr' id='par_1_81' title="bbox 2250 2337 3848 2407">
     <span class='ocr_line' id='line_1_81' title="bbox 2250 2337 3848 2407; baseline 0 -14"><span class='ocrx_word' id='word_1_633' title='bbox 2250 2339 2450 2393; x_wconf 62' lang='lat' dir='ltr'><strong>cordia:</strong></span> <span class='ocrx_word' id='word_1_634' title='bbox 2502 2338 2761 2393; x_wconf 74' lang='lat' dir='ltr'><strong>seandalo</strong></span> <span class='ocrx_word' id='word_1_635' title='bbox 2810 2338 3072 2407; x_wconf 83' lang='lat' dir='ltr'><strong>separati,</strong></span> <span class='ocrx_word' id='word_1_636' title='bbox 3146 2337 3497 2393; x_wconf 88' lang='lat' dir='ltr'><strong>dilectionem</strong></span> <span class='ocrx_word' id='word_1_637' title='bbox 3565 2338 3848 2393; x_wconf 85' lang='lat' dir='ltr'><strong>charitatis</strong></span> 
     </span>
    </p>
   </div>
   <div class='ocr_carea' id='block_1_82' title="bbox 2250 2431 3847 2503">
    <p class='ocr_par' dir='ltr' id='par_1_82' title="bbox 2250 2431 3847 2503">
     <span class='ocr_line' id='line_1_82' title="bbox 2250 2431 3847 2503; baseline 0.001 -16"><span class='ocrx_word' id='word_1_638' title='bbox 2250 2433 2526 2496; x_wconf 69' lang='lat' dir='ltr'><strong>fraternte,</strong></span> <span class='ocrx_word' id='word_1_639' title='bbox 2572 2444 2866 2503; x_wconf 86' lang='lat' dir='ltr'><strong>etpacem</strong></span> <span class='ocrx_word' id='word_1_640' title='bbox 2923 2431 3182 2487; x_wconf 77' lang='lat' dir='ltr'><strong>Ecclesiae</strong></span> <span class='ocrx_word' id='word_1_641' title='bbox 3229 2433 3332 2485; x_wconf 85' lang='lat' dir='ltr'><strong>sub</strong></span> <span class='ocrx_word' id='word_1_642' title='bbox 3380 2431 3667 2488; x_wconf 72' lang='lat' dir='ltr'><strong>catholica:</strong></span> <span class='ocrx_word' id='word_1_643' title='bbox 3719 2432 3847 2488; x_wconf 84' lang='lat' dir='ltr'><strong>ﬁdei</strong></span> 
     </span>
    </p>
   </div>
   <div class='ocr_carea' id='block_1_83' title="bbox 2248 2525 3845 2598">
    <p class='ocr_par' dir='ltr' id='par_1_83' title="bbox 2248 2525 3845 2598">
     <span class='ocr_line' id='line_1_83' title="bbox 2248 2525 3845 2598; baseline -0.001 -15"><span class='ocrx_word' id='word_1_644' title='bbox 2248 2529 2453 2583; x_wconf 89' lang='lat' dir='ltr'><strong>unitate</strong></span> <span class='ocrx_word' id='word_1_645' title='bbox 2482 2528 2796 2584; x_wconf 91' lang='lat' dir='ltr'><strong>custodiunt</strong></span> <span class='ocrx_word' id='word_1_646' title='bbox 2824 2548 2837 2581; x_wconf 92' lang='lat'><strong>:</strong></span> <span class='ocrx_word' id='word_1_647' title='bbox 2868 2542 3027 2598; x_wconf 86' lang='lat' dir='ltr'><strong>quam</strong></span> <span class='ocrx_word' id='word_1_648' title='bbox 3059 2541 3246 2596; x_wconf 90' lang='lat' dir='ltr'><strong>pacem</strong></span> <span class='ocrx_word' id='word_1_649' title='bbox 3278 2525 3535 2582; x_wconf 89' lang='lat' dir='ltr'><strong>tuendam</strong></span> <span class='ocrx_word' id='word_1_650' title='bbox 3567 2526 3845 2598; x_wconf 83' lang='lat' dir='ltr'><strong>discipulis</strong></span> 
     </span>
    </p>
   </div>
   <div class='ocr_carea' id='block_1_84' title="bbox 2246 2618 3842 2691">
    <p class='ocr_par' dir='ltr' id='par_1_84' title="bbox 2246 2618 3842 2691">
     <span class='ocr_line' id='line_1_84' title="bbox 2246 2618 3842 2691; baseline -0.002 -14"><span class='ocrx_word' id='word_1_651' title='bbox 2246 2622 2359 2677; x_wconf 84' lang='lat' dir='ltr'><strong>Suis</strong></span> <span class='ocrx_word' id='word_1_652' title='bbox 2387 2621 2653 2675; x_wconf 77' lang='lat' dir='ltr'><strong>Dominus</strong></span> <span class='ocrx_word' id='word_1_653' title='bbox 2688 2624 2738 2674; x_wconf 92' lang='lat' dir='ltr'><strong>in</strong></span> <span class='ocrx_word' id='word_1_654' title='bbox 2765 2618 3063 2691; x_wconf 86' lang='lat' dir='ltr'><strong>Evangelio</strong></span> <span class='ocrx_word' id='word_1_655' title='bbox 3097 2619 3447 2689; x_wconf 87' lang='lat' dir='ltr'><strong>peculiariter</strong></span> <span class='ocrx_word' id='word_1_656' title='bbox 3469 2619 3842 2684; x_wconf 88' lang='lat' dir='ltr'><strong>commendat,</strong></span> 
     </span>
    </p>
   </div>
   <div class='ocr_carea' id='block_1_85' title="bbox 2246 2712 3840 2781">
    <p class='ocr_par' dir='ltr' id='par_1_85' title="bbox 2246 2712 3840 2781">
     <span class='ocr_line' id='line_1_85' title="bbox 2246 2712 3840 2781; baseline 0 -12"><span class='ocrx_word' id='word_1_657' title='bbox 2246 2714 2513 2769; x_wconf 89' lang='lat' dir='ltr'><strong>dicendo:</strong></span> <span class='ocrx_word' id='word_1_658' title='bbox 2544 2713 2733 2768; x_wconf 87' lang='lat' dir='ltr'><strong>Pacem</strong></span> <span class='ocrx_word' id='word_1_659' title='bbox 2760 2714 2994 2775; x_wconf 85' lang='lat' dir='ltr'><strong>relinquo</strong></span> <span class='ocrx_word' id='word_1_660' title='bbox 3022 2713 3183 2777; x_wconf 85' lang='lat' dir='ltr'><strong>vobis,</strong></span> <span class='ocrx_word' id='word_1_661' title='bbox 3210 2729 3388 2781; x_wconf 88' lang='lat' dir='ltr'><strong>pacem</strong></span> <span class='ocrx_word' id='word_1_662' title='bbox 3419 2729 3584 2768; x_wconf 89' lang='lat' dir='ltr'><strong>meam</strong></span> <span class='ocrx_word' id='word_1_663' title='bbox 3607 2714 3673 2766; x_wconf 92' lang='lat' dir='ltr'><strong>do</strong></span> <span class='ocrx_word' id='word_1_664' title='bbox 3700 2712 3840 2769; x_wconf 87' lang='lat' dir='ltr'><strong>vobis</strong></span> 
     </span>
    </p>
   </div>
   <div class='ocr_carea' id='block_1_86' title="bbox 2246 2804 3842 2877">
    <p class='ocr_par' dir='ltr' id='par_1_86' title="bbox 2246 2804 3842 2877">
     <span class='ocr_line' id='line_1_86' title="bbox 2246 2804 3842 2877; baseline 0.001 -18"><span class='ocrx_word' id='word_1_665' title='bbox 2246 2805 2436 2877; x_wconf 84' lang='lat' dir='ltr'><strong>(Joan.</strong></span> <span class='ocrx_word' id='word_1_666' title='bbox 2486 2822 2602 2873; x_wconf 80' lang='lat' dir='ltr'><strong>xw,</strong></span> <span class='ocrx_word' id='word_1_667' title='bbox 2644 2807 2776 2874; x_wconf 71' lang='lat'><strong>27).</strong></span> <span class='ocrx_word' id='word_1_668' title='bbox 2806 2806 2976 2872; x_wconf 80' lang='lat' dir='ltr'><strong>Quam</strong></span> <span class='ocrx_word' id='word_1_669' title='bbox 3022 2820 3211 2876; x_wconf 80' lang='lat' dir='ltr'><strong>pacem</strong></span> <span class='ocrx_word' id='word_1_670' title='bbox 3257 2804 3546 2859; x_wconf 87' lang='lat' dir='ltr'><strong>Dominum</strong></span> <span class='ocrx_word' id='word_1_671' title='bbox 3578 2804 3842 2861; x_wconf 72' lang='lat' dir='ltr'><strong>Ecclesite</strong></span> 
     </span>
    </p>
   </div>
   <div class='ocr_carea' id='block_1_87' title="bbox 2244 2898 3842 2961">
    <p class='ocr_par' dir='ltr' id='par_1_87' title="bbox 2244 2898 3842 2961">
     <span class='ocr_line' id='line_1_87' title="bbox 2244 2898 3842 2961; baseline -0.002 -5"><span class='ocrx_word' id='word_1_672' title='bbox 2244 2917 2356 2956; x_wconf 65' lang='lat' dir='ltr'><strong>suae</strong></span> <span class='ocrx_word' id='word_1_673' title='bbox 2396 2901 2647 2955; x_wconf 87' lang='lat' dir='ltr'><strong>daturqu</strong></span> <span class='ocrx_word' id='word_1_674' title='bbox 2701 2900 2867 2954; x_wconf 81' lang='lat' dir='ltr'><strong>David</strong></span> <span class='ocrx_word' id='word_1_675' title='bbox 2900 2908 3027 2954; x_wconf 91' lang='lat' dir='ltr'><strong>ante</strong></span> <span class='ocrx_word' id='word_1_676' title='bbox 3059 2907 3290 2953; x_wconf 78' lang='lat' dir='ltr'><strong>testatus</strong></span> <span class='ocrx_word' id='word_1_677' title='bbox 3337 2909 3447 2961; x_wconf 89' lang='lat' dir='ltr'><strong>est,</strong></span> <span class='ocrx_word' id='word_1_678' title='bbox 3477 2898 3704 2953; x_wconf 89' lang='lat' dir='ltr'><strong>dicens:</strong></span> <span class='ocrx_word' id='word_1_679' title='bbox 3731 2899 3842 2953; x_wconf 82' lang='lat' dir='ltr'><strong>Au-</strong></span> 
     </span>
    </p>
   </div>
   <div class='ocr_carea' id='block_1_88' title="bbox 2245 2989 3844 3064">
    <p class='ocr_par' dir='ltr' id='par_1_88' title="bbox 2245 2989 3844 3064">
     <span class='ocr_line' id='line_1_88' title="bbox 2245 2989 3844 3064; baseline -0.003 -17"><span class='ocrx_word' id='word_1_680' title='bbox 2245 2994 2383 3048; x_wconf 88' lang='lat' dir='ltr'><strong>diam</strong></span> <span class='ocrx_word' id='word_1_681' title='bbox 2427 2994 2553 3064; x_wconf 88' lang='lat' dir='ltr'><strong>quid</strong></span> <span class='ocrx_word' id='word_1_682' title='bbox 2603 2994 2847 3063; x_wconf 82' lang='lat' dir='ltr'><strong>loquatur</strong></span> <span class='ocrx_word' id='word_1_683' title='bbox 2875 2993 2929 3046; x_wconf 90' lang='lat' dir='ltr'><strong>in</strong></span> <span class='ocrx_word' id='word_1_684' title='bbox 2968 3008 3048 3046; x_wconf 87' lang='lat' dir='ltr'><strong>me</strong></span> <span class='ocrx_word' id='word_1_685' title='bbox 3080 2990 3336 3045; x_wconf 87' lang='lat' dir='ltr'><strong>Dominus</strong></span> <span class='ocrx_word' id='word_1_686' title='bbox 3386 2989 3546 3053; x_wconf 88' lang='lat' dir='ltr'><strong>Deus.</strong></span> <span class='ocrx_word' id='word_1_687' title='bbox 3600 2991 3844 3063; x_wconf 86' lang='lat' dir='ltr'><strong>quoniam</strong></span> 
     </span>
    </p>
   </div>
   <div class='ocr_carea' id='block_1_89' title="bbox 2245 3086 3840 3160">
    <p class='ocr_par' dir='ltr' id='par_1_89' title="bbox 2245 3086 3840 3160">
     <span class='ocr_line' id='line_1_89' title="bbox 2245 3086 3840 3160; baseline -0.003 -16"><span class='ocrx_word' id='word_1_688' title='bbox 2245 3090 2477 3160; x_wconf 85' lang='lat' dir='ltr'><strong>loquetur</strong></span> <span class='ocrx_word' id='word_1_689' title='bbox 2508 3105 2682 3159; x_wconf 89' lang='lat' dir='ltr'><strong>pacem</strong></span> <span class='ocrx_word' id='word_1_690' title='bbox 2709 3088 2763 3141; x_wconf 87' lang='lat' dir='ltr'><strong>in</strong></span> <span class='ocrx_word' id='word_1_691' title='bbox 2794 3086 2990 3155; x_wconf 78' lang='lat' dir='ltr'><strong>plebem</strong></span> <span class='ocrx_word' id='word_1_692' title='bbox 3017 3102 3189 3151; x_wconf 86' lang='lat' dir='ltr'><strong>suam,</strong></span> <span class='ocrx_word' id='word_1_693' title='bbox 3210 3094 3257 3139; x_wconf 90' lang='lat' dir='ltr'><strong>et</strong></span> <span class='ocrx_word' id='word_1_694' title='bbox 3281 3102 3437 3152; x_wconf 88' lang='lat' dir='ltr'><strong>super</strong></span> <span class='ocrx_word' id='word_1_695' title='bbox 3466 3094 3669 3139; x_wconf 87' lang='lat' dir='ltr'><strong>sanctos</strong></span> <span class='ocrx_word' id='word_1_696' title='bbox 3699 3101 3840 3148; x_wconf 80' lang='lat' dir='ltr'><strong>suos,</strong></span> 
     </span>
    </p>
   </div>
   <div class='ocr_carea' id='block_1_90' title="bbox 2244 3175 3838 3251">
    <p class='ocr_par' dir='ltr' id='par_1_90' title="bbox 2244 3175 3838 3251">
     <span class='ocr_line' id='line_1_90' title="bbox 2244 3175 3838 3251; baseline -0.002 -16"><span class='ocrx_word' id='word_1_697' title='bbox 2244 3192 2292 3235; x_wconf 90' lang='lat' dir='ltr'><strong>et</strong></span> <span class='ocrx_word' id='word_1_698' title='bbox 2316 3182 2368 3235; x_wconf 88' lang='lat' dir='ltr'><strong>in</strong></span> <span class='ocrx_word' id='word_1_699' title='bbox 2390 3197 2476 3235; x_wconf 88' lang='lat' dir='ltr'><strong>eos</strong></span> <span class='ocrx_word' id='word_1_700' title='bbox 2497 3181 2584 3251; x_wconf 84' lang='lat' dir='ltr'><strong>qui</strong></span> <span class='ocrx_word' id='word_1_701' title='bbox 2605 3189 2967 3234; x_wconf 76' lang='lat' dir='ltr'><strong>convertuntur</strong></span> <span class='ocrx_word' id='word_1_702' title='bbox 2989 3178 3059 3231; x_wconf 86' lang='lat' dir='ltr'><strong>ad</strong></span> <span class='ocrx_word' id='word_1_703' title='bbox 3084 3178 3289 3250; x_wconf 88' lang='lat' dir='ltr'><strong>ipsum(</strong></span> <span class='ocrx_word' id='word_1_704' title='bbox 3313 3175 3461 3232; x_wconf 83' lang='lat' dir='ltr'><strong>Psal.</strong></span> <span class='ocrx_word' id='word_1_705' title='bbox 3494 3193 3732 3240; x_wconf 78' lang='lat' dir='ltr'><strong>Lxxxw,</strong></span> <span class='ocrx_word' id='word_1_706' title='bbox 3757 3176 3838 3246; x_wconf 89' lang='lat'><strong>9).</strong></span> 
     </span>
    </p>
   </div>
   <div class='ocr_carea' id='block_1_91' title="bbox 2244 3269 3838 3344">
    <p class='ocr_par' dir='ltr' id='par_1_91' title="bbox 2244 3269 3838 3344">
     <span class='ocr_line' id='line_1_91' title="bbox 2244 3269 3838 3344; baseline -0.004 -16"><span class='ocrx_word' id='word_1_707' title='bbox 2244 3273 2321 3328; x_wconf 87' lang='lat' dir='ltr'><strong>De</strong></span> <span class='ocrx_word' id='word_1_708' title='bbox 2351 3289 2453 3344; x_wconf 92' lang='lat' dir='ltr'><strong>qua</strong></span> <span class='ocrx_word' id='word_1_709' title='bbox 2488 3287 2616 3342; x_wconf 82' lang='lat' dir='ltr'><strong>pace</strong></span> <span class='ocrx_word' id='word_1_710' title='bbox 2662 3270 3021 3327; x_wconf 82' lang='lat' dir='ltr'><strong>custodienda</strong></span> <span class='ocrx_word' id='word_1_711' title='bbox 3066 3278 3122 3323; x_wconf 75' lang='lat' dir='ltr'><strong>et</strong></span> <span class='ocrx_word' id='word_1_712' title='bbox 3150 3269 3454 3337; x_wconf 80' lang='lat' dir='ltr'><strong>Apostolus</strong></span> <span class='ocrx_word' id='word_1_713' title='bbox 3502 3278 3838 3337; x_wconf 89' lang='lat' dir='ltr'><strong>commonet,</strong></span> 
     </span>
    </p>
   </div>
   <div class='ocr_carea' id='block_1_92' title="bbox 2242 3362 3842 3433">
    <p class='ocr_par' dir='ltr' id='par_1_92' title="bbox 2242 3362 3842 3433">
     <span class='ocr_line' id='line_1_92' title="bbox 2242 3362 3842 3433; baseline -0.005 -10"><span class='ocrx_word' id='word_1_714' title='bbox 2242 3367 2431 3423; x_wconf 87' lang='lat' dir='ltr'><strong>dicens</strong></span> <span class='ocrx_word' id='word_1_715' title='bbox 2460 3384 2472 3420; x_wconf 86' lang='lat'><strong>:</strong></span> <span class='ocrx_word' id='word_1_716' title='bbox 2501 3365 2565 3419; x_wconf 91' lang='lat' dir='ltr'><strong>In</strong></span> <span class='ocrx_word' id='word_1_717' title='bbox 2601 3365 2834 3419; x_wconf 89' lang='lat' dir='ltr'><strong>omnibus</strong></span> <span class='ocrx_word' id='word_1_718' title='bbox 2877 3374 3136 3418; x_wconf 88' lang='lat' dir='ltr'><strong>servantes</strong></span> <span class='ocrx_word' id='word_1_719' title='bbox 3185 3363 3439 3416; x_wconf 89' lang='lat' dir='ltr'><strong>unitatem</strong></span> <span class='ocrx_word' id='word_1_720' title='bbox 3491 3362 3702 3433; x_wconf 69' lang='lat' dir='ltr'><strong>spiritus</strong></span> <span class='ocrx_word' id='word_1_721' title='bbox 3726 3378 3842 3415; x_wconf 88' lang='lat' dir='ltr'><strong>cum</strong></span> 
     </span>
    </p>
   </div>
   <div class='ocr_carea' id='block_1_93' title="bbox 2242 3453 3842 3532">
    <p class='ocr_par' dir='ltr' id='par_1_93' title="bbox 2242 3453 3842 3532">
     <span class='ocr_line' id='line_1_93' title="bbox 2242 3453 3842 3532; baseline -0.005 -16"><span class='ocrx_word' id='word_1_722' title='bbox 2242 3462 2449 3517; x_wconf 84' lang='lat' dir='ltr'><strong>vinculo</strong></span> <span class='ocrx_word' id='word_1_723' title='bbox 2486 3462 2628 3529; x_wconf 87' lang='lat' dir='ltr'><strong>pacis</strong></span> <span class='ocrx_word' id='word_1_724' title='bbox 2657 3460 2890 3532; x_wconf 83' lang='lat' dir='ltr'><strong>(Ephes.</strong></span> <span class='ocrx_word' id='word_1_725' title='bbox 2936 3475 3009 3523; x_wconf 88' lang='lat' dir='ltr'><strong>tv,</strong></span> <span class='ocrx_word' id='word_1_726' title='bbox 3057 3458 3146 3527; x_wconf 93' lang='grc'><strong>5).</strong></span> <span class='ocrx_word' id='word_1_727' title='bbox 3202 3458 3266 3511; x_wconf 81' lang='lat' dir='ltr'><strong>Et</strong></span> <span class='ocrx_word' id='word_1_728' title='bbox 3323 3456 3517 3511; x_wconf 84' lang='lat' dir='ltr'><strong>iterum</strong></span> <span class='ocrx_word' id='word_1_729' title='bbox 3549 3472 3561 3508; x_wconf 90' lang='lat'>:</span> <span class='ocrx_word' id='word_1_730' title='bbox 3588 3453 3707 3509; x_wconf 72' lang='lat' dir='ltr'><strong>Pas:</strong></span> <span class='ocrx_word' id='word_1_731' title='bbox 3746 3453 3842 3509; x_wconf 83' lang='lat' dir='ltr'><strong>Dei</strong></span> 
     </span>
    </p>
   </div>
   <div class='ocr_carea' id='block_1_94' title="bbox 2242 3547 3840 3629">
    <p class='ocr_par' dir='ltr' id='par_1_94' title="bbox 2242 3547 3840 3629">
     <span class='ocr_line' id='line_1_94' title="bbox 2242 3547 3840 3629; baseline -0.007 -16"><span class='ocrx_word' id='word_1_732' title='bbox 2242 3575 2357 3629; x_wconf 75' lang='lat' dir='ltr'><strong>qua:</strong></span> <span class='ocrx_word' id='word_1_733' title='bbox 2380 3567 2588 3629; x_wconf 87' lang='lat' dir='ltr'><strong>superat</strong></span> <span class='ocrx_word' id='word_1_734' title='bbox 2616 3570 2814 3609; x_wconf 84' lang='lat' dir='ltr'><strong>omnem</strong></span> <span class='ocrx_word' id='word_1_735' title='bbox 2844 3553 3183 3615; x_wconf 70' lang='lat' dir='ltr'><strong>intellectum,</strong></span> <span class='ocrx_word' id='word_1_736' title='bbox 3212 3548 3471 3604; x_wconf 84' lang='lat' dir='ltr'><strong>custodiat</strong></span> <span class='ocrx_word' id='word_1_737' title='bbox 3491 3547 3650 3603; x_wconf 90' lang='lat' dir='ltr'><strong>corda</strong></span> <span class='ocrx_word' id='word_1_738' title='bbox 3675 3558 3840 3603; x_wconf 77' lang='lat' dir='ltr'><strong>vestra</strong></span> 
     </span>
    </p>
   </div>
   <div class='ocr_carea' id='block_1_95' title="bbox 2243 3639 3838 3719">
    <p class='ocr_par' dir='ltr' id='par_1_95' title="bbox 2243 3639 3838 3719">
     <span class='ocr_line' id='line_1_95' title="bbox 2243 3639 3838 3719; baseline -0.008 -13"><span class='ocrx_word' id='word_1_739' title='bbox 2243 3660 2291 3705; x_wconf 90' lang='lat' dir='ltr'><strong>et</strong></span> <span class='ocrx_word' id='word_1_740' title='bbox 2318 3666 2537 3719; x_wconf 86' lang='lat' dir='ltr'><strong>corpora</strong></span> <span class='ocrx_word' id='word_1_741' title='bbox 2559 3660 2726 3702; x_wconf 90' lang='lat' dir='ltr'><strong>vestra</strong></span> <span class='ocrx_word' id='word_1_742' title='bbox 2752 3665 2782 3699; x_wconf 90' lang='lat' dir='ltr'><strong>a</strong></span> <span class='ocrx_word' id='word_1_743' title='bbox 2808 3646 2946 3700; x_wconf 89' lang='lat' dir='ltr'><strong>malo</strong></span> <span class='ocrx_word' id='word_1_744' title='bbox 2974 3647 2991 3710; x_wconf 91' lang='lat'><strong>(</strong></span> <span class='ocrx_word' id='word_1_745' title='bbox 3016 3643 3255 3715; x_wconf 78' lang='lat' dir='ltr'><strong>Philipp.</strong></span> <span class='ocrx_word' id='word_1_746' title='bbox 3282 3657 3358 3709; x_wconf 86' lang='lat' dir='ltr'><strong>tv,</strong></span> <span class='ocrx_word' id='word_1_747' title='bbox 3402 3640 3492 3711; x_wconf 90' lang='lat'><strong>7).</strong></span> <span class='ocrx_word' id='word_1_748' title='bbox 3525 3639 3667 3695; x_wconf 64' lang='lat' dir='ltr'><strong>bibit</strong></span> <span class='ocrx_word' id='word_1_749' title='bbox 3692 3642 3838 3695; x_wconf 88' lang='lat' dir='ltr'><strong>enim</strong></span> 
     </span>
    </p>
   </div>
   <div class='ocr_carea' id='block_1_96' title="bbox 2242 3732 3837 3803">
    <p class='ocr_par' dir='ltr' id='par_1_96' title="bbox 2242 3732 3837 3803">
     <span class='ocr_line' id='line_1_96' title="bbox 2242 3732 3837 3803; baseline -0.008 -4"><span class='ocrx_word' id='word_1_750' title='bbox 2242 3752 2350 3798; x_wconf 90' lang='lat' dir='ltr'><strong>tam</strong></span> <span class='ocrx_word' id='word_1_751' title='bbox 2380 3741 2749 3798; x_wconf 69' lang='lat' dir='ltr'><strong>necessarium</strong></span> <span class='ocrx_word' id='word_1_752' title='bbox 2780 3738 2951 3793; x_wconf 85' lang='lat' dir='ltr'><strong>servis</strong></span> <span class='ocrx_word' id='word_1_753' title='bbox 2983 3736 3111 3803; x_wconf 87' lang='lat' dir='ltr'><strong>Dei,</strong></span> <span class='ocrx_word' id='word_1_754' title='bbox 3148 3746 3257 3789; x_wconf 90' lang='lat' dir='ltr'><strong>tam</strong></span> <span class='ocrx_word' id='word_1_755' title='bbox 3290 3734 3529 3788; x_wconf 76' lang='lat' dir='ltr'><strong>salutare</strong></span> <span class='ocrx_word' id='word_1_756' title='bbox 3554 3732 3837 3797; x_wconf 59' lang='lat' dir='ltr'><strong>Ecclesia},</strong></span> 
     </span>
    </p>
   </div>
   <div class='ocr_carea' id='block_1_97' title="bbox 2242 3825 3838 3905">
    <p class='ocr_par' dir='ltr' id='par_1_97' title="bbox 2242 3825 3838 3905">
     <span class='ocr_line' id='line_1_97' title="bbox 2242 3825 3838 3905; baseline -0.006 -14"><span class='ocrx_word' id='word_1_757' title='bbox 2242 3852 2401 3905; x_wconf 90' lang='lat' dir='ltr'><strong>quam</strong></span> <span class='ocrx_word' id='word_1_758' title='bbox 2442 3836 2762 3891; x_wconf 90' lang='lat' dir='ltr'><strong>charitatem</strong></span> <span class='ocrx_word' id='word_1_759' title='bbox 2812 3846 3071 3895; x_wconf 83' lang='lat' dir='ltr'><strong>servare,</strong></span> <span class='ocrx_word' id='word_1_760' title='bbox 3122 3844 3285 3898; x_wconf 88' lang='lat' dir='ltr'><strong>quam</strong></span> <span class='ocrx_word' id='word_1_761' title='bbox 3336 3841 3520 3897; x_wconf 84' lang='lat' dir='ltr'><strong>pacem</strong></span> <span class='ocrx_word' id='word_1_762' title='bbox 3575 3825 3838 3896; x_wconf 89' lang='lat' dir='ltr'><strong>diligere,</strong></span> 
     </span>
    </p>
   </div>
   <div class='ocr_carea' id='block_1_98' title="bbox 2241 3918 3841 3999">
    <p class='ocr_par' dir='ltr' id='par_1_98' title="bbox 2241 3918 3841 3999">
     <span class='ocr_line' id='line_1_98' title="bbox 2241 3918 3841 3999; baseline -0.008 -16"><span class='ocrx_word' id='word_1_763' title='bbox 2241 3929 2361 3983; x_wconf 89' lang='lat' dir='ltr'><strong>sine</strong></span> <span class='ocrx_word' id='word_1_764' title='bbox 2388 3943 2492 3999; x_wconf 91' lang='lat' dir='ltr'><strong>qua</strong></span> <span class='ocrx_word' id='word_1_765' title='bbox 2525 3928 2689 3981; x_wconf 90' lang='lat' dir='ltr'><strong>Deum</strong></span> <span class='ocrx_word' id='word_1_766' title='bbox 2721 3923 2893 3979; x_wconf 89' lang='lat' dir='ltr'><strong>videri</strong></span> <span class='ocrx_word' id='word_1_767' title='bbox 2928 3937 3035 3977; x_wconf 92' lang='lat' dir='ltr'><strong>non</strong></span> <span class='ocrx_word' id='word_1_768' title='bbox 3069 3935 3253 3992; x_wconf 90' lang='lat' dir='ltr'><strong>posse,</strong></span> <span class='ocrx_word' id='word_1_769' title='bbox 3305 3918 3374 3974; x_wconf 91' lang='lat' dir='ltr'><strong>ad</strong></span> <span class='ocrx_word' id='word_1_770' title='bbox 3405 3918 3661 3973; x_wconf 74' lang='lat' dir='ltr'><strong>Hebrteos</strong></span> <span class='ocrx_word' id='word_1_771' title='bbox 3694 3920 3841 3986; x_wconf 76' lang='lat' dir='ltr'><strong>Apo-</strong></span> 
     </span>
    </p>
   </div>
   <div class='ocr_carea' id='block_1_99' title="bbox 2241 4013 3836 4091">
    <p class='ocr_par' dir='ltr' id='par_1_99' title="bbox 2241 4013 3836 4091">
     <span class='ocr_line' id='line_1_99' title="bbox 2241 4013 3836 4091; baseline -0.006 -15"><span class='ocrx_word' id='word_1_772' title='bbox 2241 4022 2413 4077; x_wconf 84' lang='lat' dir='ltr'><strong>stolus</strong></span> <span class='ocrx_word' id='word_1_773' title='bbox 2461 4020 2571 4091; x_wconf 71' lang='lat'><strong>29</strong></span> <span class='ocrx_word' id='word_1_774' title='bbox 2610 4019 2791 4081; x_wconf 86' lang='lat' dir='ltr'><strong>docet,</strong></span> <span class='ocrx_word' id='word_1_775' title='bbox 2840 4016 3074 4073; x_wconf 83' lang='lat' dir='ltr'><strong>dicendo</strong></span> <span class='ocrx_word' id='word_1_776' title='bbox 3100 4033 3113 4069; x_wconf 89' lang='lat'>:</span> <span class='ocrx_word' id='word_1_777' title='bbox 3142 4015 3273 4070; x_wconf 84' lang='lat' dir='ltr'><strong>Ante</strong></span> <span class='ocrx_word' id='word_1_778' title='bbox 3302 4015 3475 4068; x_wconf 86' lang='lat' dir='ltr'><strong>omnia</strong></span> <span class='ocrx_word' id='word_1_779' title='bbox 3512 4013 3712 4085; x_wconf 88' lang='lat' dir='ltr'><strong>diligite</strong></span> <span class='ocrx_word' id='word_1_780' title='bbox 3740 4030 3836 4083; x_wconf 87' lang='lat' dir='ltr'><strong>pa-</strong></span> 
     </span>
    </p>
   </div>
   <div class='ocr_carea' id='block_1_100' title="bbox 2241 4105 3838 4181">
    <p class='ocr_par' dir='ltr' id='par_1_100' title="bbox 2241 4105 3838 4181">
     <span class='ocr_line' id='line_1_100' title="bbox 2241 4105 3838 4181; baseline -0.006 -13"><span class='ocrx_word' id='word_1_781' title='bbox 2241 4130 2371 4179; x_wconf 90' lang='lat' dir='ltr'><strong>cem,</strong></span> <span class='ocrx_word' id='word_1_782' title='bbox 2419 4114 2530 4167; x_wconf 88' lang='lat' dir='ltr'><strong>sine</strong></span> <span class='ocrx_word' id='word_1_783' title='bbox 2574 4128 2675 4181; x_wconf 89' lang='lat' dir='ltr'><strong>qua</strong></span> <span class='ocrx_word' id='word_1_784' title='bbox 2723 4110 2899 4165; x_wconf 88' lang='lat' dir='ltr'><strong>nullus</strong></span> <span class='ocrx_word' id='word_1_785' title='bbox 2944 4120 3176 4164; x_wconf 88' lang='lat' dir='ltr'><strong>nostrum</strong></span> <span class='ocrx_word' id='word_1_786' title='bbox 3224 4105 3393 4161; x_wconf 89' lang='lat' dir='ltr'><strong>Deum</strong></span> <span class='ocrx_word' id='word_1_787' title='bbox 3436 4106 3607 4160; x_wconf 85' lang='lat' dir='ltr'><strong>videre</strong></span> <span class='ocrx_word' id='word_1_788' title='bbox 3655 4106 3838 4174; x_wconf 86' lang='lat' dir='ltr'><strong>poterit</strong></span> 
     </span>
    </p>
   </div>
   <div class='ocr_carea' id='block_1_101' title="bbox 2242 4198 3837 4282">
    <p class='ocr_par' dir='ltr' id='par_1_101' title="bbox 2242 4198 3837 4282">
     <span class='ocr_line' id='line_1_101' title="bbox 2242 4198 3837 4282; baseline -0.004 -20"><span class='ocrx_word' id='word_1_789' title='bbox 2242 4208 2427 4282; x_wconf 85' lang='lat' dir='ltr'><strong>(Hebr.</strong></span> <span class='ocrx_word' id='word_1_790' title='bbox 2466 4225 2563 4270; x_wconf 76' lang='lat' dir='ltr'><strong>xu.</strong></span> <span class='ocrx_word' id='word_1_791' title='bbox 2596 4208 2705 4275; x_wconf 71' lang='lat' dir='ltr'><strong>ib).</strong></span> <span class='ocrx_word' id='word_1_792' title='bbox 2738 4204 2893 4261; x_wconf 90' lang='lat' dir='ltr'><strong>Unde</strong></span> <span class='ocrx_word' id='word_1_793' title='bbox 2933 4205 3079 4259; x_wconf 90' lang='lat' dir='ltr'><strong>omni</strong></span> <span class='ocrx_word' id='word_1_794' title='bbox 3119 4202 3301 4257; x_wconf 88' lang='lat' dir='ltr'><strong>studio</strong></span> <span class='ocrx_word' id='word_1_795' title='bbox 3330 4217 3394 4256; x_wconf 92' lang='lat' dir='ltr'><strong>ac</strong></span> <span class='ocrx_word' id='word_1_796' title='bbox 3420 4198 3718 4257; x_wconf 78' lang='lat' dir='ltr'><strong>devotione</strong></span> <span class='ocrx_word' id='word_1_797' title='bbox 3746 4215 3837 4268; x_wconf 89' lang='lat' dir='ltr'><strong>pa-</strong></span> 
     </span>
    </p>
   </div>
   <div class='ocr_carea' id='block_1_102' title="bbox 2239 4292 3836 4363">
    <p class='ocr_par' dir='ltr' id='par_1_102' title="bbox 2239 4292 3836 4363">
     <span class='ocr_line' id='line_1_102' title="bbox 2239 4292 3836 4363; baseline -0.006 -6"><span class='ocrx_word' id='word_1_798' title='bbox 2239 4317 2357 4357; x_wconf 91' lang='lat' dir='ltr'><strong>cem</strong></span> <span class='ocrx_word' id='word_1_799' title='bbox 2401 4300 2661 4356; x_wconf 77' lang='lat' dir='ltr'><strong>Ecclesia:</strong></span> <span class='ocrx_word' id='word_1_800' title='bbox 2710 4314 2931 4356; x_wconf 89' lang='lat' dir='ltr'><strong>servare</strong></span> <span class='ocrx_word' id='word_1_801' title='bbox 2975 4310 3075 4351; x_wconf 88' lang='lat' dir='ltr'><strong>nos</strong></span> <span class='ocrx_word' id='word_1_802' title='bbox 3116 4294 3399 4357; x_wconf 87' lang='lat' dir='ltr'><strong>convenit,</strong></span> <span class='ocrx_word' id='word_1_803' title='bbox 3444 4302 3501 4348; x_wconf 92' lang='lat' dir='ltr'><strong>et</strong></span> <span class='ocrx_word' id='word_1_804' title='bbox 3545 4306 3642 4347; x_wconf 90' lang='lat' dir='ltr'><strong>eos</strong></span> <span class='ocrx_word' id='word_1_805' title='bbox 3682 4292 3836 4363; x_wconf 87' lang='lat' dir='ltr'><strong>quia</strong></span> 
     </span>
    </p>
   </div>
   <div class='ocr_carea' id='block_1_103' title="bbox 2239 4386 3835 4463">
    <p class='ocr_par' dir='ltr' id='par_1_103' title="bbox 2239 4386 3835 4463">
     <span class='ocr_line' id='line_1_103' title="bbox 2239 4386 3835 4463; baseline -0.006 -15"><span class='ocrx_word' id='word_1_806' title='bbox 2239 4409 2374 4463; x_wconf 89' lang='lat' dir='ltr'><strong>pace</strong></span> <span class='ocrx_word' id='word_1_807' title='bbox 2408 4394 2759 4458; x_wconf 89' lang='lat' dir='ltr'><strong>dissentiunt,</strong></span> <span class='ocrx_word' id='word_1_808' title='bbox 2795 4392 2861 4445; x_wconf 88' lang='lat' dir='ltr'><strong>ad</strong></span> <span class='ocrx_word' id='word_1_809' title='bbox 2901 4388 3161 4443; x_wconf 76' lang='lat' dir='ltr'><strong>Ecclesia:</strong></span> <span class='ocrx_word' id='word_1_810' title='bbox 3197 4386 3546 4449; x_wconf 83' lang='lat' dir='ltr'><strong>charitatem,</strong></span> <span class='ocrx_word' id='word_1_811' title='bbox 3574 4396 3835 4453; x_wconf 86' lang='lat' dir='ltr'><strong>quantum</strong></span> 
     </span>
    </p>
   </div>
   <div class='ocr_carea' id='block_1_104' title="bbox 2242 4475 3838 4554">
    <p class='ocr_par' dir='ltr' id='par_1_104' title="bbox 2242 4475 3838 4554">
     <span class='ocr_line' id='line_1_104' title="bbox 2242 4475 3838 4554; baseline -0.006 -13"><span class='ocrx_word' id='word_1_812' title='bbox 2242 4486 2293 4541; x_wconf 92' lang='lat' dir='ltr'><strong>in</strong></span> <span class='ocrx_word' id='word_1_813' title='bbox 2322 4486 2479 4541; x_wconf 92' lang='lat' dir='ltr'><strong>nobis</strong></span> <span class='ocrx_word' id='word_1_814' title='bbox 2504 4495 2607 4547; x_wconf 91' lang='lat' dir='ltr'><strong>est,</strong></span> <span class='ocrx_word' id='word_1_815' title='bbox 2643 4482 2790 4554; x_wconf 86' lang='lat' dir='ltr'><strong>pacis</strong></span> <span class='ocrx_word' id='word_1_816' title='bbox 2820 4497 2882 4535; x_wconf 82' lang='lat' dir='ltr'><strong>ar.</strong></span> <span class='ocrx_word' id='word_1_817' title='bbox 2906 4480 3028 4535; x_wconf 90' lang='lat' dir='ltr'><strong>lidei</strong></span> <span class='ocrx_word' id='word_1_818' title='bbox 3058 4477 3237 4533; x_wconf 88' lang='lat' dir='ltr'><strong>studio</strong></span> <span class='ocrx_word' id='word_1_819' title='bbox 3276 4490 3554 4539; x_wconf 70' lang='lat' dir='ltr'><strong>remeare.</strong></span> <span class='ocrx_word' id='word_1_820' title='bbox 3587 4475 3838 4544; x_wconf 84' lang='lat' dir='ltr'><strong>exemplo</strong></span> 
     </span>
    </p>
   </div>
   <div class='ocr_carea' id='block_1_105' title="bbox 2241 4570 3836 4650">
    <p class='ocr_par' dir='ltr' id='par_1_105' title="bbox 2241 4570 3836 4650">
     <span class='ocr_line' id='line_1_105' title="bbox 2241 4570 3836 4650; baseline -0.008 -15"><span class='ocrx_word' id='word_1_821' title='bbox 2241 4578 2529 4650; x_wconf 74' lang='lat' dir='ltr'><strong>Propheta:</strong></span> <span class='ocrx_word' id='word_1_822' title='bbox 2557 4576 2648 4647; x_wconf 91' lang='lat' dir='ltr'><strong>qui</strong></span> <span class='ocrx_word' id='word_1_823' title='bbox 2680 4580 2792 4631; x_wconf 89' lang='lat' dir='ltr'><strong>ait:</strong></span> <span class='ocrx_word' id='word_1_824' title='bbox 2826 4574 2954 4629; x_wconf 85' lang='lat' dir='ltr'><strong>Cum</strong></span> <span class='ocrx_word' id='word_1_825' title='bbox 2987 4573 3065 4626; x_wconf 86' lang='lat' dir='ltr'><strong>his</strong></span> <span class='ocrx_word' id='word_1_826' title='bbox 3094 4572 3183 4641; x_wconf 89' lang='lat' dir='ltr'><strong>qui</strong></span> <span class='ocrx_word' id='word_1_827' title='bbox 3214 4570 3433 4624; x_wconf 85' lang='lat' dir='ltr'><strong>oderunt</strong></span> <span class='ocrx_word' id='word_1_828' title='bbox 3463 4585 3660 4640; x_wconf 88' lang='lat' dir='ltr'><strong>pacem,</strong></span> <span class='ocrx_word' id='word_1_829' title='bbox 3692 4586 3836 4623; x_wconf 72' lang='lat' dir='ltr'><strong>nam</strong></span> 
     </span>
    </p>
   </div>
   <div class='ocr_carea' id='block_1_106' title="bbox 2244 4662 3835 4743">
    <p class='ocr_par' dir='ltr' id='par_1_106' title="bbox 2244 4662 3835 4743">
     <span class='ocr_line' id='line_1_106' title="bbox 2244 4662 3835 4743; baseline -0.006 -17"><span class='ocrx_word' id='word_1_830' title='bbox 2244 4673 2531 4743; x_wconf 79' lang='lat' dir='ltr'><strong>paciﬁcus;</strong></span> <span class='ocrx_word' id='word_1_831' title='bbox 2579 4686 2695 4724; x_wconf 88' lang='lat' dir='ltr'><strong>cum</strong></span> <span class='ocrx_word' id='word_1_832' title='bbox 2726 4669 2971 4738; x_wconf 84' lang='lat' dir='ltr'><strong>loquebar</strong></span> <span class='ocrx_word' id='word_1_833' title='bbox 2998 4663 3127 4731; x_wconf 89' lang='lat' dir='ltr'><strong>illis,</strong></span> <span class='ocrx_word' id='word_1_834' title='bbox 3160 4664 3534 4734; x_wconf 86' lang='lat' dir='ltr'><strong>impugnabant</strong></span> <span class='ocrx_word' id='word_1_835' title='bbox 3564 4677 3645 4715; x_wconf 85' lang='lat' dir='ltr'><strong>me</strong></span> <span class='ocrx_word' id='word_1_836' title='bbox 3672 4662 3835 4733; x_wconf 80' lang='lat' dir='ltr'><strong>gratis</strong></span> 
     </span>
    </p>
   </div>
   <div class='ocr_carea' id='block_1_107' title="bbox 2238 4755 3833 4842">
    <p class='ocr_par' dir='ltr' id='par_1_107' title="bbox 2238 4755 3833 4842">
     <span class='ocr_line' id='line_1_107' title="bbox 2238 4755 3833 4842; baseline -0.009 -18"><span class='ocrx_word' id='word_1_837' title='bbox 2238 4768 2582 4842; x_wconf 79' lang='lat' dir='ltr'><strong>(Psal.cx1x,</strong></span> <span class='ocrx_word' id='word_1_838' title='bbox 2618 4765 2696 4836; x_wconf 87' lang='lat'><strong>7).</strong></span> <span class='ocrx_word' id='word_1_839' title='bbox 2744 4760 2940 4819; x_wconf 85' lang='lat' dir='ltr'><strong>Merito</strong></span> <span class='ocrx_word' id='word_1_840' title='bbox 2980 4770 3035 4816; x_wconf 91' lang='lat' dir='ltr'><strong>et</strong></span> <span class='ocrx_word' id='word_1_841' title='bbox 3076 4760 3128 4813; x_wconf 92' lang='lat' dir='ltr'><strong>in</strong></span> <span class='ocrx_word' id='word_1_842' title='bbox 3174 4756 3476 4827; x_wconf 86' lang='lat' dir='ltr'><strong>Evangelia</strong></span> <span class='ocrx_word' id='word_1_843' title='bbox 3505 4756 3557 4810; x_wconf 93' lang='lat' dir='ltr'><strong>in</strong></span> <span class='ocrx_word' id='word_1_844' title='bbox 3588 4755 3833 4810; x_wconf 80' lang='lat' dir='ltr'><strong>exsulta-</strong></span> 
     </span>
    </p>
   </div>
   <div class='ocr_carea' id='block_1_108' title="bbox 2238 4847 3830 4930">
    <p class='ocr_par' dir='ltr' id='par_1_108' title="bbox 2238 4847 3830 4930">
     <span class='ocr_line' id='line_1_108' title="bbox 2238 4847 3830 4930; baseline -0.01 -13"><span class='ocrx_word' id='word_1_845' title='bbox 2238 4861 2384 4917; x_wconf 91' lang='lat' dir='ltr'><strong>tione</strong></span> <span class='ocrx_word' id='word_1_846' title='bbox 2429 4860 2745 4930; x_wconf 88' lang='lat' dir='ltr'><strong>angelorum</strong></span> <span class='ocrx_word' id='word_1_847' title='bbox 2791 4854 3131 4910; x_wconf 80' lang='lat' dir='ltr'><strong>nativitatetu</strong></span> <span class='ocrx_word' id='word_1_848' title='bbox 3180 4850 3393 4905; x_wconf 92' lang='lat' dir='ltr'><strong>Domini</strong></span> <span class='ocrx_word' id='word_1_849' title='bbox 3441 4847 3830 4913; x_wconf 91' lang='lat' dir='ltr'><strong>nuntiantium,</strong></span> 
     </span>
    </p>
   </div>
   <div class='ocr_carea' id='block_1_109' title="bbox 2238 4938 3829 5014">
    <p class='ocr_par' dir='ltr' id='par_1_109' title="bbox 2238 4938 3829 5014">
     <span class='ocr_line' id='line_1_109' title="bbox 2238 4938 3829 5014; baseline -0.009 -7"><span class='ocrx_word' id='word_1_850' title='bbox 2238 4954 2352 5008; x_wconf 61' lang='lat' dir='ltr'><strong>hinc</strong></span> <span class='ocrx_word' id='word_1_851' title='bbox 2385 4968 2487 5005; x_wconf 83' lang='lat' dir='ltr'><strong>vox</strong></span> <span class='ocrx_word' id='word_1_852' title='bbox 2527 4957 2711 5004; x_wconf 85' lang='lat' dir='ltr'><strong>sancta</strong></span> <span class='ocrx_word' id='word_1_853' title='bbox 2756 4946 3063 5014; x_wconf 86' lang='lat' dir='ltr'><strong>reperitur:</strong></span> <span class='ocrx_word' id='word_1_854' title='bbox 3100 4942 3280 4997; x_wconf 80' lang='lat' dir='ltr'><strong>Gloria</strong></span> <span class='ocrx_word' id='word_1_855' title='bbox 3319 4942 3370 4995; x_wconf 88' lang='lat' dir='ltr'><strong>in</strong></span> <span class='ocrx_word' id='word_1_856' title='bbox 3402 4940 3668 4994; x_wconf 88' lang='lat' dir='ltr'><strong>altissimis</strong></span> <span class='ocrx_word' id='word_1_857' title='bbox 3701 4938 3829 5007; x_wconf 87' lang='lat' dir='ltr'><strong>Deo,</strong></span> 
     </span>
    </p>
   </div>
   <div class='ocr_carea' id='block_1_110' title="bbox 2235 5032 3830 5112">
    <p class='ocr_par' dir='ltr' id='par_1_110' title="bbox 2235 5032 3830 5112">
     <span class='ocr_line' id='line_1_110' title="bbox 2235 5032 3830 5112; baseline -0.008 -12"><span class='ocrx_word' id='word_1_858' title='bbox 2235 5056 2285 5100; x_wconf 91' lang='lat' dir='ltr'><strong>et</strong></span> <span class='ocrx_word' id='word_1_859' title='bbox 2308 5046 2359 5098; x_wconf 90' lang='lat' dir='ltr'><strong>in</strong></span> <span class='ocrx_word' id='word_1_860' title='bbox 2381 5055 2517 5099; x_wconf 80' lang='lat' dir='ltr'><strong>terra</strong></span> <span class='ocrx_word' id='word_1_861' title='bbox 2538 5058 2641 5112; x_wconf 76' lang='lat' dir='ltr'><strong>pax</strong></span> <span class='ocrx_word' id='word_1_862' title='bbox 2666 5038 2953 5094; x_wconf 84' lang='lat' dir='ltr'><strong>hominibus</strong></span> <span class='ocrx_word' id='word_1_863' title='bbox 2976 5037 3122 5091; x_wconf 71' lang='lat' dir='ltr'><strong>bona:</strong></span> <span class='ocrx_word' id='word_1_864' title='bbox 3148 5035 3425 5090; x_wconf 84' lang='lat' dir='ltr'><strong>voluntatis</strong></span> <span class='ocrx_word' id='word_1_865' title='bbox 3452 5032 3608 5106; x_wconf 87' lang='lat' dir='ltr'><strong>(Luc.</strong></span> <span class='ocrx_word' id='word_1_866' title='bbox 3629 5049 3688 5099; x_wconf 90' lang='lat' dir='ltr'><strong>tt,</strong></span> <span class='ocrx_word' id='word_1_867' title='bbox 3716 5034 3737 5087; x_wconf 81' lang='grc'>1</span> <span class='ocrx_word' id='word_1_868' title='bbox 3752 5035 3830 5103; x_wconf 66' lang='lat' dir='ltr'><strong>i).</strong></span> 
     </span>
    </p>
   </div>
   <div class='ocr_carea' id='block_1_111' title="bbox 2236 5128 3832 5211">
    <p class='ocr_par' dir='ltr' id='par_1_111' title="bbox 2236 5128 3832 5211">
     <span class='ocr_line' id='line_1_111' title="bbox 2236 5128 3832 5211; baseline -0.008 -17"><span class='ocrx_word' id='word_1_869' title='bbox 2236 5141 2313 5197; x_wconf 94' lang='lat' dir='ltr'><strong>De</strong></span> <span class='ocrx_word' id='word_1_870' title='bbox 2345 5156 2447 5211; x_wconf 93' lang='lat' dir='ltr'><strong>qua</strong></span> <span class='ocrx_word' id='word_1_871' title='bbox 2482 5153 2614 5209; x_wconf 90' lang='lat' dir='ltr'><strong>pace</strong></span> <span class='ocrx_word' id='word_1_872' title='bbox 2636 5145 2691 5192; x_wconf 92' lang='lat' dir='ltr'><strong>et</strong></span> <span class='ocrx_word' id='word_1_873' title='bbox 2723 5133 2888 5189; x_wconf 88' lang='lat' dir='ltr'><strong>David</strong></span> <span class='ocrx_word' id='word_1_874' title='bbox 2922 5132 3143 5188; x_wconf 87' lang='lat' dir='ltr'><strong>retulit:</strong></span> <span class='ocrx_word' id='word_1_875' title='bbox 3180 5129 3315 5194; x_wconf 72' lang='lat' dir='ltr'><strong>Pax,</strong></span> <span class='ocrx_word' id='word_1_876' title='bbox 3347 5129 3542 5199; x_wconf 87' lang='lat' dir='ltr'><strong>inquit,</strong></span> <span class='ocrx_word' id='word_1_877' title='bbox 3573 5128 3737 5182; x_wconf 86' lang='lat' dir='ltr'><strong>multa</strong></span> <span class='ocrx_word' id='word_1_878' title='bbox 3757 5136 3832 5182; x_wconf 90' lang='lat' dir='ltr'><strong>est</strong></span> 
     </span>
    </p>
   </div>
   <div class='ocr_carea' id='block_1_112' title="bbox 2234 5219 3826 5304">
    <p class='ocr_par' dir='ltr' id='par_1_112' title="bbox 2234 5219 3826 5304">
     <span class='ocr_line' id='line_1_112' title="bbox 2234 5219 3826 5304; baseline -0.007 -18"><span class='ocrx_word' id='word_1_879' title='bbox 2234 5233 2569 5304; x_wconf 86' lang='lat' dir='ltr'><strong>diligentibus</strong></span> <span class='ocrx_word' id='word_1_880' title='bbox 2592 5241 2658 5292; x_wconf 86' lang='lat' dir='ltr'><strong>te,</strong></span> <span class='ocrx_word' id='word_1_881' title='bbox 2684 5238 2729 5283; x_wconf 85' lang='lat' dir='ltr'><strong>et</strong></span> <span class='ocrx_word' id='word_1_882' title='bbox 2756 5244 2857 5282; x_wconf 89' lang='lat' dir='ltr'><strong>non</strong></span> <span class='ocrx_word' id='word_1_883' title='bbox 2888 5234 2960 5281; x_wconf 90' lang='lat' dir='ltr'><strong>est</strong></span> <span class='ocrx_word' id='word_1_884' title='bbox 2980 5224 3087 5279; x_wconf 89' lang='lat' dir='ltr'><strong>illis</strong></span> <span class='ocrx_word' id='word_1_885' title='bbox 3112 5222 3416 5278; x_wconf 84' lang='lat' dir='ltr'><strong>scandalum</strong></span> <span class='ocrx_word' id='word_1_886' title='bbox 3444 5219 3611 5291; x_wconf 87' lang='lat' dir='ltr'><strong>(Psal.</strong></span> <span class='ocrx_word' id='word_1_887' title='bbox 3635 5235 3826 5287; x_wconf 81' lang='lat' dir='ltr'><strong>cxvttt,</strong></span> 
     </span>
    </p>
   </div>
   <div class='ocr_carea' id='block_1_113' title="bbox 2234 5314 3831 5396">
    <p class='ocr_par' dir='ltr' id='par_1_113' title="bbox 2234 5314 3831 5396">
     <span class='ocr_line' id='line_1_113' title="bbox 2234 5314 3831 5396; baseline -0.009 -14"><span class='ocrx_word' id='word_1_888' title='bbox 2234 5328 2383 5396; x_wconf 78' lang='grc'>165).</span> <span class='ocrx_word' id='word_1_889' title='bbox 2434 5326 2502 5380; x_wconf 84' lang='lat' dir='ltr'><strong>Et</strong></span> <span class='ocrx_word' id='word_1_890' title='bbox 2543 5324 2709 5379; x_wconf 61' lang='lat' dir='ltr'><strong>Isaias</strong></span> <span class='ocrx_word' id='word_1_891' title='bbox 2748 5320 3037 5377; x_wconf 86' lang='lat' dir='ltr'><strong>similiter:</strong></span> <span class='ocrx_word' id='word_1_892' title='bbox 3076 5316 3139 5372; x_wconf 85' lang='lat' dir='ltr'><strong>Et</strong></span> <span class='ocrx_word' id='word_1_893' title='bbox 3186 5333 3370 5385; x_wconf 89' lang='lat' dir='ltr'><strong>ponam</strong></span> <span class='ocrx_word' id='word_1_894' title='bbox 3407 5315 3464 5368; x_wconf 87' lang='lat' dir='ltr'><strong>in</strong></span> <span class='ocrx_word' id='word_1_895' title='bbox 3501 5314 3665 5369; x_wconf 88' lang='lat' dir='ltr'><strong>multa</strong></span> <span class='ocrx_word' id='word_1_896' title='bbox 3702 5329 3831 5382; x_wconf 87' lang='lat' dir='ltr'><strong>pace</strong></span> 
     </span>
    </p>
   </div>
   <div class='ocr_carea' id='block_1_114' title="bbox 2230 5403 3823 5489">
    <p class='ocr_par' dir='ltr' id='par_1_114' title="bbox 2230 5403 3823 5489">
     <span class='ocr_line' id='line_1_114' title="bbox 2230 5403 3823 5489; baseline -0.008 -16"><span class='ocrx_word' id='word_1_897' title='bbox 2230 5420 2365 5489; x_wconf 81' lang='lat' dir='ltr'><strong>ﬁlios</strong></span> <span class='ocrx_word' id='word_1_898' title='bbox 2404 5429 2537 5481; x_wconf 83' lang='lat' dir='ltr'><strong>tuos,</strong></span> <span class='ocrx_word' id='word_1_899' title='bbox 2570 5427 2617 5470; x_wconf 88' lang='lat' dir='ltr'><strong>et</strong></span> <span class='ocrx_word' id='word_1_900' title='bbox 2654 5417 2707 5469; x_wconf 91' lang='lat' dir='ltr'><strong>in</strong></span> <span class='ocrx_word' id='word_1_901' title='bbox 2743 5414 2983 5485; x_wconf 70' lang='lat' dir='ltr'><strong>(equitate</strong></span> <span class='ocrx_word' id='word_1_902' title='bbox 3008 5409 3351 5480; x_wconf 67' lang='lat' dir='ltr'><strong>aediﬁcaberis</strong></span> <span class='ocrx_word' id='word_1_903' title='bbox 3379 5405 3538 5479; x_wconf 88' lang='lat' dir='ltr'><strong>(lsai.</strong></span> <span class='ocrx_word' id='word_1_904' title='bbox 3570 5421 3677 5471; x_wconf 82' lang='lat' dir='ltr'><strong>uv,</strong></span> <span class='ocrx_word' id='word_1_905' title='bbox 3712 5403 3823 5477; x_wconf 79' lang='grc'>15).</span> 
     </span>
    </p>
   </div>
   <div class='ocr_carea' id='block_1_115' title="bbox 2219 5499 3822 5571">
    <p class='ocr_par' dir='ltr' id='par_1_115' title="bbox 2219 5499 3822 5571">
     <span class='ocr_line' id='line_1_115' title="bbox 2219 5499 3822 5571; baseline -0.011 0"><span class='ocrx_word' id='word_1_906' title='bbox 2219 5514 2274 5571; x_wconf 91' lang='lat' dir='ltr'><strong>Si</strong></span> <span class='ocrx_word' id='word_1_907' title='bbox 2308 5516 2451 5570; x_wconf 83' lang='lat' dir='ltr'><strong>enim</strong></span> <span class='ocrx_word' id='word_1_908' title='bbox 2485 5514 2551 5569; x_wconf 81' lang='lat' dir='ltr'><strong>ad</strong></span> <span class='ocrx_word' id='word_1_909' title='bbox 2584 5513 2685 5568; x_wconf 87' lang='lat' dir='ltr'><strong>hoc</strong></span> <span class='ocrx_word' id='word_1_910' title='bbox 2715 5510 2884 5566; x_wconf 84' lang='lat' dir='ltr'><strong>Filius</strong></span> <span class='ocrx_word' id='word_1_911' title='bbox 2918 5509 3009 5563; x_wconf 88' lang='lat' dir='ltr'><strong>Dei</strong></span> <span class='ocrx_word' id='word_1_912' title='bbox 3056 5520 3278 5561; x_wconf 86' lang='lat' dir='ltr'><strong>carnem</strong></span> <span class='ocrx_word' id='word_1_913' title='bbox 3322 5502 3606 5571; x_wconf 59' lang='lat' dir='ltr'><strong>suscipere</strong></span> <span class='ocrx_word' id='word_1_914' title='bbox 3630 5507 3686 5555; x_wconf 90' lang='lat' dir='ltr'><strong>et</strong></span> <span class='ocrx_word' id='word_1_915' title='bbox 3711 5499 3822 5570; x_wconf 89' lang='lat' dir='ltr'><strong>pati</strong></span> 
     </span>
    </p>
   </div>
   <div class='ocr_carea' id='block_1_116' title="bbox 2216 5594 3822 5680">
    <p class='ocr_par' dir='ltr' id='par_1_116' title="bbox 2216 5594 3822 5680">
     <span class='ocr_line' id='line_1_116' title="bbox 2216 5594 3822 5680; baseline -0.011 -16"><span class='ocrx_word' id='word_1_916' title='bbox 2216 5609 2468 5680; x_wconf 85' lang='lat' dir='ltr'><strong>dignatus</strong></span> <span class='ocrx_word' id='word_1_917' title='bbox 2497 5617 2603 5672; x_wconf 91' lang='lat' dir='ltr'><strong>est,</strong></span> <span class='ocrx_word' id='word_1_918' title='bbox 2636 5618 2692 5659; x_wconf 92' lang='lat' dir='ltr'><strong>nt</strong></span> <span class='ocrx_word' id='word_1_919' title='bbox 2733 5604 3045 5675; x_wconf 88' lang='lat' dir='ltr'><strong>pacilicaret</strong></span> <span class='ocrx_word' id='word_1_920' title='bbox 3077 5613 3177 5652; x_wconf 90' lang='lat' dir='ltr'><strong>nos</strong></span> <span class='ocrx_word' id='word_1_921' title='bbox 3211 5598 3320 5651; x_wconf 84' lang='lat' dir='ltr'><strong>Deo</strong></span> <span class='ocrx_word' id='word_1_922' title='bbox 3357 5610 3454 5663; x_wconf 90' lang='lat' dir='ltr'><strong>per</strong></span> <span class='ocrx_word' id='word_1_923' title='bbox 3491 5594 3822 5664; x_wconf 86' lang='lat' dir='ltr'><strong>sanguinem</strong></span> 
     </span>
    </p>
   </div>
   <div class='ocr_carea' id='block_1_117' title="bbox 2213 5684 3820 5772">
    <p class='ocr_par' dir='ltr' id='par_1_117' title="bbox 2213 5684 3820 5772">
     <span class='ocr_line' id='line_1_117' title="bbox 2213 5684 3820 5772; baseline -0.013 -14"><span class='ocrx_word' id='word_1_924' title='bbox 2213 5702 2393 5758; x_wconf 90' lang='lat' dir='ltr'><strong>crucis</strong></span> <span class='ocrx_word' id='word_1_925' title='bbox 2424 5716 2536 5756; x_wconf 70' lang='lat' dir='ltr'><strong>sua:</strong></span> <span class='ocrx_word' id='word_1_926' title='bbox 2578 5698 2799 5772; x_wconf 66' lang='lat' dir='ltr'><strong>(ljoloss.</strong></span> <span class='ocrx_word' id='word_1_927' title='bbox 2831 5712 2872 5760; x_wconf 91' lang='grc' dir='ltr'><strong>ι,</strong></span> <span class='ocrx_word' id='word_1_928' title='bbox 2902 5692 3030 5759; x_wconf 75' lang='lat'><strong>20);</strong></span> <span class='ocrx_word' id='word_1_929' title='bbox 3080 5690 3291 5760; x_wconf 91' lang='lat' dir='ltr'><strong>utique,</strong></span> <span class='ocrx_word' id='word_1_930' title='bbox 3330 5687 3630 5744; x_wconf 84' lang='lat' dir='ltr'><strong>seettndtun</strong></span> <span class='ocrx_word' id='word_1_931' title='bbox 3673 5684 3820 5756; x_wconf 87' lang='lat' dir='ltr'><strong>quod</strong></span> 
     </span>
    </p>
   </div>
   <div class='ocr_carea' id='block_1_118' title="bbox 500 5778 3817 5865">
    <p class='ocr_par' dir='ltr' id='par_1_118' title="bbox 500 5778 3817 5865">
     <span class='ocr_line' id='line_1_118' title="bbox 500 5778 3817 5865; baseline 0.002 -38"><span class='ocrx_word' id='word_1_932' title='bbox 500 5783 758 5848; x_wconf 81' lang='lat' dir='ltr'><strong>precatur</strong></span> <span class='ocrx_word' id='word_1_933' title='bbox 803 5778 991 5834; x_wconf 86' lang='lat' dir='ltr'><strong>dicens</strong></span> <span class='ocrx_word' id='word_1_934' title='bbox 1021 5796 1035 5833; x_wconf 88' lang='lat'><strong>:</strong></span> <span class='ocrx_word' id='word_1_935' title='bbox 1060 5778 1162 5836; x_wconf 84' lang='lat' dir='ltr'><strong>Cor</strong></span> <span class='ocrx_word' id='word_1_936' title='bbox 1212 5782 1465 5838; x_wconf 87' lang='lat' dir='ltr'><strong>mundum</strong></span> <span class='ocrx_word' id='word_1_937' title='bbox 1492 5801 1607 5840; x_wconf 90' lang='lat' dir='ltr'><strong>crea</strong></span> <span class='ocrx_word' id='word_1_938' title='bbox 1652 5787 1707 5841; x_wconf 90' lang='lat' dir='ltr'><strong>in</strong></span> <span class='ocrx_word' id='word_1_939' title='bbox 1734 5804 1833 5855; x_wconf 90' lang='lat' dir='ltr'><strong>me,</strong></span> <span class='ocrx_word' id='word_1_940' title='bbox 1869 5788 2033 5859; x_wconf 88' lang='lat' dir='ltr'><strong>Deus,</strong></span> <span class='ocrx_word' id='word_1_941' title='bbox 2060 5804 2107 5848; x_wconf 90' lang='lat' dir='ltr'><strong>et</strong></span> <span class='ocrx_word' id='word_1_942' title='bbox 2215 5795 2510 5865; x_wconf 78' lang='lat' dir='ltr'><strong>Apostolus</strong></span> <span class='ocrx_word' id='word_1_943' title='bbox 2550 5790 2756 5857; x_wconf 89' lang='lat' dir='ltr'><strong>retulit,</strong></span> <span class='ocrx_word' id='word_1_944' title='bbox 2791 5804 2889 5859; x_wconf 88' lang='lat' dir='ltr'><strong>per</strong></span> <span class='ocrx_word' id='word_1_945' title='bbox 2907 5785 3089 5841; x_wconf 87' lang='lat' dir='ltr'><strong>omnia</strong></span> <span class='ocrx_word' id='word_1_946' title='bbox 3114 5780 3322 5854; x_wconf 81' lang='lat' dir='ltr'><strong>paciﬁci</strong></span> <span class='ocrx_word' id='word_1_947' title='bbox 3363 5795 3488 5837; x_wconf 86' lang='lat' dir='ltr'><strong>esse</strong></span> <span class='ocrx_word' id='word_1_948' title='bbox 3516 5779 3778 5835; x_wconf 85' lang='lat' dir='ltr'><strong>debemus</strong></span> <span class='ocrx_word' id='word_1_949' title='bbox 3804 5821 3817 5847; x_wconf 95' lang='lat'><strong>,</strong></span> 
     </span>
    </p>
   </div>
  </div>
