4270 6176
376 270 483 327 337
547 292 561 303 -

1217 264 1632 323 TRAC'I‘ATUS
1671 265 1738 321 IV
1782 264 1849 321 IN
1892 263 2344 322 EVANGELIUM
2387 266 2447 323 S.
2488 266 2847 325 MATTIIA‘ZI.

3579 267 3683 325 538

376 391 434 436 ut
457 382 783 452 vereipsum
812 383 983 437 Deum
1006 380 1157 453 pacis
1179 379 1232 436 in
1254 380 1411 436 nobis
1435 380 1639 436 habere
1670 393 1981 433 mercamur
2007 380 2058 439 A
2086 390 2222 445 stat;
2254 389 2309 435 et
2351 396 2419 435 ex
2463 396 2532 436 eo
2562 382 2703 453 quod
2736 382 2868 445 fuit,
2904 380 2956 435 in
2986 380 3151 435 aliam
3194 379 3431 452 speciem
3464 394 3693 449 genera-

379 476 561 549 (Rom.
593 493 682 540 xv,
714 476 806 548 5.3)
836 495 848 531 :
882 476 986 531 hoc
1027 476 1173 530 enim
1208 476 1470 545 scriptum
1502 484 1585 530 est
1623 490 1636 528 :
1686 473 1878 528 Factus
1909 483 1983 528 est

376 570 432 624 in
464 568 747 636 pacelacus
764 571 898 639 ejus,
918 568 1232 623 ctltabitutio
1258 572 1371 641 ejus
1389 570 1438 623 in
1464 568 1595 625 Sion
1625 566 1797 634 (l’sat.
1815 584 1980 634 Lxxv,

378 664 463 733 5).
508 664 574 718 Et
600 664 679 719 sic
710 679 839 719 vere
883 679 990 718 non
1028 664 1202 719 solum
1248 664 1343 717 lilii
1391 663 1483 718 Dei
1526 663 1754 725 erimus,
1799 662 1891 717 sed
1931 670 1986 717 et

379 755 611 811 hteredes
636 756 754 819 Dei,
780 757 1071 811 colum-edes
1090 768 1261 811 autem
1290 754 1505 810 Christi.
1537 755 1649 810 Hoc
1671 754 1816 809 enim
1840 753 1984 823 Apo-

378 848 560 903 8tqus
606 849 792 903 retulit
822 866 836 902 ε
872 848 933 904 Si
978 849 1098 917 lilii,
1140 850 1336 916 inquit,
1368 846 1485 910 Dei,
1521 857 1567 901 et
1606 845 1832 902 Itwredes
1863 846 1980 914 Dei,

377 940 675 997 colum-edes
697 951 870 994 autem
894 939 1091 995 Christi
1123 940 1305 1012 (liam.
1332 956 1448 1005 vnt,
1482 938 1591 1013 I7).

452 1031 591 1089 VIII.
633 1033 839 1088 Deinde
876 1033 952 1087 ait
978 1051 990 1087 :
1016 1032 1163 1087 Beati
1187 1034 1277 1104 qui
1295 1035 1695 1103 persecutionem
1710 1036 1984 1106 patiuntur

382 1136 596 1195 prapter
612 1126 901 1199 justitiam,
938 1127 1183 1195 quoniam
1212 1128 1445 1195 ipsorum
1471 1139 1547 1181 est
1574 1142 1791 1198 regnum
1830 1125 1987 1181 caelo-

382 1235 518 1273 rum.
561 1218 679 1273 Non
723 1218 995 1274 immerito
1036 1219 1385 1274 esuriendam
1434 1234 1499 1274 ac
1538 1220 1832 1274 sitiendam
1878 1220 1987 1292 3o

378 1311 644 1381 justitiam
678 1308 944 1365 Dominus
971 1312 1221 1380 superius
1251 1313 1575 1367 memoravit
1605 1330 1619 1366 :
1649 1312 1804 1382 cujus
1840 1312 1987 1367 desi-

380 1402 537 1459 derio
567 1406 622 1457 in
656 1416 864 1459 tantum
907 1404 1061 1460 sitire
1098 1419 1198 1459 nos
1226 1404 1405 1467 decet,
1441 1414 1497 1459 ut
1530 1416 1753 1475 propter
1782 1420 1900 1461 eam
1933 1414 1988 1461 et

384 1494 820 1568 persecutionem
852 1496 1061 1563 mundi,
1092 1509 1146 1552 et
1191 1512 1382 1567 poenas
1410 1498 1684 1568 Corporis,
1714 1508 1771 1554 et
1814 1500 1985 1570 ipsam

384 1601 618 1646 mortem
640 1601 998 1648 contemnere
1026 1592 1344 1649 debeamus.
1372 1594 1429 1648 ln
1457 1610 1558 1664 qua
1586 1595 1987 1665 signiﬁcatione

384 1692 655 1754 martyres
685 1684 920 1741 maxime
942 1685 1309 1751 deciarantur,
1334 1687 1424 1756 qui
1453 1687 1986 1757 propterjustitiam,

2087 485 2191 530 tur.
2251 476 2339 531 Sic
2382 485 2437 531 et
2490 477 2733 546 Apostoli
2784 486 2948 546 atque
2996 490 3191 530 omnes
3236 474 3550 539 credentes,
3593 489 3689 545 per

2083 582 2278 639 aquam
2311 568 2723 640 baptismi,per
2755 569 2915 624 ﬁdem
2947 568 3146 624 Christi
3178 568 3291 639 (qui
3324 567 3376 621 in
3405 582 3692 637 compara-

2086 663 2231 716 tione
2262 664 2340 716 sol
2381 662 2608 730 justititc
2656 662 2835 717 dictus
2880 661 2985 732 εει)
3031 669 3087 716 ει
3130 676 3226 731 per
3270 660 3687 731 inspirationem

2084 754 2261 809 sancti
2288 755 2521 824 Spiritus
2552 754 2668 810 Deo
2698 755 2897 821 renati,
2930 770 2997 811 ex
3048 764 3263 809 terrena
3316 754 3369 807 in
3407 753 3691 810 ctele-tem

2085 848 2420 904 nativitatem
2470 849 2829 905 transierunt.
2884 849 3036 905 L‘ntle
3072 864 3179 904 non
3211 849 3487 903 immerito
3515 849 3697 903 sancti

2086 944 2335 1015 Apostoli
2369 944 2444 999 sal
2480 954 2638 1000 terra:
2669 962 2697 998 a
2731 944 2963 999 Domino
2998 953 3398 1014 nuncupantur.
3445 942 3510 997 Et
3536 944 3692 1012 cujus

2086 1039 2289 1091 terrm?
2315 1048 2620 1108 promptum
2653 1048 2735 1093 est
2766 1052 2993 1092 nascere
3018 1056 3030 1091 :
3063 1036 3116 1092 id
3144 1047 3227 1093 est
3259 1045 3419 1092 terrae
3445 1036 3695 1108 corporis

2086 1130 2193 1203 32
2227 1132 2420 1197 nostri,
2454 1147 2614 1203 quam
2644 1130 2846 1186 dudum
2878 1130 3222 1198 insipientem
3254 1144 3318 1184 ac
3346 1144 3511 1184 sensu
3538 1129 3696 1185 vani-

2088 1234 2215 1280 tatis
2244 1225 2536 1293 insulsam,
2589 1226 2921 1298 evangelica:
2970 1225 3381 1297 praedicationis
3429 1223 3697 1294 Sapientia

2089 1319 2373 1375 salierunt.
2424 1319 2530 1389 Ipsi
2579 1321 2722 1376 enim
2773 1320 2855 1375 sal
2903 1332 3063 1375 terrm
3104 1327 3305 1372 nostrae
3355 1316 3481 1372 facti
3527 1325 3695 1381 sunt,

2087 1413 2209 1481 quia
2245 1428 2341 1482 per
2369 1412 2517 1483 ipsos
2546 1423 2600 1468 et
2631 1413 2796 1469 verba
2829 1410 3114 1482 sapientia:
3146 1410 3478 1480 accepimus.
3514 1417 3569 1463 et
3600 1423 3698 1477 per

2089 1504 2373 1560 cmlestcm
2409 1505 2750 1561 nativitatem
2786 1508 2837 1561 in
2869 1504 3177 1575 spiritalem
3210 1518 3399 1557 sumus
3430 1501 3699 1557 demutati

2088 1607 2359 1653 naturam.
2390 1598 2542 1654 Sicut
2568 1598 2735 1667 igitur
2765 1598 2844 1654 sal
2880 1599 2985 1652 hoc
3006 1639 3020 1664 ,
3057 1598 3108 1651 id
3140 1606 3225 1652 est
3250 1596 3330 1650 sal
3364 1603 3523 1649 terrae
3551 1634 3568 1660 ,
3610 1592 3697 1647 itt-

2088 1689 2326 1745 discretc
2356 1691 2609 1746 omnibus
2637 1707 2774 1760 opus
2802 1700 2917 1756 est,
2960 1689 3014 1744 id
3047 1700 3132 1744 est
3164 1688 3384 1759 regibus
3412 1702 3476 1740 ac
3505 1693 3700 1756 poten-

382 1778 544 1833 ﬁdem
588 1786 644 1833 et
690 1793 890 1834 nomen
945 1780 1147 1835 Christi
1206 1782 1621 1850 persecutiones
1680 1781 1735 1835 in
1782 1782 1982 1835 sarculo
2013 1778 2060 1837 B
2091 1782 2251 1843 tibus.
2284 1783 2543 1839 divitibus
2570 1796 2622 1839 et
2654 1783 3003 1853 pauperibus,
3031 1782 3207 1838 servis
3235 1796 3298 1836 ac
3324 1780 3595 1846 dominis;
3619 1778 3699 1833 sic

382 1872 687 1935 sustinent,
737 1871 934 1939 quibus
984 1886 1109 1939 spes
1160 1887 1352 1941 magna
1408 1871 1765 1940 promittitur,
1811 1872 1863 1927 id
1906 1883 1991 1928 est

384 1965 658 2034 possessio
704 1964 853 2035 regni
900 1964 1189 2020 caelorum.
1231 1963 1400 2035 Cujus
1442 1964 1799 2021 beatitudinis
1843 1967 1988 2035 Apo-

383 2058 515 2115 sroli
544 2058 815 2129 principes
837 2060 1185 2124 exsﬁterunt,
1210 2068 1266 2114 et
1286 2060 1626 2129 omnesjusti
1649 2059 1740 2124 qui
1767 2067 1989 2129 propter

382 2153 650 2224 justitiam
690 2153 825 2222 legis
865 2151 1098 2207 divorsis
1128 2152 1604 2221 persecutionibus
1632 2151 1840 2218 afﬂicti,
1870 2168 1986 2208 me-

387 2245 496 2301 rito
530 2245 654 2299 ﬁdei
686 2260 799 2300 sure
829 2245 895 2299 ad
926 2260 1091 2313 regna
1123 2246 1368 2301 cteiestia
1402 2255 1787 2314 pervenerunt.

457 2338 549 2395 IX.
597 2339 800 2395 Deinde
821 2341 895 2394 ait
922 2357 934 2393 :
967 2340 1115 2394 Beati
1142 2341 1283 2395 eritis
1314 2358 1427 2395 cum
1456 2358 1544 2394 vos
1575 2342 1825 2411 persecuti
1871 2344 1986 2412 fue-

384 2435 486 2487 rint
518 2434 769 2493 homines.
801 2442 849 2487 et
895 2433 1298 2503 exprobrabant,
1329 2448 1378 2487 et
1406 2435 1575 2488 dicent
1606 2451 1755 2489 omne
1793 2436 1987 2489 malum

387 2538 566 2581 contra
596 2544 705 2581 vos.
737 2525 966 2582 Gaudete
990 2528 1043 2581 in
1067 2529 1162 2582 illa
1193 2529 1276 2581 die
1303 2537 1351 2583 et
1375 2530 1627 2584 exsultate
1652 2546 1669 2582 :
1697 2528 1813 2582 dico
1854 2530 1988 2582 enim

389 2618 547 2684 vobis,
578 2620 700 2689 quia
730 2635 922 2673 merces
950 2630 1118 2673 vestra
1148 2620 1308 2673 multa
1341 2631 1417 2675 est
1456 2622 1509 2673 in
1536 2621 1676 2675 ccelis
1703 2638 1721 2675 :
1748 2621 1821 2675 sic
1851 2621 1988 2675 enim

386 2714 643 2785 faciebant
669 2723 713 2769 et
742 2712 1022 2784 Pt-Opltetis
1049 2725 1222 2785 patres
1249 2731 1446 2769 eorum.
1477 2713 1668 2770 Omnia
1697 2731 1817 2785 qua:
1853 2724 1987 2769 lem-

386 2823 522 2880 pore
570 2808 962 2880 persecutionis
1004 2818 1225 2881 propter
1261 2826 1457 2865 nomen
1488 2810 1687 2865 Christi
1726 2809 1988 2865 adversus

383 2905 558 2976 juslos
590 2912 1005 2975 persecuturum
1033 2905 1343 2975 excogitare
1378 2916 1561 2976 potest
1602 2906 1819 2961 infanda
1866 2921 1990 2975 per-

384 2996 537 3061 ﬁdia,
579 2997 666 3053 vel
714 2997 933 3052 divorsa
984 2998 1278 3068 opprobria
1331 2999 1603 3067 ingerere,
1645 2998 1732 3054 vel
1772 2998 1986 3068 corpori

386 3106 579 3163 ptenas
638 3091 873 3159 inferre;
925 3107 1034 3147 non
1086 3093 1263 3146 solum
1313 3094 1582 3165 patienter
1628 3095 1769 3148 terre
1820 3092 1988 3148 debe-

2094 1890 2147 1933 et
2162 1878 2403 1933 caelestis
2421 1877 2705 1946 sapientia:
2724 1876 2971 1937 verbum,
2987 1875 3131 1946 quod
3157 1890 3254 1944 per
3265 1873 3560 1944 Apostolus
3576 1886 3706 1941 pra?

2093 1971 2332 2026 dicatum
2351 1980 2457 2035 est,
2474 1971 2845 2025 necessarium
2869 1980 2954 2025 est
2969 1968 3187 2024 cunctis
3208 1967 3274 2022 ad
3298 1968 3462 2021 vitam
3482 1983 3496 2018 :
3513 1965 3702 2019 Omnes

2092 2066 2250 2131 enim,
2277 2066 2578 2121 secundum
2611 2064 2939 2134 Apostolum
2964 2106 2979 2131 ,
3009 2073 3153 2137 egent
3185 2062 3353 2137 gratia
3377 2058 3476 2114 Dei
3513 2058 3701 2124 (Rom.

2090 2171 2173 2223 ιιι,
2208 2157 2319 2227 25).
2372 2158 2507 2223 Quia
2552 2157 2684 2211 sicut
2726 2167 3053 2226 praesentem
3079 2154 3219 2209 hanc
3247 2155 3411 2209 vitam
3441 2167 3548 2207 non
3581 2151 3702 2207 sine

2092 2249 2220 2303 Salis
2250 2266 2349 2305 usu
2382 2249 2764 2305 habemuszita
2797 2264 3014 2319 quoque
3044 2249 3189 2303 illam
3220 2250 3384 2302 vitam
3414 2254 3697 2309 aeternam,

2090 2342 2209 2397 sine
2238 2342 2385 2396 dono
2411 2340 2695 2411 sapientiae
2728 2340 2927 2396 divinae
2959 2339 3188 2409 adipisci
3227 2354 3334 2394 non
3383 2351 3697 2409 possumus.

2163 2437 2228 2493 II.
2269 2438 2379 2494 Sed
2405 2438 2530 2508 quia
2561 2438 2629 2492 de
2661 2448 2852 2492 natura
2880 2437 2962 2492 vel
3004 2437 3175 2506 gratia
3216 2435 3348 2490 salis
3392 2433 3697 2489 secundum

2092 2531 2505 2602 intelligentiam
2535 2531 2873 2601 spiritualem
2907 2528 3021 2599 jam
3055 2530 3309 2599 superius
3345 2525 3551 2583 dictum
3584 2534 3700 2591 est,

2092 2637 2236 2677 nunc
2278 2636 2498 2693 quoque
2543 2622 2611 2677 de
2660 2623 2772 2692 ipsa
2820 2622 2949 2676 salis
2994 2621 3197 2676 virtute
3244 2627 3557 2676 tractemus.
3598 2616 3701 2673 Vos

2092 2734 2244 2790 ergo,
2277 2719 2485 2788 inqutt,
2537 2718 2659 2772 estis
2702 2718 2785 2772 sal
2829 2726 2997 2771 terrw.
3040 2717 3225 2787 Itaque
3264 2719 3407 2772 sicut
3432 2716 3545 2777 sal,
3575 2729 3701 2770 cum

2092 2822 2355 2883 operatur
2380 2813 2433 2867 in
2461 2826 2626 2867 carne
2656 2811 2938 2880 qualibet,
2969 2810 3331 2880 corruptelam
3362 2826 3470 2863 non
3499 2808 3699 2863 admit-

2090 2904 2176 2969 tit,
2214 2906 2434 2960 ltetores
2465 2907 2666 2967 aufert,
2700 2903 2894 2957 sordes
2922 2911 3207 2973 exttttrgat,
3242 2916 3459 2956 vermes
3489 2916 3595 2956 non
3624 2901 3701 2955 si-

2092 2996 2173 3051 nit
2197 2997 2478 3067 generari:
2510 2998 2584 3049 ita
2611 3009 2665 3050 et
2693 2996 2937 3051 caelestis
2974 2998 3147 3065 gratia
3178 3009 3240 3049 ac
3272 2994 3409 3048 ﬁdes
3451 3009 3569 3062 qua:
3610 3007 3709 3062 per

2093 3088 2389 3160 Apostolos
2421 3086 2546 3141 data
2580 3101 2692 3151 εει,
2729 3087 2895 3141 sitnili
2936 3086 3191 3157 exemplo
3223 3087 3279 3140 in
3311 3086 3467 3141 nobis
3507 3100 3704 3154 Opera-

385 3200 531 3247 mus.
566 3184 660 3239 sed
706 3185 871 3240 etiam
918 3198 1041 3239 cum
1075 3182 1273 3253 gaudio
1302 3185 1685 3238 essultationis
1713 3183 1982 3253 accipere,
2014 3173 2060 3234 C
2096 3191 2202 3238 tur.
2252 3180 2443 3237 Aufert
2491 3182 2635 3236 enim
2687 3181 2925 3237 carnalis
2966 3181 3425 3250 concupiscentiae
3467 3195 3699 3248 corrup-

385 3286 610 3348 propter
636 3276 870 3331 futuram
903 3276 1158 3345 gloriam.
1205 3275 1317 3330 Hoc
1342 3276 1487 3330 enim
1526 3277 1605 3329 ait
1634 3294 1645 3329 :
1675 3274 1907 3330 Gaudete
1936 3277 1991 3331 in

384 3370 480 3425 illa
494 3372 580 3423 die
601 3380 648 3423 et
671 3373 955 3425 exsultute:
977 3370 1092 3423 dico
1113 3370 1270 3435 vobis,
1295 3371 1417 3441 quia
1435 3385 1623 3423 merces
1640 3382 1804 3423 vestra
1826 3371 1991 3424 multa

386 3466 549 3519 estin
592 3464 748 3518 costis.
778 3464 947 3532 Quam
983 3465 1222 3536 gloriosa
1267 3474 1351 3519 est
1400 3466 1799 3535 persecutionis
1830 3466 1991 3535 hujus

390 3557 735 3623 tolerantia,
792 3557 942 3626 cujus
1008 3557 1319 3612 mercedem
1378 3558 1641 3612 Dominus
1697 3560 1989 3624 repositam

388 3667 515 3709 esse
565 3649 695 3706 dicit
755 3650 808 3705 in
849 3651 1031 3706 caelis!
1088 3651 1154 3705 Et
1211 3650 1416 3705 idcirco
1466 3649 1757 3720 prOpositae
1804 3650 1991 3720 gloriae

392 3745 678 3816 pra-inium
734 3744 1180 3809 considerantes,
1235 3744 1301 3797 ad
1356 3758 1573 3797 omnem
1648 3743 1989 3797 tolerantiam

390 3838 497 3909 31
533 3837 803 3906 passionis
851 3836 1046 3891 devota
1101 3835 1204 3890 ﬁde
1246 3836 1421 3907 parati
1450 3851 1573 3890 esse
1602 3834 1901 3891 debemus:
1935 3847 1993 3891 ut

392 3938 679 3984 CUIIMII'IOS
726 3928 919 3997 gloriae
965 3927 1359 3994 Pr0pltetarum
1403 3938 1563 3997 atque
1603 3929 1989 3997 Apostolorum

392 4022 540 4077 efﬁci
574 4038 901 4086 mereamur,
944 4039 1038 4091 per
1072 4020 1347 4076 Christum
1389 4022 1676 4078 Dominum
1725 4033 1990 4091 nostrum,

391 4118 483 4187 qui
516 4125 600 4171 est
630 4115 948 4171 benedictus
981 4117 1032 4170 iu
1061 4116 1279 4171 sazcula.

896 4250 1305 4307 TRAC'I‘ATUS
1347 4250 1410 4305 IV
1442 4260 1491 4305 ⁸.

681 4367 749 4421 In
779 4377 935 4435 caput
968 4382 1000 4419 v
1035 4365 1309 4436 Evangelii
1338 4364 1399 4421 S.
1436 4364 1694 4421 Matthwi.

468 4484 511 4538 I.
557 4480 759 4536 Deinde
788 4480 863 4534 ait
893 4498 905 4532 :
948 4478 1051 4534 Vos
1076 4481 1199 4533 estis
1226 4480 1307 4531 sal
1336 4490 1521 4543 terrai;
1552 4478 1645 4533 sed
1666 4481 1713 4533 si
1742 4481 1820 4533 sal
1848 4489 1996 4535 teme

392 4580 710 4650 infamatum
742 4579 918 4649 fuerit,
946 4576 1015 4629 ad
1046 4574 1269 4630 nihilum
1296 4577 1449 4642 calet,
1480 4577 1579 4629 nisi
1604 4588 1659 4630 ut
1689 4578 1995 4647 proﬁciatur
2023 4558 2076 4618 D

396 4677 575 4743 foras,
624 4681 673 4726 et
719 4671 1045 4725 conettlcetur
1083 4672 1147 4723 ab
1197 4669 1490 4725 hominibus
1541 4669 1758 4739 (Matth.
1791 4688 1843 4737 v,
1883 4672 1994 4742 I5).

397 4765 660 4821 Dominus
702 4763 996 4833 Apostolus
1038 4777 1166 4817 suos
1212 4763 1291 4816 Sal
1333 4770 1493 4817 tet-rte
1532 4764 1899 4834 cognominat.
1935 4764 2003 4819 Et

396 4855 677 4911 videamus
704 4856 830 4924 quid
863 4855 963 4908 sub
992 4854 1150 4923 hujus
1188 4854 1434 4908 vocabuli
1483 4857 1889 4921 comparatione
1933 4857 2001 4911 de

398 4948 677 5018 Apostolis
706 4946 820 5001 suis
854 4947 1113 5000 Dominus
1145 4945 1271 4999 velit
1307 4944 1552 5015 intelligi.
1602 4947 1753 5012 Quod
1798 4957 1853 5001 ttt
1888 4947 2003 5016 plc-

398 5040 525 5095 nius
558 5039 825 5109 possimus
855 5038 1163 5103 advertere,
1191 5037 1423 5107 primum
1457 5039 1687 5093 sollicite
1718 5038 2003 5109 requiren-

399 5132 527 5187 dum
574 5142 688 5198 est,
722 5131 851 5201 quid
896 5132 997 5186 ltoc
1043 5132 1121 5186 Sal
1170 5132 1275 5198 sit,
1343 5141 1399 5187 et
1444 5133 1601 5201 cujus
1639 5143 1831 5197 terrae,
1865 5140 1921 5189 et
1952 5134 2003 5188 in

400 5240 562 5295 quam
594 5224 793 5279 deinde
827 5240 940 5279 rem
972 5224 1370 5295 utilitatemque
1398 5226 1665 5295 proﬁciat.
1691 5224 1807 5279 Jam
1840 5225 2003 5282 etiam

402 5321 533 5375 salis
565 5320 735 5386 ipsius
766 5328 1013 5373 naturam
1050 5334 1316 5389 usumque
1346 5329 1581 5373 tractare
1620 5318 1914 5387 debemus,
1949 5331 2007 5376 ut

405 5415 490 5471 bis
520 5415 776 5485 cognitis,
810 5414 1065 5469 dominici
1098 5412 1227 5467 dicti
1260 5413 1511 5466 virtutem
1541 5412 1769 5481 spiritali
1806 5413 2003 5468 intelli-

403 5509 581 5580 gentia
615 5508 827 5563 l'acilius
856 5521 1233 5576 assequamur.
1268 5504 1467 5559 Natura
1518 5503 1680 5574 igitur
1731 5504 1859 5559 salis
1908 5520 2003 5575 per

406 5614 626 5673 aquam,
671 5618 767 5673 per
810 5599 1049 5656 calorem
1099 5597 1253 5664 solis,
1309 5613 1406 5670 per
1451 5598 1638 5653 ﬂatum
1685 5598 1833 5653 venti
1872 5613 2001 5654 con-

2095 3276 2304 3341 telam,
2373 3286 2720 3345 peccatorum
2805 3277 3001 3332 sordes
3084 3284 3384 3347 expurgat,
3476 3276 3701 3331 odorem

2095 3370 2251 3425 malae
2295 3371 2732 3426 convchaIiouis
2786 3371 3064 3436 excludit,
3109 3385 3327 3426 vermes
3376 3370 3703 3424 delictorum

2094 3479 2204 3518 non
2251 3463 2382 3517 sinit
2438 3464 2726 3531 generari,
2781 3464 2831 3517 id
2886 3472 2976 3518 est
3029 3461 3097 3517 de
3156 3477 3392 3531 corpore
3451 3461 3705 3517 libidino-

2096 3571 2184 3611 sas
2232 3566 2285 3610 et
2333 3556 2646 3610 mortiferas
2702 3555 3009 3625 voluptates
3062 3569 3364 3623 exsurgere
3404 3571 3419 3605 :
3481 3568 3705 3609 comer-

2095 3664 2229 3703 vans
2274 3664 2503 3715 corpora
2538 3657 2721 3702 nostra
2753 3648 2914 3702 etiam
2942 3648 3011 3701 ab
3040 3647 3139 3700 illo
3174 3646 3465 3700 immortali
3494 3660 3702 3711 verme,

2095 3741 2203 3814 33
2227 3740 2317 3807 qui
2350 3740 2615 3795 indefessa
2650 3755 2807 3810 paena
2833 3746 3150 3809 peccatores
3171 3736 3463 3800 excmciat,
3493 3736 3563 3791 de
3592 3750 3703 3806 quo

2096 3840 2355 3907 scriptum
2386 3845 2505 3890 est:
2552 3834 2749 3889 Vermis
2778 3851 2955 3888 eorum
3000 3851 3103 3887 non
3146 3835 3396 3887 morietur
3421 3875 3436 3895 ,
3474 3843 3521 3886 et
3563 3833 3701 3903 ignis

2096 3945 2269 3983 eorum
2301 3944 2401 3981 non
2432 3927 2786 3996 exstinguetur
2813 3926 3007 3999 (Marc.
3027 3941 3102 3991 ut,
3122 3926 3213 3985 43.
3234 3923 3305 3980 45
3323 3968 3336 3984 ,
3363 3926 3455 3988 47,
3479 3923 3699 3980 exlsai.

2098 4036 2243 4084 m1,
2268 4018 2385 4089 24).
2421 4019 2482 4074 Et
2512 4020 2670 4073 sicuti
2696 4018 2837 4073 Sales
2861 4036 2889 4071 a
2921 4017 3054 4073 foris
3077 4017 3299 4089 quidem
3330 4025 3702 4087 apponuntur,

2098 4114 2427 4168 intrinsecm
2451 4128 2579 4166 vero
2608 4120 2907 4180 Operatitur
2929 4125 3027 4180 per
3050 4113 3306 4164 virtutem
3333 4123 3544 4163 naturze
3568 4123 3705 4172 suae,

2099 4207 2174 4260 ita
2203 4214 2257 4259 et
2285 4204 2523 4259 caelestis
2561 4205 2732 4273 gratia
2776 4207 3051 4259 exteriora
3093 4202 3327 4257 hominis
3371 4209 3532 4272 atque
3568 4202 3709 4255 inte-

2100 4298 2241 4352 riora
2273 4305 2651 4367 perpenetrat,
2699 4305 2754 4351 et
2804 4306 2977 4351 totttm
3030 4296 3306 4351 hominem
3360 4295 3627 4367 integrum
3672 4309 3706 4349 a

2101 4402 2325 4461 peccato
2354 4392 2836 4461 incorruptumque
2875 4400 3190 4446 conservat.
3237 4391 3346 4445 llos
3383 4402 3563 4444 autem
3596 4388 3712 4443 Deo

2101 4486 2291 4557 dignos
2321 4499 2467 4549 esse,
2496 4485 2587 4555 qui
2617 4484 2730 4539 sale
2764 4484 3005 4539 etelostis
3049 4483 3335 4555 sapientiae
3380 4482 3711 4537 condiuntur

2103 4580 2289 4652 (Lrvit.
2345 4594 2407 4645 ιι,
2438 4578 2554 4649 15),
2586 4580 2750 4632 etiam
2778 4577 2977 4630 dudum
3013 4578 3356 4642 pra-cedente
3380 4574 3547 4645 ﬁgura
3578 4574 3711 4643 legis

2103 4684 2382 4728 ostensum
2412 4680 2521 4735 est,
2549 4671 2671 4739 quia
2696 4683 2857 4723 omne
2881 4668 3203 4722 sacriﬁcium
3231 4665 3569 4722 oﬂ‘ereudum
3598 4664 3711 4720 Deo

2104 4767 2221 4822 sale
2244 4764 2554 4820 saliebatur.
2584 4761 2738 4828 Quod
2768 4764 2946 4833 ipsum
2998 4762 3347 4832 Evangelista
3373 4774 3713 4814 commemo-

2107 4861 2248 4913 ravit
2274 4856 2533 4912 dicendo:
2572 4855 2771 4917 Omne,
2793 4855 2987 4924 inquit,
3016 4853 3328 4923 sacriﬁcium
3360 4855 3471 4907 sale
3496 4852 3716 4907 satietur

2105 4950 2312 5023 (Marc.
2370 4965 2422 5003 ix
2448 4991 2463 5013 ,
2514 4948 2654 5017 48):
2703 4946 2999 5003 ostendens
3025 4961 3149 5002 eum
3182 4950 3456 5001 hominem
3488 4945 3714 5017 digitum

2109 5056 2238 5097 vcre
2265 5040 2590 5095 sacriﬁcium
2639 5040 2751 5094 Deo
2796 5041 2911 5095 ﬁeri
2939 5079 2954 5103 ,
3000 5038 3095 5109 qui
3140 5038 3381 5094 cteleSIis
3431 5038 3717 5108 sapientiai

2108 5136 2310 5189 virtute
2352 5142 2500 5189 esset
2543 5131 2775 5187 infusus.
2830 5131 2984 5189 Unde
3024 5146 3132 5187 non
3165 5131 3439 5187 immerito
3468 5145 3592 5186 cum
3621 5144 3718 5201 per

2110 5227 2452 5285 Ezecltielem
2501 5226 2820 5297 prapltetam
2874 5226 3133 5282 Dominus
3176 5225 3514 5292 Jerusalem,
3553 5225 3722 5279 immo

2112 5324 2293 5393 pctitts
2345 5319 2729 5392 Syuagogttm,
2780 5319 3112 5391 increparet,
3165 5318 3308 5372 inter
3354 5327 3547 5371 caetera
3603 5314 3720 5367 ait:

2113 5415 2260 5487 Aqua
2292 5431 2392 5468 non
2421 5424 2494 5468 est
2528 5414 2633 5468 lota
2656 5454 2672 5479 ,
2704 5429 2869 5485 neque
2896 5412 3004 5467 sale
3032 5410 3187 5466 salita
3220 5407 3444 5479 (Exerit.
3481 5421 3591 5469 xw,
3618 5403 3720 5475 AI);

2114 5508 2504 5580 pra-nuntians,
2540 5506 2662 5577 quia
2694 5520 2871 5577 neque
2911 5506 3141 5577 gratiam
3178 5501 3428 5570 baptismi
3461 5496 3721 5551 saiutaris

2113 5600 2182 5654 ad
2210 5597 2477 5655 abluenda
2507 5607 2725 5666 peccata
2754 5610 2849 5652 sua
2877 5604 3166 5663 acceptura
3187 5598 3330 5656 erat,
3360 5601 3537 5658 neque
3560 5585 3725 5642 ﬁdem

483 5819 507 5846 ⁸
551 5794 707 5878 Apud
759 5802 1057 5861 0alland.t
1102 5798 1367 5858 Tractatus
1431 5794 1522 5866 III,
1571 5800 1623 5851 in
1672 5796 1729 5852 Si.
1788 5792 2021 5855 Muttine!
2048 5790 2405 5853 limabit-Notior.
