4270 6176
544 325 650 381 559

1541 319 1598 376 S.
1641 314 2023 376 CllROMA'l'll
2063 312 2279 372 EPISC.
2323 313 2806 384 AQUILEIENSIS

3741 309 3852 372 540

537 437 777 495 celestis
795 437 1078 508 sapientiae
1099 441 1442 504 susceptura.
1468 431 1527 488 Si
1553 432 1673 501 quis
1695 430 1880 501 itaque
1905 430 2008 485 hoc
2029 443 2142 485 cm-
2168 430 2224 491 Δ
2249 429 2370 497 tuit,
2401 429 2497 486 sed
2521 439 2576 484 et
2604 430 2708 486 sibi
2731 430 2898 484 miser
2925 442 2977 484 et
3013 429 3222 485 intttilis
3251 428 3430 484 factus
3461 437 3567 484 est.
3604 425 3670 483 Et
3725 429 3851 486 ideo

543 531 665 586 lesti
695 531 808 585 sale
837 544 967 585 usus
993 527 1175 593 fuerit,
1207 525 1494 582 condietur
1516 542 1532 591 ;
1557 524 1650 594 qui
1674 533 1854 579 autem
1884 521 2141 588 noluerit,

541 623 911 678 infatnabitur.
946 621 1063 676 Non
1097 619 1368 676 immerito
1397 627 1450 676 et
1477 618 1772 689 Apostolus
1793 615 2023 687 (Coloss.
2053 633 2104 672 iv
2127 653 2144 684 ,

546 715 626 781 6),
659 727 972 768 sermonem
1001 721 1246 768 nostrum
1274 726 1489 782 semper
1511 711 1702 782 gratiae
1723 710 1838 766 sale
1865 708 2143 765 Conditum

542 820 663 860 esse
693 805 895 862 debere
925 807 1280 860 commonuit.

613 898 702 953 lli.
728 898 918 954 Adhuc
941 897 1099 967 hujus
1129 898 1260 952 salis
1289 895 1520 966 gratiam
1552 911 1616 950 ac
1638 896 1891 950 virtutem
1914 893 2143 950 etiamin

544 991 700 1047 lilii-is
719 991 1031 1062 Regnorum
1065 991 1364 1046 invenimus
1392 997 1779 1060 praeostensam
1804 986 1896 1060 (iV
1921 986 2141 1058 Βρεμι).

544 1087 680 1141 Cum
721 1085 774 1139 in
808 1085 1028 1140 Jericho
1057 1093 1242 1140 essent
1278 1099 1432 1154 aquae
1469 1081 1719 1152 malignae
1759 1095 1881 1151 quae
1925 1078 2145 1134 steriles

539 1178 835 1242 faciebant,
855 1178 1054 1247 petitus
1082 1187 1398 1233 estsanctus
1422 1171 1772 1246 Elisaeus“
1786 1171 2070 1243 propheta,
2089 1179 2147 1226 ut

542 1272 736 1328 iisdem
767 1272 922 1342 aquis
943 1270 1243 1326 remedium
1266 1269 1502 1325 salutare
1535 1266 1820 1339 praeberet.
1844 1264 1996 1320 Tunc
2021 1279 2148 1319 san-

546 1376 669 1438 ctus
683 1365 930 1429 Elisaeus,
953 1363 1194 1419 caelestis
1226 1360 1471 1434 mysterii
1501 1375 1605 1414 non
1635 1361 1852 1428 ignarus
1874 1356 2040 1422 ,disit
2067 1355 2148 1411 af-

542 1458 674 1512 ferri
700 1457 802 1513 sibi
828 1473 920 1509 vas
944 1455 1105 1510 ﬁctile
1124 1498 1138 1520 ,
1163 1465 1221 1511 et
1249 1454 1386 1508 mitti
1416 1455 1468 1507 in
1497 1468 1563 1507 eo
1585 1453 1774 1507 salem.
1802 1450 1868 1505 Et
1897 1450 2066 1515 venit,
2090 1460 2146 1504 et

548 1551 696 1606 misit
720 1551 884 1606 salem
915 1549 983 1605 ad
1011 1551 1190 1605 exitus
1218 1563 1483 1620 aquarum
1507 1563 1521 1613 ;
1545 1556 1598 1602 et
1620 1546 1698 1601 sic
1727 1553 1912 1600 sanata
1944 1541 2147 1598 sterilis

557 1657 752 1701 natura
778 1659 1064 1716 aquarum,
1088 1643 1140 1698 in
1168 1641 1551 1699 fecunditatem
1573 1647 1778 1695 mutata
1801 1646 1884 1693 est
1901 1656 1912 1692 :
1931 1636 2074 1706 quod
2091 1637 2144 1692 in

545 1748 947 1800 sacramentum
974 1738 1168 1793 futurae
1197 1737 1438 1792 veritatis
1469 1743 1706 1804 gestum,
1739 1730 2024 1787 manifesta
2061 1744 2147 1784 ra-

2249 522 2460 579 addidit
2479 525 2740 579 Dominus
2757 524 2948 580 dicens
2969 543 2984 579 :
3008 524 3087 578 Atl
3109 524 3327 578 nihilum
3344 525 3500 587 valet,
3521 524 3622 578 nisi
3641 532 3697 578 ut
3719 533 3841 594 pro-

2239 616 2462 689 jiciatur
2485 620 2647 686 foras,
2679 626 2726 670 et
2752 617 3083 671 conculcetur
3112 615 3174 670 ab
3219 614 3518 670 hominibus
3541 631 3562 669 :
3591 611 3719 685 quia
3750 614 3852 670 hu-
3906 600 3917 610 I

2243 709 2506 779 iusmodi,
2535 712 2644 778 iam
2679 726 2786 764 non
2817 709 3008 765 ﬁdeles
3034 725 3098 764 ac
3128 708 3451 774 domestici;
3485 707 3580 764 sed
3621 703 3850 779 proiecti

2249 801 2318 856 ab
2347 801 2611 867 Ecclesia,
2639 809 2695 856 ut
2723 805 2968 858 extranei
2997 813 3050 857 et
3069 801 3190 856 ﬁdei
3221 799 3408 856 hostes
3437 800 3672 857 habendi
3701 810 3848 856 sunt.

2252 892 2406 950 Unde
2431 902 2484 948 et
2511 893 2677 949 ludas
2705 893 2774 950 de
2827 893 3130 949 domestico
3159 892 3280 948 ﬁdei
3313 934 3329 960 ,
3375 893 3631 948 inimicus
3674 889 3854 948 factus

2249 997 2333 1044 e-‘t
2362 990 2626 1044 veritatis.
2678 989 3052 1062 36Projrcti
3100 989 3285 1060 itaque
3331 981 3644 1060 huiusmodi
3695 996 3853 1046 extra

2251 1081 2580 1150 Ecclesium,
2603 1099 2828 1139 necesse
2844 1093 2929 1138 est
2955 1093 3012 1137 ut
3038 1080 3266 1137 diversis
3291 1083 3444 1136 vitiis
3468 1083 3653 1137 eariiis
3678 1091 3733 1137 et
3759 1097 3849 1138 va-

2251 1175 2348 1232 riis
2398 1176 2761 1246 voluptatibus
2815 1175 3005 1231 saeculi
3035 1175 3430 1230 conculcentur
3472 1183 3567 1229 :et
3615 1172 3718 1229 itoc
3767 1183 3853 1230 est

2250 1267 2392 1341 quod
2427 1270 2505 1324 ait
2541 1287 2554 1322 a
2584 1269 2653 1323 ad
2698 1269 2921 1322 nihilum
2971 1269 3119 1334 calet,
3147 1269 3247 1322 nisi
3271 1277 3328 1323 at
3355 1269 3664 1340 proﬁciatur
3685 1270 3848 1340 foras,-

2251 1368 2298 1416 et
2322 1361 2731 1417 conculceturab
2760 1361 3073 1416 horninibus.
3108 1360 3250 1429 Quid
3296 1360 3368 1416 sit
3411 1361 3592 1415 atttein
3632 1359 3852 1415 concul-

2250 1456 2363 1511 cari
2392 1456 2460 1511 ab
2513 1456 2843 1522 hominibus,
2879 1455 3040 1510 etiam
3069 1454 3332 1510 Salomon
3363 1455 3416 1508 in
3467 1453 3609 1509 libro
3635 1467 3736 1510 suo
3768 1456 3857 1508 re-

2251 1549 2398 1614 tulit,
2429 1563 2552 1602 cum
2575 1547 2641 1602 de
2669 1548 2900 1604 muliere
2927 1549 3215 1603 meretrice
3240 1547 3559 1617 loqueretur
3589 1561 3602 1599 :
3633 1543 3850 1610 Mulier,

2251 1641 2447 1714 inquit,
2503 1642 2810 1710 fornicaria,
2837 1643 2983 1712 quasi
3026 1651 3218 1696 stercus
3245 1642 3298 1694 in
3330 1641 3412 1694 via
3459 1640 3522 1692 ab
3557 1637 3854 1692 hominibus

2250 1735 2672 1807 praetereuntibus
2699 1736 3033 1790 conculcatur
3059 1733 3250 1808 (Eccli.
3275 1749 3352 1802 Ix,-
3391 1735 3492 1802 t0).
3519 1731 3656 1801 Quia
3690 1730 3856 1802 igitur

545 1837 692 1892 tione
721 1835 1121 1904 cognoscimus.
1151 1831 1285 1886 Nam
1318 1845 1412 1900 per
1440 1843 1607 1898 aquas
1633 1835 1823 1898 gentes
1853 1821 2145 1895 significari
2175 1824 2226 1886 B
2253 1827 2459 1884 conditi
2493 1828 2600 1898 iatn
2641 1828 2756 1884 sale
2785 1827 3092 1898 apostolico
3123 1843 3332 1893 sumus,
3369 1826 3421 1880 in
3453 1825 3546 1880 tali
3594 1839 3658 1879 ac
3704 1831 3857 1878 tanto

543 1931 830 1986 evidenter
853 1926 1210 2001 Apocalypsis
1240 1923 1424 1980 retulit
1452 1919 1720 1977 dicendo:
1754 1919 1912 1987 Aqua:
1930 1933 2061 1988 quas
2084 1916 2150 1969 vi-

547 2025 670 2078 disti
697 2064 713 2090 ,
760 2022 941 2092 populi
968 2059 982 2081 ,
1022 2030 1066 2073 et
1094 2026 1266 2090 gentes
1291 2055 1305 2081 ,
1351 2025 1400 2071 ct
1438 2013 1600 2069 turba:
1625 2053 1642 2078 ,
1691 2021 1736 2067 et
1768 2013 2001 2065 nationes
2032 2018 2152 2063 sunt

544 2118 744 2189 (Apoc.
778 2130 890 2170 xvii
913 2156 926 2176 .
958 2113 1082 2184 f5).
1128 2111 1260 2179 Quae
1292 2109 1451 2164 aliter
1486 2106 1690 2170 sanari,
1731 2104 1815 2160 vel
1847 2102 2150 2158 remedium

547 2208 790 2264 Salutare
813 2207 1064 2274 accipere
1093 2219 1201 2257 non
1233 2209 1513 2272 poterant:
1548 2199 1648 2254 nisi
1678 2197 1758 2254 sui
1786 2198 1838 2252 in
1862 2212 1957 2252 vas
1985 2194 2152 2251 ﬁctile

546 2303 880 2363 mitteretur,
916 2298 967 2354 id
1000 2308 1083 2354 est
1105 2297 1201 2353 Dei
1229 2296 1496 2366 sapientia
1523 2292 1819 2348 humanum
1841 2305 2041 2362 corpus
2062 2303 2152 2344 ac-

547 2396 776 2465 ciperet.
807 2393 940 2460 Quae
973 2402 1258 2462 postquam
1287 2390 1353 2444 ad
1376 2389 1558 2444 exitus
1579 2399 1866 2454 aqtiarum,
1892 2383 1944 2438 id
1970 2392 2054 2438 est
2083 2381 2150 2443 ad

548 2488 753 2542 exitum
785 2493 977 2540 mortis
1007 2483 1282 2548 humanae,
1307 2481 1500 2537 salutis
1529 2488 1732 2534 nostrae
1759 2490 1922 2534 causa
1951 2488 2150 2543 perve-

555 2583 667 2636 nit:
703 2590 832 2636 tunc
859 2580 1100 2635 omnium
1139 2577 1481 2632 credentium
1524 2583 1716 2629 natura
1748 2589 1869 2643 quae
1900 2589 1928 2624 a
1974 2569 2150 2625 fructu

549 2674 776 2729 seminis
796 2673 1000 2728 sterilis
1022 2679 1161 2736 erat,
1191 2669 1245 2724 in
1271 2668 1397 2724 ﬁdei
1425 2683 1488 2723 ac
1506 2666 1726 2736 iustitiae
1765 2661 2151 2719 fecunditatem

554 2774 760 2821 mutata
793 2772 897 2820 est.
930 2763 1085 2820 Unde
1117 2778 1222 2818 non
1258 2761 1532 2816 immerito
1559 2759 1824 2814 Dominus
1862 2754 2155 2826 Apostolus

552 2875 682 2915 suos
713 2859 798 2914 sal
831 2870 990 2913 terra:
1012 2856 1280 2928 appellat,
1308 2870 1446 2925 quos
1468 2854 1648 2909 divina
1671 2867 1738 2908 ex
1761 2867 1843 2918 se,
1871 2861 1922 2906 et
1945 2848 2156 2905 caelesti

552 2953 821 3024 sapientia
855 2953 1108 3022 replevit.
1145 2951 1233 3008 Sic
1263 2959 1443 3006 autem
1471 2965 1567 3004 eos
1596 2947 1672 3002 sal
1707 2957 1866 3003 terrae
1891 2960 2013 3001 esse
2044 2954 2155 2999 tes-_

549 3061 691 3103 taaus
720 3060 824 3112 est,
856 3048 994 3102 sicut
1023 3055 1077 3102 et
1107 3046 1280 3101 lucem
1311 3042 1498 3098 mundi
1527 3041 1709 3112 (Joan.
1739 3055 1852 3105 \‘lll,
1877 3039 1990 3108 η).
2022 3037 2153 3092 Nam

551 3160 674 3198 cum
708 3144 822 3212 ipse
850 3142 1025 3198 lucem
1060 3141 1246 3196 mundi
1279 3155 1338 3195 se
1366 3153 1487 3195 esse
1519 3135 1800 3209 professus
1829 3137 1898 3190 sit
1925 3163 1940 3199 ,
1971 3145 2153 3190 tamen

2253 1922 2603 1978 condimento
2643 1925 2834 1993 gratiae
2861 1923 3161 1992 spiritualis
3213 1934 3535 1991 permanere
3570 1917 3853 1984 debemus,

2255 2028 2311 2072 ut
2342 2019 2440 2089 ipsi
2472 2017 2689 2090 quoque
2715 2016 2796 2072 sal
2826 2026 2986 2072 terrae
3015 2015 3313 2086 nuncupari
3340 2032 3366 2069 a
3399 2013 3622 2069 Christo
3673 2011 3856 2066 Domi-

2255 2125 2327 2167 no
2351 2119 2538 2168 nostro
2567 2126 2893 2177 mereamur,
2933 2111 3024 2182 qui
3055 2110 3493 2167 est'benedietus
3546 2109 3597 2162 in
3630 2106 3853 2173 saecula,

2258 2207 2452 2261 Amen.
3175 2232 3180 2237 -

2757 2295 3176 2354 TRACTATUS
3215 2297 3258 2353 V
3289 2306 3336 2350 ιι.

2557 2428 2622 2488 In
2650 2441 2804 2504 caput
2831 2448 2862 2488 v
2896 2429 3165 2506 Evangelii
3193 2429 3257 2486 S.
3291 2423 3550 2484 Matthwi.

2331 2573 2369 2628 Ι.
2401 2572 2605 2628 Demos
2646 2572 2723 2628 ait
2752 2588 2766 2625 :
2810 2570 2909 2626 Vos
2938 2571 3058 2625 estis
3090 2570 3184 2624 luas
3211 2567 3414 2623 mundi.
3446 2567 3568 2622 Non
3591 2575 3754 2640 potest
3786 2565 3834 2619 ci

2258 2669 2386 2724 ritas
2425 2666 2668 2722 abscondi
2709 2682 2864 2739 super
2892 2673 3111 2720 montem
3146 2665 3350 2735 positu,
3382 2679 3543 2734 neque
3570 2661 3860 2716 accendunt

2261 2762 2520 2816 lucernam
2552 2771 2604 2815 ut
2628 2771 2820 2832 ponant
2851 2776 2963 2813 eam
2987 2759 3080 2813 sub
3109 2758 3304 2822 modio,
3334 2757 3423 2812 sed
3467 2761 3620 2828 super
3668 2754 3859 2809 cande-

2259 2855 2483 2917 labrum.
2518 2865 2572 2909 ut
2598 2857 2762 2910 luceat
2790 2855 3024 2910 omnibus
3045 2855 3208 2925 quiin
3232 2853 3384 2907 duino
3412 2862 3531 2906 sunt
3554 2849 3774 2924 (Matth.
3802 2863 3857 2914 νς

2262 2950 2350 3014 ﬂ,
2383 2948 2496 3020 15).
2518 2949 2607 3004 Sal
2639 2959 2797 3005 terra:
2828 2950 3091 3005 Dominus
3117 2948 3412 3018 discipulos
3451 2961 3580 3001 suos
3621 2945 3860 3015 appella-

2261 3044 2338 3098 vit
2365 3061 2377 3097 :
2404 3044 2527 3111 quia
2550 3043 2810 3098 infatuata
2843 3059 2872 3097 a
2900 3041 3123 3098 diabolo
3153 3042 3319 3096 corda
3355 3043 3572 3096 humani
3616 3037 3856 3111 generis,

2265 3151 2359 3206 per
2388 3137 2664 3192 caelestem
2699 3137 3027 3208 sapientiam
3068 3135 3413 3191 condierant.
3446 3134 3596 3188 Nube
3643 3146 3859 3203 quoque

557 3237 724 3290 etiam
756 3234 1052 3302 discipulos
1078 3247 1206 3286 suos
1239 3232 1343 3286 hoc
1375 3229 1597 3284 nomine
1625 3225 1791 3282 voluit
1818 3241 2152 3294 nuncupare,-
2181 3209 2233 3276 Ο
2266 3230 2450 3286 lumen
2492 3228 2676 3283 mundi
2708 3243 2801 3283 eos
2833 3237 3126 3298 nuncupat,
3160 3225 3286 3297 quia
3327 3241 3358 3280 a
3388 3241 3448 3281 se
3499 3226 3620 3296 ipso
3647 3224 3738 3295 qui
3767 3238 3860 3279 ve-

562 3345 666 3380 l.0l|
717 3326 969 3380 auferens
1003 3323 1107 3378 sibi
1153 3323 1296 3393 quod
1339 3339 1495 3378 suum
1544 3333 1628 3378 εει
1670 3321 1884 3385 lumen,
1920 3319 2017 3375 sed
2047 3319 2158 3375 lar-

552 3424 708 3490 giens
731 3438 742 3473 a
769 3420 891 3489 quia
920 3421 1098 3472 lumen
1125 3431 1308 3470 verum
1339 3423 1395 3470 et
1415 3424 1679 3470 aeternum
1701 3411 1843 3482 quod
1871 3427 2030 3467 suum
2053 3421 2157 3476 est,

553 3517 674 3569 sine
707 3515 888 3584 aliqua
914 3511 1245 3566 detrimento
1275 3508 1511 3580 propriae
1536 3516 1743 3561 natura:
1768 3504 2012 3575 largitur.
2045 3504 2162 3561 Sci-

563 3625 683 3663 mus
714 3622 848 3663 sane
881 3604 1176 3660 nonunilos
1207 3602 1351 3656 sales
1379 3603 1447 3657 de
1477 3610 1620 3656 terra
1656 3599 1935 3670 generari:
1983 3597 2080 3654 sed
2107 3608 2163 3654 et

561 3704 680 3757 haec
711 3699 1010 3756 similitudo
1039 3695 1704 3768 congruitApostolorum
1731 3707 2000 3763 personae.
2026 3693 2159 3758 Quia

559 3797 809 3866 quamvis
842 3794 952 3849 nati
997 3797 1066 3848 de
1104 3805 1248 3848 terra
1293 3790 1515 3845 humani
1546 3788 1794 3856 corporis
1822 3786 2161 3852 viderentur;

563 3891 710 3947 aliud
739 3890 1042 3962 35tamen
1083 3903 1180 3956 per
1209 3885 1369 3940 fidem
1385 3883 1585 3938 tlhristi
1601 3895 1723 3937 esse
1735 3880 1848 3951 jam
1862 3891 2162 3949 imperant:

561 3995 620 4038 nt
650 3995 755 4038 non
783 3984 892 4051 iam
927 3991 1097 4046 terra,
1128 3978 1224 4034 sed
1254 3978 1330 4032 sal
1356 3986 1513 4033 terra:
1541 3973 1908 4038 haberentur;
1943 3973 2064 4042 quia
2095 3971 2162 4028 de

563 4074 876 4130 carnalibus
905 4071 1031 4126 facti
1061 4080 1190 4125 sunt
1215 4067 1520 4138 spiritales,
1568 4065 1745 4120 idonei
1774 4064 1864 4133 qui
1899 4063 2003 4118 ﬁde
2041 4076 2163 4132 pos-

560 4177 686 4226 sent
715 4165 939 4221 rendire
970 4163 1174 4218 insulsa
1205 4161 1371 4216 corda
1393 4158 1752 4216 credentium.

632 4261 724 4316 ιν.
772 4257 871 4312 van
893 4271 1046 4327 ergo,
1077 4254 1272 4325 inquit,
1314 4253 1435 4306 estis
1473 4251 1553 4306 sal
1583 4262 1734 4306 terra
1767 4250 1854 4305 :si
1879 4261 2055 4305 autem
2086 4251 2164 4306 sal

559 4354 877 4422 infamatum
915 4348 1093 4420 fuerit,
1120 4347 1173 4400 in
1198 4361 1299 4416 quo
1317 4343 1630 4399 condietur?
1650 4342 1719 4398 ad
1761 4343 1980 4397 nihilum
2003 4344 2161 4411 ualet,

559 4445 663 4500 nisi
693 4455 746 4495 ut
777 4440 1085 4512 proficiatur
1116 4439 1282 4510 foras,
1308 4447 1354 4491 ct
1375 4436 1705 4491 conculcetur
1733 4436 1796 4488 ab
1842 4433 2160 4492 hominibus.

560 4535 815 4590 infatnari
837 4542 1018 4588 autem
1049 4545 1145 4586 eos
1197 4529 1462 4595 ostendit,
1484 4529 1575 4599 qui
1604 4542 1726 4585 cum
1765 4529 1937 4586 semel
1976 4545 2070 4600 per
2103 4532 2165 4584 fi-

2263 3337 2386 3378 rum
2413 3329 2469 3376 et
2511 3330 2778 3376 aeternum
2812 3321 2992 3376 iumen
3025 3331 3129 3388 est;
3156 3318 3478 3384 illuminati;
3515 3319 3614 3389 ipsi
3646 3332 3859 3389 quoque

2263 3413 2446 3470 lumen
2472 3413 2596 3468 facti
2626 3423 2752 3468 sunt
2780 3414 3148 3468 tenebrarum.
3180 3411 3313 3468 Nam
3340 3410 3466 3482 quia
3497 3412 3610 3482 ipse
3629 3410 3713 3467 sol
3745 3411 3859 3479 ins-

2263 3505 2397 3562 titiae
2417 3517 2529 3572 est;
2558 3523 2665 3560 non
2698 3505 2974 3563 immerito
2993 3507 3153 3562 etiam
3182 3506 3287 3578 θ’]
3305 3503 3602 3576 discipulos
3627 3509 3757 3559 suos
3779 3504 3862 3558 iu-

2264 3615 2386 3656 men
2415 3599 2602 3656 mundi
2633 3600 3013 3671 cognominat;
3052 3602 3180 3671 quia
3211 3617 3305 3671 per
3353 3602 3526 3671 ipsos,
3555 3600 3709 3670 quasi
3763 3605 3860 3669 per

2262 3697 2526 3766 quosdam
2561 3697 2824 3752 micantes
2856 3696 3059 3763 radios,
3095 3696 3352 3751 universo
3382 3693 3500 3748 orbi
3528 3693 3862 3764 cognitionis

2264 3804 2376 3845 sua
2403 3790 2583 3845 lumen
2624 3789 2824 3844 infudit
2856 3808 2868 3844 :
2903 3789 3225 3858 fugaverunt
3247 3789 3392 3845 enim
3414 3803 3444 3842 ο
3470 3788 3728 3843 cordibus
3761 3787 3862 3842 ho-

2265 3882 2471 3938 minum
2504 3883 2755 3938 tenebras
2785 3885 3010 3949 erroris,
3043 3883 3166 3939 iure
3195 3884 3438 3938 veritatis
3466 3890 3706 3937 ostensa.
3756 3881 3864 3939 Per

2267 3979 2416 4048 ipsos
2445 3993 2678 4049 namque
2705 3977 2991 4032 illuminati
3019 3978 3186 4032 etiam
3225 3989 3347 4043 nos,
3381 3989 3448 4032 ex
3477 3971 3720 4033 tenebris
3770 3975 3861 4032 la-

2266 4085 2389 4125 men
2421 4085 2610 4125 sumus
2660 4069 2865 4137 effecti,
2894 4071 3113 4126 dicente
3165 4069 3430 4141 Apostoio
3469 4087 3482 4124 ε
3519 4067 3696 4124 Eratis
3726 4067 3862 4123 enim

2267 4161 2547 4231 aliquando
2577 4162 2814 4230 tenebrae,
2844 4180 2979 4216 nunc
3000 4173 3173 4218 autem
3214 4164 3307 4218 lure
3331 4165 3384 4217 in
3429 4160 3654 4217 Domino
3682 4177 3703 4218 :
3729 4163 3862 4217 sicut

2268 4253 2365 4320 lilii
2393 4253 2522 4307 lucis
2545 4253 2804 4309 ambulate
2831 4252 3052 4327 (Ep/tes.
3082 4272 3134 4324 v,
3166 4257 3218 4324 8,
3248 4256 3326 4326 9).
3363 4256 3430 4309 Et
3458 4255 3657 4310 iterum
3694 4273 3706 4307 :
3737 4253 3857 4308 Non

2269 4346 2387 4398 estis
2418 4346 2516 4414 ﬁlii
2542 4348 2706 4401 noctis
2733 4363 2894 4419 neque
2935 4341 3278 4414 tenebrarum,
3311 4349 3399 4402 sed
3421 4349 3540 4401 estis
3562 4347 3662 4418 ﬁlii
3706 4346 3860 4400 lumi-

2267 4436 2345 4489 nis
2373 4446 2421 4489 et
2443 4437 2546 4499 ﬁlii
2568 4436 2670 4490 diei
2699 4435 2742 4508 (l
2764 4435 2944 4492 Thess.
2977 4453 3031 4508 v,
3055 4435 3133 4506 5).
3161 4431 3352 4494 Merito
3378 4448 3429 4492 et
3458 4446 3676 4493 sanctus
3697 4437 3862 4493 Joan-

2271 4545 2367 4585 nes
2397 4531 2449 4584 itt
2480 4530 2715 4600 Epistola
2741 4546 2838 4588 sua
2867 4540 3093 4586 testatus
3123 4541 3230 4598 est,
3253 4531 3475 4587 dicetis:
3503 4528 3646 4584 Deus
3676 4531 3767 4585 luat:
3789 4540 3861 4585 est

559 4633 685 4687 dem
715 4639 770 4686 et
797 4627 1122 4700 sapientiam
1161 4625 1441 4682 cmiesteni
1469 4597 1692 4688 eruditi,
1743 4622 1930 4680 fideles
1960 4597 2023 4680 ac
2055 4634 2164 4681 sta-
2190 4597 2244 4658 Ῑ)
2271 4621 2314 4693 (1
2342 4621 2498 4677 Joan.
2525 4597 2572 4689 ii,
2610 4624 2696 4694 3),
2728 4635 2782 4680 et
2807 4626 2897 4694 qui
2932 4635 3120 4680 manet
3169 4626 3220 4680 in
3267 4627 3394 4691 Deo,
3427 4625 3479 4679 in
3512 4624 3712 4680 lumine
3751 4633 3858 4689 est,

563 4726 700 4781 biles
730 4724 968 4779 debeant
1011 4733 1366 4791 permanere;
1405 4717 1598 4772 relicta
1638 4715 1742 4772 ﬁde
1793 4725 1848 4770 et
1895 4717 2162 4785 sapientia

561 4820 767 4884 divina,
796 4826 890 4873 aut
914 4816 969 4872 in
1000 4814 1250 4869 haeresim
1273 4819 1462 4877 ruunt,
1491 4817 1584 4864 aut
1618 4809 1684 4864 ad
1716 4809 2002 4865 stultitiam
2035 4825 2164 4880 gen-

563 4910 740 4966 tilium
764 4910 1014 4965 redeunt.
1043 4907 1112 4962 Et
1130 4905 1335 4962 ideirco
1348 4904 1426 4958 ait
1447 4922 1461 4957 :
1487 4903 1547 4958 Si
1565 4913 1733 4958 autem
1754 4903 2162 4975 sallinfatuatum

561 5004 739 5075 fuerit,
771 5004 822 5056 in
850 5018 952 5072 quo
982 4999 1291 5056 condiam?
1311 4998 1450 5066 Quia
1470 4996 1722 5052 infatuati
1747 4995 1936 5053 fraude
1957 4996 2162 5053 diaboli

560 5096 870 5166 huiusmodi
898 5095 1177 5160 homines,
1200 5093 1397 5148 amisSa
1429 5091 1558 5148 fidei
1580 5091 1777 5164 gratia,
1804 5102 2158 5148 erancscunt.

560 5190 666 5258 Qui
695 5205 818 5244 eum
841 5189 1146 5258 potuissent
1162 5186 1330 5243 etiam
1355 5185 1491 5241 alios
1513 5201 1622 5241 non
1642 5185 1949 5252 credentes,
1984 5186 2162 5243 adhuc

561 5299 594 5338 ι
628 5284 732 5339 fide
782 5283 1013 5350 alienos,
1044 5282 1248 5338 divinae
1278 5279 1686 5350 praedicationis
1717 5279 1888 5335 verbo
1915 5279 2163 5348 condire,

559 5379 726 5433 etiam
777 5377 882 5433 sibi
924 5375 1140 5431 inutiles
1171 5373 1516 5431 exstiterant.
1561 5371 1803 5443 Denique
1829 5372 2164 5429 ludaslsca-

557 5471 727 5530 rietes
749 5469 817 5524 de
846 5465 1156 5536 huiusmodi
1181 5465 1386 5520 salibus
1414 5461 1594 5520 fuerat
1626 5480 1640 5516 :
1667 5463 1763 5518 sed
1790 5475 1972 5533 postea
1999 5480 2161 5534 quam

557 5562 805 5617 divinam
833 5558 1158 5629 sapientiam
1185 5554 1521 5627 reprobavit,
1545 5566 1598 5611 et
1625 5557 1694 5611 de
1722 5556 1990 5626 Apostoin
2031 5573 2161 5629 apo-

558 5665 702 5709 stata
735 5654 910 5707 factus
939 5659 1022 5706 est
1053 5665 1070 5706 :
1100 5664 1209 5706 non
1239 5649 1418 5706 solum
1448 5648 1572 5703 aliis
1613 5648 1878 5719 prodesse
1908 5664 2018 5706 non
2056 5663 2158 5722 po-

2267 4716 2404 4773 sicnt
2427 4726 2481 4772 et
2504 4718 2624 4787 ipse
2647 4726 2729 4773 est
2758 4718 2812 4772 in
2843 4718 3067 4775 lumine.
3102 4718 3260 4776 Unde
3293 4719 3419 4789 quia
3450 4718 3692 4774 tenebris
3707 4731 3863 4772 erro-

2264 4812 2343 4867 ri's
2370 4806 2629 4869 liberatos
2660 4829 2762 4869 nos
2801 4819 2926 4871 esse
2980 4816 3302 4887 gaudemus,
3337 4815 3556 4889 semper
3579 4817 3729 4888 quasi
3766 4813 3859 4872 ﬁlii

2266 4903 2403 4959 lucis
2433 4905 2485 4959 in
2509 4905 2712 4962 lumine
2740 4908 3023 4963 ambulare
3053 4909 3340 4966 debemus.

2338 4996 2401 5052 11.
2439 4996 2505 5052 Ει
2527 4997 2772 5055 addidit:
2808 4998 2934 5056 Non
2961 5009 3147 5069 pateat,
3171 5003 3371 5074 inquit,
3402 5003 3584 5058 civitas
3608 5002 3857 5058 abscondi

2271 5106 2432 5162 supra
2461 5101 2686 5146 montem
2736 5093 2906 5163 posita
2937 5091 3150 5166 (Matth.
3187 5109 3219 5150 ν
3239 5137 3254 5163 ,
3298 5091 3411 5167 Η).
3446 5094 3735 5150 Civitatem
3766 5093 3861 5150 hic

2273 5185 2570 5242 Ecclesium
2617 5185 2922 5256 signiﬁcat,
2972 5188 3040 5243 de
3092 5203 3196 5259 qua
3243 5189 3427 5244 multis
3473 5191 3608 5246 locis
3654 5189 3860 5244 divinae

2266 5278 2563 5349 Scripturte'
2592 5287 2881 5347 testantur,
2914 5287 2968 5336 et
2997 5279 3066 5336 de
3085 5295 3190 5353 qua
3225 5283 3388 5336 David
3419 5284 3657 5338 maxime
3685 5281 3862 5352 loqui-

2264 5380 2384 5438 tur,
2418 5373 2608 5428 dicens
2638 5389 2651 5426 :
2695 5372 2936 5428 Gloriosa
2985 5376 3126 5429 dicta
3150 5386 3269 5432 sunt
3298 5377 3362 5430 de
3412 5379 3494 5443 le,
3541 5378 3724 5432 civitas
3759 5375 3860 5431 Del

2262 5465 2438 5538 (Psal.
2472 5477 2710 5535 LXXXVI,
2741 5468 2893 5539 3).Et
2926 5470 3124 5525 iterum
3151 5488 3166 5526 :
3201 5471 3461 5526 Fluminis
3483 5473 3703 5545 impetus
3729 5471 3864 5526 [actia

2260 5559 2383 5628 ﬁcat
2413 5559 2670 5615 civitatem
2702 5559 2801 5616 Dei
2829 5560 3002 5633 (Psal.
3044 5573 3170 5628 ην,
3203 5564 3280 5634 5).
3319 5563 3386 5618 Et
3427 5565 3628 5620 iterum
3657 5582 3670 5619 :
3706 5564 3861 5620 Sicut

2259 5653 2574 5720 audivimus,
2603 5655 2680 5710 ita
2700 5661 2749 5710 et
2772 5655 2992 5712 vidimus
3018 5657 3072 5712 in
3102 5659 3308 5714 cibitate
3348 5658 3563 5715 Domini
3584 5659 3854 5725 virtutum,

622 5845 645 5874 ε
691 5833 846 5904 Apud
877 5833 1137 5932 Galland.‘
1186 5852 1198 5892 :
1231 5835 1556 5897 Taacrarus
1585 5833 1676 5906 Ν,
1706 5835 1758 5889 in
1791 5835 1850 5893 S.
1910 5835 2145 5898 Mattluri
2167 5835 2528 5914 Evangelinnt.
