4270 6176
425 257 527 317 ιιι

1242 258 1659 320 TRACTATUS
1696 261 1737 318 ν
1777 260 1845 319 IN
1884 259 2339 321 EVANGEMUM
2376 262 2434 320 Β.
2477 263 2830 324 ΜΒΤΤΗΞΕῙ.

3621 269 3730 326 ΜΞ

423 375 477 428 in
499 375 704 430 ciuitate
732 373 832 430 Dei
857 376 1022 430 nostri
1045 391 1064 430 :
1096 373 1238 430 Deus
1262 375 1503 447 fundavit
1543 391 1658 430 eam
1687 376 1740 430 in
1769 380 2024 431 teterntrm
2051 380 2107 438 Α
2131 374 2230 430 hac
2259 377 2404 432 enim
2426 376 2642 434 lucerna"
2674 379 3091 450 iuextinguibile
3133 382 3270 452 legis
3311 397 3378 439 ac
3397 383 3589 453 gratiae
3618 399 3731 439 sua:

425 464 605 538 (Paul.
637 474 806 536 mn,
856 467 934 540 9).
969 464 1036 523 Ei
1076 479 1131 522 ut
1169 467 1460 524 manifeste
1487 481 1548 524 se
1576 468 1645 524 de
1676 468 1779 524 hac
1806 469 2026 525 civitate

423 561 578 633 loqui
614 559 854 633 Spiritus
877 571 1104 619 sanctus
1135 562 1477 630 ostenderet,
1508 563 1672 618 etiam
1712 563 1912 618 montis
1940 562 2025 634 ip-

422 655 540 710 sius
571 655 696 710 fecit
726 655 1086 722 mentionem,
1108 655 1345 711 dicendo
1372 673 1386 710 :
1414 654 1481 710 In
1498 656 1703 710 ciuitate
1732 655 2024 721 Deinostri,

424 746 482 800 in
525 755 698 801 monte
738 755 918 801 saneto
959 751 1094 820 ejus.
1139 747 1218 803 De
1255 760 1359 818 qua
1394 761 1491 818 per
1532 745 1724 802 lsaiam
1761 746 2026 803 Dominus

427 838 700 910 loquitur;
733 837 922 895 dicens
949 856 963 892 :
1003 837 1114 912 αθ
1142 838 1281 895 Ecce
1315 855 1411 912 ego
1447 840 1751 913 prteparabo
1781 839 1872 893 tibi
1901 855 2018 894 car-

422 930 703 985 bunculum
731 932 984 1000 lapidem,
1018 929 1066 986 ei
1109 933 1450 1005 fundamenta
1491 943 1579 988 tua
1605 935 1946 1005 sapphgrum,
1979 942 2025 988 et

423 1025 824 1096 propugnacula
876 1033 966 1080 tua
1002 1027 1290 1099 iaspidem,-
1341 1037 1388 1081 et
1431 1026 1608 1098 portas
1639 1029 1756 1081 tuas
1796 1027 2025 1096 lapidem

423 1115 753 1188 crystallum;
804 1126 854 1171 et
897 1118 1172 1172 circuitum
1201 1129 1346 1173 tuum
1385 1120 1582 1189 lapides
1603 1119 1811 1185 electos,
1839 1131 1886 1174 et
1917 1136 2026 1172 oms

425 1227 513 1265 nes
551 1210 692 1280 ﬁlios
730 1221 845 1264 tuos
874 1211 1123 1267 docibiles
1164 1210 1262 1267 Dei
1286 1211 1449 1284 (Isai.
1486 1229 1574 1269 LIV
1595 1256 1608 1280 ,
1646 1214 1705 1268 1i
1737 1255 1751 1280 ,
1783 1213 1886 1280 12;
1919 1230 2019 1268 sec.

421 1303 610 1374 LXX).
658 1303 724 1358 Et
769 1304 941 1360 multa
987 1305 1188 1362 similia
1229 1323 1353 1379 qua:
1400 1308 1856 1378 praetermisimus
1888 1349 1903 1375 ,
1955 1311 2024 1366 ne

422 1395 648 1452 taedium
693 1397 1006 1469 legentibus
1061 1400 1398 1468 taceremus;
1443 1401 1681 1457 maxime
1730 1417 1854 1458 cum
1907 1402 2025 1460 haec

421 1505 544 1560 qua:
569 1488 713 1546 dicta
738 1490 886 1556 sunt,
914 1491 983 1546 ad
1023 1492 1408 1563 probationem
1432 1493 1670 1550 civitatis
1700 1495 1863 1565 hujus
1891 1496 2026 1551 satis

420 1582 748 1654 abundeque
773 1581 1071 1638 sufﬁciant.
1098 1582 1392 1640 Civitatem
1421 1599 1744 1655 ergo,supra
1779 1594 2020 1642 montem

421 1674 676 1745 positam,
702 1674 1012 1730 Ecclesith
1043 1677 1308 1742 ostendit,
1339 1692 1502 1745 supra
1529 1676 1689 1732 ﬁdem
1724 1677 1934 1733 Domini
1957 1695 2022 1734 ac

2132 469 2316 524 lumen
2343 470 2603 539 ostendit,
2634 472 2776 542 quod
2806 488 2911 528 non
2944 475 3126 544 aliqua
3155 491 3320 531 mea:
3349 477 3548 532 tuentis
3575 477 3723 531 vela-

2129 564 2275 619 mine
2297 565 2650 634 o‘periendutn
2681 575 2764 622 est
2788 568 2876 623 vel
2905 568 3328 635 obscurandum,
3359 579 3415 624 ut
3437 570 3608 626 Judaei
3638 570 3725 626 vel

2129 654 2372 711 heretici
2397 655 2621 721 faciunt,
2657 659 2748 728 qui
2795 660 3138 729 perspicuam
3178 660 3354 716 lucem
3389 661 3735 731 praedicatio—

2128 749 2212 804 nis
2240 749 2437 804 divina;
2471 751 2649 818 pravis
2681 751 3228 820 interpretationibus
3259 754 3520 824 obtegere
3553 762 3610 810 et
3638 769 3732 811 oc-

2129 843 2336 898 cultare
2363 842 2632 911 nitttntur,
2655 855 2753 914 pro
2784 845 2889 900 ﬁde
2915 845 3194 915 perﬁdiam
3223 845 3334 918 40
3364 847 3729 917 praedicando,

2127 941 2184 991 et
2210 935 2395 990 lumen
2428 937 2673 992 veritatis
2700 936 2903 992 erroris
2943 939 3184 994 tenebris
3212 939 3540 996 obvelando.
3573 941 3728 996 Unde

2127 1026 2353 1082 lucerna
2377 1026 2493 1084 hmo
2520 1028 2655 1098 legis
2679 1043 2743 1083 ac
2774 1028 2897 1084 ﬁdei
2931 1046 3039 1084 non
3065 1031 3388 1086 occultanda
3423 1033 3582 1088 nobis
3612 1042 3727 1098 est,

2125 1122 2220 1178 sed
2262 1123 2326 1178 ad
2356 1124 2587 1178 salutem
2622 1124 2914 1180 multorum
2953 1140 3172 1196 semper
3201 1126 3254 1181 in
3283 1126 3552 1194 Ecclesia,
3584 1127 3733 1183 velut

2127 1214 2179 1270 in
2208 1216 2568 1281 candelabro,
2599 1217 3011 1284 constituenda;
3046 1227 3104 1272 ut
3131 1219 3381 1275 veritatis
3410 1220 3580 1289 ipsius
3608 1221 3729 1276 luce

2126 1317 2182 1366 et
2228 1325 2325 1365 nos
2376 1309 2639 1377 fruamur,
2670 1320 2726 1366 et
2765 1327 2956 1367 omnes
2987 1312 3280 1368 credentes
3325 1312 3726 1369 illuntinentur.

2126 1400 2206 1455 Ad
2242 1401 2394 1470 cujus
2418 1401 3176 1472 luminis.eontemplationem
3197 1404 3386 1472 etiam,
3411 1421 3507 1476 per
3533 1405 3724 1460 Isaiam

2127 1505 2227 1549 nos
2267 1504 2486 1550 sanctus
2532 1494 2771 1564 Spiritus
2821 1495 3145 1552 adhortatur
3190 1496 3470 1554 dicendo:
3507 1497 3725 1564 Venite,

2124 1585 2437 1642 ambulemus
2479 1587 2531 1642 in
2573 1587 2686 1642 luce
2739 1587 2973 1642 Domini.
3029 1588 3236 1643 Dimisit
3290 1590 3425 1643 enim
3479 1589 3726 1660 pupulum

2123 1691 2272 1729 suum
2304 1677 2486 1732 domus
2515 1675 2684 1732 Israel
2715 1677 2870 1751 (Isai.
2893 1693 2950 1745 ιι,
2983 1676 3037 1745 5,
3064 1679 3122 1746 6,
3149 1696 3250 1734 sec.
3299 1676 3489 1751 LXX).
3524 1678 3599 1734 De
3621 1695 3726 1750 qua

421 1767 723 1823 Salvatoris
752 1769 927 1824 nostri
963 1769 1015 1823 in
1047 1770 1258 1825 caelesti
1289 1770 1465 1840 gloria
1489 1755 1875 1838 constitutam;
1902 1776 2024 1842 quae
2051 1771 2101 1832 B
2129 1767 2248 1823 luce
2279 1777 2332 1824 et
2359 1768 2553 1824 beatus
2597 1769 2792 1825 Petrus
2833 1770 2886 1825 in
2931 1770 3176 1840 Epistola
3222 1785 3318 1826 sua
3347 1780 3580 1827 testatus
3610 1783 3721 1837 est,

419 1868 542 1916 actu
574 1860 812 1932 spiritali
845 1876 1064 1917 omnem
1110 1871 1136 1900 ἰ
1177 1861 1559 1918 humiditatem
1590 1865 1825 1919 terrente.
1870 1865 2021 1920 inﬁr-

417 1953 626 2008 mitatis
656 1953 976 2020 excedens,
1010 1954 1273 2010 universo
1305 1955 1511 2010 mundo
1551 1956 1847 2026 conspicua
1877 1958 2017 2014 tacta

416 2053 502 2099 est
527 2045 797 2115 gloriosa;
830 2061 954 2115 qua:
973 2045 1085 2115 jam
1113 2062 1224 2102 non
1258 2057 1356 2117 per
1383 2049 1860 2104 annuntiationem
1885 2048 2021 2122 legis

416 2134 796 2201 obumbratur,
833 2134 930 2190 sed
962 2147 1058 2205 per
1087 2137 1459 2207 evangelicum
1491 2137 1800 2195 doctrinam
1834 2150 2018 2211 aperta

419 2225 812 2298 pradicatione
833 2229 1194 2299 conspicitur.

489 2321 581 2378 ΙΙΙ.
628 2322 692 2378 Et
729 2322 984 2378 addidit:
1023 2322 1208 2396 Neque
1237 2326 1372 2379 enim
1410 2326 1700 2382 accendunt
1730 2328 2017 2396 lucernam,

417 2425 464 2472 et
491 2427 689 2486 ponunt
716 2432 829 2471 eam
854 2417 949 2472 sub
981 2419 1156 2474 modio
1178 2459 1194 2485 ,
1231 2421 1322 2474 sed
1349 2437 1507 2492 supra
1529 2423 1928 2487 candelabrum,
1962 2433 2020 2478 ut

417 2513 587 2567 luceat
617 2512 852 2566 omnibus
877 2514 964 2584 qui
987 2515 1040 2568 in
1079 2514 1235 2568 domo
1269 2526 1389 2570 sunt
1421 2513 1637 2588 (Matth.
1671 2533 1723 2582 ν,
1771 2517 1886 2587 15).
1922 2516 2015 2572 Vi—

419 2603 646 2660 deamus
683 2603 870 2675 itaque
920 2615 977 2661 et
1018 2606 1177 2678 hujus
1227 2607 1360 2664 dicti
1405 2609 1674 2664 Dominiei
1724 2610 2014 2666 rationem.

417 2697 633 2755 Scimus
659 2699 942 2754 lucernam
974 2698 1040 2755 ad
1073 2699 1179 2756 hoc
1205 2702 1456 2768 accendi,
1493 2711 1551 2756 ut
1583 2717 1692 2757 non
1723 2702 1906 2758 modio
1927 2712 2021 2759 aut

417 2792 604 2864 aliquo
631 2794 979 2861 operimento
1022 2800 1268 2866 tegatur;
1308 2795 1454 2866 quod
1494 2796 1541 2851 si
1582 2794 1708 2863 ﬁat,
1740 2810 1872 2850 usus
1901 2795 2020 2865 ejus

417 2885 552 2940 nulli
583 2887 664 2941 rei
709 2886 993 2957 proderit:
1028 2887 1124 2942 sed
1158 2889 1283 2944 ideo
1311 2888 1632 2944 accenditur
1673 2888 1724 2942 in
1765 2887 2022 2943 candela-

418 2978 540 3044 bro,
568 2989 626 3034 ut
649 2979 702 3034 in
724 2980 874 3037 edito
904 2981 1026 3036 loco
1051 2981 1226 3052 posita
1249 2981 1551 3036 czecitatem
1575 2981 1825 3037 obsiihrae
1844 2980 2020 3035 noctis

418 3072 660 3142 ahjiciat,
690 3085 747 3130 et
788 3074 928 3130 lucis
958 3089 1072 3130 sua:
1099 3075 1256 3130 usnni
1292 3074 1348 3130 in
1385 3072 1548 3129 domo
1573 3074 1890 3130 constituatis
1919 3071 2020 3128 im-

2125 1861 2310 1917 dicens
2338 1882 2350 1917 :
2379 1863 2479 1930 Qui
2505 1863 2691 1934 eripuit
2714 1881 2806 1918 nos
2833 1865 2896 1918 de
2921 1863 3160 1932 tenebris,
3189 1875 3237 1919 et
3267 1865 3529 1920 aduocauit
3555 1881 3648 1920 nos
3674 1865 3730 1919 in

2121 1957 2479 2013 admirabilem
2509 1959 2674 2014 lucem
2706 1959 2752 2031 (Ι
2784 1957 2926 2014 Petr.
2963 1976 3025 2027 ιι,
3054 1959 3132 2029 9).
3158 1959 3314 2016 Unde
3345 1969 3397 2014 et
3427 1959 3726 2014 Zacharias

2122 2056 2407 2123 propheta,
2438 2061 2498 2107 ut
2523 2051 2786 2123 spiritalis
2815 2052 2976 2122 hujus
3001 2053 3224 2108 luminis
3251 2062 3306 2108 et
3329 2053 3572 2110 caelestis
3597 2069 3726 2109 can-

2121 2146 2330 2203 delabri
2359 2147 2502 2218 quod
2534 2148 2587 2201 in
2622 2148 2793 2217 ﬁgura
2821 2147 3084 2203 Ecclesiae
3114 2157 3398 2203 ostensum
3421 2157 3527 2215 est,
3555 2148 3731 2203 mani-

2122 2237 2352 2295 [eataret
2389 2239 2668 2311 mysteria,
2713 2239 2854 2294 inter
2895 2249 3094 2296 czetera
3139 2255 3259 2310 quze
3298 2241 3351 2296 ei
3400 2257 3498 2311 pro
3532 2240 3728 2296 merito

2125 2331 2427 2402 prophetiae
2475 2337 2772 2386 monstrata
2805 2341 2968 2399 sunt,
3009 2333 3172 2387 etiam
3202 2332 3590 2388 candelabrum
3621 2347 3718 2386 au-

2122 2442 2272 2483 reum
2321 2441 2442 2482 cum
2496 2426 2840 2496 lampadibus
2891 2427 3006 2481 suis
3052 2441 3112 2481 se
3142 2427 3345 2482 vidisse
3377 2434 3606 2482 testatus
3634 2437 3720 2482 est

2124 2518 2311 2591 (Zach.
2342 2535 2415 2580 tv,
2445 2517 2525 2588 2).
2575 2518 2707 2572 Nam
2749 2526 2805 2572 et
2847 2517 2900 2572 in
2945 2517 3297 2573 tabernaculo
3327 2517 3622 2573 teatinmnii
3658 2517 3726 2572 ad

2122 2608 2319 2665 futura:
2349 2609 2592 2665 veritatis
2621 2608 2932 2678 exemplum
2977 2608 3366 2664 candelabrum
3392 2623 3516 2664 cum
3552 2608 3727 2663 lucer-

2123 2704 2207 2759 nis
2259 2700 2532 2758 indefesso
2583 2702 2788 2757 lumine
2842 2701 3046 2771 populo
3088 2700 3305 2756 lucebat
3354 2701 3553 2771 (Exod.
3603 2703 3719 2766 ac).

2122 2796 2290 2866 Cujus
2327 2795 2404 2851 rci
2439 2796 2580 2851 ratio
2620 2795 2826 2850 Judaeis
2855 2794 3075 2865 quidem
3105 2795 3317 2851 occulta
3349 2805 3455 2862 est,
3487 2796 3645 2851 sicuti
3673 2805 3730 2852 et

2122 2889 2302 2945 omnia
2333 2897 2674 2944 sacramenta
2712 2888 2870 2959 legis,
2903 2889 2998 2943 sed
3047 2889 3206 2943 nobis
3249 2889 3362 2957 jam
3407 2891 3719 2945 manifesta.

2124 2983 2505 3039 Scimus-enim
2535 2983 2585 3035 in
2613 2981 2946 3036 candelabro
2971 2979 3063 3033 illo
3099 2990 3284 3052 typum
3309 2982 3420 3034 veri
3449 2991 3503 3035 et
3533 2981 3722 3035 aeterni

2121 3074 2340 3129 luminis
2384 3082 2710 3128 ostensum:
2740 3072 2791 3127 id
2835 3085 2918 3128 est
2960 3071 3195 3142 Spiritus
3236 3073 3430 3136 sancti,
3485 3072 3576 3143 qui
3625 3089 3723 3143 per

419 3169 641 3238 pertiat.
671 3169 827 3236 Quod
861 3169 984 3225 ideo
1029 3170 1286 3226 Dominus
1327 3179 1742 3235 commemorat,
1775 3183 1885 3240 quo
1914 3169 2015 3222 scis
2043 3163 2090 3227 C
2124 3165 2510 3222 multiformem
2538 3163 2768 3236 gratiam
2797 3179 2960 3220 omne
2989 3163 3250 3219 Ecclesia!
3275 3164 3474 3234 corpus
3505 3180 3724 3236 semper

419 3275 626 3328 remus,
655 3268 710 3318 et
738 3262 838 3318 nos
871 3262 1076 3318 idcirco
1107 3264 1277 3333 gratia
1326 3262 1452 3317 ﬁdei
1495 3273 1780 3326 accensos,
1812 3271 1867 3315 et
1909 3260 2018 3332 39

420 3354 544 3411 luce
570 3356 791 3426 Spiritus
834 3356 1201 3420 illuminatos,
1236 3364 1292 3409 ut
1320 3365 1376 3412 et
1418 3356 1519 3425 ipsi
1568 3370 1665 3422 per
1695 3369 1860 3425 opera
1892 3353 2016 3408 ﬁdei

417 3447 583 3517 atque
608 3445 831 3517 iustitiae
861 3448 1008 3501 velut
1035 3447 1256 3502 lucerna
1288 3446 1651 3515 spiritualiter
1674 3447 2012 3510 luceremus;

420 3547 478 3594 et
512 3540 612 3592 hos
641 3540 729 3608 qui
758 3538 812 3593 in
853 3540 1096 3595 tenebris
1121 3539 1328 3595 erroris
1368 3545 1497 3592 sunt
1527 3538 1687 3608 positi
1707 3581 1721 3603 ,
1757 3539 2013 3608 ignoran-

420 3632 510 3687 lia!
541 3635 700 3687 nocte
741 3630 968 3702 depulsa
998 3671 1012 3697 ,
1045 3633 1293 3687 veritatis
1324 3632 1492 3703 ipsius
1533 3630 1738 3685 lumine
1775 3631 2017 3684 illustra-

419 3739 620 3778 remus.
656 3722 813 3780 Unde
841 3723 1143 3791 Apostolus
1170 3723 1282 3778 ait:
1323 3723 1473 3777 Inter
1511 3727 1638 3792 quos
1679 3721 1856 3775 lucetis
1883 3721 2015 3775 sicut

419 3815 695 3870 luminaria
720 3816 774 3869 in
805 3815 902 3870 hoc
941 3815 1154 3884 mundo,
1182 3815 1336 3871 verba
1366 3816 1482 3869 uitta
1512 3815 1828 3868 continentes
1855 3811 2012 3885 (Phi-

417 3907 547 3978 lipp.
589 3922 651 3974 ιι,
683 3907 773 3975 15,
803 3907 918 3979 16).
949 3908 1102 3974 Quod
1143 3909 1188 3962 si
1217 3925 1327 3962 non
1372 3908 1660 3971 faciamus,
1705 3906 2014 3961 videbimur

421 4007 531 4052 tam
563 4001 860 4056 necessarii
894 4000 1115 4056 luminis
1151 4001 1468 4065 utilitatem,
1502 4001 1569 4055 ad
1613 4000 1868 4055 damnum
1904 4008 2011 4054 tam

419 4102 664 4148 nostrum
712 4103 874 4165 quam
931 4095 1201 4162 aliorum,
1251 4095 1573 4150 inhdelitate
1628 4104 1813 4148 nostra
1868 4091 2016 4148 velut

415 4187 652 4256 quodam
718 4189 994 4244 velamine
1048 4189 1308 4259 obtegere
1361 4198 1414 4245 et
1468 4187 1818 4244 obumbrare.
1870 4187 2015 4254 Qua-

416 4289 640 4349 propter
665 4292 719 4336 et
766 4281 920 4336 illum
960 4283 1052 4352 qui
1096 4282 1358 4337 t-ulentum
1405 4282 1470 4336 ad
1515 4281 1726 4336 luerunt
1775 4280 2016 4336 caelestis

415 4375 802 4444 negotiationis
856 4385 1145 4446 acceptum
1202 4375 1543 4432 abscondere
1613 4375 1791 4446 magis
1845 4373 2018 4428 voluit

413 4481 578 4537 quam
618 4466 687 4524 ad
727 4483 973 4524 mensam
1001 4470 1386 4524 nummularils
1414 4469 1568 4534 dare;
1611 4468 1850 4523 debitam
1895 4479 2012 4537 pte-

2118 3259 2411 3316 illtttttinat.
2448 3249 2606 3314 Unde
2637 3263 2692 3314 ει
2719 3255 2980 3312 Dominus
3010 3257 3062 3312 itt
3097 3257 3419 3328 Evangelia,
3450 3258 3592 3312 inter
3621 3272 3727 3313 cte-

2120 3365 2256 3420 tera,
2286 3353 2585 3423 discipulos
2607 3368 2735 3407 suos
2759 3361 2817 3406 ut
2841 3351 3092 3407 lucernas
3118 3351 3172 3406 in
3199 3351 3444 3405 manibus
3467 3349 3723 3406 ardentes

2117 3447 2352 3503 habeant
2377 3446 2722 3510 adhortatur,
2751 3444 2984 3501 dicendo
3021 3461 3033 3497 :
3059 3443 3179 3499 Sint
3206 3443 3366 3498 lumbi
3395 3444 3549 3496 uestri
3580 3458 3719 3513 pra!—

2116 3543 2292 3608 cincti,
2316 3552 2360 3595 et
2387 3541 2611 3595 lucernae
2641 3539 2879 3594 ardentes
2907 3538 3057 3608 (Luc.
3085 3554 3182 3604 xu,
3210 3538 3320 3608 15).
3349 3536 3505 3604 Quod
3536 3538 3721 3606 utique

2115 3633 2221 3706 ῆι
2255 3633 2539 3687 Dominum
2564 3632 2887 3702 precepisse
2909 3673 2923 3695 ,
2947 3647 3054 3686 non
3087 3632 3360 3701 corporali
3387 3645 3586 3696 sensu,-
3621 3631 3717 3686 sed

2117 3726 2327 3781 ratione
2352 3723 2619 3794 Spiritali,
2654 3723 3060 3791 intelligendum
3093 3734 3199 3778 est.
3231 3723 3364 3777 Nam
3398 3725 3522 3792 quia
3555 3724 3608 3777 in
3634 3724 3717 3778 lu-

2115 3835 2279 3874 cerna
2313 3817 2624 3873 mandatum
2660 3816 2778 3882 Dei,
2809 3815 2925 3872 sive
2953 3817 3132 3870 lumen
3167 3815 3304 3885 legis
3333 3814 3712 3885 signiﬁcatur;

2118 3912 2318 3967 idcirco
2349 3911 2625 3965 lucernam
2676 3910 2725 3963 in
2775 3909 3024 3962 manibus
3076 3914 3297 3976 portare
3331 3907 3608 3977 jubemur,
3658 3916 3717 3962 ut

2117 4003 2403 4058 illuminati
2428 4002 2600 4073 gratia
2628 4000 2864 4070 Spiritus
2894 3999 3097 4065 sancti,
3122 3998 3624 4069 operibusjustitize
3647 4013 3711 4054 ac

2119 4097 2243 4152 lldei
2284 4096 2592 4156 luceamus,
2643 4091 2942 4148 secundum
2991 4091 3134 4162 quod
3175 4090 3435 4148 Salomon
3488 4089 3710 4145 retulit:

2127 4191 2254 4256 Vite,
2281 4190 2475 4261 inquit,
2484 4190 2768 4261 juslorum,
2801 4186 3039 4241 similiter
3063 4194 3117 4237 ut
3145 4186 3238 4239 luat
3265 4184 3529 4256 fulgebunt
3549 4201 3568 4247 ,°
3589 4199 3713 4256 pro-

2117 4284 2302 4338 cedunt
2326 4282 2462 4336 enim
2488 4290 2538 4335 et
2565 4280 2866 4335 illuminant
2889 4309 2902 4342 ,
2928 4275 3126 4333 donecb
3141 4277 3364 4348 corrigat
3390 4276 3499 4332 dies
3523 4275 3710 4345 (Prov.

2118 4394 2192 4443 tr,
2221 4375 2317 4442 18;
2350 4392 2451 4431 sec.
2483 4374 2674 4444 LXX).

2190 4467 2254 4523 γ.
2287 4467 2476 4522 Merito
2518 4482 2678 4537 ergo,
2725 4481 2846 4521 cum
2899 4466 2954 4520 in
2986 4464 3242 4535 praesenti
3294 4464 3416 4518 loco
3454 4463 3719 4517 Dominus

417 4569 540 4617 nam
585 4561 888 4618 incurrisse
934 4564 1139 4618 scimus
1191 4571 1248 4618 et
1302 4562 1536 4634 legimus
1587 4559 1816 4633 (Matth.
1864 4577 2007 4628 xxv,
2041 4556 2090 4616 Ι)
2119 4563 2354 4618 lucerna:
2389 4560 2717 4615 mentionem
2756 4557 2976 4614 fecisset
3001 4597 3015 4622 ,
3045 4555 3512 4627 dicendozNeque
3539 4571 3719 4610 accen-

415 4653 506 4720 es,
535 4654 649 4726 eo).

487 4745 580 4801 iV.
608 4746 672 4802 Et
694 4745 896 4802 ideirco
915 4747 1137 4802 lucerna
1163 4747 1250 4801 illa
1274 4746 1593 4818 spiritualis,
1617 4728 1738 4817 qua:
1761 4745 1826 4801 ad
1851 4763 2010 4802 usum

415 4840 607 4894 salutis
631 4848 834 4896 nostrae
861 4855 1090 4895 accensa
1117 4850 1226 4906 est,
1267 4853 1485 4910 semper
1530 4841 1716 4895 lucere
1763 4840 1927 4896 debet
1961 4841 2014 4895 in

417 4933 594 4990 nobis.
630 4933 908 4990 Habemus
934 4935 1079 4990 enim
1110 4934 1390 4989 lucernam
1421 4933 1662 4989 caelestis
1684 4931 1944 4996 mandati,
1965 4941 2020 4988 et

415 5027 604 5099 gratiae
645 5027 928 5098 spiritalis,
967 5027 1038 5084 de
1083 5043 1187 5098 qua
1240 5027 1408 5082 David
1451 5026 1674 5082 retulit:
1706 5025 2016 5080 Mandatum

415 5133 562 5176 tuum
592 5121 805 5176 lucerna
829 5121 1046 5194 pedibus
1086 5121 1229 5186 meis,
1257 5131 1304 5174 et
1331 5121 1423 5176 tua:
1452 5122 1648 5176 semitis
1682 5123 1809 5174 meis
1830 5119 2006 5188 (Psal.

415 5227 602 5279 cxvnt,
639 5211 786 5283 105).
839 5212 914 5267 Dc
954 5229 1060 5283 qua
1094 5223 1146 5264 ct
1201 5211 1460 5276 Salomon
1485 5211 1559 5266 ait
1595 5229 1607 5265 :
1640 5211 1896 5278 Quoniam
1929 5211 2009 5262 lu-

415 5323 568 5360 cerna
598 5317 672 5361 est
701 5315 1008 5376 pra-ceptum
1039 5304 1167 5376 legis
1199 5303 1384 5375 (Preu.
1419 5319 1494 5367 vr,
1523 5303 1640 5373 £5).
1679 5305 1752 5358 De
1781 5317 1885 5372 qua
1911 5317 2010 5372 per

417 5398 748 5466 Sophoniam
794 5413 1008 5470 quoque
1058 5396 1384 5464 prOpbetam
1442 5397 1701 5450 Dotninus
1733 5403 2006 5449 testatur:

421 5491 486 5545 Et
513 5493 780 5547 scrutabor
802 5489 1097 5547 Jerusalem
1133 5507 1250 5545 cum
1279 5490 1490 5544 lucerna
1521 5487 1712 5558 (Sapit.
1738 5503 1776 5552 ι,
1811 5485 1920 5559 ιε).
1954 5486 2008 5544 In

497 5643 522 5687 ἀ
553 5635 949 5706 “timiditatem.
973 5654 1054 5707 An
1085 5637 1446 5713 humilitatem,
1475 5643 1634 5717 prout
1655 5633 1824 5703 editio
1847 5649 2017 5718 prima

427 5721 802 5778 Basileensis?

506 5791 533 5829 ¹³
573 5791 844 5864 Carrigat.
901 5791 1044 5853 LXX
1065 5835 1079 5859 ,
1109 5793 1267 5852 Prov.
1303 5790 1501 5862 tv,18,
1533 5791 1828 5866 κατορθώσῃ
1855 5831 1869 5856 ,
1901 5785 2026 5846 diri-

2117 4656 2245 4709 dunt
2273 4655 2564 4718 lucernam,
2590 4663 2638 4707 et
2671 4660 2867 4720 ponunt
2893 4665 3008 4704 eam
3036 4650 3128 4704 sub
3159 4649 3335 4703 modio
3358 4689 3371 4714 ,
3417 4649 3508 4702 sed
3563 4665 3718 4719 super

2115 4747 2482 4803 candelabrum
2508 4789 2522 4812 ,
2570 4754 2624 4798 ut
2661 4746 2826 4800 luceat
2867 4745 3103 4797 omnibus
3130 4743 3219 4812 qui
3259 4742 3313 4795 in
3358 4740 3512 4795 domo
3550 4750 3714 4806 sunt,

2117 4841 2324 4896 addidit
2352 4840 2572 4895 dicens:
2597 4839 2686 4893 Sic
2712 4839 2875 4891 luceat
2903 4837 2996 4891 lux
3018 4845 3182 4891 vestra
3201 4850 3374 4890 coram
3396 4835 3714 4898 hominibus,

2119 4943 2173 4987 ut
2199 4932 2403 4986 videant
2447 4945 2603 5001 Opera
2642 4939 2811 4984 uestra
2845 4928 3013 4994 bona,
3054 4939 3102 4982 et
3141 4927 3472 4997 magni/irent
3504 4925 3718 4981 Patrem

2119 5035 2336 5078 vostrum
2380 5024 2466 5092 qui
2504 5023 2558 5076 in
2586 5022 2726 5076 etzlis
2751 5030 2827 5076 est
2857 5020 3078 5090 (Matth.
3107 5036 3160 5087 v,
3195 5021 3307 5088 16).
3344 5020 3719 5091 Magniﬁcatur

2120 5118 2264 5174 enim
2298 5117 2440 5172 Dens
2471 5118 2523 5170 in
2559 5115 2718 5170 nobis
2745 5115 2886 5186 apud
2919 5097 3234 5170 incredulos
3261 5124 3316 5170 et
3349 5113 3631 5180 inﬁdeles,
3671 5116 3716 5169 si

2118 5207 2414 5264 secundum
2450 5216 2718 5278 praecepta
2749 5207 2930 5262 divina
2962 5207 3238 5272 vivamus,
3263 5208 3308 5262 si
3355 5208 3511 5263 bonis
3539 5207 3720 5277 operi-

2119 5300 2529 5356 bnslnceamus.
2555 5298 2712 5355 Unde
2733 5307 2788 5355 et
2809 5307 3030 5354 sanctus
3055 5301 3349 5370 Apostolus
3379 5298 3450 5353 ait
3474 5317 3487 5351 :
3510 5297 3719 5367 Magni-

2120 5395 2267 5463 ﬁcate
2295 5402 2341 5447 et
2366 5403 2568 5465 portate
2605 5391 2772 5446 Deum
2825 5393 2878 5447 in
2929 5408 3146 5463 corpore
3183 5402 3348 5447 vestro
3399 5390 3444 5462 (ι
3472 5391 3592 5444 Cor.
3619 5405 3668 5443 rt
3701 5431 3717 5455 ,

2117 5487 2233 5561 20).
2267 5487 2329 5543 Et
2355 5487 2546 5543 beatus
2567 5487 2763 5542 Petrus
2794 5487 2846 5542 in
2881 5486 3124 5558 Epistula
3157 5501 3255 5542 sua
3287 5484 3540 5540 similiter
3571 5497 3722 5538 com-

2127 5647 2230 5718 gdl.
2262 5646 2416 5717 Legit
2444 5657 2624 5701 tamen
2653 5648 2879 5718 corrigat
2907 5645 3323 5718 etiatanucifer
3341 5645 3683 5718 Calaritanus
3704 5686 3720 5708 .

2132 5716 2188 5773 ut
2217 5720 2282 5773 ad
2310 5716 2434 5773 cum
2467 5719 2643 5772 locum
2673 5716 3184 5772 annotatNobilius.
3209 5716 3391 5771 Editio
3419 5719 3592 5787 prima
3626 5718 3731 5771 lla-

2133 5790 2386 5846 sileensis
2413 5787 2577 5844 habet
2603 5787 2864 5842 decurrat.
