4270 6176
515 270 623 329 545

1517 266 1578 324 8.
1617 262 2002 322 CHROMATII
2039 261 2259 320 EPISC.
2303 261 2783 334 AQUILEIENSIS

3713 261 3821 320 5“

517 391 702 438 monet
726 401 739 435 :
774 381 844 438 Ut
865 398 983 436 cum
1018 381 1407 436 detrectaverint
1434 379 1498 432 de
1522 378 1683 445 vobis,
1714 394 1871 450 opera
1889 378 2116 451 justitia:
2141 376 2192 438 Α
2219 378 2405 433 calum
2441 387 2492 432 et
2522 386 2661 431 terra
2700 386 2982 445 transeant,
3010 379 3119 431 iota
3144 391 3305 431 unum
3353 377 3431 432 vel
3466 393 3600 431 unus
3628 393 3763 449 apea:
3789 392 3823 433 a

512 476 843 549 magniﬁcent
880 475 1045 529 Deum
1090 484 1320 528 nostrum
1373 471 1429 540 (1
1458 469 1601 527 Petr.
1646 486 1739 536 ιιι,
1774 469 1896 542 16).
1929 470 2116 526 Potest

514 580 695 624 autem
725 580 779 624 et
799 569 959 623 aliter
990 565 1253 637 intelligi,
1287 563 1417 634 quia
1442 562 1726 636 multiplex
1756 564 2115 634 intelligentia

512 660 770 730 spiritalis
793 668 908 725 est,
940 669 998 713 ut
1032 658 1083 712 in
1116 658 1335 713 lucerna
1370 658 1544 727 ipsum
1591 657 1877 711 Dominum
1907 655 2116 727 signiﬁ-

510 767 639 807 care
672 765 958 805 noscamus
978 792 992 816 ,
1025 760 1247 820 propter
1276 751 1539 819 assumpti
1562 751 1809 819 corporis
1841 749 2118 804 humilita-

508 860 643 902 tem.
678 846 778 902 Hic
808 847 1028 916 quidem
1048 889 1062 912 ,
1088 860 1193 900 non
1228 845 1401 900 solum
1431 843 1540 918 42
1563 844 1860 900 secundum
1883 843 2114 914 gloriam

510 942 843 1007 divinitatis,
871 942 961 998 Sol
990 942 1221 1011 iustitiae
1254 952 1622 1011 nuncupatur,
1666 939 1762 995 sed
1814 938 2113 994 secundum

510 1035 777 1103 assumpti
816 1036 1066 1105 corporis
1108 1043 1514 1089 sacramentum
1555 1034 1724 1088 etiam
1772 1032 1990 1087 lucerna
2021 1044 2114 1085 os-

510 1127 794 1193 tenditur;
826 1128 951 1197 quia
979 1142 1101 1183 cum
1133 1127 1276 1183 Deus
1301 1136 1448 1183 esset
1486 1125 1677 1197 gloriae
1718 1134 1772 1180 et
1814 1123 2115 1193 maiestatis

508 1227 771 1284 aeternae,
806 1218 1029 1273 humilis
1083 1219 1136 1272 in
1189 1220 1291 1273 hoc
1336 1217 1539 1272 mundo
1580 1225 1854 1286 tamquam
1894 1216 2117 1271 lucerna

507 1313 782 1381 apparuit.
816 1312 883 1366 Et
912 1328 1020 1367 non
1044 1312 1163 1368 sine
1192 1327 1357 1367 causa
1389 1321 1663 1382 tamquam
1692 1309 1915 1365 lucerna
1948 1329 1961 1365 :
1989 1310 2114 1380 quia

509 1410 729 1463 lucerna
761 1424 858 1478 per
891 1419 1108 1463 noctem
1137 1408 1321 1463 lucere
1350 1407 1651 1461 consuevit.
1683 1405 1893 1460 Idcirco
1933 1404 2116 1473 itaque

508 1500 565 1555 in
598 1499 701 1555 huc
738 1500 941 1555 mundo
979 1500 1202 1555 humilis
1249 1508 1523 1569 tamquam
1564 1500 1782 1553 lucerna
1823 1497 2113 1567 apparuit:

508 1602 567 1646 ut
599 1593 851 1647 tenebras
879 1592 1086 1647 erroris
1106 1591 1173 1646 de
1193 1591 1454 1646 cordibus
1487 1589 1687 1645 nostris
1714 1598 1766 1645 et
1796 1589 2115 1659 ignorantiae

510 1694 726 1741 noctem
759 1685 1094 1754 depelleret;
1123 1686 1213 1756 qui
1240 1686 1293 1739 in
1327 1683 1429 1738 hoc
1463 1682 1668 1737 mundo
1686 1683 1834 1737 velut
1866 1681 1919 1735 in
1954 1690 2115 1736 nocte

2220 468 2357 543 Lege
2401 486 2507 525 non
2556 469 2948 536 cadent,donec
2975 469 3151 524 omnia
3200 469 3332 539 ﬁant
3374 466 3587 539 (Matth.
3620 469 3821 541 v,18).

2222 562 2394 630 Quam
2424 576 2551 617 vera
2582 562 2745 631 igitur
2774 574 2838 617 ac
2865 559 3050 616 divina
3095 562 3167 615 sit
3197 558 3513 632 praedicatio
3543 558 3721 630 Legis,
3752 576 3823 617 ex

2225 656 2328 711 hoc
2379 655 2499 724 ipso
2542 654 2945 725 cognoscimus,
2974 654 3043 709 de
3092 668 3199 725 qua
3241 669 3311 709 ne
3343 654 3451 709 iota
3484 654 3703 725 quidem
3734 655 3821 710 vel

2220 761 2385 801 unum
2436 748 2646 817 apicem
2703 760 2865 816 posse
2916 745 3115 801 cadere
3162 746 3426 801 Dominus
3483 746 3816 803 manifestat.
3858 804 3861 805 ν

2220 843 2557 913 Quamquam
2590 842 2641 896 in
2666 841 2770 897 hoc
2799 841 2905 897 iota
2937 841 3019 897 vel
3051 841 3200 910 apice
3230 840 3411 911 Legis,
3440 841 3604 896 etiam
3630 855 3819 898 sacra-

2222 946 2463 992 mentum
2517 934 2696 990 crucis
2750 934 2924 1003 possit
2978 932 3226 1003 intelligi,
3251 933 3374 1003 quia
3428 933 3537 987 iota
3581 943 3635 989 et
3679 948 3822 1004 apex

2221 1027 2508 1099 quamdam
2558 1026 2614 1082 in
2653 1041 2713 1083 se
2755 1025 3046 1097 imaginem
3074 1026 3252 1081 crucis
3286 1024 3600 1091 ostendunt,
3634 1041 3757 1095 quae
3788 1040 3821 1081 a

2222 1120 2366 1192 Lege
2395 1135 2460 1176 ac
2506 1117 2793 1191 Pmphetis
2836 1116 3129 1190 praedicata
3170 1117 3317 1173 nulla
3348 1118 3563 1176 ratione
3608 1127 3822 1190 poterat

2223 1213 2511 1286 prmteriri.

2290 1307 2357 1363 Il.
2410 1307 2614 1364 Deinde
2664 1308 2779 1362 ait:
2817 1306 2917 1375 Qui
2969 1307 3197 1371 solverit,
3233 1306 3503 1377 inquiens,
3551 1322 3711 1360 unum
3754 1308 3818 1361 de

2220 1403 2479 1458 mandatis
2515 1404 2630 1457 istis
2659 1403 2886 1456 minimis
2914 1412 2961 1456 et
2999 1402 3233 1456 docuerit
3266 1402 3341 1456 sic
3384 1402 3639 1467 homines,
3664 1402 3815 1455 mini-

2220 1513 2335 1550 mus
2380 1496 2649 1550 vocabitur
2693 1497 2749 1549 in
2802 1511 2960 1567 regno
3006 1495 3252 1549 caelorum
3299 1492 3492 1559 (Ibid.,
3538 1492 3653 1566 ΞΘ).
3679 1492 3814 1549 Cum

2223 1588 2475 1647 mandata
2518 1589 2741 1643 minima
2786 1589 2998 1643 solvere
3038 1587 3261 1659 impium
3298 1588 3393 1654 sit,
3426 1587 3600 1643 multo
3642 1590 3815 1660 magis

2225 1698 2418 1753 magna
2453 1693 2506 1737 et
2549 1682 2805 1738 maxima.
2840 1680 2998 1737 Unde
3044 1696 3140 1751 per
3181 1680 3531 1737 Salomonem
3559 1679 3612 1735 id
3636 1682 3813 1751 ipsum

507 1780 669 1849 positi
694 1778 966 1849 degimus.
1001 1776 1321 1848 Huiusmodi
1363 1792 1494 1847 ergo
1534 1778 1755 1832 lucerna
1778 1818 1793 1841 ,
1826 1775 1875 1829 id
1906 1782 1991 1830 est
2026 1775 2105 1829 in-
2140 1774 2188 1835 B
2215 1774 2451 1844 Spiritus
2502 1784 2726 1829 sanctus
2768 1782 3109 1829 contestatur
3134 1815 3148 1837 ,
3192 1772 3384 1828 dicens
3413 1790 3426 1826 :
3459 1773 3563 1838 Qui
3608 1774 3814 1827 modica

506 1872 755 1926 carnatio
798 1870 1003 1925 Christi
1049 1879 1271 1925 ostensa
1320 1886 1349 1922 a
1379 1868 1523 1939 Lege
1562 1878 1618 1923 et
1649 1867 1965 1938 prophetis,
1996 1867 2106 1935 iam

510 1978 618 2017 non
650 1963 883 2018 obscura
914 1963 1300 2032 praedicaIiOne
1328 1962 1464 2031 legis
1493 1972 1768 2032 tamquam
1804 1960 1989 2015 modio
2030 1971 2110 2015 te-

503 2055 669 2126 gitur,
716 2069 815 2108 nec
865 2054 1191 2110 inﬁdelitate
1232 2053 1547 2109 Scribarum
1596 2068 1659 2108 ac
1706 2053 2105 2108 Pharisaeorum

508 2146 657 2200 velut
682 2146 918 2214 qundam
951 2160 1077 2201 vase
1111 2145 1353 2215 perﬁdiae
1380 2146 1665 2215 operitur:
1696 2146 1789 2200 sed
1820 2146 1872 2200 in
1897 2160 2061 2200 cruce
2088 2187 2105 2212 ,

508 2238 655 2291 velut
696 2237 749 2292 itt
794 2237 1132 2293 candelabro
1159 2280 1175 2304 ,
1213 2240 1548 2302 constituta,
1587 2254 1802 2294 omnem
1848 2239 2109 2295 Ecclesia:

506 2328 729 2383 domum
761 2329 1050 2384 illuminat.
1102 2330 1415 2386 Secundum
1456 2330 1777 2403 mystetium
1817 2332 1998 2402 itaque
2027 2332 2109 2387 in-

506 2421 868 2489 carnationis,
895 2422 1113 2477 lucerna
1146 2434 1261 2488 est;
1291 2424 1590 2479 secundum
1615 2424 1843 2495 gloriam
1861 2440 1989 2479 vero
2019 2424 2107 2479 Di-

507 2514 781 2579 vinitatis,
828 2513 921 2570 Sol
962 2515 1187 2585 iustitiae
1238 2526 1341 2571 est.
1391 2516 1635 2586 Denique
1665 2517 1717 2571 in
1767 2516 1885 2587 ipso
1927 2516 2109 2571 crucis

508 2606 882 2673 candelabro,
936 2616 1211 2676 tamquam
1258 2606 1351 2663 Sol
1390 2608 1727 2677 resplenduit
1760 2649 1775 2675 ,
1830 2622 1954 2663 cum
2009 2622 2107 2678 per

507 2702 900 2771 Apostolorum
958 2702 1432 2773 praedicationem,
1481 2703 1635 2773 quasi
1687 2718 1786 2773 per
1839 2702 2103 2773 quosdam

505 2796 725 2863 radius,
759 2797 1021 2852 universo
1062 2797 1179 2853 orbi
1226 2796 1588 2853 clarissimum
1620 2810 1735 2852 suae
1779 2796 2106 2868 cognitionis

506 2890 689 2945 lumen
733 2890 944 2946 invexit
973 2891 1237 2947 Dominus
1263 2903 1320 2948 et
1352 2891 1605 2949 Salvator
1634 2900 1842 2959 noster,
1888 2890 1981 2961 qui
2022 2899 2108 2946 est

504 2984 827 3041 benedictus
855 2987 909 3041 itt
941 2988 1167 3043 saecula.

932 3121 1041 3195 43
1070 3123 1488 3181 TRACTATUS
1534 3125 1598 3181 vn
1622 3134 1668 3178 α.

792 3238 859 3292 In
894 3248 1055 3308 caput
1088 3255 1119 3292 v
1150 3236 1419 3310 Evangelii
1460 3238 1522 3296 S.
1554 3238 1811 3295 Matthxi.

575 3352 615 3407 1.
644 3351 852 3408 Deinde
896 3352 970 3407 ait
998 3372 1010 3405 :
1049 3350 1225 3406 Nolite
1253 3364 1459 3425 putare,
1483 3353 1607 3424 quia
1643 3356 1756 3409 veni
1783 3354 1979 3409 solvere
2004 3353 2101 3409 Le-

501 3462 618 3516 gem
656 3456 746 3500 aut
793 3444 1073 3515 prophetas
1104 3460 1246 3499 :non
1293 3446 1405 3499 veni
1445 3447 1663 3513 solvere,
1688 3448 1779 3501 sed
1815 3448 2101 3519 adimplere

500 3537 715 3609 (Manli.
772 3555 826 3605 v,
882 3541 993 3610 17).
1040 3539 1157 3594 Non
1207 3540 1273 3593 ad
1334 3539 1737 3595 dissolvendam
1766 3540 1965 3611 Legem
2011 3544 2097 3597 vel

500 3630 803 3699 Prophetas
832 3633 1004 3688 Filius
1035 3633 1129 3688 Dei
1162 3633 1328 3697 venit,
1356 3634 1445 3704 qui
1478 3645 1673 3689 auctor
1712 3645 1798 3689 est
1844 3634 2004 3705 Legis
2043 3646 2099 3692 et

499 3723 893 3794 Pr0pltetarum
918 3742 933 3791 ;
962 3725 1087 3792 quia
1104 3726 1219 3793 ipse
1236 3724 1454 3797 Moysen
1472 3726 1538 3780 ad
1558 3725 1876 3781 tradendam
1897 3727 2096 3799 Legem

498 3821 702 3891 populo
728 3820 899 3886 dedit,
930 3831 984 3876 et
1014 3820 1317 3889 Prophetas
1359 3821 1427 3874 ad
1477 3820 1919 3890 prmditationem
1954 3821 2098 3875 futu—

492 3928 683 3967 rorum
729 3921 918 3967 sancto
973 3911 1176 3980 Spirittt
1208 3912 1527 3966 mundavit:
1565 3909 1685 3965 Non
1721 3927 1874 3981 ergo,
1900 3912 2092 3982 inquit,

492 4007 608 4061 veni
661 4006 859 4059 solvere
908 4002 1095 4076 Legem
1143 4012 1233 4056 aut
1297 4001 1608 4071 Prophetas.
1642 4003 1732 4057 sed
1786 4004 2088 4073 adimplere.

494 4098 746 4168 Implevit
799 4108 981 4150 autem
1034 4096 1230 4167 Legem
1287 4104 1342 4151 et
1391 4095 1697 4166 Prophetas
1746 4096 1847 4153 hoc
1898 4098 2090 4163 modo;

492 4191 620 4247 dum
654 4206 715 4245 ca
748 4204 869 4259 quae
901 4188 1099 4259 scripta
1130 4198 1286 4243 erant
1313 4190 1365 4242 in
1391 4188 1532 4259 Lege
1557 4199 1613 4243 et
1642 4189 1951 4258 Prophetis,
1978 4191 2095 4262 ipse

490 4280 914 4338 Consummavit.
948 4278 1103 4336 Unde
1131 4294 1252 4335 cum
1295 4289 1507 4334 acetum
1553 4280 1605 4333 itt
1649 4294 1813 4335 cruce
1852 4282 2092 4337 oblatum

490 4375 594 4430 sibi
642 4372 894 4439 bibisset,
924 4373 1000 4426 ait
1035 4389 1046 4424 :
1082 4372 1432 4441 Adimpletum
1478 4380 1552 4425 est
1584 4370 1766 4444 (Joan.
1802 4389 1913 4439 nx,
1946 4373 2038 4445 50)
2076 4393 2087 4428 ;

491 4478 550 4523 ut
581 4465 865 4521 evidenter
895 4465 1227 4525 ostenderet,
1257 4464 1441 4518 omnia
1486 4480 1605 4533 quae
1634 4464 1703 4519 de
1742 4482 1802 4521 se
1847 4467 1898 4521 in
1945 4467 2091 4538 Lege

2213 1872 2428 1941 spernit,
2459 1870 2715 1938 paulatim
2744 1869 2945 1923 decidet
2979 1866 3169 1939 (Eccli.
3202 1883 3319 1933 XIX,
3348 1866 3466 1939 20).
3509 1866 3577 1922 Et
3608 1868 3812 1924 idcirco

2213 1962 2344 2019 nihil
2369 1962 2541 2019 estde
2574 1963 2860 2034 praeceptis
2883 1961 3089 2019 divinis
3110 1962 3458 2029 solvendum,
3491 1960 3625 2017 nihil
3654 1961 3812 2018 muti-

2212 2056 2457 2122 landum,
2488 2056 2583 2113 scd
2619 2066 2791 2111 totum
2829 2055 2975 2111 ﬁdeli
3017 2071 3081 2111 ac
3127 2055 3322 2112 devota
3365 2064 3549 2111 mente
3588 2070 3811 2111 servan-

2210 2148 2338 2205 dum
2369 2158 2532 2218 atque
2554 2149 2879 2213 docendum,
2906 2164 2975 2205 ne
3004 2149 3157 2221 regni
3185 2150 3425 2206 caelestis
3446 2149 3625 2221 gloria
3651 2150 3810 2205 amit-

2211 2250 2355 2297 tatur
2388 2261 2402 2295 :
2432 2242 2582 2312 quia,
2638 2256 2759 2312 qua
2800 2241 3008 2312 judicio
3062 2240 3368 2298 inﬁdelium
3408 2242 3494 2298 vel
3527 2242 3808 2298 hominum

2210 2334 2395 2390 saeculi
2440 2334 2661 2389 minima
2697 2343 2955 2405 putantur
3003 2345 3058 2391 et
3096 2350 3291 2407 parva,
3318 2336 3433 2391 haec
3462 2335 3605 2405 apud
3638 2337 3806 2392 Deum

2211 2442 2319 2481 non
2360 2436 2489 2481 sunt
2520 2442 2708 2497 parva,
2741 2427 2839 2483 sed
2870 2430 3203 2484 necessaria.
3243 2428 3348 2497 Qui
3377 2441 3550 2484 autem
3578 2430 3809 2484 docuerit

2212 2528 2258 2573 et
2288 2521 2486 2589 fecerit,
2518 2518 2665 2575 hunc
2708 2535 2962 2591 magnum
2992 2519 3235 2576 futurum
3281 2521 3542 2577 Dominus
3570 2521 3808 2577 ostendit

2212 2612 2266 2665 in
2317 2626 2488 2680 regno
2542 2613 2826 2667 ctelorum.
2863 2611 3206 2683 Quapropter
3252 2627 3358 2669 non
3407 2613 3584 2668 solum
3624 2613 3807 2669 verbis

2210 2702 2543 2773 operandum
2566 2715 2675 2770 est,
2698 2703 2795 2759 sed
2826 2714 2880 2758 et
2902 2703 3087 2768 lactis;
3121 2719 3224 2760 nec
3252 2712 3315 2760 ut
3342 2703 3540 2761 doceas
3572 2713 3803 2772 tantum,

2210 2796 2304 2851 sed
2353 2807 2411 2851 ut
2456 2796 2602 2864 quod
2659 2796 2934 2865 docueris,
2968 2798 3159 2853 facias.
3192 2798 3258 2854 Et
3300 2798 3585 2855 audiamus
3628 2798 3803 2870 ipsum

2210 2887 2499 2943 Dominum
2556 2888 2869 2957 hujusmodi
2916 2890 3197 2957 doetorcs,
3229 2891 3320 2962 qui
3351 2891 3539 2947 dicunt
3590 2899 3646 2947 et
3695 2906 3804 2948 non

2210 2977 2434 3045 faciunt,
2461 2978 2569 3052 45
2593 2982 2645 3035 in
2679 2980 2975 3052 Evangelio
3006 2966 3379 3054 increpantem
3408 3003 3421 3038 :
3461 2983 3575 3052 Vte,
3600 2985 3795 3055 inquit,

2210 3070 2373 3137 vobis,
2399 3070 2599 3127 Scriba:
2621 3083 2669 3127 et
2694 3071 2956 3129 Pharistei
2978 3075 3282 3147 hypocrita,
3312 3078 3433 3148 quia
3457 3080 3681 3133 oneratis
3708 3078 3802 3133 ho-

2131 3165 2175 3228 C
2207 3164 2369 3218 mines
2412 3165 2671 3231 oneribus,
2694 3182 2811 3235 qua:
2851 3170 3051 3239 portari
3092 3185 3196 3223 non
3239 3181 3475 3241 possunt,
3504 3171 3606 3239 ipsi
3634 3181 3802 3227 autem

2206 3273 2307 3311 non
2347 3259 2556 3329 tangitis
2576 3258 2742 3332 digito
2784 3269 2950 3315 vestro
2976 3262 3212 3317 sarcinas
3242 3263 3381 3334 ipsas
3406 3262 3622 3335 (Matth.
3648 3280 3798 3334 mn,

2202 3347 2283 3419 4).
2317 3349 2467 3403 Εηάθ
2511 3361 2568 3405 et
2613 3352 2909 3421 Apostolus
2952 3353 3028 3407 ait
3063 3372 3075 3407 :
3114 3351 3259 3421 Non,
3313 3355 3510 3426 inquit,
3543 3358 3801 3413 auditores

2204 3443 2356 3517 Legis
2373 3446 2509 3517 justi
2534 3456 2653 3500 sunt
2696 3448 2840 3515 apud
2868 3446 3056 3514 Deum,
3083 3449 3174 3501 sed
3201 3453 3422 3521 factores
3445 3448 3803 3522 Legisjustiﬁ-

2204 3539 2463 3592 cabuntur
2498 3540 2676 3603 (llam.
2704 3556 2765 3606 tt,
2799 3542 2914 3611 15).
2951 3541 3008 3597 Si
3042 3542 3144 3598 ltoc
3171 3544 3332 3599 etiam
3364 3544 3432 3600 de
3457 3546 3801 3603 audientibus

2202 3628 2354 3698 dicit,
2388 3630 2515 3699 quid
2542 3632 2611 3688 de
2641 3632 2961 3688 doctoribus
3002 3636 3412 3707 intelligendum
3442 3638 3568 3693 est?
3590 3637 3718 3693 Inde
3746 3648 3803 3695 et

2200 3722 2463 3779 Salomon
2492 3727 2569 3779 ait
2601 3742 2616 3779 :
2645 3724 2775 3780 Noli
2794 3742 2903 3781 esse
2930 3728 3114 3782 citatus
3138 3729 3195 3783 in
3219 3728 3399 3803 lingua
3420 3739 3527 3793 tua,
3554 3742 3603 3783 et
3627 3732 3799 3802 segnis

2200 3831 2261 3869 ac
2300 3817 2545 3872 remissus
2585 3817 2640 3871 in
2682 3819 2919 3889 Operibus
2957 3820 3057 3873 tuis
3087 3818 3279 3888 (Eccli.
3314 3836 3388 3885 tv,
3418 3822 3528 3891 34).
3560 3820 3631 3876 Et
3672 3822 3797 3878 ideo

2199 3922 2416 3980 Oportet
2447 3926 2571 3965 eum
2620 3912 2711 3982 qui
2751 3912 2936 3977 docet,
2969 3913 3279 3985 exemplum
3332 3930 3397 3969 ex
3448 3930 3509 3969 se
3552 3919 3797 3986 praebere

2201 4020 2353 4074 purae
2406 4004 2527 4059 ﬁdei
2580 4020 2676 4073 per
2708 4006 3052 4061 honestatem
3099 4008 3535 4065 convirrsationis
3573 4023 3708 4074 suae,
3740 4020 3801 4065 ut

2200 4103 2499 4171 Apostolus
2537 4101 2827 4158 Timotheo
2863 4104 3056 4159 scribit
3087 4122 3100 4158 :
3130 4103 3350 4172 Forma,
3377 4106 3574 4175 inquit,
3598 4117 3705 4161 esto
3734 4106 3796 4175 ﬁo

2197 4195 2388 4249 delium
2438 4195 2493 4267 (1
2544 4193 2680 4249 Tim.
2728 4212 2799 4259 tv,
2838 4196 2949 4269 12).
2983 4197 3051 4252 Et
3108 4198 3304 4254 iterum
3342 4199 3701 4269 :Exetnplum
3750 4210 3799 4254 te

2195 4288 2367 4358 ipsum
2393 4291 2629 4358 prtcbens
2656 4306 2871 4360 operum
2916 4289 3189 4357 bonorum,
3220 4291 3274 4344 in
3293 4290 3526 4362 justitia,
3560 4292 3616 4346 in
3641 4294 3792 4346 casti-

2196 4390 2319 4448 tate,
2344 4382 2395 4436 in
2416 4382 2711 4446 sobrietate,
2748 4398 2840 4451 per
2856 4382 3147 4437 doctrinam
3176 4400 3355 4438 sanam
3381 4382 3512 4457 (Tit.
3543 4399 3602 4450 tt,
3625 4386 3679 4450 7,
3706 4384 3805 4458 8).Δ

2200 4474 2353 4531 Unde
2402 4485 2455 4532 et
2512 4477 2628 4546 ipse
2659 4477 2828 4533 Filius
2859 4477 2977 4541 Dei.
3004 4477 3096 4549 qui
3151 4479 3411 4548 magister
3454 4489 3508 4534 et
3534 4479 3795 4536 dominus

484 4569 543 4618 et
601 4558 889 4629 Prophetis
931 4557 1133 4627 scripta
1186 4565 1363 4623 erant,
1392 4556 1557 4613 etiam
1610 4574 1778 4629 usque
1830 4559 1898 4615 ad
1948 4562 2085 4615 aceti
2114 4558 2169 4619 D
2194 4565 2328 4635 legis
2353 4575 2458 4631 est,
2490 4568 2557 4621 ad
2587 4568 2901 4639 exemplum
2930 4579 3200 4638 nostrum,
3224 4580 3417 4627 cuncta
3444 4588 3566 4644 quae
3582 4571 3791 4643 docuit,

488 4661 673 4723 potum
715 4665 838 4707 esse
867 4650 1161 4719 completa.
1188 4648 1468 4720 Adimplet
1491 4649 1688 4722 Legem
1719 4653 1868 4707 omni
1896 4653 2083 4718 modo,

485 4745 615 4802 dum
663 4747 979 4818 mysterium
1040 4743 1254 4813 paschae
1308 4745 1391 4799 vel
1446 4746 1591 4815 agni,
1626 4746 1756 4800 olim
1804 4748 1855 4801 in
1916 4748 2083 4817 ﬁgura

484 4848 873 4905 monstratum,
908 4838 1177 4909 passionis
1217 4854 1329 4892 suae
1373 4849 1717 4895 sacramento
1764 4843 2082 4911 complevit.

2193 4658 2364 4713 voluit
2392 4660 2553 4715 rebus
2583 4660 2716 4731 ipsis
2750 4662 2994 4731 implere.

2260 4749 2347 4806 111.
2381 4751 2447 4807 Et
2466 4752 2775 4808 addiditaN
2781 4755 2843 4808 isi
2869 4754 3207 4811 abundaverit
3223 4758 3425 4825 iustitia
3453 4770 3619 4814 vestra
3642 4761 3789 4831 plus-

2187 4861 2341 4915 quam
2391 4843 2694 4901 Scribarum
2745 4857 2793 4901 et
2839 4846 3250 4914 Pharisaeorum,
3301 4868 3404 4907 non
3443 4853 3701 4909 intrabitis
3735 4856 3787 4909 in

482 4934 639 4991 Unde
671 4935 747 4987 ait
777 4934 1071 5003 Apostolus
1098 4950 1112 4986 :
1146 4931 1285 4986 Nam
1314 4943 1363 4987 et
1404 4933 1599 5004 pascha
1628 4946 1861 4989 nostrum
1896 4938 2081 4991 immo—
2184 4958 2397 5013 regnum
2423 4943 2668 4997 caelorum
2698 4941 2917 5014 (Matth.
2947 4960 3002 5008 v,
3022 4944 3140 5017 20).
3172 4946 3607 5016 Reprehenditur
3628 4950 3789 5020 iusti-

480 5028 621 5083 latus
666 5036 739 5081 est
782 5025 1015 5081 Christus
1059 5026 1105 5100 (l
1152 5024 1274 5083 Cor.
1318 5028 1479 5097 v,7).
1526 5028 1804 5099 Adintplet
1854 5031 2075 5103 Legem,
2185 5036 2256 5089 tia
2285 5035 2600 5091 Scribarum
2624 5046 2678 5091 et
2722 5036 3146 5107 Pharisaeorum,
3172 5041 3295 5110 quia
3324 5056 3429 5095 non
3463 5042 3624 5097 ﬁdem
3657 5057 3786 5113 pro-

480 5120 611 5177 dum
644 5119 911 5174 sacrillcia
949 5118 1131 5189 Legis,
1163 5120 1454 5190 omniaque
1482 5121 1730 5193 exempla
1764 5121 1817 5176 in
1846 5137 1905 5177 se
1936 5141 2076 5193 prae-
2184 5129 2460 5186 missionis
2489 5131 2720 5198 divinae,
2765 5131 2861 5187 sed
2908 5131 3200 5187 humanam
3244 5134 3461 5190 laudem
3498 5147 3553 5191 et
3600 5136 3785 5192 sazculi

480 5217 736 5286 ﬁgurata,
768 5213 1089 5283 accipiendo
1135 5227 1356 5283 corpus,
1384 5214 1628 5269 veritatis
1680 5217 1890 5271 ratione
1928 5233 2079 5275 com-
2181 5224 2408 5294 gloriam
2439 5226 2791 5295 quaerebant,
2835 5224 2998 5281 sicuti
3048 5226 3312 5285 habemus
3364 5231 3673 5300 exemplum
3716 5231 3785 5286 de

476 5309 663 5381 plevit.
710 5307 808 5363 Vel
855 5316 1004 5362 certe
1048 5306 1308 5376 adimplet
1356 5305 1553 5377 Legem
1573 5349 1588 5370 .
1618 5308 1745 5363 dum
1807 5322 2075 5382 praecepta
2182 5317 2276 5372 illo
2302 5317 2575 5374 Pharisaeo
2604 5320 2841 5389 superbo
2867 5329 2922 5375 et
2948 5321 3235 5393 elato;qui
3268 5332 3328 5378 ut
3346 5323 3447 5379 sibi
3473 5324 3787 5395 videbatur,

475 5401 638 5473 Legis
689 5416 811 5471 quae
857 5400 1103 5467 dederat,
1136 5398 1467 5470 eVangelicae
1496 5400 1685 5469 gratiae
1714 5417 1827 5457 suae
1856 5404 2075 5473 supple-
2177 5408 2404 5479 iustitiae
2432 5427 2547 5467 suae
2569 5414 2761 5467 merita
2806 5412 3127 5484 praeferens,
3158 5416 3502 5485 impudenter
3522 5432 3603 5485 se,
3637 5419 3782 5473 elato

474 5503 663 5550 mento
693 5493 1005 5549 conﬁrmat.
1030 5492 1201 5561 Quam
1228 5500 1409 5545 autem
1462 5490 1659 5562 Legem
1706 5496 1857 5549 venit
1895 5498 2069 5552 adim-
2180 5503 2361 5558 animo
2382 5520 2445 5560 ac
2462 5505 2715 5575 superbis
2746 5508 2996 5574 vocibus,
3031 5508 3085 5563 in
3106 5520 3402 5580 conSpectu
3427 5510 3520 5565 Dei
3536 5509 3780 5582 iactabat

472 5585 645 5655 plere,
672 5587 729 5641 iu
772 5584 1027 5656 sequenti
1073 5583 1415 5639 demonstrat
1444 5583 1678 5640 dicendo
1710 5603 1724 5641 :
1757 5586 2071 5664 Donec“
2177 5594 2333 5666 (Luc.
2368 5612 2518 5666 xvtu,
2552 5597 2665 5667 11).
2719 5599 3052 5656 Retinebant
3096 5617 3228 5673 ergo
3268 5603 3510 5673 speciem
3550 5604 3781 5676 iustitia

534 5780 559 5806 ι
603 5730 763 5839 Apud
809 5760 1059 5827 Galland.
1096 5788 1110 5825 :
1142 5769 1458 5827 Tum-nus
1490 5768 1553 5839 ν,
1581 5770 1634 5825 in
1686 5756 1747 5828 S.
1793 5770 2417 5847 Matt/miliamodium.
