4172 6182
378 296 482 352 345

1192 298 1610 359 TRACTATUS
1648 299 1741 358 VII
1778 299 1843 357 IN
1884 300 2341 364 EVANGELIUM
2381 307 2439 362 S.
2474 304 2828 365 ΜΑΤΤΗᾸΞΙ.

3564 316 3674 374 διδ

377 412 586 469 Scribat
605 421 660 469 et
687 413 948 471 Pharisaai
968 459 983 482 ,
1010 416 1123 489 46
1146 430 1253 471 non
1283 425 1343 471 ut
1373 416 1488 472 Deo
1519 417 1830 487 placerent,
1874 416 1971 473 sed
2000 418 2050 479 Α
2078 418 2207 472 tium
2234 420 2636 478 circumstantia:
2672 424 2821 479 labiis
2848 429 2973 481 meis
2999 427 3169 502 (Psal.
3200 446 3324 500 cn,
3359 434 3436 505 5).
3472 434 3541 489 Et
3573 434 3675 490 ite-

376 515 436 563 ut
465 506 661 563 famam
689 508 938 564 humanm
960 509 1150 579 glm-ia:
1169 520 1477 581 qutererent
1496 551 1509 573 ,
1533 521 1592 563 ut
1623 509 1771 563 lucra
1802 518 1973 565 terre-

377 614 443 655 na
460 610 514 656 et
532 602 848 673 temporalia
872 603 1157 658 commoda
1185 612 1584 659 mercarentur.
1611 604 1676 658 Et
1698 603 1819 659 ideo
1844 602 1970 660 hor-

376 703 520 749 tatur
539 693 823 761 Dominus,
855 704 914 751 ιιι
945 696 1082 752 hanc
1114 706 1139 734 α
1185 697 1446 753 famosam
1484 696 1752 767 justitiam
1795 698 1971 754 laudis

376 788 626 843 humana.-
646 831 661 855 ,
704 790 964 860 operibus
991 790 1215 861 justitite
1243 790 1486 847 cmlesns
1514 805 1577 845 ac
1611 790 1733 846 fidei
1764 791 1970 848 meritis

374 878 776 950 p’rzecedamus,
813 897 910 953 per
936 882 1213 938 Christum
1246 882 1535 939 Dominum
1566 893 1833 939 nostrum.

834 1017 1261 1092 ἱτιιΑοτΑτυε
1315 1018 1405 1076 vn
1451 1019 1500 1076 η

697 1134 763 1191 In
792 1147 946 1210 caput
968 1153 1002 1193 ν
1027 1136 1299 1212 Evangelii
1324 1138 1385 1194 S.
1416 1136 1675 1193 Matthtei.

443 1249 487 1307 1.
524 1250 730 1307 Dehinc
758 1252 1006 1322 sequitur
1034 1269 1047 1306 :
1079 1253 1311 1307 Audistis
1340 1253 1460 1323 quia
1488 1251 1683 1307 dictum
1720 1264 1795 1308 est
1833 1256 1972 1309 anti-

369 1347 482 1416 quis
505 1362 525 1399 :
552 1344 671 1399 Non
696 1347 898 1400 occides
920 1364 941 1401 :
974 1345 1077 1413 Qui
1112 1340 1283 1401 autem
1324 1348 1586 1415 occiderit,
1618 1364 1735 1401 reus
1766 1349 1861 1402 erit
1876 1352 1971 1421 ju-

371 1437 528 1493 dicio.
560 1437 672 1511 Ego
698 1448 873 1493 autem
900 1440 1017 1494 dico
1064 1440 1202 1494 vobis
1236 1457 1254 1495 :
1286 1439 1349 1496 Si
1388 1442 1501 1507 quis
1530 1442 1767 1495 irascitur
1818 1442 1971 1511 fratri

370 1549 486 1595 suo.
518 1549 633 1587 reus
662 1536 759 1588 erit
768 1534 977 1607 judicia
1000 1533 1216 1607 (Matth.
1236 1550 1287 1599 ν,
1313 1534 1406 1600 21,
1436 1533 1553 1606 22).
1585 1534 1699 1589 Hoc
1722 1542 1805 1588 est
1826 1533 1969 1602 quod

368 1625 505 1683 dixit
527 1628 815 1695 Dominus,
841 1647 944 1684 non
964 1629 1285 1684 venisolvere
1307 1628 1517 1702 Legem,
1549 1630 1640 1685 sed
1662 1629 1965 1700 adimplere.

369 1716 484 1776 Hoc
513 1730 628 1788 est,
657 1724 801 1793 quod
834 1722 1012 1778 minus
1054 1732 1193 1789 erat,
1231 1722 1434 1780 addere
1463 1741 1477 1779 :
1514 1734 1780 1793 prtecepta
1822 1723 1970 1778 scili-

2076 528 2195 568 rum
2223 514 2277 569 in
2305 516 2411 570 alio
2446 517 2658 586 psalmo
2679 518 2816 573 dixit
2848 538 2859 573 :
2886 519 3034 589 Dixi,
3067 526 3351 579 custodiam
3382 528 3491 582 eius
3520 545 3681 595 meas,

2074 616 2132 659 ut
2159 622 2264 660 non
2292 607 2587 676 delinquam
2636 609 2689 665 in
2728 611 2906 684 lingua
2954 631 3067 668 mea
3108 613 3283 688 (Psal.
3326 634 3552 678 xxxvnt.
3601 618 3678 693 1).

2074 698 2234 766 Quia,
2266 710 2322 753 ut
2352 701 2612 757 Salomon
2643 702 2720 757 ait
2747 721 2759 756 :
2788 703 2952 759 Labia
2974 707 3355 778 imprudentum
3380 712 3539 766 stulta
3565 730 3685 767 nar-

2072 790 2259 845 rabunt
2276 809 2295 857 ;
2326 802 2374 846 et
2402 803 2595 848 statera
2618 797 2932 867 appenditur
2957 800 3159 853 t'etbunt
3184 801 3456 870 prudentis
3485 802 3681 873 (Eccli.

2072 898 2187 950 XXI,
2218 883 2329 953 28).
2374 884 2444 939 Et
2477 885 2602 941 ideo
2632 886 2891 942 Dominus
2921 889 2975 943 in
3016 889 3312 963 Evangelia
3344 893 3559 965 (Matth.
3584 912 3681 963 xu,

2073 975 2189 1047 '56),
2223 979 2386 1033 etiam
2413 994 2513 1049 pro
2546 980 2726 1036 otioso
2770 996 3026 1039 sermone
3069 987 3335 1042 rationem
3370 1003 3469 1043 nos
3500 990 3683 1045 reddi-

2073 1078 2227 1125 turos
2251 1086 2375 1127 esse
2402 1082 2629 1129 testatus
2658 1085 2763 1130 est.
2802 1075 2938 1131 llinc
2966 1088 3019 1132 et
3056 1078 3358 1150 Aposmlus
3396 1082 3465 1137 ita
3502 1085 3686 1139 horta-

2073 1172 2182 1231 tur,
2230 1164 2419 1221 dicens
2471 1186 2482 1221 :
2529 1168 2709 1224 Omnis
2746 1187 2910 1226 sermo
2952 1174 3120 1228 malus
3162 1192 3224 1229 ea:
3252 1193 3341 1231 ore
3377 1187 3543 1233 vestro
3578 1196 3683 1234 non

2071 1266 2238 1323 exeat,
2270 1260 2372 1313 nisi
2386 1261 2474 1330 qui
2500 1262 2661 1316 bonus
2680 1274 2757 1317 est
2781 1264 2848 1317 ad
2877 1266 3275 1335 cedi/icationrm
3301 1268 3425 1339 ﬁdei
3460 1268 3678 1343 (Ephes.

2074 1367 2148 1417 Iv,
2181 1352 2297 1425 29).
2331 1353 2401 1409 Et
2431 1356 2626 1411 iterum
2664 1375 2677 1411 :
2706 1357 2890 1413 Sermo
2918 1370 3083 1414 vester
3110 1364 3178 1417 sit
3207 1378 3408 1434 semper
3430 1366 3481 1418 in
3510 1369 3681 1438 gratia

2071 1446 2182 1500 sale
2208 1447 2470 1513 conditus,
2492 1459 2549 1503 ut
2570 1452 2746 1505 sciatis
2766 1454 3023 1522 quomodo
3044 1466 3277 1525 Oporteat
3298 1472 3384 1511 eos
3413 1458 3688 1524 unicuique

2073 1542 2387 1611 respondere
2412 1542 2637 1614 (Coloss.
2681 1562 2756 1613 tv,
2791 1546 2869 1619 6).
2903 1549 2985 1603 0b
3007 1564 3167 1620 quam
3203 1566 3317 1606 rem
3348 1551 3400 1606 in
3430 1553 3683 1609 omnibus

2072 1647 2264 1691 cautos
2296 1652 2393 1691 nos
2426 1653 2547 1693 esse
2575 1642 2859 1706 convenit,
2893 1658 2960 1697 ne
2989 1657 3089 1714 per
3116 1643 3542 1700 familiaritatem
3566 1645 3687 1701 inu—

2074 1729 2247 1784 tilium
2278 1730 2592 1797 verborum,
2625 1733 2881 1789 damnum
2907 1736 3071 1792 saluti
3102 1737 3475 1804 acquiramus.

370 1820 459 1867 cet
486 1811 647 1883 chis
674 1813 727 1867 in
761 1813 956 1869 melius
982 1814 1301 1871 reformare.
1336 1815 1492 1871 Unde
1512 1827 1561 1870 et
1583 1825 1805 1870 sanctus
1826 1818 1970 1886 Apo-
2000 1813 2047 1872 B
2142 1824 2230 1879 111.
2261 1825 2469 1881 Dehinc
2495 1827 2573 1881 ait
2606 1845 2617 1882 :
2653 1827 2715 1883 Si
2746 1827 2901 1895 oﬂ'ers
2928 1846 3118 1884 munus
3153 1840 3299 1885 tuum
3335 1844 3453 1887 ante
3496 1834 3679 1900 altare,

370 1903 543 1959 slolus
572 1906 650 1960 ait
674 1923 687 1958 :
715 1903 903 1977 Legem
936 1923 1055 1977 ergo
1102 1908 1413 1962 destruimus
1442 1924 1533 1976 per
1554 1908 1749 1979 ﬁrlem?
1774 1908 1917 1962 Absit
1947 1925 1965 1961 :

368 2000 456 2054 sed
486 1999 675 2073 Legem
699 2003 1057 2056 constituimus
1084 2002 1260 2072 (Rom.
1289 2017 1366 2068 Ill,
1400 2002 1515 2073 51).
1554 2002 1691 2058 liudi
1741 2011 1797 2057 et
1828 2002 1965 2057 duro

370 2094 568 2165 populo
592 2094 751 2165 Legis
774 2094 970 2150 tradita
997 2104 1125 2149 sunt
1156 2096 1407 2150 mandata
1434 2095 1695 2166 justitize;
1720 2095 1967 2165 perfecto

367 2195 549 2241 autem
573 2197 628 2242 et
678 2186 823 2242 fideli
858 2187 1058 2258 populo
1100 2188 1412 2258 evangelica
1448 2187 1738 2243 traduntur
1766 2203 1965 2258 praece-

368 2288 459 2349 pta
488 2290 885 2335 consummata:
916 2280 1039 2336 fidei
1065 2290 1119 2335 et
1145 2280 1385 2337 cmlestis
1408 2282 1653 2351 iustitiae.
1689 2281 1799 2336 Lex
1828 2296 1967 2352 prae-

365 2374 512 2444 cepit
548 2389 653 2428 non
704 2372 1098 2436 occidendum,
1150 2372 1510 2444 Evangelium
1559 2390 1689 2430 vero
1728 2390 1829 2431 nec
1859 2375 1965 2429 ira-

365 2465 626 2522 scendum
658 2484 671 2521 :
704 2477 763 2522 ut
808 2482 1029 2523 omnem
1069 2466 1309 2524 radicem
1366 2469 1576 2538 peccati
1628 2468 1867 2525 auferret
1897 2468 1964 2524 de

365 2560 622 2615 cordibus
654 2562 891 2627 nostris;
924 2563 1047 2632 quia
1087 2577 1183 2632 per
1225 2562 1561 2617 iracundiam
1596 2572 1774 2632 potest
1800 2564 1962 2618 etiam

367 2668 539 2725 usque
574 2655 641 2709 ad
696 2653 1049 2712 homicidium
1093 2656 1391 2727 perveniri.
1415 2656 1523 2729 47
1555 2658 1706 2713 Unde
1734 2672 1839 2712 non
1865 2657 1964 2712 im-

365 2747 560 2802 merito
583 2747 771 2804 beatus
788 2748 892 2805 Job
913 2749 967 2805 in
998 2748 1135 2805 libro
1157 2766 1258 2806 suo
1286 2752 1359 2806 ita
1388 2760 1619 2806 testatus
1635 2760 1715 2807 est
1740 2751 1959 2808 dicens:

364 2839 595 2896 Stultum
630 2842 876 2910 interﬁcit
916 2843 1215 2909 iracundia,
1266 2844 1533 2897 seductum
1579 2853 1749 2897 autem
1773 2844 1963 2898 occidit

363 2936 623 2991 a’tnulatio
654 2933 797 3008 (Job.
832 2953 887 3005 v,
918 2937 997 3007 2).
1054 2938 1221 2993 David
1262 2954 1478 3010 quoque
1506 2940 1575 2993 ita
1616 2940 1690 2993 ait
1721 2955 1733 2991 :
1770 2937 1964 2994 Irasci.

363 3030 510 3097 mini,
535 3042 581 3085 et
604 3032 761 3085 nolite
798 3048 1041 3102 peccare;
1086 3033 1241 3087 dicite
1258 3034 1310 3087 in
1337 3032 1577 3087 cordibus
1610 3034 1809 3097 vestris,
1834 3043 1881 3087 et
1908 3035 1961 3087 in

360 3126 612 3180 cubilibus
657 3128 836 3181 vestris
877 3129 1280 3198 compungimini
1328 3126 1503 3194 (Psal.
1551 3144 1624 3191 tv,
1675 3128 1749 3201 5).
1803 3128 1957 3197 Quod

362 3221 730 3275 testimonium
760 3231 979 3276 sancms
1010 3220 1302 3291 Apo~tolus
1336 3222 1719 3291 interpretatus
1750 3233 1831 3276 est
1878 3223 1960 3277 tli-
1987 3210 2032 3273 C

360 3326 491 3367 cens
522 3329 536 3365 :
571 3312 668 3367 Sol
708 3330 809 3367 non
840 3314 1043 3368 occidat
1073 3330 1229 3383 super
1255 3313 1581 3367 iracundiam
1602 3324 1835 3376 vestram,
1869 3332 1958 3371 ne-

358 3424 456 3478 que
476 3408 605 3461 detis
630 3408 797 3461 locum
827 3408 1032 3462 diabolo
1058 3407 1279 3480 (Ep/tes.
1309 3423 1382 3473 tv,
1413 3407 1505 3471 26,
1528 3408 1646 3479 27).
1672 3407 1804 3463 Cum
1828 3424 1957 3479 ergo

358 3501 525 3556 irasci
546 3515 653 3555 non
678 3502 855 3569 liceat,
888 3503 1059 3558 multo
1088 3505 1268 3558 minus
1299 3502 1576 3557 homicidii
1622 3503 1828 3558 crimen
1857 3505 1955 3559 ad-

357 3594 601 3650 mittere.
629 3594 699 3649 L‘t
726 3610 842 3650 cum
874 3595 1148 3651 iracundia
1180 3607 1427 3652 teneatur
1446 3598 1497 3649 in
1521 3597 1699 3651 futuro
1718 3597 1954 3667 judicio;

353 3702 521 3757 quam
547 3696 796 3754 putamus
824 3702 1039 3758 ptenam
1067 3687 1374 3744 habiturum
1402 3688 1573 3760 ipsius
1595 3688 1818 3743 sceleris
1848 3687 1959 3744 fac-

354 3791 527 3839 torem
542 3782 565 3836 ?

425 3876 488 3931 ll.
507 3875 609 3943 Qui
626 3885 799 3930 autem
814 3877 1020 3939 dixerit,
1044 3877 1209 3947 inquit
1223 3919 1236 3942 ,
1256 3878 1409 3947 fratri
1429 3893 1541 3942 suo,
1561 3892 1705 3939 raca,
1728 3893 1844 3931 reus
1862 3879 1959 3930 erit

352 3971 592 4025 concilio.
638 3969 739 4037 Qui
779 3978 952 4023 autem
977 3969 1201 4036 dixerit,
1238 3973 1412 4041 fatue,
1443 3986 1558 4023 reus
1587 3969 1683 4023 erit
1713 3970 1958 4041 geheuute

355 4065 497 4134 ignis
523 4062 738 4131 (Matth.
769 4080 822 4130 v,
854 4062 971 4135 22).
998 4064 1075 4119 lla
1103 4064 1264 4120 docet
1307 4079 1408 4119 nos
1438 4064 1694 4119 Dominus
1718 4080 1814 4135 per
1842 4080 1953 4118 om-

354 4158 444 4212 nia
465 4172 588 4213 esse
610 4156 910 4230 perfectos,
933 4168 986 4211 ut
1013 4174 1080 4212 ne
1100 4157 1310 4213 levibus
1328 4158 1544 4227 quidem
1570 4158 1653 4213 vel
1671 4158 1825 4212 vanis
1842 4171 1957 4212 ser-

352 4250 611 4306 monibus
644 4249 827 4304 futuro
844 4249 1054 4320 judicio
1084 4252 1162 4307 rei
1196 4264 1495 4307 teneamur.
1534 4250 1690 4305 Vetat
1724 4266 1956 4320 namque

352 4342 456 4399 dici
487 4342 668 4409 fratri,
712 4360 863 4409 raca,
904 4344 953 4399 id
984 4353 1070 4399 est
1110 4360 1278 4399 vacne
1310 4352 1366 4399 et
1398 4343 1573 4398 inanis
1617 4362 1629 4397 :
1670 4360 1776 4398 non
1809 4342 1953 4397 enim

352 4434 516 4491 debet
547 4438 654 4491 dici
687 4452 888 4493 vacuus
920 4437 1190 4503 etinanis,
1218 4438 1310 4509 qui
1341 4437 1443 4492 lida
1467 4450 1518 4493 et
1538 4438 1743 4508 Spiritu
1768 4449 1955 4494 saneto

353 4529 547 4599 plenus
578 4540 681 4585 est.
708 4529 897 4601 Neque
934 4532 1081 4586 enim
1125 4532 1291 4585 debet
1330 4532 1508 4586 fatuus
1544 4532 1828 4602 appellari,
1860 4532 1953 4602 qui

350 4621 627 4677 credendo
656 4625 708 4677 in
736 4622 976 4688 Christo,
1006 4624 1206 4678 divinae
1235 4624 1517 4694 sapientiae
1561 4625 1788 4695 gratiam
1818 4640 1950 4679 con-

351 4726 577 4770 secutus
607 4725 711 4771 est.
747 4716 899 4772 Unde
938 4726 993 4771 et
1024 4731 1146 4771 cum
1192 4732 1288 4787 per
1324 4716 1673 4772 Salontonem
1718 4716 1951 4787 Spiritus

352 4819 577 4863 sanctus
606 4808 674 4863 de
712 4811 835 4864 viro
870 4810 1185 4880 evangelica
1223 4810 1540 4880 loqueretur
1562 4852 1577 4875 ,
1619 4812 1689 4864 ita
1724 4818 1953 4866 testatus

352 4914 458 4970 est,
493 4903 682 4959 dicens
717 4922 728 4957 ε
763 4903 950 4958 Beatus
977 4906 1067 4974 qui
1094 4920 1195 4958 non
1227 4914 1300 4958 est
1326 4905 1501 4972 lapsus
1527 4903 1675 4957 verba
1706 4906 1811 4959 oris
1840 4905 1952 4970 sui,

350 5006 399 5048 et
430 5013 533 5049 non
559 5006 632 5050 est
660 4996 956 5051 stimulatus
974 4997 1184 5052 tristitia
1207 4996 1381 5051 delicti
1404 4993 1598 5066 (Eccli.
1632 5012 1741 5060 xw,
1772 4998 1843 5068 1).
1888 4996 1956 5053 Et

351 5089 559 5144 idcirco
580 5090 687 5143 alio
710 5091 830 5145 loco
869 5090 1010 5145 idem
1047 5089 1304 5145 Salomon
1349 5092 1425 5143 ait
1457 5108 1469 5142 :
1504 5087 1617 5143 Fac
1652 5094 1730 5143 ori
1761 5101 1847 5144 tuo
1873 5106 1953 5144 se-

350 5199 461 5249 ras,
492 5193 540 5237 et
570 5184 761 5255 lingua:
789 5194 892 5239 tua:
921 5194 969 5237 et
999 5180 1167 5237 verbis
1203 5184 1305 5236 tuis
1349 5186 1435 5253 fac
1469 5192 1714 5236 stateram
1754 5179 1946 5250 (Eccli.

353 5291 554 5343 xxvm,
588 5277 697 5346 18).
729 5276 799 5331 Et
826 5276 1025 5331 iterum
1054 5292 1066 5330 :
1092 5274 1414 5329 Circumcide
1433 5284 1532 5329 ate
1561 5289 1775 5344 prauum
1801 5289 1879 5341 os,
1905 5283 1953 5326 et

350 5370 529 5439 iniqua
556 5367 668 5441 48
696 5370 833 5423 labia
863 5372 1015 5440 longe
1046 5369 1246 5437 expelle
1266 5378 1362 5421 ate
1385 5365 1571 5439 (Prov.
1612 5383 1682 5431 tv,
1721 5366 1842 5437 24).
1885 5366 1951 5421 Et

353 5466 550 5518 lterum
580 5461 1265 5533 :Indisciplinutteloquelte
1280 5478 1380 5515 non
1415 5470 1677 5516 assuescat
1704 5477 1759 5515 os
1782 5470 1951 5527 tuum;

351 5566 427 5612 est
454 5559 590 5613 enim
622 5560 673 5612 in
696 5559 789 5612 illa
815 5558 1026 5613 tristitia
1048 5558 1222 5611 delicti
1252 5554 1441 5627 (Eccli.
1478 5570 1631 5619 unt,
1660 5555 1771 5620 l7).
1796 5552 1953 5610 Unde

350 5660 408 5707 et
425 5652 594 5708 David
615 5653 722 5707 ait:
744 5650 913 5742 Pone,
945 5648 1507 5745 Dominencu‘stodiam
1533 5649 1612 5701 ori
1633 5664 1767 5715 meo,
1794 5658 1841 5742 et
1861 5664 1948 5703 os-

355 5826 390 5893 .”
425 5778 467 5805 ·’
490 5740 795 5824 Parnasum.
826 5770 907 5825 An
940 5740 1241 5835 Fumosam,
1278 5740 1437 5838 prout
1462 5740 1515 5819 in
1539 5740 1943 5836 margineﬁrya

380 5839 543 5893 .mus?

380 5839 543 5897 atrus?

2069 1930 2118 1974 et
2138 1919 2208 1973 ibi
2229 1930 2598 1975 rememoratus
2620 1924 2779 1992 fueris
2800 1924 2920 1993 quia
2956 1924 3103 1979 habet
3133 1926 3334 1995 aliquid
3364 1930 3528 1997 frater
3559 1937 3678 1981 tuus

2067 2014 2336 2068 adversum
2369 2023 2449 2077 te;
2493 2016 2722 2085 relinque
2741 2015 2851 2069 illic
2872 2032 3055 2071 munus
3092 2028 3254 2083 tuum,
3288 2029 3335 2071 et
3365 2020 3493 2073 vade
3525 2019 3674 2088 prius

2068 2106 2397 2159 reconciliari
2420 2107 2572 2178 fratri
2600 2117 2710 2173 tuo,
2732 2118 2782 2162 et
2798 2118 2919 2162 tunc
2935 2108 3064 2177 offer
3086 2126 3274 2165 munus
3293 2126 3435 2164 tuum
3460 2111 3677 2183 (Matth.

2069 2213 2122 2261 v,
2146 2196 2237 2264 25,
2276 2198 2390 2271 24).
2418 2199 2617 2268 Quanti
2653 2200 2849 2255 habeat
2888 2201 3154 2257 Dominus
3185 2201 3480 2259 fraternam
3509 2204 3683 2260 dilec«

2070 2293 2295 2362 tionem,
2330 2311 2395 2350 ex
2430 2296 2532 2350 hoc
2557 2296 2675 2366 ipso
2696 2298 3115 2367 cognoscimus;
3150 2298 3539 2354 cumohlatum
3574 2298 3684 2355 Deo

2069 2402 2267 2441 munus
2286 2388 2525 2443 ostendit
2548 2401 2770 2459 accepte
2800 2406 2907 2444 non
2934 2388 3143 2454 offerri,
3166 2391 3266 2445 nisi
3293 2392 3442 2461 prius
3467 2390 3682 2447 oblator

2069 2481 2312 2535 muneris
2343 2481 2493 2537 fratri
2522 2497 2643 2548 suo,
2681 2482 2958 2537 iracundia
2982 2483 3243 2553 seposita,
3270 2484 3679 2539 reconcilietur.

2068 2571 2384 2628 Invenimus
2415 2574 2650 2645 denique
2675 2574 2957 2630 offerentis
2984 2574 3118 2629 Cain
3162 2591 3391 2631 munera
3421 2576 3623 2631 ideirco
3650 2593 3679 2631 a

2068 2666 2181 2721 Deo
2210 2666 2494 2735 repudiata
2532 2666 2684 2737 (Cen.
2716 2684 2788 2733 tv,
2831 2667 2909 2738 5),
2943 2668 3072 2737 quia
3109 2667 3393 2722 charitatis
3430 2667 3679 2741 49jura

2068 2776 2175 2814 non
2208 2775 2435 2815 servans
2464 2802 2477 2824 ,
2534 2760 2796 2814 adversus
2834 2759 3057 2814 fratrem
3084 2760 3219 2815 iram
3254 2762 3437 2815 animo
3470 2764 3676 2817 retine-

2067 2855 2183 2908 bat.
2236 2852 2392 2910 Unde
2449 2868 2555 2909 non
2634 2854 2909 2909 immerito
2956 2854 3219 2908 Dominus
3277 2854 3329 2908 in
3382 2854 3680 2924 Evangelia

2068 2946 2254 3001 multis
2286 2946 2442 3010 locis,
2476 2945 2760 3001 charitatis
2804 2946 3057 3001 fraterna:
3094 2946 3444 3000 dilectionem
3486 2948 3678 3017 pr:rci-

2066 3053 2173 3108 pue
2190 3038 2600 3094 custodiendam
2633 3054 2753 3093 esse
2781 3039 3043 3104 insinuat,
3067 3038 3301 3094 dicendo
3328 3057 3339 3093 :
3368 3037 3675 3095 Mandatum

2067 3146 2252 3185 norunt
2280 3134 2346 3184 do
2374 3132 2535 3197 vobis,
2563 3140 2618 3184 ut
2658 3131 2981 3185 dilectionem
3015 3131 3245 3185 habeatis
3273 3132 3340 3184 ad
3370 3132 3673 3185 alterutrum

2063 3222 2248 3290 (Joau.
2275 3236 2391 3283 χιιι.
2425 3222 2542 3294 54).
2578 3222 2647 3277 Ει
2680 3223 2876 3278 iterum
2913 3240 2926 3276 :
2960 3221 3025 3275 In
3047 3222 3145 3277 hoc
3178 3233 3673 3294 c0gnoscentomnes

2060 3318 2183 3389 quia
2222 3317 2467 3389 discipuli
2508 3319 2609 3372 mei
2638 3319 2787 3384 estis,
2830 3319 2875 3373 si
2913 3319 3215 3373 charitatem
3254 3320 3321 3372 ad
3362 3321 3672 3373 alterutrum

2058 3410 2339 3465 habueritis
2364 3409 2551 3481 (Ibid.,
2578 3409 2694 3481 55).
2719 3410 2835 3465 Νοιι
2864 3412 3140 3466 immerito
3160 3412 3323 3465 etiam
3352 3426 3446 3480 per
3464 3409 3673 3465 Zacha-

2058 3503 2195 3557 riam
2220 3504 2541 3575 prophetam
2578 3505 2647 3558 ita
2675 3504 2935 3558 Dominus
2966 3505 3206 3574 loquitur
3241 3501 3533 3557 :Judicium
3555 3508 3674 3577 juso

2060 3604 2167 3649 tum
2195 3606 2241 3649 et
2270 3597 2546 3667 paciﬁcum
2583 3597 2844 3669 judicate,
2872 3606 2917 3651 et
2963 3598 3120 3651 nolite
3164 3598 3385 3651 retinere
3417 3598 3668 3651 malitiam

2058 3686 2239 3757 fratris
2269 3689 2427 3742 vestri
2465 3690 2516 3742 in
2554 3690 2793 3742 cordibus
2822 3691 3001 3742 restris
3042 3690 3227 3758 (Zach.
3280 3707 3393 3757 vm,
3420 3691 3533 3761 16).
3567 3691 3670 3747 l‘cr

2062 3780 2227 3836 David
2251 3797 2469 3851 quoque
2514 3782 2767 3836 similiter
2799 3792 3031 3836 testatur
3065 3800 3077 3834 :
3110 3781 3303 3837 Desine
3342 3785 3404 3837 ab
3457 3785 3568 3849 ira,
3622 3795 3667 3838 et

2059 3878 2355 3947 derelinque
2378 3876 2785 3947 indignationem
2817 3874 2991 3943 (Psal.
3025 3893 3214 3939 χχχιι,
3249 3876 3325 3949 8).
3362 3877 3482 3932 Pari
3508 3878 3667 3932 modo

2058 3971 2221 4025 etiam
2251 3986 2347 4040 per
2376 3969 2724 4025 Salomonem
2749 3969 2985 4039 Spiritus
3012 3981 3235 4023 sam-tus
3260 3970 3523 4038 loquitur,
3585 3970 3667 4025 di-

2058 4079 2189 4119 cens
2226 4082 2239 4119 :
2270 4062 2444 4117 Homo
2490 4063 2683 4116 homini
2726 4078 2954 4116 reservas
2985 4063 3140 4129 iram,
3175 4073 3222 4117 et
3265 4080 3294 4115 a
3342 4060 3451 4117 Deo
3480 4066 3667 4132 quteris

2058 4156 2306 4210 medelam
2330 4156 2354 4209 ?
2380 4154 2501 4225 Ipse
2530 4157 2581 4210 itt
2613 4157 2868 4209 hominem
2899 4157 3117 4210 similem
3144 4157 3236 4210 tibi
3263 4174 3365 4212 non
3391 4158 3546 4213 habes
3570 4160 3667 4211 mi-

2058 4250 2414 4315 sericordiam,
2439 4261 2484 4305 et
2506 4250 2672 4304 Deum
2689 4266 2874 4304 exoras
2900 4267 2992 4319 pro
3018 4250 3280 4319 peccatis?
3312 4249 3378 4304 Et
3410 4251 3519 4322 ipse
3546 4268 3661 4305 curn

2058 4343 2129 4397 sis
2152 4359 2272 4397 caro
2299 4343 2488 4396 retines
2519 4343 2670 4407 irant,
2704 4354 2751 4397 et
2777 4343 3195 4413 propinationem
3220 4343 3349 4413 petis
3372 4362 3401 4396 a
3425 4341 3576 4398 Deo?
3596 4342 3665 4397 Et

2057 4438 2174 4507 quis
2216 4438 2381 4491 orabit
2428 4454 2521 4507 pro
2578 4438 2777 4491 delictis
2808 4438 2909 4491 tuis
2960 4436 3152 4509 (Eccli.
3206 4453 3395 4499 xxvttt,
3427 4436 3569 4509 5-5).
3605 4439 3665 4493 Et

2060 4529 2432 4601 superaddidit
2481 4528 2718 4584 dicens:
2754 4528 3009 4582 Mttnento
3063 4530 3364 4593 novissima,
3414 4540 3461 4583 et
3499 4530 3671 4584 desine

1977 4604 2026 4661 ι)
2054 4625 2315 4677 inimicari
2345 4622 2540 4693 (Ibid.,
2575 4622 2656 4692 6).
2686 4621 2841 4677 Unde
2870 4632 2921 4675 et
2963 4631 3187 4675 sanctus
3227 4621 3391 4675 David
3434 4636 3668 4692 evange-

2056 4716 2143 4770 lici
2170 4715 2427 4784 praecepti
2460 4729 2557 4783 per
2588 4712 2851 4783 Spiritum
2894 4722 3142 4766 sanetum
3178 4727 3283 4766 non
3318 4715 3557 4781 ignarus,
3601 4713 3667 4767 de

2056 4824 2116 4864 se
2142 4809 2215 4863 ita
2250 4816 2480 4862 testatus
2510 4817 2615 4871 cst,
2649 4806 2839 4861 dicens
2900 4822 2913 4859 :
2963 4805 3023 4859 Si
3075 4807 3418 4875 iniquitatem,
3473 4805 3667 4876 inquit,

2057 4904 2302 4971 conspexi
2347 4902 2398 4956 itt
2444 4904 2598 4955 corde
2640 4917 2771 4966 meo,
2804 4917 2905 4953 non
2933 4901 3173 4954 exaudiet
3209 4898 3459 4955 Dominus
3488 4899 3663 4970 (Psal.

2061 5013 2191 5062 cxv,
2227 4996 2340 5059 l8).
2371 4995 2511 5064 Qllld
2545 4997 2691 5049 enim
2728 5004 2834 5049 tam
2868 5002 3080 5063 gratum
3112 4994 3247 5058 Deo,
3278 5005 3384 5048 tam
3417 5010 3669 5049 necessa-

2061 5092 2199 5144 rium
2248 5098 2451 5144 nostra:
2482 5088 2666 5154 saluti,
2700 5104 2861 5157 quant
2913 5087 3055 5157 quod
3093 5088 3352 5143 Dominus
3401 5088 3665 5160 prtecipit,

2060 5183 2194 5237 iram
2232 5197 2338 5236 non
2392 5180 2650 5246 retinere,
2697 5181 2921 5249 pacifica
2967 5182 3149 5235 animo
3182 5196 3245 5235 ac
3272 5182 3501 5251 simplici
3533 5199 3660 5238 t-on-

2059 5276 2285 5331 scientia
2311 5276 2420 5330 Dco
2437 5291 2633 5329 munus
2656 5274 2874 5343 offerre,
2899 5275 3244 5329 sicutohtulit
3271 5276 3475 5344 primus
3498 5274 3670 5328 Abel?

2061 5368 2129 5424 Et
2160 5368 2281 5424 ideo
2312 5385 2537 5424 munera
2563 5369 2732 5438 ipsius
2757 5378 3011 5437 suscepta
3044 5376 3169 5421 sunt
3197 5383 3223 5418 a
3256 5367 3388 5431 Deo,
3413 5366 3544 5418 (Iain
3577 5379 3665 5420 re-

2057 5463 2282 5533 probata
2316 5464 2476 5533 :quia
2502 5462 2633 5517 Abel
2664 5478 2796 5533 pura
2829 5476 2891 5515 ac
2919 5459 3151 5530 simplici
3182 5458 3290 5529 50
3317 5465 3498 5512 mente
3546 5472 3661 5509 tnu-

2056 5572 2186 5613 nera
2232 5557 2460 5612 Domino
2509 5556 2809 5621 offerebat;
2858 5554 2987 5609 Cain
3030 5567 3161 5605 vero
3212 5554 3343 5604 iram
3397 5550 3661 5602 adversus

2055 5648 2276 5705 fratrem
2332 5647 2552 5703 tenebat
2599 5649 2653 5703 in
2703 5647 2889 5702 corde.
2924 5645 3269 5714 Quapropter
3312 5640 3359 5693 si
3406 5639 3659 5695 volumus

2125 5734 2150 5800 is
2191 5744 2347 5831 Apud
2403 5732 2697 5819 Gallam:
2749 5738 3069 5816 τιυίοώλτυε
3098 5754 3163 5821 v,
3207 5755 3260 5807 in
3305 5753 3367 5809 s.
3419 5752 3654 5810 Μαηιυρι

2065 5833 2422 5901 Εωηθιιίιιηιο
2647 5856 2656 5897 ε
