4270 6176
528 291 631 353 547
1530 286 1587 343 S.
1629 283 2012 343 CHROMA'I'II
2052 283 2272 343 EH80.
2315 281 2799 371 AQUILEIENSIS
3709 276 3817 335 338

523 416 747 456 munera
773 410 953 456 nostra
980 401 1090 455 Deo
1110 400 1348 471 placere,
1370 397 1668 454 excludere
1689 398 2025 453 iracundiam
2048 395 2118 451 de
2144 403 2197 471 Α
2294 394 2381 450 Ill.
2429 395 2536 451 Alii
2569 402 2719 460 vero,
2749 401 2986 467 qttorum
3012 396 3241 453 assertio
3282 394 3497 466 planior
3522 391 3550 432 ι’
3578 392 3711 449 milli
3735 393 3818 449 vi-

521 495 686 551 cordc
715 495 999 561 debemus,
1030 494 1335 550 interﬁcere
1375 493 1635 548 malitiam
1661 500 1848 548 contra
1897 492 2120 547 fratrem
2221 492 2402 557 detur,
2424 491 2802 547 adversarium
2826 490 2914 546 hic
2945 491 3210 562 Spiritum
3236 502 3485 547 sanctum
3505 490 3824 545 existimant

522 597 857 656 susceptam,
888 598 1075 643 tenere
1120 603 1249 641 vero
1298 598 1485 657 pacein
1532 585 1851 653 fraternam,
1902 600 2124 642 servare
2222 582 2657 653 intelligendum,
2703 583 2794 654 qui
2843 582 3168 639 adversatur
3232 584 3381 641 vitiis
3429 591 3485 638 et
3536 581 3823 638 desideriis

525 680 875 746 charitatem,
922 680 1150 751 diligere
1193 680 1627 747 unanimitatem,
1660 678 1934 736 custodire
1987 694 2122 735 eon-
2222 677 2419 743 carnis,
2446 675 2744 732 secuttdum
2766 675 2912 745 quod
2951 676 3247 745 Apostolus
3278 676 3618 741 manifestat,
3637 674 3823 731 dicen-3

525 774 790 839 cordiam,
822 784 879 829 ut
899 774 1115 845 placare
1140 774 1427 831 Dominum
1451 789 1780 844 mereamur,
1804 775 1896 846 qui
1921 782 2004 830 est
2030 772 2124 830 lte-
2225 772 2333 823 do:
2368 766 2540 834 Caro,
2581 768 2780 838 inquit,
2818 769 3138 839 concupiscit
3184 769 3431 824 adversus
3475 769 3737 838 spiritum,
3775 774 3825 823 et

524 867 771 923 nedictus
804 868 858 924 in
881 869 1103 924 smcula.

989 980 1409 1038 TRAC'I‘ATUS
1465 980 1579 1036 νιιι
1604 984 1652 1033 ⁸.

838 1095 901 1151 1η
933 1106 1085 1165 caput
1116 1110 1148 1150 v
1173 1094 1439 1167 Evangelii
1467 1094 1528 1151 S.
1553 1080 1809 1150 Matthari.

599 1232 636 1287 l.
682 1232 812 1286 l’ost
855 1231 979 1285 hinc
1023 1231 1304 1301 sequitur:
1339 1228 1499 1298 Esto,
1552 1230 1754 1301 inquit,
1806 1233 2130 1289 consentiens

529 1326 826 1380 adversario
866 1335 974 1391 tuo,
1003 1325 1126 1379 dum
1156 1341 1207 1379 es
1232 1340 1349 1378 cum
1376 1325 1467 1379 illo
1490 1325 1543 1378 in
1566 1325 1671 1392 uia,
1700 1342 1762 1379 ne
1792 1328 1923 1397 forte
1946 1326 2128 1382 adrer-

527 1418 699 1473 sarius
736 1417 905 1471 tradat
940 1426 985 1470 te
1005 1416 1177 1489 judici
1200 1458 1213 1479 ,
1241 1425 1288 1470 et
1298 1418 1468 1488 judex
1509 1418 1680 1472 tradat
1708 1426 1753 1471 te
1794 1418 2053 1484 ministro,
2078 1427 2127 1474 et

527 1512 579 1565 in
608 1527 862 1565 carcerem
894 1512 1116 1565 mittaris
1145 1528 1162 1565 :
1195 1509 1352 1565 Amen
1384 1511 1497 1566 dico
1529 1512 1639 1578 tibi,
1673 1528 1773 1569 non
1820 1512 1957 1568 exies
1984 1513 2126 1579 inde,

528 1603 693 1656 donec
730 1602 914 1658 reddas
946 1604 1275 1657 novissimum
1316 1604 1653 1673 quadrantem
1694 1604 1907 1677 (Matth.
1950 1621 2005 1672 v,
2031 1604 2127 1673 ‘35,

528 1694 644 1764 2(3).
681 1696 753 1749 De
803 1694 908 1750 hoc
940 1695 1151 1750 Domini
1183 1680 1328 1750 dicto
1355 1696 1573 1768 quidam
1599 1698 1669 1753 ita
1697 1698 2013 1754 exiSIimant
2043 1700 2123 1754 in-

2224 861 2439 929 spiritus
2467 861 2713 916 adversus
2739 868 2949 916 carnem
2989 878 3007 916 :
3040 860 3153 917 laure
3177 862 3314 915 enim
3355 860 3453 915 sibi
3473 861 3686 916 inuicem
3727 860 3827 915 ad-

2224 964 2517 1021 versantur,
2554 966 2607 1008 ut
2628 972 2733 1010 non
2760 972 3094 1041 quacumque
3120 957 3291 1041 cultis,
3314 956 3406 1011 illa
3436 957 3641 1027 faciatis
3674 954 3822 1027 (Gal.

2229 1064 2284 1116 v,
2312 1049 2423 1121 l7).
2453 1050 2690 1119 Spiritus
2736 1049 2880 1105 enim
2925 1050 3172 1106 caelestia
3220 1046 3515 1117 desiderat,
3547 1064 3672 1104 caro
3712 1057 3824 1105 ter-

2230 1157 2356 1197 rena
2381 1140 2718 1213 concupiscit
2738 1159 2753 1196 :
2772 1126 3012 1213 Splrllus
3042 1128 3200 1198 donis
3234 1130 3571 1212 spiflialibus
3599 1142 3823 1213 gaudet,

2227 1244 2358 1288 caro
2385 1233 2535 1287 vitiis
2563 1233 2943 1304 corporslibus
2970 1233 3296 1289 oblectatur.
3332 1231 3487 1290 Unde
3514 1236 3567 1288 et
3594 1233 3829 1302 Aposto-

2230 1326 2313 1383 lus
2342 1328 2455 1381 ait:
2490 1327 2662 1383 Nolite
2695 1328 2999 1383 contristare
3044 1327 3301 1396 Spiritum
3330 1334 3565 1381 sanctum
3610 1323 3731 1391 Dei,
3772 1327 3829 1381 in

2228 1427 2329 1491 quo
2358 1422 2546 1491 signati
2593 1421 2715 1475 estis
2736 1421 2792 1475 in
2833 1421 2916 1475 die
2957 1420 3328 1493 redemptionis
3358 1418 3574 1492 (Ephes.
3604 1433 3678 1483 tv,
3709 1419 3826 1491 ΒΟ).

2230 1513 2387 1578 Huic,
2420 1513 2605 1580 credo,
2639 1512 2956 1570 adversario
3004 1516 3210 1585 peccati
3248 1521 3305 1569 et
3348 1512 3553 1568 erroris
3584 1512 3827 1581 humani,

2230 1606 2481 1662 suadenti
2523 1612 2642 1677 quae
2679 1606 2822 1676 iusta
2855 1614 2910 1663 et
2936 1614 3121 1662 saneta
3154 1614 3303 1670 sunt,-
3331 1607 3384 1661 iu
3414 1606 3666 1661 omnibus
3697 1606 3831 1662 ulte:-

2232 1699 2349 1755 dire
2380 1712 2480 1754 nos
2506 1698 2768 1754 Dominus
2802 1698 3086 1769 praecepit,
3113 1697 3243 1755 dum
3270 1712 3395 1754 cum
3430 1697 3528 1753 illo
3557 1712 3746 1754 sumus
3772 1697 3829 1755 iit

531 1786 882 1855 telligendum
907 1828 920 1851 ,
956 1797 1263 1843 asserentes
1292 1787 1601 1859 bujusmodi
1633 1791 2007 1846 adversarium
2035 1794 2124 1862 qui
2161 1800 2205 1861 Β
2233 1794 2340 1858 via,
2376 1791 2428 1848 id
2472 1799 2556 1848 est
2584 1791 2639 1848 in
2668 1790 2930 1848 comitatu
2963 1792 3088 1847 vita:
3135 1791 3442 1861 praesentis,
3473 1796 3533 1846 ut
3568 1794 3829 1847 meritam

528 1878 685 1948 culpa
724 1894 821 1933 sua
864 1879 948 1935 vel
977 1880 1151 1935 aliena
1179 1880 1433 1935 inimicus
1462 1882 1754 1948 exstiterit,
1792 1882 1902 1938 cito
1935 1882 2003 1937 ad
2032 1897 2127 1953 pa-

532 1984 649 2023 cem
674 1979 727 2023 et
758 1969 1023 2025 amicitias
1056 1985 1175 2025 esse
1205 1970 1592 2037 revocandum,
1616 1972 1743 2028 dum
1766 1987 1890 2028 cum
1921 1974 2013 2029 illo
2042 1988 2131 2031 su-

534 2077 651 2115 mus
678 2060 729 2114 in
760 2062 880 2126 via;
912 2054 965 2116 id
996 2072 1081 2116 est
1122 2064 1173 2116 in
1198 2078 1358 2119 eursu
1391 2064 1516 2118 vine
1545 2066 1867 2135 praesentis:
1899 2082 1967 2122 ne
2005 2082 2129 2123 cum

533 2154 600 2208 de
622 2153 1000 2224 saeculoluerit
1022 2170 1321 2221 recessum,
1349 2159 1747 2229 unusquisque,
1769 2170 1823 2213 ut
1845 2158 2133 2218 charitatis

535 2248 825 2305 immemor
856 2259 911 2305 et
958 2251 1360 2307 inimicitiarum
1393 2268 1541 2320 reus,
1566 2254 1791 2324 incipiat
1835 2257 1945 2311 Deo
1961 2256 2132 2327 judici

534 2341 740 2407 olferri,
775 2350 831 2397 et
862 2343 996 2397 tradi
1039 2359 1069 2397 a
1111 2343 1294 2413 judice
1323 2346 1605 2411 ministro;
1636 2346 1689 2401 id
1719 2356 1803 2403 est
1839 2350 2133 2419 praeposito

535 2447 966 2504 tormentorum;
1003 2446 1061 2492 ιιι
1086 2440 1288 2494 missus
1316 2440 1368 2495 in
1390 2456 1665 2497 carcerem
1690 2443 1952 2512 gehennae
1980 2443 2135 2500 debi—

533 2544 618 2587 tas
658 2533 864 2602 peccati
909 2547 1096 2602 pinnas
1136 2534 1401 2589 exsolvat.
1453 2534 1559 2591 Sed
1610 2538 1838 2591 assertio
1882 2538 1982 2593 ista
2024 2552 2133 2594 non

535 2625 750 2695 plenam
768 2624 978 2681 videtur
991 2624 1192 2680 habere
1210 2628 1500 2680 rationem.
1518 2626 1851 2696 Quidenim?
1868 2629 1916 2684 si
1936 2629 2136 2700 aliquis

537 2717 641 2791 51
666 2734 696 2774 e
726 2716 983 2773 fratribus
1013 2719 1083 2773 ob
1112 2733 1331 2774 causam
1356 2719 1479 2774 ﬁdei
1512 2720 1857 2776 adversarius
1878 2724 2132 2791 exsistat,

536 2814 800 2883 numquid
844 2814 1087 2885 perﬁdia:
1134 2816 1304 2887 ipsius
1352 2831 1660 2873 consensus
1707 2818 2137 2877 commodaudus

537 2916 639 2973 est,
684 2925 751 2962 ne
799 2924 923 2964 cum
957 2910 1048 2964 tali
1081 2910 1333 2981 religiosa
1366 2910 1638 2967 discordia
1675 2912 1931 2969 maneat?
1958 2913 2134 2970 liabe-

540 3018 660 3056 tuus
688 3003 1028 3059 adversarios
1059 3015 1113 3060 ct
1151 3005 1386 3077 gentiles
1417 3005 1507 3075 qui
1532 3004 1656 3061 ﬁdei
1689 3016 1890 3062 nostrre
1936 3006 2139 3064 adver-

536 3103 747 3159 sautttr,
780 3096 868 3165 qui
920 3110 1018 3149 nos
1066 3096 1342 3151 interdum
1377 3106 1621 3167 tempore
1649 3098 2043 3167 persecutionis
2069 3097 2137 3156 ad

2234 1900 2442 1957 pacem,
2474 1892 2529 1940 et
2554 1896 2872 1956 perpetuam
2897 1886 3215 1941 societatem
3237 1899 3360 1940 eum
3385 1899 3452 1939 eo
3473 1882 3678 1940 habere
3708 1898 3831 1954 pos-

2230 1980 2421 2034 simus.
2451 1978 2648 2035 Verum
2681 1981 2725 2035 si
2764 1980 2886 2050 quis
2914 1977 3186 2034 voluntati
3216 1975 3454 2046 Spiritus
3482 1975 3655 2032 sancti
3683 1975 3831 2032 dicto

2233 2087 2340 2127 non
2364 2070 2591 2126 audiens
2612 2079 2667 2127 et
2689 2070 2995 2127 contrarius
3019 2069 3312 2135 exstiterit,
3344 2084 3451 2124 non
3477 2067 3700 2124 dubium
3723 2078 3828 2135 est,

2232 2163 2542 2233 bujttsmitdi
2573 2163 2873 2229 hominem,
2900 2170 3025 2233 post
3045 2174 3333 2217 excessum
3368 2161 3518 2225 vita,
3547 2160 3640 2216 Dei
3669 2160 3831 2228 Filio,

2230 2256 2320 2326 qui
2347 2254 2512 2326 judea
2545 2256 2790 2310 vivorum
2819 2268 2882 2310 ac
2910 2262 3250 2309 mortuorum
3279 2264 3385 2317 est,
3409 2252 3774 2319 oﬁ’erendum,
3799 2267 3831 2307 a

2233 2364 2341 2419 quo
2356 2347 2597 2403 tradetur
2612 2349 2885 2413 ministro,
2899 2346 2955 2403 id
2967 2346 3291 2417 est,Angelo
3304 2355 3701 2402 tormentorum
3714 2346 3831 2401 mit.

2236 2440 2429 2496 tendus
2455 2442 2506 2495 in
2528 2456 2747 2497 carcere
2774 2441 3060 2513 gehennae;
3078 2440 3222 2496 unde
3245 2454 3354 2496 non
3379 2439 3705 2507 dimittetur,
3724 2437 3831 2496 nisi

2234 2533 2524 2607 etiam“
2552 2534 2911 2590 novissimum
2958 2533 3319 2605 quadrantem
3364 2532 3579 2599 reddat,
3616 2533 3664 2587 id
3714 2541 3825 2601 est,-

2235 2641 2452 2682 omnem
2505 2641 2722 2697 prauam
2754 2625 2921 2682 debiti
2952 2624 3114 2682 etiam
3147 2640 3319 2695 usque
3345 2623 3414 2679 ad
3468 2624 3828 2681 novissimum

2240 2732 2522 2791 peccatum
2552 2721 2827 2775 exsolvat.
2857 2719 2935 2775 De
2979 2719 3085 2774 hoc
3112 2717 3283 2789 igitur
3304 2718 3621 2774 adversario
3646 2716 3834 2773 Domi-

2240 2831 2341 2871 nus
2375 2819 2427 2870 in
2478 2815 2731 2886 praesenti
2761 2814 2887 2871 loco
2932 2814 3078 2885 loqui
3136 2813 3478 2883 intelligitur,
3506 2813 3598 2882 qui
3629 2811 3832 2869 adsere

2239 2923 2368 2964 sans
2394 2909 2633 2979 peccatis
2653 2907 2861 2964 nostris
2890 2907 3121 2962 salutem
3144 2914 3386 2960 nostram
3414 2902 3714 2969 desiderat,
3737 2904 3832 2975 qui

2241 3016 2341 3057 nos
2369 3001 2573 3057 ideirco
2598 3001 2748 3071 cupit
2774 3001 2877 3056 sibi
2930 3014 3057 3057 esse
3086 3008 3514 3065 consentaneus,
3543 3007 3602 3053 ut
3632 3008 3687 3054 et
3718 3012 3835 3070 pte-

2242 3108 2338 3148 nas
2362 3093 2557 3149 inferni
2581 3091 2843 3159 evadere,
2868 3100 2922 3147 et
2944 3107 3106 3162 regna
3136 3091 3387 3148 cmlestia
3419 3091 3682 3161 consequi
3713 3105 3831 3147 me-

540 3185 770 3239 net‘anda
803 3187 1066 3242 sacriﬁcia
1098 3197 1301 3258 cogunt
1330 3205 1341 3241 :
1378 3189 1636 3259 numquid
1667 3199 1724 3244 et
1774 3201 1996 3261 propter
2030 3190 2138 3248 huc
2164 3193 2208 3253 C
2244 3202 2481 3243 reamur.
2532 3186 2606 3242 De
2636 3200 2744 3257 quo
2772 3196 2825 3241 et
2857 3185 3115 3242 Salomon
3149 3185 3201 3239 in
3243 3184 3385 3240 libro
3410 3199 3509 3239 suo
3535 3185 3723 3239 testari
3755 3182 3837 3239 vi-

532 3279 771 3349 jusmodi
819 3279 1164 3335 adversarios
1194 3282 1295 3336 boc
1325 3281 1592 3351 agendum
1635 3294 1751 3351 est,
1782 3286 2139 3355 quemadmo-

539 3369 666 3424 dum
700 3370 961 3425 voluntati
986 3371 1228 3441 ipsorum
1271 3387 1602 3430 consensum
1633 3376 1957 3446 sacrilegum
1986 3391 2138 3433 coma

540 3462 846 3525 ntodemus,
870 3478 937 3518 ne
966 3462 1169 3518 inimici
1196 3474 1544 3531 permaneant
1561 3466 1585 3519 ἲ
1596 3480 1834 3537 quorum
1858 3468 2140 3540 sacrilega

540 3553 880 3622 persuasioui
906 3569 1012 3609 nou
1034 3554 1193 3609 modo
1211 3558 1664 3612 consentiendum
1690 3575 1800 3614 non
1823 3572 1930 3625 eat,
1951 3576 2139 3617 verum

540 3646 704 3698 etiam
740 3646 936 3700 invicta
969 3646 1073 3701 ﬁde
1098 3648 1487 3704 resistendum.

615 3734 679 3789 ll.
724 3735 953 3804 Quidam
1000 3740 1162 3793 etiam
1214 3748 1400 3810 aperte
1431 3740 1801 3799 adversarium
1834 3744 1923 3799 hic
1952 3743 2143 3799 disboo

544 3827 654 3882 lum
690 3828 1103 3899 intelligendum
1130 3831 1476 3899 existimant;
1503 3834 1648 3905 quod
1680 3850 1783 3905 qua
1808 3837 2017 3892 ratione
2045 3836 2141 3892 ad-

542 3930 775 3987 struant,
810 3937 916 3977 non
948 3924 1346 3981 animadverto.
1382 3924 1439 3980 In
1467 3941 1577 3997 quo
1618 3928 1763 3983 enim
1810 3928 1972 3985 debet
2010 3945 2141 3985 cou-

543 4027 738 4067 sensus
780 4014 999 4069 diabolo
1045 4020 1417 4085 commodari;
1448 4019 1605 4091 cujus
1644 4020 1747 4076 hoc
1778 4036 1917 4092 Opus
1948 4034 2052 4091 est,
2085 4031 2145 4079 ut

547 4114 716 4160 totum
746 4116 934 4161 contra
970 4107 1151 4172 ﬁdem,
1185 4121 1370 4165 contra
1399 4111 1656 4177 salutem,
1684 4122 1875 4168 contra
1898 4115 2140 4172 divinam

545 4201 868 4274 religionem
895 4204 1139 4271 suadeat,
1170 4204 1441 4270 hortetur,
1462 4208 1822 4277 extorqueat?
1840 4206 1954 4263 Nisi
1981 4207 2155 4264 torsi—-

547 4305 637 4350 tau
670 4296 772 4352 hoc
801 4311 964 4353 sensu
995 4299 1229 4370 intelligi
1259 4300 1555 4368 debeat,ut
1582 4302 1626 4367 si
1660 4302 1796 4359 torte
1826 4314 2144 4374 persecutor

542 4390 741 4463 aliquis
771 4392 1024 4448 inimicus
1054 4395 1347 4460 exsistens,
1382 4395 1464 4449 vel
1495 4394 1746 4452 diabolus
1774 4396 1922 4468 (quia
1952 4408 2143 4455 auctor

546 4486 940 4555 persecutionis
990 4484 1096 4557 est)
1152 4485 1386 4542 voluerit
1434 4502 1596 4544 causa
1654 4490 1890 4545 nominis
1938 4480 2141 4548 Christi

2238 3279 2398 3336 detur
2448 3319 2464 3346 ,
2515 3294 2640 3335 cum
2701 3279 2878 3337 dicit:
2928 3278 3018 3334 Est
3067 3295 3235 3344 unus,
3276 3289 3323 3332 et
3377 3294 3479 3333 non
3528 3288 3601 3333 est
3652 3294 3837 3347 secuti-

2240 3371 2359 3438 dus,
2392 3382 2439 3425 et
2467 3370 2675 3442 quidem
2702 3387 2793 3426 nee
2821 3372 2994 3441 filius,
3022 3388 3114 3427 nec
3145 3376 3309 3437 frater
3338 3381 3410 3426 est
3438 3372 3509 3437 ei,
3536 3382 3584 3426 et
3612 3387 3714 3425 non
3758 3381 3832 3425 est

2241 3466 2363 3536 ﬁnis
2388 3466 2529 3520 omni
2552 3465 2721 3520 labori
2751 3482 2847 3520 suo
2879 3464 3077 3537 (Eccle.
3107 3481 3181 3531 tv,
3214 3464 3293 3537 8).
3343 3464 3453 3521 Et:
3486 3464 3683 3536 Optimi
3713 3473 3834 3519 sunt

2241 3561 2346 3615 dus
2375 3574 2531 3630 quam
2558 3558 2912 3630 unus,quibus
2924 3569 2996 3614 est
3024 3575 3217 3614 merces
3243 3558 3377 3613 bona
3406 3558 3555 3612 labor
3582 3560 3835 3629 ipsorum;

2241 3654 2363 3724 quia
2416 3654 2459 3707 si
2486 3652 2730 3708 ceciderit
2768 3669 2922 3717 unus,
2950 3656 3082 3708 alter
3108 3654 3265 3723 erigit
3311 3653 3507 3707 socium
3536 3668 3710 3706 suum.
3746 3651 3837 3708 Vss

2238 3747 2321 3800 illi
2342 3748 2431 3800 uni
2455 3764 2569 3800 cum
2613 3747 2872 3813 ceciderit,
2901 3747 3021 3817 quia
3050 3762 3153 3800 non
3178 3745 3331 3799 habet
3355 3746 3442 3815 qui
3470 3745 3633 3815 erigat
3682 3745 3839 3799 illum

2245 3841 2437 3914 (Ibid.,
2467 3840 2522 3908 9,
2560 3841 2647 3913 10)
2678 3858 2693 3895 :
2723 3840 3024 3897 ostendens
3069 3842 3194 3911 quia
3246 3855 3378 3896 caro
3427 3853 3549 3910 quae
3597 3852 3833 3894 concor-

2243 3935 2388 3991 diam
2413 3943 2469 3991 et
2495 3934 2809 3991 Socii-tatem
2843 3934 3017 3991 sancti
3053 3934 3292 4003 Spiritus
3315 3933 3521 3989 habere
3550 3933 3835 4001 meruerit,

2242 4042 2365 4082 cum
2398 4025 2451 4081 iu
2478 4034 2708 4082 mortem
2736 4024 3021 4091 ceciderit,
3041 4025 3110 4082 ab
3139 4025 3334 4081 eodem
3359 4024 3569 4097 Spiritu
3598 4024 3840 4094 erigatur

2240 4117 2297 4176 in
2316 4118 2477 4173 vitam
2506 4128 2559 4173 et
2590 4119 2820 4187 gloriam
2865 4117 3280 4187 sempiternam.
3338 4118 3403 4172 Et
3452 4116 3601 4185 ideo,
3635 4133 3713 4171 va:
3743 4117 3838 4173 uni

2242 4213 2319 4268 illi
2344 4212 2520 4278 dixit;
2553 4213 2676 4284 quia
2709 4227 2835 4267 cum
2873 4211 3164 4277 ceciderit,
3191 4226 3298 4266 non
3351 4210 3518 4267 habet
3545 4211 3635 4281 qui
3662 4210 3842 4282 erigat

2242 4322 2368 4363 eum
2401 4323 2413 4360 :
2449 4304 2501 4360 id
2553 4314 2660 4370 est,
2700 4306 2826 4377 quia
2875 4319 3005 4361 caro
3048 4320 3168 4376 qua:
3210 4305 3550 4360 consortium
3597 4304 3839 4376 Spiritus

2244 4415 2342 4471 per
2361 4398 2739 4456 inﬁdelitatem
2765 4411 2918 4453 suam
2951 4413 3057 4452 non
3081 4396 3347 4453 meruerit
3385 4396 3609 4464 habere,
3641 4412 3750 4452 non
3783 4399 3838 4454 in

2244 4494 2410 4550 vitam
2436 4502 2698 4549 aeternam
2726 4491 2975 4562 erigitur,
3022 4488 3116 4545 sed
3150 4490 3204 4544 in
3255 4504 3472 4560 pmnam
3519 4499 3836 4560 perpetuam

543 4578 853 4633 Christiano
884 4588 1114 4634 mortem
1147 4578 1371 4645 inferre,
1403 4579 1636 4637 libenter
1679 4596 2008 4639 consensum
2047 4599 2139 4640 ac-
2168 4582 2220 4642 D
2244 4589 2536 4643 suscitatur
2567 4586 2637 4639 ab
2658 4601 2725 4641 eo
2770 4585 2859 4655 qui
2912 4584 3081 4655 judex
3115 4585 3367 4640 vivorum
3398 4594 3452 4639 et
3498 4592 3839 4640 mortuorum

543 4670 874 4735 Commodet,
915 4680 972 4726 ut
1002 4672 1162 4727 morti
1198 4686 1294 4741 pro
1320 4670 1542 4729 Christo
1593 4673 1862 4742 tradatur,
1888 4691 1956 4731 ne
1995 4677 2141 4733 idem

544 4766 816 4832 diabolus,
850 4766 939 4835 qui
980 4775 1249 4820 accusator
1295 4776 1465 4821 noster
1513 4776 1629 4835 est,
1671 4783 1793 4825 reos
1847 4782 1947 4824 nos
1996 4768 2138 4839 apud

546 4856 716 4911 Deum
769 4858 1067 4913 constituat
1109 4864 1178 4913 de
1212 4856 1335 4913 ﬁdei
1372 4860 1847 4928 praevaricatione,
1882 4869 1938 4915 et
1964 4874 2142 4930 poena:

541 4951 807 5006 obnoxios
853 4951 1014 5007 faciat
1044 4970 1057 5008 :
1086 4952 1212 5023 quia
1237 4952 1509 5021 diabolus,
1538 4955 1786 5023 quamvis
1827 4955 2008 5011 omnis
2035 4956 2143 5013 cri-

545 5044 707 5098 minis
751 5056 943 5099 auctor
970 5047 1061 5112 sit,
1098 5046 1214 5116 ipse
1261 5056 1438 5104 tamen
1470 5056 1525 5102 et
1560 5056 1847 5103 accusator
1891 5056 1993 5103 est.
2024 5048 2139 5106 Hoc

542 5138 688 5194 enim
719 5138 920 5195 dictum
952 5140 1021 5197 de
1051 5156 1117 5196 eo
1146 5142 1199 5195 in
1228 5141 1517 5213 Apocalysi
1550 5141 1777 5212 legimus
1808 5163 1822 5199 :
1855 5141 1920 5196 Et
1955 5145 2141 5214 praxi-

540 5233 732 5301 pitatus
757 5244 853 5299 est,
871 5234 1063 5305 inquit,
1090 5235 1257 5290 Draco
1274 5247 1546 5291 accusator
1574 5238 1795 5307 fratrum
1822 5247 2140 5308 nostrorum,

542 5328 649 5401 52
686 5330 774 5401 qui
803 5330 1073 5384 accusabat
1103 5346 1187 5383 eos
1218 5331 1270 5384 in
1316 5341 1590 5400 conspectu
1640 5330 1737 5385 Dei
1774 5331 1861 5387 die
1887 5349 1949 5387 ac
1995 5342 2144 5388 nocte

542 5423 732 5491 (Apoc.
770 5438 865 5489 xu,
902 5422 1010 5494 10).
1044 5422 1163 5491 ipse
1206 5438 1419 5489 suasor,
1451 5423 1568 5493 ipse
1609 5432 1894 5480 accusator
1924 5424 2142 5492 suadet,

543 5526 601 5573 ut
624 5516 895 5588 decipiat;
924 5526 1167 5585 accusat,
1200 5524 1259 5571 nt
1288 5515 1536 5570 damnet.

609 5692 636 5720 ι
676 5681 832 5749 Apud
874 5675 1121 5733 Galland.
1170 5694 1182 5731 :
1215 5674 1545 5734 Tnacnws
1571 5658 1660 5733 VII
1699 5680 1749 5731 in
1781 5668 1841 5733 S.
1898 5672 2136 5739 Matthxi

534 5748 895 5821 Evdngélium.

608 5822 633 5862 δ
676 5818 765 5883 Al.
794 5818 996 5894 plenior

2243 4688 2366 4737 est:
2400 4678 2488 4736 cui
2541 4687 2628 4735 est
2657 4678 2775 4734 laus
2820 4685 2877 4732 et
2908 4677 3108 4747 gloria,
3142 4677 3195 4733 in
3241 4678 3437 4734 saecula
3485 4678 3834 4733 satculorum.

2241 4773 2438 4831 Amen.

2672 4864 2784 4937 ει
2819 4862 3239 4922 ἰ-[ιΑοτΑτυδ
3293 4863 3367 4920 IX
3390 4875 3437 4919 ο.

2565 4999 2629 5055 1η
2659 5004 2813 5070 caput
2845 5000 2875 5054 ι
2901 4986 3172 5071 Evangelii
3196 4998 3259 5055 8.
3291 4995 3540 5055 nstitui.

2250 5156 2253 5157 '
2314 5140 2357 5196 Ι.
2387 5138 2592 5196 Deinde
2633 5139 2709 5194 ait
2739 5155 2752 5191 :
2784 5136 3034 5201 Audistis,
3080 5136 3204 5208 quia
3226 5134 3420 5188 dictum
3462 5143 3537 5189 est
3566 5133 3833 5201 antiquis:

2247 5233 2367 5289 Non
2388 5232 2737 5289 ntmcltaberis.
2775 5229 2884 5304 Ego
2912 5241 3085 5284 autem
3106 5230 3220 5283 dico
3248 5228 3387 5284 vobis
3420 5244 3438 5281 :
3470 5212 3531 5281 Si
3550 5228 3663 5297 quis
3692 5224 3838 5280 vide-

2241 5329 2309 5382 rit
2327 5327 2592 5382 mulierem
2614 5324 2683 5379 ad
2711 5323 3177 5393 concupiscendum
3224 5336 3362 5384 cam,
3394 5322 3511 5389 jam
3557 5323 3840 5373 inec/tatus

2244 5432 2319 5477 est
2345 5423 2401 5477 in
2455 5421 2608 5476 corde
2653 5436 2747 5474 suo
2789 5416 3008 5490 (Matth.
3033 5434 3086 5481 v,
3125 5416 3221 5484 27,
3250 5415 3368 5486 28).
3404 5412 3522 5469 Non
3562 5412 3841 5467 immerito

2245 5522 2469 5571 sanctus
2490 5511 2659 5568 David
2707 5510 2817 5577 ait,
2843 5509 3076 5568 dicendo
3109 5524 3121 5561 :
3155 5507 3238 5563 Tu
3292 5507 3553 5561 mandasti
3594 5504 3843 5560 mandata

2315 5686 2338 5715 ο
2364 5666 2521 5746 Apud
2561 5666 2817 5731 σκιαδῆα.
2854 5690 2867 5726 ε
2901 5668 3227 5732 Tntcrn‘us
3266 5652 3381 5729 vttl
3432 5656 3484 5725 in
3512 5654 3576 5727 s.
3602 5654 3851 5733 nauta:

2243 5745 2602 5821 Evangelittm.
