4172 6182
410 297 518 351 549

1279 295 1695 354 TRACTATUS
1735 296 1782 352 ιι
1822 296 1885 353 lN
1927 287 2380 355 EVANGELIUM
2421 293 2477 358 s.
2509 285 2865 356 iturust.

3589 273 3716 358 esti

408 425 494 468 tua
521 414 774 469 custodiri
804 417 957 471 nimis
984 416 1103 487 (Ps.
1143 431 1334 476 cxvtn,
1379 413 1458 485 4).
1492 413 1643 469 Adeo
1668 415 1845 481 nimis,
1875 412 2001 486 quia
2029 414 2083 484 Α
2109 416 2447 470 membrorum
2478 425 2703 482 tuarum,
2734 425 2886 486 quam
2919 424 3077 471 totum
3108 415 3296 490 corpus
3335 419 3479 474 tuum
3522 427 3603 476 eat
3655 421 3708 477 iit

407 524 514 564 non
544 510 720 564 solum
746 509 1099 574 adulterium,
1128 509 1224 565 sed
1246 511 1410 565 etiam
1441 507 1880 578 concupiscentia
1911 521 2004 566 rea

404 612 655 658 teneatur
692 603 760 658 ad
787 605 1014 660 crimen.
1047 603 1156 659 Les
1185 602 1514 658 adulterium
1559 601 1802 665 damnat,
1830 603 2006 658 Evan-

403 693 606 765 gelium
642 710 775 751 vero
795 697 957 751 etiam
983 695 1483 766 concupiscentiam
1513 695 1822 765 punit,qua:
1848 695 2002 749 radix

403 796 489 843 est
512 787 788 843 adulterii.
819 787 975 846 Unde
1006 805 1103 860 per
1132 789 1506 854 Salomonem,
1558 788 1747 842 multis
1777 787 1910 843 locis
1949 785 2002 842 id

402 881 580 950 ipsum
610 882 848 952 Spiritus
897 893 1120 940 sanctus
1145 891 1508 946 contestatur,
1556 882 1787 937 dicendo
1825 899 1838 935 :
1875 881 2004 936 Post

400 976 852 1042 concupiscendos
898 985 1014 1032 tuas
1059 993 1163 1032 non
1192 993 1299 1041 eas,
1331 988 1376 1030 et
1423 994 1455 1030 a
1481 975 1740 1048 uoluptate
1793 985 1882 1030 tua
1919 992 2006 1030 ve-

402 1076 516 1122 tare
540 1083 561 1131 ,'
588 1068 714 1139 quia
735 1069 781 1123 si
803 1069 1009 1124 dederis
1031 1070 1223 1123 animle
1251 1080 1356 1124 tua:
1383 1071 1871 1140 concupiscentiam,
1897 1081 2005 1123 tra-

400 1162 486 1216 det
535 1170 584 1218 te
609 1163 662 1216 in
701 1165 950 1235 gaudium
991 1165 1216 1218 inimicis
1247 1165 1350 1219 tuis
1394 1171 1442 1217 et
1472 1164 1662 1218 invidis
1703 1164 1798 1217 tuis
1830 1162 1998 1236 (Eccl.

405 1270 572 1319 xvnt,
603 1255 832 1326 50,31).
867 1256 934 1312 Et
959 1257 1153 1312 iterum
1187 1275 1198 1310 :
1228 1255 1310 1312 Ne
1336 1257 1423 1311 des
1456 1257 1747 1328 fornicariis
1773 1258 2001 1311 animant

405 1363 549 1404 tuam
581 1351 635 1403 in
661 1351 796 1415 ulla,
829 1366 892 1404 ne
917 1352 1104 1420 perdas
1133 1361 1182 1406 te
1207 1361 1253 1404 et
1299 1351 1650 1404 Itwreditatem
1679 1361 1836 1404 tuam.
1873 1349 2003 1404 Noli

399 1444 797 1514 circumspicere
825 1445 879 1498 in
911 1445 1037 1498 uicis
1066 1445 1316 1511 ciuitatis,
1340 1460 1432 1498 nec
1465 1443 1782 1499 oberraueris
1808 1445 1861 1498 in
1887 1446 2003 1515 pla-

397 1536 495 1589 teis
525 1534 686 1590 illius.
723 1535 906 1590 Auerte
933 1535 1121 1606 faciem
1149 1545 1290 1590 tuam
1323 1553 1355 1590 a
1381 1536 1595 1590 muliere
1625 1545 1846 1607 compta,
1872 1546 1916 1589 at
1940 1552 2002 1590 ne

395 1626 830 1694 circumspexeris
877 1627 1101 1699 speciem
1128 1627 1353 1682 alienam
1387 1625 1582 1698 (Eccli.
1615 1643 1694 1692 ιιι,
1728 1628 1781 1691 6,
1815 1626 1894 1694 8).
1933 1627 2002 1680 Et

399 1728 590 1789 postea
617 1718 861 1774 addidit:
895 1720 1134 1791 Speciem
1158 1721 1345 1776 aliena:
1375 1721 1605 1775 mulieris
1642 1720 1791 1772 nmtti
1832 1719 1999 1772 admi-

2108 509 2391 582 geltennam
2420 507 2634 579 (Matth.
2660 523 2816 576 χιιι,
2861 508 2953 576 29,
2986 510 3100 581 50).
3132 509 3249 567 Non
3299 513 3518 568 acutum
3570 511 3707 570 mtht

2107 601 2195 656 vel
2228 615 2445 656 manum
2468 596 2713 671 corporis
2744 603 2962 657 humani
3002 602 3292 674 significat,
3343 604 3438 662 sed
3484 606 3703 662 oculum

2108 697 2193 751 vel
2240 699 2459 750 manum
2489 695 2669 751 cordis
2699 714 2712 750 :
2745 696 2794 749 id
2824 701 2928 760 ‘cst,
2959 703 3179 752 Sensum
3237 697 3397 752 make
3448 678 3714 770 concupii

2107 785 2325 843 scettliur
2340 801 2393 843 et
2411 788 2650 842 carnalis
2670 788 2924 842 desiderii
2949 790 3196 845 abscindi
3211 791 3278 846 de
3296 791 3553 848 cordibus
3577 795 3711 862 prte-

2106 882 2259 951 cipit,
2299 881 2444 936 unde
2473 881 2651 934 omnia
2679 881 2818 934 mala
2860 879 3156 951 procedere
3193 882 3312 952 ipse
3356 880 3616 940 Dominus
3652 878 3706 939 in

2107 975 2404 1046 Evangelia
2431 975 2762 1038 manifestat,
2780 971 3048 1031 dicendo:
3080 973 3159 1030 De
3183 977 3340 1032 carde
3365 977 3499 1032 enim
3517 981 3710 1034 exeunt

2106 1069 2440 1144 (agitationes
2471 1070 2642 1132 tnalw,
2672 1065 3034 1135 homicidium,
3086 1071 3423 1135 adulterium,
3457 1072 3709 1144 blasplte-‘

2106 1163 2242 1226 mite,
2278 1163 2412 1232 falsa
2441 1162 2753 1221 testimonia,
2779 1169 2829 1215 et
2858 1167 3044 1216 uetera
3073 1177 3185 1232 qua:
3235 1163 3572 1233 coinquinant
3604 1163 3704 1218 fta-

2107 1259 2295 1313 m‘iuem
2324 1257 2542 1328 (Matth.
2582 1273 2670 1323 xv,
2712 1257 2795 1322 l9,
2835 1256 2949 1326 20).
2999 1258 3222 1324 Verum,
3256 1273 3453 1331 corpus
3482 1257 3706 1316 detrun-

2104 1366 2231 1406 carc
2263 1350 2396 1405 nihil
2433 1351 2643 1415 prolicit
2675 1344 2742 1404 ad
2785 1351 2940 1403 mala:
2989 1352 3187 1404 mentis
3237 1351 3705 1419 emendationem,

2107 1444 2158 1497 in
2191 1459 2295 1514 qua
2327 1453 2469 1498 tatus
2491 1441 2690 1512 gurges
2721 1451 2804 1497 est
2839 1442 3117 1497 vitiorum.
3166 1441 3413 1513 Denique
3456 1443 3710 1498 videmus

2106 1537 2304 1590 multos
2326 1536 2548 1589 orbatos
2571 1536 2744 1590 oculis
2775 1523 2859 1590 vel
2883 1542 3114 1604 corpore
3137 1535 3469 1602 debilitatos,
3507 1553 3533 1589 ιι
3564 1533 3710 1591 vitiis

2105 1637 2283 1684 tamen
2317 1646 2421 1683 non
2455 1639 2690 1684 cessare.
2728 1629 2882 1685 Unde
2913 1629 3029 1684 inec
3068 1631 3243 1701 magis
3271 1630 3512 1686 membra
3543 1629 3706 1686 vitio-

2103 1738 2244 1786 rmn,
2278 1722 2434 1776 mala:
2459 1723 2682 1790 mentis,
2709 1733 2763 1777 et
2788 1731 2968 1792 prava:
3001 1722 3354 1794 cogitationis
3383 1725 3705 1780 exscindere

397 1821 580 1865 rantes
626 1813 888 1880 reprabati
916 1824 1081 1869 sunt:
1118 1814 1434 1884 colloquium
1485 1813 1622 1867 enim
1667 1811 1815 1866 illius
1850 1812 1998 1880 quasi
2031 1826 2075 1884 Β
2106 1825 2204 1869 tius
2235 1815 2493 1870 Domitius
2530 1817 2791 1886 praecipit,
2821 1823 3042 1886 propter
3094 1816 3341 1888 Regnum
3389 1819 3654 1874 caelorum
3692 1835 3706 1874 :

393 1906 533 1974 ignis
560 1906 785 1960 ardescit
818 1904 1014 1976 (lbid.,
1046 1906 1160 1974 11).
1189 1906 1337 1962 Bene
1366 1906 1530 1970 dixit,
1557 1906 1703 1971 quasi
1731 1905 1868 1974 ignis
1906 1919 1999 1958 ar-

396 1999 565 2052 descit
585 2015 604 2052 :
637 1998 762 2068 quia
794 1999 848 2053 in
882 1998 1192 2068 hujusmodi
1214 1998 1460 2054 mulieris
1479 1999 1754 2069 colloquio
1781 1997 2000 2053 desides

397 2093 542 2148 rium
574 2092 819 2148 libidinis
879 2094 1037 2165 quasi
1077 2095 1218 2166 ignis
1247 2093 1587 2150 accenditur.
1617 2092 1770 2149 Unde
1824 2093 2001 2148 vitare

398 2187 570 2244 debes
621 2188 781 2244 talem
835 2189 1147 2255 mulierem,
1186 2205 1254 2245 ne
1311 2197 1365 2244 te
1412 2188 1627 2242 ﬂamma
1687 2187 2000 2256 cupiditatis

397 2280 510 2353 55
568 2287 781 2336 exurat.
826 2281 956 2338 ideo
1015 2291 1072 2337 et
1117 2282 1376 2337 Salomon
1424 2282 1500 2336 ait
1537 2297 1551 2332 :
1595 2279 1718 2335 Non
1747 2292 1795 2336 te
1835 2281 2002 2335 uincat

395 2377 585 2442 [armat
638 2374 973 2441 desiderium,
1017 2393 1181 2446 neque
1221 2377 1449 2445 capiaris
1488 2376 1655 2430 oculis
1682 2375 1805 2439 tuis,
1840 2390 2001 2445 neque

397 2467 626 2536 rapiaris
671 2468 931 2540 palpebris
978 2470 1081 2524 tuis
1116 2469 1303 2542 (Prov.
1335 2485 1408 2532 vr,
1437 2469 1508 2524 Q5
1561 2486 1662 2524 sec.
1696 2466 1887 2540 LXX).
1932 2468 2002 2523 Et

399 2558 599 2615 iterum
628 2561 703 2614 ait
732 2577 745 2613 :
777 2563 941 2631 Aufer
967 2578 998 2614 a
1025 2577 1104 2616 me
1137 2563 1326 2617 uentris
1347 2561 1648 2616 concubitus
1677 2569 1704 2598 ⁸
1729 2563 2000 2626 concupis-

398 2653 641 2714 centiam,
687 2662 738 2706 et
783 2654 1082 2709 concubitus
1109 2655 1542 2725 concupiscentia
1576 2672 1677 2708 non
1712 2655 2000 2724 apprehen-

398 2745 489 2797 dat
519 2761 618 2812 me,
649 2757 695 2801 et
722 2746 911 2802 animae
937 2748 1239 2803 irreuerenti
1264 2758 1310 2805 et
1334 2746 1364 2786 δ
1384 2749 1660 2818 infrenata:
1684 2764 1746 2802 ne
1774 2749 2002 2804 tradide-

396 2842 472 2892 ris
502 2854 581 2893 me
611 2837 798 2909 (Eccli.
844 2857 997 2907 χχιιι,
1030 2841 1109 2912 6).
1160 2842 1459 2898 Audiamus
1508 2853 1562 2896 et
1603 2843 1818 2897 beatum
1873 2842 1998 2909 Job,

399 2933 493 3004 qui
516 2949 573 2987 sc
618 2935 668 2987 in
711 2935 961 2990 munibus
991 2938 1188 3018 .virum
1227 2937 1605 3007 evangelicum
1669 2935 1920 3004 praebuit,
1945 2947 2001 2990 et

402 3025 719 3082 mandatum
764 3027 1002 3092 Domini,
1043 3037 1335 3099 antequam
1374 3027 1608 3089 audiret,
1645 3027 1915 3097 implevit,
1948 3027 1998 3082 id

399 3120 578 3188 ipsum
603 3119 672 3176 de
700 3135 761 3176 se
801 3122 1122 3188 cantestari,
1153 3133 1277 3176 cum
1329 3120 1458 3175 dicit
1501 3120 1606 3175 :Si
1648 3121 1856 3189 deﬂexit
1911 3125 2000 3189 pes

2106 1923 2174 1962 ne
2206 1907 2610 1963 dominantibus
2641 1908 2804 1975 vitiis,
2849 1915 2902 1963 et
2949 1913 3148 1979 corpus
3175 1920 3231 1964 et
3252 1911 3456 1974 anima,
3515 1910 3566 1965 id
3597 1917 3704 1975 est,

2105 2007 2250 2055 totus
2273 2001 2434 2054 homo
2458 2009 2582 2055 retis
2627 2001 2893 2055 efliciatur
2920 2000 3057 2070 ignis
3107 2003 3315 2056 :cterni.
3347 2000 3574 2067 Quidam
3607 2013 3703 2055 att-

2109 2101 2218 2147 tetn
2250 2091 2351 2146 hoc
2375 2092 2444 2147 de
2485 2093 2605 2146 llltis
2659 2093 2744 2146 vel
2797 2093 3064 2161 proximis
3111 2092 3524 2164 intelligendum
3580 2097 3705 2150 esse

2104 2185 2449 2249 existimant,
2480 2185 2570 2255 qui
2596 2185 2752 2239 nobis
2777 2185 2921 2240 velut
2945 2183 3088 2240 oculi
3111 2185 3305 2256 capitis
3322 2183 3472 2242 citari
3490 2195 3615 2240 sunt
3641 2197 3706 2242 ac

2103 2276 2323 2342 dilecd;
2359 2273 2464 2348 ετ
2493 2287 2548 2330 nt
2573 2278 2618 2331 si
2651 2277 2790 2333 ferte
2816 2278 2981 2349 aliqui
3027 2277 3096 2333 de
3133 2277 3441 2349 huiusmodi
3488 2277 3610 2333 lidei
3641 2293 3706 2333 ac

2103 2371 2218 2440 spei
2245 2381 2446 2426 nostra:
2475 2372 2737 2426 contrarii
2781 2374 3084 2428 existentes
3109 2372 3424 2426 Scandalutn
3475 2384 3707 2442 genera-

2105 2467 2301 2534 veriut,
2335 2466 2660 2538 objiciuntur
2683 2467 2913 2532 anubis,
2937 2473 2991 2523 et
3020 2473 3077 2521 ut
3123 2467 3322 2521 inimici
3365 2466 3559 2522 salutis
3609 2465 3704 2520 ha-

2101 2561 2374 2616 beantur:
2427 2577 2493 2617 ne
2523 2565 2645 2616 cum
2696 2561 2963 2631 ejusmodi
3011 2562 3321 2616 hominibus
3377 2559 3596 2632 perﬁdis
3649 2567 3706 2615 et

2103 2654 2437 2723 blaSplieinis
2455 2657 2827 2726 unusquisque
2852 2661 3093 2709 nostrum
3113 2654 3374 2722 Sociatus,
3400 2654 3512 2722 pari
3541 2661 3701 2725 paena

2102 2747 2411 2802 damnetur.

2177 2839 2262 2893 Ill.
2307 2835 2413 2894 Sed
2435 2839 2557 2910 quia
2580 2840 2826 2910 corporis
2853 2838 3056 2894 mentio
3085 2838 3222 2892 facta
3256 2841 3361 2904 est,
3392 2837 3592 2893 rectius
3649 2831 3702 2890 id

2105 2933 2273 3002 magis
2297 2933 2364 2986 de
2419 2947 2648 3001 corpore
2690 2930 2953 2986 Ecclesia-
2996 2939 3177 3001 potest
3204 2930 3473 2999 intelligi:
3517 2928 3570 2983 in
3600 2941 3708 2998 quo

2103 3029 2310 3089 Oculus,
2343 3027 2489 3082 velut
2515 3027 2808 3097 pretiosum
2831 3024 3152 3089 membrum,
3207 3023 3497 3093 episcotnts
3534 3020 3704 3092 signi-

2105 3122 2292 3175 ticatns
2319 3122 2652 3191 agnoscitur,
2681 3121 2772 3190 qui
2801 3119 3004 3174 lumine
3041 3117 3282 3172 mandati
3309 3116 3477 3172 divini
3521 3125 3690 3170 totum

399 3229 542 3266 meus
572 3213 636 3267 de
659 3214 763 3280 via,
793 3223 840 3268 et
870 3225 1102 3269 secutum
1129 3223 1207 3270 est
1242 3232 1329 3268 cor
1362 3231 1530 3268 nteum
1556 3215 1766 3268 oculum
1792 3229 1993 3281 meum,
2023 3224 2067 3283 (ἶ
2102 3230 2298 3286 corpus
2327 3216 2614 3270 illutninat.
2647 3213 2724 3270 De
2765 3215 2864 3268 hoc
2895 3230 3024 3284 ergo
3050 3213 3255 3268 dictum
3309 3221 3458 3267 recte
3500 3204 3701 3265 intelli-

395 3309 442 3360 si
469 3309 702 3362 manibus
735 3308 857 3363 meis
883 3309 1022 3379 tetigi
1047 3325 1280 3376 munera,
1303 3309 1393 3362 alii
1421 3309 1617 3378 fructus
1643 3325 1783 3363 meos
1803 3310 1955 3362 edant
1980 3325 1996 3360 :

395 3401 440 3453 si
471 3411 700 3452 secutum
740 3411 811 3454 est
853 3418 941 3455 car
985 3418 1156 3456 meum
1187 3407 1400 3456 uxorem
1428 3402 1674 3466 alienam,
1707 3414 1795 3456 aut
1837 3403 1881 3455 si
1915 3418 1999 3455 ns-

401 3494 587 3546 siduus
617 3495 693 3562 fui
747 3493 814 3547 ad
863 3495 1032 3560 illam,
1061 3496 1265 3566 placeat
1301 3503 1347 3549 et
1399 3511 1529 3549 uxor
1559 3512 1670 3550 mea
1717 3495 1866 3548 alteri
1908 3493 1998 3549 Ira

398 3586 539 3640 enim
591 3585 784 3654 furoris
816 3597 888 3642 est
931 3598 980 3644 et
1025 3587 1278 3642 immundi
1331 3589 1566 3658 spiritus,
1620 3587 1998 3642 commaculare

397 3679 668 3732 mulierem
699 3679 836 3734 uiri:
863 3681 998 3752 ignis
1025 3690 1102 3735 est
1149 3681 1341 3736 ardens
1398 3679 1542 3753 (Job.
1599 3697 1748 3739 χχιιι,
1783 3681 1835 3744 7,
1884 3681 1991 3752 i2).

398 3769 575 3836 Unde,
607 3770 732 3841 quia
778 3786 940 3842 grave
974 3779 1252 3842 peccatum
1299 3782 1384 3827 est
1410 3771 1759 3836 adulterium,
1796 3773 1861 3825 ad
1893 3787 1996 3826 ex-

406 3863 743 3933 stirpandam
787 3865 1027 3920 radicem
1059 3867 1268 3936 peccati
1327 3867 1519 3935 ipsius,
1552 3881 1618 3919 ne
1664 3865 1993 3920 conscientia

397 3968 584 4012 nostra
613 3958 938 4026 maculetur,
965 3957 1130 4014 etiam
1161 3958 1658 4028 concupiscentiam
1689 3955 1991 4018 interdixit,

400 4066 522 4120 qua:
548 4063 631 4106 est
658 4051 917 4108 adulterii
949 4055 1126 4124 origo,
1152 4054 1452 4108 secundum
1485 4052 1627 4122 quod
1670 4052 1862 4108 beatus
1905 4051 1996 4106 Ja-

401 4142 570 4199 cobus
592 4143 644 4198 in
673 4143 916 4214 Epistula
939 4160 1054 4206 sua
1086 4142 1256 4201 refert
1280 4163 1291 4198 :
1320 4144 1770 4212 Concupiscentia,
1799 4144 1990 4213 inquit,

397 4237 534 4306 parit
563 4247 846 4306 peccatum,
876 4238 1068 4310 peccati
1096 4248 1268 4292 autem
1315 4237 1731 4306 concupiscentia
1775 4236 1994 4306 acquirit

393 4339 608 4382 mortem
636 4327 776 4398 (Jac.
802 4329 961 4402 1,15).
985 4329 1194 4386 Idcirco
1221 4341 1276 4386 et
1304 4346 1398 4401 per
1423 4330 1588 4385 David
1618 4330 1851 4400 Spiritus
1866 4343 1994 4382 san-

393 4430 516 4477 ctus
535 4421 604 4476 de
638 4420 743 4478 hoc
771 4421 892 4492 ipso
921 4422 995 4478 ita
1025 4423 1264 4492 loiluitur
1290 4440 1302 4475 :
1338 4421 1555 4490 Beatus,-
1582 4420 1777 4492 inquit,
1800 4421 1888 4490 qui
1913 4428 1991 4474 te-

395 4512 551 4580 nebit,
581 4513 830 4585 ctballidet
869 4517 1112 4586 paruulos
1139 4531 1264 4571 suos
1288 4515 1358 4569 ad
1389 4525 1588 4591 petram
1617 4514 1740 4578 (Ps.
1769 4529 1986 4579 cxxxvr,

2102 3308 2280 3376 gitur:
2325 3306 2386 3361 Si
2408 3308 2588 3361 oculus
2625 3311 2742 3359 tuus
2774 3303 3100 3360 scandalizat
3147 3314 3211 3371 te,
3270 3301 3392 3357 erue
3441 3319 3556 3357 eum
3589 3345 3603 3364 ,
3655 3297 3705 3356 et

2104 3401 2298 3473 profice
2323 3401 2411 3454 abs
2437 3409 2519 3454 te:
2547 3400 2750 3472 expedit
2779 3401 2915 3454 enim
2946 3399 3035 3452 libi
3056 3410 3111 3452 ut
3135 3402 3307 3471 parcat
3336 3413 3496 3451 unum
3537 3405 3699 3450 mem-

2100 3495 2308 3548 brorum
2339 3503 2564 3560 tuoruttt,
2595 3502 2749 3564 quam
2780 3499 2943 3547 latum
2981 3505 3166 3564 corpus
3208 3499 3354 3544 tuum
3397 3499 3480 3545 eat
3521 3490 3576 3543 in
3616 3507 3702 3562 ge-

2101 3589 2319 3639 hennam
2353 3603 2365 3638 :
2403 3595 2454 3640 ttt
2486 3588 2530 3640 si
2584 3588 2720 3641 forte
2751 3584 3057 3654 hujitsttiodi
3093 3585 3282 3637 oculus
3308 3627 3322 3650 ,
3381 3583 3432 3637 id
3462 3595 3543 3638 est
3585 3581 3701 3651 epi—

2098 3691 2317 3748 scapus,
2350 3692 2444 3742 per
2468 3693 2683 3747 pravam
2712 3679 2870 3731 tidem
2899 3689 2953 3731 et
2988 3686 3196 3746 turpem
3230 3677 3700 3730 conversationem

2101 3771 2356 3826 Ecclesim
2375 3767 2689 3824 scandalum
2723 3769 2906 3834 fuerit,
2932 3771 3234 3825 eruendum
3271 3773 3398 3823 euin
3455 3783 3606 3829 esse,
3646 3763 3702 3822 id

2096 3877 2178 3920 est
2218 3864 2586 3937 :ibjicicndum
2632 3881 2658 3916 a
2703 3875 2936 3933 corpore
2974 3863 3240 3918 Ecclesiae
3291 3861 3571 3930 praecipit,
3628 3875 3699 3916 ne

2097 3965 2323 4027 peccato
2347 3958 2516 4029 ipsius
2541 3965 2666 4012 reus
2717 3957 2948 4027 populus
2979 3955 3249 4010 teneatur.
3297 3953 3574 4023 Scriptum
3614 3959 3702 4008 est

2094 4054 2238 4108 enim
2269 4054 2393 4123 quia
2444 4053 2702 4106 modicum
2755 4055 3058 4124 fermentum
3111 4057 3268 4104 totum
3311 4063 3534 4101 massam
3581 4062 3696 4099 cor-

2091 4149 2286 4220 rumpit
2314 4146 2355 4220 (Ι
2386 4146 2502 4202 Car.
2537 4157 2587 4210 v,
2613 4147 2648 4201 6
2676 4143 2715 4216 ).
2749 4148 2811 4200 lit
2840 4144 3033 4201 iterum
3072 4163 3086 4200 :
3119 4147 3331 4216 Auferte
3382 4141 3572 4195 malum
3629 4138 3699 4193 de

2093 4241 2235 4295 vobis
2272 4242 2400 4311 ipsis
2431 4242 2448 4311 (
2476 4239 2636 4304 lbid.,
2673 4237 2802 4310 13).
2833 4241 2889 4295 In
2930 4254 3095 4294 manu
3133 4251 3264 4293 vero
3296 4235 3588 4307 presbyter
3623 4234 3698 4289 si;

2090 4335 2380 4404 gniiicatus
2410 4321 2726 4404 intelligitur
2756 4351 2769 4388 :
2803 4333 2892 4404 qui
2927 4333 2970 4388 si
3009 4341 3063 4387 et
3105 4331 3220 4400 ipse
3265 4339 3485 4400 pravam
3527 4326 3694 4382 fidem

2094 4438 2283 4482 tenens
2299 4436 2388 4482 aut
2420 4434 2524 4482 non
2546 4431 2689 4481 recte
2707 4426 2911 4488 vivens,-
2935 4425 3245 4480 seandalum
3269 4421 3466 4493 popula
3485 4413 3694 4488 iecerit,

2092 4521 2334 4576 abscinli
2367 4533 2490 4576 eum
2517 4517 2773 4575 Dominus
2798 4521 2949 4590 jubet
2976 4535 2990 4585 ;
3042 4519 3092 4572 id
3121 4526 3205 4574 est
3235 4517 3419 4586 abjici,
3452 4531 3520 4570 ne
3569 4522 3697 4583 pec-

394 4605 473 4677 9).
505 4605 658 4662 llnnc
695 4606 911 4662 beatum
938 4618 995 4663 et
1017 4624 1146 4665 vere
1187 4609 1558 4678 evangelicum
1583 4608 1758 4663 virum
1807 4617 1990 4662 osten-

2101 4615 2408 4683 catoipsius
2434 4614 2673 4669 Ecclesia
2703 4613 3007 4667 maculatur
3034 4653 3048 4679 ,
3096 4619 3218 4665 cum
3273 4609 3516 4664 Ecclesia
3567 4608 3693 4677 jus-

392 4701 552 4767 dcns,
570 4702 661 4773 qui
680 4702 946 4760 desideria
964 4703 1504 4774 etconcupisceutias
1527 4703 1707 4758 carnis
1733 4700 1992 4771 perinﬁr-

394 4795 637 4850 mitatetn
665 4796 775 4869 56
803 4798 1092 4851 humanam
1123 4807 1446 4863 nascentes,
1477 4797 1660 4851 statim
1698 4803 1989 4864 antequam

386 4889 731 4955 cresc:nt,in
761 4887 1186 4959 ipsonativitatis
1207 4887 1457 4953 exordio,
1484 4903 1578 4958 per
1611 4886 1768 4943 tidem
1794 4884 1994 4942 Christi

389 4978 483 5048 qui
523 4989 670 5051 petra
716 4979 897 5036 dictus
941 4989 1070 5048 est,
1126 4983 1436 5036 enecaverit
1482 4980 1522 5053 (Ι
1565 4978 1686 5035 Cor.
1722 4997 1776 5044 ι,
1808 4981 1840 5036 4
1875 4978 1916 5051 ).

466 5071 531 5126 ll.
557 5071 764 5130 Deinde
792 5073 904 5128 ait:
941 5072 1002 5130 Si
1029 5073 1211 5129 oculus
1248 5083 1368 5129 tuus
1395 5076 1720 5129 scandalizat
1759 5084 1825 5140 te,
1876 5090 1996 5129 erue

389 5181 527 5234 eum,
553 5175 600 5220 et
620 5167 818 5240 projice
838 5166 928 5222 abs
951 5178 998 5222 te
1018 5183 1038 5223 :
1063 5167 1270 5237 expedit
1288 5169 1423 5222 enim
1446 5168 1605 5222 tibiut
1634 5178 1804 5236 pereat
1830 5184 1993 5221 unum

388 5260 734 5317 membrorum
763 5273 993 5330 tuarum,
1025 5279 1178 5333 quant
1201 5272 1364 5317 totum
1393 5279 1582 5331 corpus
1607 5272 1687 5318 eat
1707 5263 1761 5316 in
1798 5264 1990 5334 gehen-

391 5370 530 5408 nam.
565 5355 632 5409 Et
656 5355 702 5410 si
724 5371 906 5410 manus
933 5365 1040 5419 tua,
1077 5357 1270 5427 inquit,
1303 5356 1623 5410 scandalizat
1659 5365 1724 5421 te,
1750 5355 1993 5409 abscinde

392 5462 527 5517 eum,
551 5459 598 5503 et
625 5450 824 5520 projice
843 5449 933 5504 abs
949 5459 998 5504 te
1014 5465 1034 5504 :
1061 5449 1268 5520 acpedit
1289 5450 1424 5504 enim
1449 5450 1540 5504 tibi
1562 5460 1618 5502 ut
1645 5460 1817 5519 pereat
1833 5465 1993 5502 unum

463 5621 487 5647 ⁸
521 5607 577 5666 ln
608 5610 1165 5682 Basiieen.prima,et
1185 5610 1351 5666 alter“
1382 5607 1830 5682 Grynzei,uentris
1855 5623 1980 5662 con-

388 5681 781 5748 cupiscentiam.

469 5752 500 5793 ⁵
533 5753 950 5824 ΙηίτεικιιωΝοΙ
981 5770 1034 5824 ς.
1067 5754 1360 5811 uitiato..."
1395 5751 1668 5820 infrunita.
1693 5751 1863 5806 Paulo
1884 5759 2009 5805 ante

393 5825 536 5901 apud
565 5824 732 5886 LXX.
767 5825 927 5882 Prov.
965 5843 1017 5890 vt
1041 5865 1056 5895 ,
1108 5826 1200 5898 ‘25,
1234 5826 1361 5902 μηδέ
1393 5826 1761 5906 συναρπασθῇς
1791 5824 1892 5879 ἀπὸ
1912 5829 2012 5886 τῶν

2098 4718 2150 4763 ta
2215 4709 2534 4778 Apostolum
2588 4711 2766 4760 sancta
2839 4711 2888 4758 et
2950 4703 3282 4758 immaculata
3327 4715 3448 4756 esse
3499 4699 3697 4754 debeat

2100 4805 2119 4872 (
2149 4797 2343 4872 Ephes.
2377 4811 2429 4865 ν,
2453 4799 2522 4852 27
2551 4799 2608 4871 ),
2659 4811 2754 4866 per
2781 4795 3056 4851 Christum
3103 4796 3390 4850 Dominum
3449 4805 3695 4848 nosnum

2094 4893 2185 4963 qui
2236 4901 2320 4947 est
2352 4889 2670 4948 benedictus
2702 4889 2752 4943 in
2787 4888 3001 4942 saecula.
3030 4888 3224 4941 Amen.

2505 4983 2616 5055 53
2675 4979 3092 5036 suasurus
3131 4979 3175 5033 x

2404 5075 2469 5130 In
2493 5085 2646 5148 caput
2669 5089 2702 5129 v
2726 5073 2998 5146 Evangelii
3027 5073 3089 5128 S.
3123 5071 3380 5126 Matthzri.

2167 5171 2207 5225 l.
2255 5169 2460 5224 Dehinc
2484 5168 2730 5239 SequittIr
2765 5186 2776 5221 :
2807 5167 3062 5234 Audistis,
3093 5167 3217 5236 quia
3245 5165 3438 5220 dictum
3469 5175 3544 5220 est
3596 5179 3689 5218 an-

2096 5262 2251 5332 tiquis
2278 5262 2424 5328 :Qui
2470 5261 2722 5314 dimiserit
2757 5273 2970 5315 uxorem
2992 5275 3162 5323 suum,
3205 5257 3288 5310 det
3328 5258 3407 5311 illi
3462 5257 3692 5311 libellum

2098 5355 2323 5426 repudii.
2355 5351 2472 5429 Ego
2492 5366 2663 5410 autem
2685 5356 2799 5409 dico
2847 5353 3028 5408 vobis:
3076 5352 3397 5419 Quicumque
3438 5349 3694 5402 dimiserit

2098 5464 2309 5503 uxorem
2336 5464 2510 5515 suam,
2553 5456 2764 5519 excepta
2787 5463 2943 5501 causa
2989 5441 3366 5517 fornicationis,
3406 5440 3528 5510 facit
3581 5453 3692 5493 eam

2089 5611 2566 5735 ξξξῆσιβέεῒὰρων.
2621 5611 2806 5684 Neque
2861 5612 3143 5684 obripiaris
3173 5609 3235 5663 ab
3261 5602 3700 5675 ssusZpalptbris.

2103 5698 2157 5734 ιι
2221 5698 2250 5735 e
2352 5699 2459 5735 ua.

2103 5682 2734 5822 b:cceisy‘iltiltltg'ﬁallattd.1
2775 5757 3098 5814 'l‘n‘tc'i'tt'rus
3138 5752 3209 5808 ΙΧ
3239 5751 3290 5804 in
3342 5747 3405 5804 S.
3460 5744 3699 5804 Matt/tiri

2116 5820 2476 5905 Euangelium.
