  <div class='ocr_page' id='page_1' title='image "/cluster/home/n/w/nwhite01/storage/ocr_20150623/20/hvd.32044096580469/182.png"; bbox 0 0 4270 6176; ppageno 0'>
   <div class='ocr_carea' id='block_1_1' title="bbox 337 224 447 281">
    <p class='ocr_par' dir='ltr' id='par_1_1' title="bbox 337 224 447 281">
     <span class='ocr_line' id='line_1_1' title="bbox 337 224 447 281; baseline -0.009 0"><span class='ocrx_word' id='word_1_1' title='bbox 337 224 447 281; x_wconf 75' lang='grc'><strong><em>555</em></strong></span> 
     </span>
    </p>
   </div>
   <div class='ocr_carea' id='block_1_2' title="bbox 1201 217 2823 282">
    <p class='ocr_par' dir='ltr' id='par_1_2' title="bbox 1201 217 2823 282">
     <span class='ocr_line' id='line_1_2' title="bbox 1201 217 2823 282; baseline 0.001 -4"><span class='ocrx_word' id='word_1_2' title='bbox 1201 219 1619 280; x_wconf 79' lang='lat' dir='ltr'><strong><em>TRACTA&#39;I&#39;US</em></strong></span> <span class='ocrx_word' id='word_1_3' title='bbox 1660 217 1729 279; x_wconf 77' lang='lat' dir='ltr'><strong><em>XI</em></strong></span> <span class='ocrx_word' id='word_1_4' title='bbox 1769 218 1835 279; x_wconf 81' lang='grc' dir='ltr'>ΙΝ</span> <span class='ocrx_word' id='word_1_5' title='bbox 1876 217 2325 280; x_wconf 76' lang='lat' dir='ltr'><strong><em>EVANGELIUM</em></strong></span> <span class='ocrx_word' id='word_1_6' title='bbox 2365 218 2424 282; x_wconf 86' lang='lat' dir='ltr'><strong><em>S.</em></strong></span> <span class='ocrx_word' id='word_1_7' title='bbox 2465 217 2823 280; x_wconf 67' lang='lat' dir='ltr'><strong><em>MATTHEI.</em></strong></span> 
     </span>
    </p>
   </div>
   <div class='ocr_carea' id='block_1_3' title="bbox 3543 218 3650 279">
    <p class='ocr_par' dir='ltr' id='par_1_3' title="bbox 3543 218 3650 279">
     <span class='ocr_line' id='line_1_3' title="bbox 3543 218 3650 279; baseline 0 0"><span class='ocrx_word' id='word_1_8' title='bbox 3543 218 3650 279; x_wconf 63' lang='grc'><strong><em>354</em></strong></span> 
     </span>
    </p>
   </div>
   <div class='ocr_carea' id='block_1_4' title="bbox 337 338 3656 413">
    <p class='ocr_par' dir='ltr' id='par_1_4' title="bbox 337 338 3656 413">
     <span class='ocr_line' id='line_1_4' title="bbox 337 338 3656 413; baseline 0 -20"><span class='ocrx_word' id='word_1_9' title='bbox 337 349 456 394; x_wconf 83' lang='lat' dir='ltr'><strong><em>sunt</em></strong></span> <span class='ocrx_word' id='word_1_10' title='bbox 482 356 499 394; x_wconf 92' lang='lat'><em>:</em></span> <span class='ocrx_word' id='word_1_11' title='bbox 522 348 573 393; x_wconf 84' lang='lat' dir='ltr'><strong><em>et</em></strong></span> <span class='ocrx_word' id='word_1_12' title='bbox 613 338 700 411; x_wconf 88' lang='lat' dir='ltr'><strong><em>qui</em></strong></span> <span class='ocrx_word' id='word_1_13' title='bbox 724 342 873 412; x_wconf 88' lang='lat' dir='ltr'><strong><em>jurat</em></strong></span> <span class='ocrx_word' id='word_1_14' title='bbox 906 346 930 374; x_wconf 70' lang='grc' dir='ltr'><strong>η</strong></span> <span class='ocrx_word' id='word_1_15' title='bbox 959 338 1011 392; x_wconf 82' lang='lat' dir='ltr'><strong><em>iit</em></strong></span> <span class='ocrx_word' id='word_1_16' title='bbox 1046 338 1228 393; x_wconf 89' lang='lat' dir='ltr'><strong><em>throno</em></strong></span> <span class='ocrx_word' id='word_1_17' title='bbox 1276 339 1404 403; x_wconf 77' lang='lat' dir='ltr'><strong><em>Dei,</em></strong></span> <span class='ocrx_word' id='word_1_18' title='bbox 1427 344 1573 413; x_wconf 88' lang='lat' dir='ltr'><strong><em>jurat</em></strong></span> <span class='ocrx_word' id='word_1_19' title='bbox 1616 342 1667 393; x_wconf 85' lang='lat' dir='ltr'><strong><em>in</em></strong></span> <span class='ocrx_word' id='word_1_20' title='bbox 1699 358 1755 395; x_wconf 88' lang='lat' dir='ltr'><strong><em>eo</em></strong></span> <span class='ocrx_word' id='word_1_21' title='bbox 1777 382 1790 405; x_wconf 93' lang='lat'><strong><em>,</em></strong></span> <span class='ocrx_word' id='word_1_22' title='bbox 1817 350 1863 394; x_wconf 82' lang='lat' dir='ltr'><strong><em>et</em></strong></span> <span class='ocrx_word' id='word_1_23' title='bbox 1890 341 1945 393; x_wconf 85' lang='lat' dir='ltr'><strong><em>in</em></strong></span> <span class='ocrx_word' id='word_1_24' title='bbox 1972 344 2024 403; x_wconf 85' lang='grc' dir='ltr'><strong>Α</strong></span> <span class='ocrx_word' id='word_1_25' title='bbox 2051 350 2160 394; x_wconf 89' lang='lat' dir='ltr'><strong><em>tum</em></strong></span> <span class='ocrx_word' id='word_1_26' title='bbox 2186 342 2381 400; x_wconf 85' lang='lat' dir='ltr'><strong><em>virum.</em></strong></span> <span class='ocrx_word' id='word_1_27' title='bbox 2412 342 2500 410; x_wconf 85' lang='lat' dir='ltr'><strong><em>qui</em></strong></span> <span class='ocrx_word' id='word_1_28' title='bbox 2534 342 2634 394; x_wconf 87' lang='lat' dir='ltr'><strong><em>sub</em></strong></span> <span class='ocrx_word' id='word_1_29' title='bbox 2660 340 2762 392; x_wconf 88' lang='lat' dir='ltr'><strong><em>hoc</em></strong></span> <span class='ocrx_word' id='word_1_30' title='bbox 2788 339 2917 408; x_wconf 72' lang='lat' dir='ltr'><strong><em>jugo</em></strong></span> <span class='ocrx_word' id='word_1_31' title='bbox 2935 338 3264 409; x_wconf 64' lang='lat' dir='ltr'><strong><em>evangelicae</em></strong></span> <span class='ocrx_word' id='word_1_32' title='bbox 3291 338 3425 408; x_wconf 82' lang='lat' dir='ltr'><strong><em>legis</em></strong></span> <span class='ocrx_word' id='word_1_33' title='bbox 3445 339 3656 403; x_wconf 85' lang='lat' dir='ltr'><strong><em>vivens,</em></strong></span> 
     </span>
    </p>
   </div>
   <div class='ocr_carea' id='block_1_5' title="bbox 340 433 1947 507">
    <p class='ocr_par' dir='ltr' id='par_1_5' title="bbox 340 433 1947 507">
     <span class='ocr_line' id='line_1_5' title="bbox 340 433 1947 507; baseline -0.002 -17"><span class='ocrx_word' id='word_1_34' title='bbox 340 436 579 490; x_wconf 88' lang='lat' dir='ltr'><strong><em>omnibus</em></strong></span> <span class='ocrx_word' id='word_1_35' title='bbox 608 451 723 507; x_wconf 75' lang='lat' dir='ltr'><strong><em>qua:</em></strong></span> <span class='ocrx_word' id='word_1_36' title='bbox 749 451 907 499; x_wconf 82' lang='lat' dir='ltr'><strong><em>super</em></strong></span> <span class='ocrx_word' id='word_1_37' title='bbox 945 433 1079 487; x_wconf 87' lang='lat' dir='ltr'><strong><em>illttd</em></strong></span> <span class='ocrx_word' id='word_1_38' title='bbox 1122 444 1241 488; x_wconf 84' lang='lat' dir='ltr'><strong><em>sunt</em></strong></span> <span class='ocrx_word' id='word_1_39' title='bbox 1272 452 1291 489; x_wconf 88' lang='lat'><strong><em>:</em></strong></span> <span class='ocrx_word' id='word_1_40' title='bbox 1317 445 1363 488; x_wconf 88' lang='lat' dir='ltr'><strong><em>et</em></strong></span> <span class='ocrx_word' id='word_1_41' title='bbox 1390 435 1478 505; x_wconf 88' lang='lat' dir='ltr'><strong><em>qui</em></strong></span> <span class='ocrx_word' id='word_1_42' title='bbox 1500 439 1647 505; x_wconf 88' lang='lat' dir='ltr'><strong><em>jurat</em></strong></span> <span class='ocrx_word' id='word_1_43' title='bbox 1678 436 1730 487; x_wconf 89' lang='lat' dir='ltr'><strong><em>in</em></strong></span> <span class='ocrx_word' id='word_1_44' title='bbox 1764 438 1947 487; x_wconf 87' lang='lat' dir='ltr'><strong><em>throno</em></strong></span> 
     </span>
    </p>
   </div>
   <div class='ocr_carea' id='block_1_6' title="bbox 343 525 1947 600">
    <p class='ocr_par' dir='ltr' id='par_1_6' title="bbox 343 525 1947 600">
     <span class='ocr_line' id='line_1_6' title="bbox 343 525 1947 600; baseline -0.003 -19"><span class='ocrx_word' id='word_1_45' title='bbox 343 526 469 588; x_wconf 86' lang='lat' dir='ltr'><strong><em>Dei,</em></strong></span> <span class='ocrx_word' id='word_1_46' title='bbox 494 530 645 600; x_wconf 88' lang='lat' dir='ltr'><strong><em>jurut</em></strong></span> <span class='ocrx_word' id='word_1_47' title='bbox 684 526 736 580; x_wconf 88' lang='lat' dir='ltr'><strong><em>in</em></strong></span> <span class='ocrx_word' id='word_1_48' title='bbox 770 542 829 580; x_wconf 90' lang='lat' dir='ltr'><strong><em>eo</em></strong></span> <span class='ocrx_word' id='word_1_49' title='bbox 853 567 867 590; x_wconf 93' lang='lat'><strong><em>,</em></strong></span> <span class='ocrx_word' id='word_1_50' title='bbox 910 536 956 580; x_wconf 88' lang='lat' dir='ltr'><strong><em>et</em></strong></span> <span class='ocrx_word' id='word_1_51' title='bbox 982 526 1035 578; x_wconf 90' lang='lat' dir='ltr'><strong><em>in</em></strong></span> <span class='ocrx_word' id='word_1_52' title='bbox 1074 542 1131 580; x_wconf 89' lang='lat' dir='ltr'><strong><em>eo</em></strong></span> <span class='ocrx_word' id='word_1_53' title='bbox 1160 526 1248 595; x_wconf 85' lang='lat' dir='ltr'><strong><em>qui</em></strong></span> <span class='ocrx_word' id='word_1_54' title='bbox 1280 526 1475 579; x_wconf 90' lang='lat' dir='ltr'><strong><em>habitat</em></strong></span> <span class='ocrx_word' id='word_1_55' title='bbox 1507 526 1559 578; x_wconf 87' lang='lat' dir='ltr'><strong><em>in</em></strong></span> <span class='ocrx_word' id='word_1_56' title='bbox 1588 527 1703 594; x_wconf 87' lang='lat' dir='ltr'><strong><em>ipso</em></strong></span> <span class='ocrx_word' id='word_1_57' title='bbox 1732 525 1947 597; x_wconf 79' lang='lat' dir='ltr'><strong><em>(Matth.</em></strong></span> 
     </span>
    </p>
   </div>
   <div class='ocr_carea' id='block_1_7' title="bbox 344 616 1952 689">
    <p class='ocr_par' dir='ltr' id='par_1_7' title="bbox 344 616 1952 689">
     <span class='ocr_line' id='line_1_7' title="bbox 344 616 1952 689; baseline -0.001 -16"><span class='ocrx_word' id='word_1_58' title='bbox 344 634 511 677; x_wconf 65' lang='grc' dir='ltr'>χχιιι.</span> <span class='ocrx_word' id='word_1_59' title='bbox 545 619 660 687; x_wconf 69' lang='grc' dir='ltr'><strong><em>ΞΟ).</em></strong></span> <span class='ocrx_word' id='word_1_60' title='bbox 709 616 926 689; x_wconf 82' lang='lat' dir='ltr'><strong><em>Neque,</em></strong></span> <span class='ocrx_word' id='word_1_61' title='bbox 963 618 1167 687; x_wconf 88' lang='lat' dir='ltr'><strong><em>inquit,</em></strong></span> <span class='ocrx_word' id='word_1_62' title='bbox 1201 634 1291 688; x_wconf 88' lang='lat' dir='ltr'><strong><em>per</em></strong></span> <span class='ocrx_word' id='word_1_63' title='bbox 1342 616 1790 689; x_wconf 73' lang='lat' dir='ltr'><strong><em>Hierosolymam,</em></strong></span> <span class='ocrx_word' id='word_1_64' title='bbox 1831 619 1952 686; x_wconf 89' lang='lat' dir='ltr'><strong><em>quia</em></strong></span> 
     </span>
    </p>
   </div>
   <div class='ocr_carea' id='block_1_8' title="bbox 344 709 1950 783">
    <p class='ocr_par' dir='ltr' id='par_1_8' title="bbox 344 709 1950 783">
     <span class='ocr_line' id='line_1_8' title="bbox 344 709 1950 783; baseline -0.002 -16"><span class='ocrx_word' id='word_1_65' title='bbox 344 713 529 768; x_wconf 75' lang='lat' dir='ltr'><strong><em>civitas</em></strong></span> <span class='ocrx_word' id='word_1_66' title='bbox 554 721 629 767; x_wconf 90' lang='lat' dir='ltr'><strong><em>est</em></strong></span> <span class='ocrx_word' id='word_1_67' title='bbox 652 712 828 783; x_wconf 84' lang='lat' dir='ltr'><strong><em>magni</em></strong></span> <span class='ocrx_word' id='word_1_68' title='bbox 857 711 1011 782; x_wconf 80' lang='lat' dir='ltr'><strong><em>Regis</em></strong></span> <span class='ocrx_word' id='word_1_69' title='bbox 1034 726 1053 764; x_wconf 90' lang='lat'><strong><em>:</em></strong></span> <span class='ocrx_word' id='word_1_70' title='bbox 1074 709 1127 764; x_wconf 92' lang='lat' dir='ltr'><strong><em>id</em></strong></span> <span class='ocrx_word' id='word_1_71' title='bbox 1152 723 1234 765; x_wconf 76' lang='grc' dir='ltr'><strong><em>εει</em></strong></span> <span class='ocrx_word' id='word_1_72' title='bbox 1264 719 1425 782; x_wconf 85' lang='lat' dir='ltr'><strong><em>typus</em></strong></span> <span class='ocrx_word' id='word_1_73' title='bbox 1447 711 1695 780; x_wconf 76' lang='lat' dir='ltr'><strong><em>corporis</em></strong></span> <span class='ocrx_word' id='word_1_74' title='bbox 1724 709 1950 777; x_wconf 87' lang='lat' dir='ltr'><strong><em>Christi,</em></strong></span> 
     </span>
    </p>
   </div>
   <div class='ocr_carea' id='block_1_9' title="bbox 345 803 1950 876">
    <p class='ocr_par' dir='ltr' id='par_1_9' title="bbox 345 803 1950 876">
     <span class='ocr_line' id='line_1_9' title="bbox 345 803 1950 876; baseline -0.001 -17"><span class='ocrx_word' id='word_1_75' title='bbox 345 805 493 876; x_wconf 89' lang='lat' dir='ltr'><strong><em>quod</em></strong></span> <span class='ocrx_word' id='word_1_76' title='bbox 524 814 607 858; x_wconf 83' lang='lat' dir='ltr'><strong><em>est</em></strong></span> <span class='ocrx_word' id='word_1_77' title='bbox 657 803 918 873; x_wconf 80' lang='lat' dir='ltr'><strong><em>spiritalis</em></strong></span> <span class='ocrx_word' id='word_1_78' title='bbox 964 804 1051 856; x_wconf 87' lang='lat' dir='ltr'><strong><em>illa</em></strong></span> <span class='ocrx_word' id='word_1_79' title='bbox 1090 813 1144 856; x_wconf 88' lang='lat' dir='ltr'><strong><em>et</em></strong></span> <span class='ocrx_word' id='word_1_80' title='bbox 1174 805 1415 857; x_wconf 75' lang='lat' dir='ltr'><strong><em>cmlcstis</em></strong></span> <span class='ocrx_word' id='word_1_81' title='bbox 1448 803 1712 857; x_wconf 78' lang='lat' dir='ltr'><strong><em>Ecclesia.</em></strong></span> <span class='ocrx_word' id='word_1_82' title='bbox 1750 803 1950 872; x_wconf 84' lang='lat' dir='ltr'><strong><em>Neque,</em></strong></span> 
     </span>
    </p>
   </div>
   <div class='ocr_carea' id='block_1_10' title="bbox 350 894 1955 968">
    <p class='ocr_par' dir='ltr' id='par_1_10' title="bbox 350 894 1955 968">
     <span class='ocr_line' id='line_1_10' title="bbox 350 894 1955 968; baseline 0 -17"><span class='ocrx_word' id='word_1_83' title='bbox 350 896 519 964; x_wconf 80' lang='lat' dir='ltr'><strong><em>inquit</em></strong></span> <span class='ocrx_word' id='word_1_84' title='bbox 544 937 560 960; x_wconf 94' lang='lat'><strong><em>,</em></strong></span> <span class='ocrx_word' id='word_1_85' title='bbox 590 910 681 968; x_wconf 85' lang='lat' dir='ltr'><strong><em>per</em></strong></span> <span class='ocrx_word' id='word_1_86' title='bbox 709 906 867 963; x_wconf 81' lang='lat' dir='ltr'><strong><em>caput</em></strong></span> <span class='ocrx_word' id='word_1_87' title='bbox 897 907 1039 949; x_wconf 87' lang='lat' dir='ltr'><strong><em>tuum</em></strong></span> <span class='ocrx_word' id='word_1_88' title='bbox 1065 894 1285 958; x_wconf 77' lang='lat' dir='ltr'><strong><em>iurabis,</em></strong></span> <span class='ocrx_word' id='word_1_89' title='bbox 1320 894 1445 963; x_wconf 82' lang='lat' dir='ltr'><strong><em>quia</em></strong></span> <span class='ocrx_word' id='word_1_90' title='bbox 1476 895 1775 949; x_wconf 90' lang='lat' dir='ltr'><strong><em>secundum</em></strong></span> <span class='ocrx_word' id='word_1_91' title='bbox 1809 895 1955 963; x_wconf 86' lang='lat' dir='ltr'><strong><em>Apo-</em></strong></span> 
     </span>
    </p>
   </div>
   <div class='ocr_carea' id='block_1_11' title="bbox 353 986 1955 1059">
    <p class='ocr_par' dir='ltr' id='par_1_11' title="bbox 353 986 1955 1059">
     <span class='ocr_line' id='line_1_11' title="bbox 353 986 1955 1059; baseline -0.002 -14"><span class='ocrx_word' id='word_1_92' title='bbox 353 989 552 1045; x_wconf 84' lang='lat' dir='ltr'><strong><em>stolum</em></strong></span> <span class='ocrx_word' id='word_1_93' title='bbox 578 1006 589 1043; x_wconf 90' lang='lat'><strong>:</strong></span> <span class='ocrx_word' id='word_1_94' title='bbox 615 986 784 1057; x_wconf 84' lang='lat' dir='ltr'><strong><em>Caput</em></strong></span> <span class='ocrx_word' id='word_1_95' title='bbox 806 987 903 1041; x_wconf 81' lang='lat' dir='ltr'><strong><em>viri</em></strong></span> <span class='ocrx_word' id='word_1_96' title='bbox 918 987 1153 1043; x_wconf 81' lang='lat' dir='ltr'><strong><em>Christus</em></strong></span> <span class='ocrx_word' id='word_1_97' title='bbox 1175 1000 1248 1041; x_wconf 89' lang='lat' dir='ltr'><strong><em>est</em></strong></span> <span class='ocrx_word' id='word_1_98' title='bbox 1268 988 1308 1059; x_wconf 89' lang='lat' dir='ltr'><strong><em>(l</em></strong></span> <span class='ocrx_word' id='word_1_99' title='bbox 1338 986 1458 1042; x_wconf 88' lang='lat' dir='ltr'><strong><em>Cor.</em></strong></span> <span class='ocrx_word' id='word_1_100' title='bbox 1478 1003 1551 1051; x_wconf 78' lang='lat' dir='ltr'><strong><em>tu,</em></strong></span> <span class='ocrx_word' id='word_1_101' title='bbox 1570 988 1646 1059; x_wconf 83' lang='grc'><strong><em>5).</em></strong></span> <span class='ocrx_word' id='word_1_102' title='bbox 1684 986 1836 1043; x_wconf 88' lang='lat' dir='ltr'><strong><em>Unde</em></strong></span> <span class='ocrx_word' id='word_1_103' title='bbox 1862 988 1955 1059; x_wconf 85' lang='lat' dir='ltr'><strong><em>qui</em></strong></span> 
     </span>
    </p>
   </div>
   <div class='ocr_carea' id='block_1_12' title="bbox 354 1081 1958 1157">
    <p class='ocr_par' dir='ltr' id='par_1_12' title="bbox 354 1081 1958 1157">
     <span class='ocr_line' id='line_1_12' title="bbox 354 1081 1958 1157; baseline -0.002 -18"><span class='ocrx_word' id='word_1_104' title='bbox 354 1101 450 1157; x_wconf 87' lang='lat' dir='ltr'><strong><em>per</em></strong></span> <span class='ocrx_word' id='word_1_105' title='bbox 477 1086 596 1140; x_wconf 71' lang='lat' dir='ltr'><strong><em>lucc</em></strong></span> <span class='ocrx_word' id='word_1_106' title='bbox 635 1084 815 1152; x_wconf 86' lang='lat' dir='ltr'><strong><em>jurat,</em></strong></span> <span class='ocrx_word' id='word_1_107' title='bbox 850 1098 947 1152; x_wconf 84' lang='lat' dir='ltr'><strong><em>per</em></strong></span> <span class='ocrx_word' id='word_1_108' title='bbox 977 1098 1098 1135; x_wconf 87' lang='lat' dir='ltr'><strong><em>eutn</em></strong></span> <span class='ocrx_word' id='word_1_109' title='bbox 1140 1081 1231 1151; x_wconf 88' lang='lat' dir='ltr'><strong><em>qui</em></strong></span> <span class='ocrx_word' id='word_1_110' title='bbox 1271 1082 1510 1135; x_wconf 86' lang='lat' dir='ltr'><strong><em>omnium</em></strong></span> <span class='ocrx_word' id='word_1_111' title='bbox 1541 1082 1735 1135; x_wconf 89' lang='lat' dir='ltr'><strong><em>borum</em></strong></span> <span class='ocrx_word' id='word_1_112' title='bbox 1768 1096 1958 1136; x_wconf 82' lang='lat' dir='ltr'><strong><em>auctor</em></strong></span> 
     </span>
    </p>
   </div>
   <div class='ocr_carea' id='block_1_13' title="bbox 351 1175 1952 1248">
    <p class='ocr_par' dir='ltr' id='par_1_13' title="bbox 351 1175 1952 1248">
     <span class='ocr_line' id='line_1_13' title="bbox 351 1175 1952 1248; baseline -0.005 -13"><span class='ocrx_word' id='word_1_113' title='bbox 351 1180 642 1248; x_wconf 71' lang='lat' dir='ltr'><strong><em>est,jurat.</em></strong></span> <span class='ocrx_word' id='word_1_114' title='bbox 674 1175 757 1233; x_wconf 89' lang='lat' dir='ltr'><strong><em>Sit</em></strong></span> <span class='ocrx_word' id='word_1_115' title='bbox 780 1192 922 1247; x_wconf 86' lang='lat' dir='ltr'><strong><em>ergo,</em></strong></span> <span class='ocrx_word' id='word_1_116' title='bbox 941 1176 1135 1244; x_wconf 88' lang='lat' dir='ltr'><strong><em>inquit,</em></strong></span> <span class='ocrx_word' id='word_1_117' title='bbox 1153 1191 1319 1229; x_wconf 89' lang='lat' dir='ltr'><strong><em>sermo</em></strong></span> <span class='ocrx_word' id='word_1_118' title='bbox 1336 1184 1497 1229; x_wconf 84' lang='lat' dir='ltr'><strong><em>vester</em></strong></span> <span class='ocrx_word' id='word_1_119' title='bbox 1526 1191 1544 1229; x_wconf 82' lang='lat'><strong><em>.&#39;</em></strong></span> <span class='ocrx_word' id='word_1_120' title='bbox 1574 1183 1667 1240; x_wconf 90' lang='lat' dir='ltr'><strong><em>est,</em></strong></span> <span class='ocrx_word' id='word_1_121' title='bbox 1682 1185 1790 1240; x_wconf 84' lang='lat' dir='ltr'><strong><em>est;</em></strong></span> <span class='ocrx_word' id='word_1_122' title='bbox 1829 1191 1952 1241; x_wconf 87' lang='lat' dir='ltr'><strong><em>non,</em></strong></span> 
     </span>
    </p>
   </div>
   <div class='ocr_carea' id='block_1_14' title="bbox 354 1267 1957 1341">
    <p class='ocr_par' dir='ltr' id='par_1_14' title="bbox 354 1267 1957 1341">
     <span class='ocr_line' id='line_1_14' title="bbox 354 1267 1957 1341; baseline -0.003 -15"><span class='ocrx_word' id='word_1_123' title='bbox 354 1287 456 1326; x_wconf 87' lang='lat' dir='ltr'><strong><em>non</em></strong></span> <span class='ocrx_word' id='word_1_124' title='bbox 485 1269 668 1341; x_wconf 83' lang='lat' dir='ltr'><strong><em>:quod</em></strong></span> <span class='ocrx_word' id='word_1_125' title='bbox 702 1278 875 1322; x_wconf 88' lang='lat' dir='ltr'><strong><em>autem</em></strong></span> <span class='ocrx_word' id='word_1_126' title='bbox 922 1267 1272 1322; x_wconf 88' lang='lat' dir='ltr'><strong><em>abundantius</em></strong></span> <span class='ocrx_word' id='word_1_127' title='bbox 1319 1276 1432 1331; x_wconf 86' lang='lat' dir='ltr'><strong><em>est,</em></strong></span> <span class='ocrx_word' id='word_1_128' title='bbox 1483 1283 1515 1320; x_wconf 90' lang='lat' dir='ltr'><strong><em>a</em></strong></span> <span class='ocrx_word' id='word_1_129' title='bbox 1550 1268 1686 1321; x_wconf 90' lang='lat' dir='ltr'><strong><em>malo</em></strong></span> <span class='ocrx_word' id='word_1_130' title='bbox 1719 1276 1791 1321; x_wconf 76' lang='lat' dir='ltr'><strong><em>est</em></strong></span> <span class='ocrx_word' id='word_1_131' title='bbox 1817 1283 1835 1321; x_wconf 93' lang='lat'><em>:</em></span> <span class='ocrx_word' id='word_1_132' title='bbox 1860 1267 1957 1321; x_wconf 88' lang='lat' dir='ltr'><strong><em>do-</em></strong></span> 
     </span>
    </p>
   </div>
   <div class='ocr_carea' id='block_1_15' title="bbox 352 1358 1957 1431">
    <p class='ocr_par' dir='ltr' id='par_1_15' title="bbox 352 1358 1957 1431">
     <span class='ocr_line' id='line_1_15' title="bbox 352 1358 1957 1431; baseline -0.004 -11"><span class='ocrx_word' id='word_1_133' title='bbox 352 1380 507 1431; x_wconf 85' lang='lat' dir='ltr'><strong><em>cens,</em></strong></span> <span class='ocrx_word' id='word_1_134' title='bbox 542 1364 686 1431; x_wconf 89' lang='lat' dir='ltr'><strong><em>quod</em></strong></span> <span class='ocrx_word' id='word_1_135' title='bbox 716 1364 895 1415; x_wconf 89' lang='lat' dir='ltr'><strong><em>omnis</em></strong></span> <span class='ocrx_word' id='word_1_136' title='bbox 922 1376 1104 1416; x_wconf 86' lang='lat' dir='ltr'><strong><em>sermo</em></strong></span> <span class='ocrx_word' id='word_1_137' title='bbox 1127 1376 1155 1414; x_wconf 91' lang='lat' dir='ltr'><strong><em>a</em></strong></span> <span class='ocrx_word' id='word_1_138' title='bbox 1183 1360 1340 1415; x_wconf 88' lang='lat' dir='ltr'><strong><em>nobis</em></strong></span> <span class='ocrx_word' id='word_1_139' title='bbox 1372 1361 1617 1430; x_wconf 89' lang='lat' dir='ltr'><strong><em>prolatus</em></strong></span> <span class='ocrx_word' id='word_1_140' title='bbox 1646 1359 1783 1414; x_wconf 86' lang='lat' dir='ltr'><strong><em>nihil</em></strong></span> <span class='ocrx_word' id='word_1_141' title='bbox 1806 1358 1957 1413; x_wconf 84' lang='lat' dir='ltr'><strong><em>aliud</em></strong></span> 
     </span>
    </p>
   </div>
   <div class='ocr_carea' id='block_1_16' title="bbox 353 1452 1957 1527">
    <p class='ocr_par' dir='ltr' id='par_1_16' title="bbox 353 1452 1957 1527">
     <span class='ocr_line' id='line_1_16' title="bbox 353 1452 1957 1527; baseline -0.002 -18"><span class='ocrx_word' id='word_1_142' title='bbox 353 1472 516 1527; x_wconf 87' lang='lat' dir='ltr'><strong><em>quam</em></strong></span> <span class='ocrx_word' id='word_1_143' title='bbox 551 1454 694 1525; x_wconf 88' lang='lat' dir='ltr'><strong><em>quod</em></strong></span> <span class='ocrx_word' id='word_1_144' title='bbox 727 1470 911 1509; x_wconf 90' lang='lat' dir='ltr'><strong><em>verttm</em></strong></span> <span class='ocrx_word' id='word_1_145' title='bbox 945 1462 1029 1508; x_wconf 84' lang='lat' dir='ltr'><strong><em>est</em></strong></span> <span class='ocrx_word' id='word_1_146' title='bbox 1059 1452 1257 1507; x_wconf 87' lang='lat' dir='ltr'><strong><em>debeat</em></strong></span> <span class='ocrx_word' id='word_1_147' title='bbox 1303 1452 1619 1517; x_wconf 68' lang='lat' dir='ltr'><strong><em>continuere;</em></strong></span> <span class='ocrx_word' id='word_1_148' title='bbox 1648 1468 1769 1507; x_wconf 90' lang='lat' dir='ltr'><strong><em>cum</em></strong></span> <span class='ocrx_word' id='word_1_149' title='bbox 1797 1466 1957 1506; x_wconf 81' lang='lat' dir='ltr'><strong><em>autne</em></strong></span> 
     </span>
    </p>
   </div>
   <div class='ocr_carea' id='block_1_17' title="bbox 356 1546 1956 1621">
    <p class='ocr_par' dir='ltr' id='par_1_17' title="bbox 356 1546 1956 1621">
     <span class='ocr_line' id='line_1_17' title="bbox 356 1546 1956 1621; baseline -0.006 -14"><span class='ocrx_word' id='word_1_150' title='bbox 356 1550 700 1607; x_wconf 87' lang='lat' dir='ltr'><strong><em>mendacium</em></strong></span> <span class='ocrx_word' id='word_1_151' title='bbox 728 1548 804 1621; x_wconf 91' lang='lat' dir='ltr'><strong><em>(id</em></strong></span> <span class='ocrx_word' id='word_1_152' title='bbox 837 1558 943 1615; x_wconf 91' lang='lat' dir='ltr'><strong><em>est,</em></strong></span> <span class='ocrx_word' id='word_1_153' title='bbox 973 1546 1116 1618; x_wconf 92' lang='lat' dir='ltr'><strong><em>quod</em></strong></span> <span class='ocrx_word' id='word_1_154' title='bbox 1148 1548 1382 1616; x_wconf 82' lang='lat' dir='ltr'><strong><em>amplius</em></strong></span> <span class='ocrx_word' id='word_1_155' title='bbox 1409 1552 1538 1617; x_wconf 70' lang='lat' dir='ltr'><strong><em>esu),</em></strong></span> <span class='ocrx_word' id='word_1_156' title='bbox 1584 1546 1651 1601; x_wconf 79' lang='lat' dir='ltr'><strong><em>ad</em></strong></span> <span class='ocrx_word' id='word_1_157' title='bbox 1678 1558 1956 1600; x_wconf 73' lang='lat' dir='ltr'><strong><em>auctorem</em></strong></span> 
     </span>
    </p>
   </div>
   <div class='ocr_carea' id='block_1_18' title="bbox 356 1639 1957 1710">
    <p class='ocr_par' dir='ltr' id='par_1_18' title="bbox 356 1639 1957 1710">
     <span class='ocr_line' id='line_1_18' title="bbox 356 1639 1957 1710; baseline -0.005 -10"><span class='ocrx_word' id='word_1_158' title='bbox 356 1644 633 1700; x_wconf 85' lang='lat' dir='ltr'><strong><em>diabolum</em></strong></span> <span class='ocrx_word' id='word_1_159' title='bbox 677 1650 1003 1707; x_wconf 79' lang='lat' dir='ltr'><strong><em>revocetur,</em></strong></span> <span class='ocrx_word' id='word_1_160' title='bbox 1034 1640 1124 1710; x_wconf 86' lang='lat' dir='ltr'><strong><em>qui</em></strong></span> <span class='ocrx_word' id='word_1_161' title='bbox 1172 1656 1387 1710; x_wconf 79' lang='lat' dir='ltr'><strong><em>semper</em></strong></span> <span class='ocrx_word' id='word_1_162' title='bbox 1430 1640 1493 1695; x_wconf 92' lang='lat' dir='ltr'><strong><em>ab</em></strong></span> <span class='ocrx_word' id='word_1_163' title='bbox 1537 1640 1686 1694; x_wconf 88' lang='lat' dir='ltr'><strong><em>initio</em></strong></span> <span class='ocrx_word' id='word_1_164' title='bbox 1733 1639 1957 1693; x_wconf 74' lang='lat' dir='ltr'><strong><em>mendax</em></strong></span> 
     </span>
    </p>
   </div>
   <div class='ocr_carea' id='block_1_19' title="bbox 2051 432 3661 503">
    <p class='ocr_par' dir='ltr' id='par_1_19' title="bbox 2051 432 3661 503">
     <span class='ocr_line' id='line_1_19' title="bbox 2051 432 3661 503; baseline 0.001 -18"><span class='ocrx_word' id='word_1_165' title='bbox 2051 433 2120 488; x_wconf 87' lang='lat' dir='ltr'><strong><em>ab</em></strong></span> <span class='ocrx_word' id='word_1_166' title='bbox 2149 434 2293 489; x_wconf 90' lang='lat' dir='ltr'><strong><em>omni</em></strong></span> <span class='ocrx_word' id='word_1_167' title='bbox 2328 433 2709 503; x_wconf 81' lang='lat' dir='ltr'><strong><em>persequentis</em></strong></span> <span class='ocrx_word' id='word_1_168' title='bbox 2740 432 2936 501; x_wconf 75' lang='lat' dir='ltr'><strong><em>injuria</em></strong></span> <span class='ocrx_word' id='word_1_169' title='bbox 2967 448 3025 486; x_wconf 88' lang='lat' dir='ltr'><strong><em>se</em></strong></span> <span class='ocrx_word' id='word_1_170' title='bbox 3058 448 3164 487; x_wconf 88' lang='lat' dir='ltr'><strong><em>non</em></strong></span> <span class='ocrx_word' id='word_1_171' title='bbox 3195 434 3414 487; x_wconf 80' lang='lat' dir='ltr'><strong><em>avertit.</em></strong></span> <span class='ocrx_word' id='word_1_172' title='bbox 3460 432 3661 502; x_wconf 78' lang='lat' dir='ltr'><strong><em>Hujus-</em></strong></span> 
     </span>
    </p>
   </div>
   <div class='ocr_carea' id='block_1_20' title="bbox 2053 524 3652 593">
    <p class='ocr_par' dir='ltr' id='par_1_20' title="bbox 2053 524 3652 593">
     <span class='ocr_line' id='line_1_20' title="bbox 2053 524 3652 593; baseline 0.001 -15"><span class='ocrx_word' id='word_1_173' title='bbox 2053 524 2357 578; x_wconf 90' lang='lat' dir='ltr'><strong><em>tnodienim</em></strong></span> <span class='ocrx_word' id='word_1_174' title='bbox 2392 525 2680 579; x_wconf 79' lang='lat' dir='ltr'><strong><em>meditatio</em></strong></span> <span class='ocrx_word' id='word_1_175' title='bbox 2706 524 3038 590; x_wconf 68' lang='lat' dir='ltr'><strong><em>tolerantiae,</em></strong></span> <span class='ocrx_word' id='word_1_176' title='bbox 3068 524 3217 579; x_wconf 86' lang='lat' dir='ltr'><strong><em>ducit</em></strong></span> <span class='ocrx_word' id='word_1_177' title='bbox 3248 524 3313 578; x_wconf 87' lang='lat' dir='ltr'><strong><em>ad</em></strong></span> <span class='ocrx_word' id='word_1_178' title='bbox 3339 524 3652 593; x_wconf 84' lang='lat' dir='ltr'><strong><em>passionem</em></strong></span> 
     </span>
    </p>
   </div>
   <div class='ocr_carea' id='block_1_21' title="bbox 2053 618 3664 690">
    <p class='ocr_par' dir='ltr' id='par_1_21' title="bbox 2053 618 3664 690">
     <span class='ocr_line' id='line_1_21' title="bbox 2053 618 3664 690; baseline 0.002 -17"><span class='ocrx_word' id='word_1_179' title='bbox 2053 618 2323 689; x_wconf 77' lang='lat' dir='ltr'><strong><em>martyrii.</em></strong></span> <span class='ocrx_word' id='word_1_180' title='bbox 2359 618 2540 674; x_wconf 83' lang='lat' dir='ltr'><strong><em>Facile</em></strong></span> <span class='ocrx_word' id='word_1_181' title='bbox 2573 619 2718 674; x_wconf 88' lang='lat' dir='ltr'><strong><em>enim</em></strong></span> <span class='ocrx_word' id='word_1_182' title='bbox 2752 621 2921 674; x_wconf 90' lang='lat' dir='ltr'><strong><em>etiam</em></strong></span> <span class='ocrx_word' id='word_1_183' title='bbox 2971 620 3371 689; x_wconf 82' lang='lat' dir='ltr'><strong><em>persecutionis</em></strong></span> <span class='ocrx_word' id='word_1_184' title='bbox 3417 630 3664 690; x_wconf 86' lang='lat' dir='ltr'><strong><em>tempore</em></strong></span> 
     </span>
    </p>
   </div>
   <div class='ocr_carea' id='block_1_22' title="bbox 2054 710 3661 782">
    <p class='ocr_par' dir='ltr' id='par_1_22' title="bbox 2054 710 3661 782">
     <span class='ocr_line' id='line_1_22' title="bbox 2054 710 3661 782; baseline 0.002 -18"><span class='ocrx_word' id='word_1_185' title='bbox 2054 726 2243 782; x_wconf 87' lang='lat' dir='ltr'><strong><em>poenas</em></strong></span> <span class='ocrx_word' id='word_1_186' title='bbox 2292 712 2543 780; x_wconf 88' lang='lat' dir='ltr'><strong><em>corporis</em></strong></span> <span class='ocrx_word' id='word_1_187' title='bbox 2595 710 2800 780; x_wconf 88' lang='lat' dir='ltr'><strong><em>poterit</em></strong></span> <span class='ocrx_word' id='word_1_188' title='bbox 2838 711 3131 779; x_wconf 70' lang='lat' dir='ltr'><strong><em>sustinere,</em></strong></span> <span class='ocrx_word' id='word_1_189' title='bbox 3163 713 3205 764; x_wconf 92' lang='lat' dir='ltr'><strong><em>si</em></strong></span> <span class='ocrx_word' id='word_1_190' title='bbox 3262 712 3315 765; x_wconf 92' lang='lat' dir='ltr'><strong><em>in</em></strong></span> <span class='ocrx_word' id='word_1_191' title='bbox 3362 726 3494 780; x_wconf 83' lang='lat' dir='ltr'><strong><em>pace</em></strong></span> <span class='ocrx_word' id='word_1_192' title='bbox 3533 721 3661 767; x_wconf 88' lang='lat' dir='ltr'><strong><em>ante</em></strong></span> 
     </span>
    </p>
   </div>
   <div class='ocr_carea' id='block_1_23' title="bbox 2055 803 3667 874">
    <p class='ocr_par' dir='ltr' id='par_1_23' title="bbox 2055 803 3667 874">
     <span class='ocr_line' id='line_1_23' title="bbox 2055 803 3667 874; baseline 0 -15"><span class='ocrx_word' id='word_1_193' title='bbox 2055 807 2413 869; x_wconf 81' lang='lat' dir='ltr'><strong><em>exercitatus,</em></strong></span> <span class='ocrx_word' id='word_1_194' title='bbox 2447 803 2758 873; x_wconf 56' lang='lat' dir='ltr'><strong><em>hujusmodi</em></strong></span> <span class='ocrx_word' id='word_1_195' title='bbox 2800 804 3028 873; x_wconf 84' lang='lat' dir='ltr'><strong><em>injurias</em></strong></span> <span class='ocrx_word' id='word_1_196' title='bbox 3078 804 3462 874; x_wconf 77' lang='lat' dir='ltr'><strong><em>aequanimiter</em></strong></span> <span class='ocrx_word' id='word_1_197' title='bbox 3510 818 3575 859; x_wconf 88' lang='lat' dir='ltr'><strong><em>ac</em></strong></span> <span class='ocrx_word' id='word_1_198' title='bbox 3604 803 3667 859; x_wconf 85' lang='lat' dir='ltr'><strong><em>li-</em></strong></span> 
     </span>
    </p>
   </div>
   <div class='ocr_carea' id='block_1_24' title="bbox 2058 896 3665 965">
    <p class='ocr_par' dir='ltr' id='par_1_24' title="bbox 2058 896 3665 965">
     <span class='ocr_line' id='line_1_24' title="bbox 2058 896 3665 965; baseline 0.001 -14"><span class='ocrx_word' id='word_1_199' title='bbox 2058 898 2251 952; x_wconf 87' lang='lat' dir='ltr'><strong><em>benter</em></strong></span> <span class='ocrx_word' id='word_1_200' title='bbox 2280 897 2564 965; x_wconf 83' lang='lat' dir='ltr'><strong><em>suscipiat.</em></strong></span> <span class='ocrx_word' id='word_1_201' title='bbox 2602 896 2712 952; x_wconf 79' lang='lat' dir='ltr'><strong><em>Nec</em></strong></span> <span class='ocrx_word' id='word_1_202' title='bbox 2766 912 2899 951; x_wconf 89' lang='lat' dir='ltr'><strong><em>sane</em></strong></span> <span class='ocrx_word' id='word_1_203' title='bbox 2954 900 3210 952; x_wconf 80' lang='lat' dir='ltr'><strong><em>convenit</em></strong></span> <span class='ocrx_word' id='word_1_204' title='bbox 3240 897 3555 952; x_wconf 87' lang='lat' dir='ltr'><strong><em>Christiano</em></strong></span> <span class='ocrx_word' id='word_1_205' title='bbox 3586 896 3665 952; x_wconf 89' lang='lat' dir='ltr'><strong><em>vi-</em></strong></span> 
     </span>
    </p>
   </div>
   <div class='ocr_carea' id='block_1_25' title="bbox 2055 986 3664 1057">
    <p class='ocr_par' dir='ltr' id='par_1_25' title="bbox 2055 986 3664 1057">
     <span class='ocr_line' id='line_1_25' title="bbox 2055 986 3664 1057; baseline -0.001 -12"><span class='ocrx_word' id='word_1_206' title='bbox 2055 1005 2172 1045; x_wconf 85' lang='lat' dir='ltr'><strong><em>Cctn</em></strong></span> <span class='ocrx_word' id='word_1_207' title='bbox 2207 988 2418 1057; x_wconf 71' lang='lat' dir='ltr'><strong><em>injuriae</em></strong></span> <span class='ocrx_word' id='word_1_208' title='bbox 2462 988 2714 1054; x_wconf 87' lang='lat' dir='ltr'><strong><em>reddere,</em></strong></span> <span class='ocrx_word' id='word_1_209' title='bbox 2750 1005 2819 1042; x_wconf 90' lang='lat' dir='ltr'><strong><em>ne</em></strong></span> <span class='ocrx_word' id='word_1_210' title='bbox 2868 986 3063 1043; x_wconf 84' lang='lat' dir='ltr'><strong><em>similis</em></strong></span> <span class='ocrx_word' id='word_1_211' title='bbox 3088 987 3162 1054; x_wconf 90' lang='lat' dir='ltr'><strong><em>ei,</em></strong></span> <span class='ocrx_word' id='word_1_212' title='bbox 3185 990 3270 1045; x_wconf 92' lang='lat' dir='ltr'><strong><em>cui</em></strong></span> <span class='ocrx_word' id='word_1_213' title='bbox 3304 989 3477 1044; x_wconf 83' lang='lat' dir='ltr'><strong><em>vicem</em></strong></span> <span class='ocrx_word' id='word_1_214' title='bbox 3504 988 3664 1043; x_wconf 83' lang='lat' dir='ltr'><strong><em>resti-</em></strong></span> 
     </span>
    </p>
   </div>
   <div class='ocr_carea' id='block_1_26' title="bbox 2058 1080 3660 1151">
    <p class='ocr_par' dir='ltr' id='par_1_26' title="bbox 2058 1080 3660 1151">
     <span class='ocr_line' id='line_1_26' title="bbox 2058 1080 3660 1151; baseline 0.001 -16"><span class='ocrx_word' id='word_1_215' title='bbox 2058 1083 2180 1146; x_wconf 88' lang='lat' dir='ltr'><strong><em>tuit,</em></strong></span> <span class='ocrx_word' id='word_1_216' title='bbox 2210 1081 2505 1151; x_wconf 67' lang='lat' dir='ltr'><strong><em>judivetur.</em></strong></span> <span class='ocrx_word' id='word_1_217' title='bbox 2553 1080 2610 1137; x_wconf 88' lang='lat' dir='ltr'><strong><em>Si</em></strong></span> <span class='ocrx_word' id='word_1_218' title='bbox 2652 1083 2797 1135; x_wconf 87' lang='lat' dir='ltr'><strong><em>enim</em></strong></span> <span class='ocrx_word' id='word_1_219' title='bbox 2832 1083 3029 1135; x_wconf 89' lang='lat' dir='ltr'><strong><em>malum</em></strong></span> <span class='ocrx_word' id='word_1_220' title='bbox 3058 1092 3143 1137; x_wconf 88' lang='lat' dir='ltr'><strong><em>est</em></strong></span> <span class='ocrx_word' id='word_1_221' title='bbox 3170 1083 3425 1151; x_wconf 81' lang='lat' dir='ltr'><strong><em>injmiam</em></strong></span> <span class='ocrx_word' id='word_1_222' title='bbox 3458 1083 3660 1149; x_wconf 82' lang='lat' dir='ltr'><strong><em>facere,</em></strong></span> 
     </span>
    </p>
   </div>
   <div class='ocr_carea' id='block_1_27' title="bbox 2058 1175 3662 1246">
    <p class='ocr_par' dir='ltr' id='par_1_27' title="bbox 2058 1175 3662 1246">
     <span class='ocr_line' id='line_1_27' title="bbox 2058 1175 3662 1246; baseline 0.002 -17"><span class='ocrx_word' id='word_1_223' title='bbox 2058 1190 2164 1230; x_wconf 92' lang='lat' dir='ltr'><strong><em>non</em></strong></span> <span class='ocrx_word' id='word_1_224' title='bbox 2193 1185 2277 1229; x_wconf 90' lang='lat' dir='ltr'><strong><em>est</em></strong></span> <span class='ocrx_word' id='word_1_225' title='bbox 2304 1175 2515 1229; x_wconf 88' lang='lat' dir='ltr'><strong><em>alienus</em></strong></span> <span class='ocrx_word' id='word_1_226' title='bbox 2544 1189 2573 1228; x_wconf 91' lang='lat' dir='ltr'><strong><em>a</em></strong></span> <span class='ocrx_word' id='word_1_227' title='bbox 2606 1175 2767 1244; x_wconf 89' lang='lat' dir='ltr'><strong><em>culpa</em></strong></span> <span class='ocrx_word' id='word_1_228' title='bbox 2796 1175 2887 1245; x_wconf 91' lang='lat' dir='ltr'><strong><em>qui</em></strong></span> <span class='ocrx_word' id='word_1_229' title='bbox 2934 1175 3107 1230; x_wconf 81' lang='lat' dir='ltr'><strong><em>vicem</em></strong></span> <span class='ocrx_word' id='word_1_230' title='bbox 3147 1175 3348 1232; x_wconf 90' lang='lat' dir='ltr'><strong><em>malam</em></strong></span> <span class='ocrx_word' id='word_1_231' title='bbox 3388 1175 3662 1246; x_wconf 88' lang='lat' dir='ltr'><strong><em>rependit,</em></strong></span> 
     </span>
    </p>
   </div>
   <div class='ocr_carea' id='block_1_28' title="bbox 2057 1265 3666 1338">
    <p class='ocr_par' dir='ltr' id='par_1_28' title="bbox 2057 1265 3666 1338">
     <span class='ocr_line' id='line_1_28' title="bbox 2057 1265 3666 1338; baseline 0.002 -17"><span class='ocrx_word' id='word_1_232' title='bbox 2057 1281 2121 1321; x_wconf 88' lang='lat' dir='ltr'><strong><em>ac</em></strong></span> <span class='ocrx_word' id='word_1_233' title='bbox 2154 1283 2249 1336; x_wconf 88' lang='lat' dir='ltr'><strong><em>per</em></strong></span> <span class='ocrx_word' id='word_1_234' title='bbox 2272 1265 2376 1321; x_wconf 87' lang='lat' dir='ltr'><strong><em>hoc</em></strong></span> <span class='ocrx_word' id='word_1_235' title='bbox 2405 1281 2511 1321; x_wconf 92' lang='lat' dir='ltr'><strong><em>non</em></strong></span> <span class='ocrx_word' id='word_1_236' title='bbox 2545 1276 2724 1338; x_wconf 86' lang='lat' dir='ltr'><strong><em>potest</em></strong></span> <span class='ocrx_word' id='word_1_237' title='bbox 2756 1268 2929 1323; x_wconf 91' lang='lat' dir='ltr'><strong><em>bonus</em></strong></span> <span class='ocrx_word' id='word_1_238' title='bbox 2959 1268 3149 1323; x_wconf 86' lang='lat' dir='ltr'><strong><em>haberi</em></strong></span> <span class='ocrx_word' id='word_1_239' title='bbox 3172 1270 3264 1338; x_wconf 90' lang='lat' dir='ltr'><strong><em>qui</em></strong></span> <span class='ocrx_word' id='word_1_240' title='bbox 3299 1270 3498 1324; x_wconf 86' lang='lat' dir='ltr'><strong><em>malum</em></strong></span> <span class='ocrx_word' id='word_1_241' title='bbox 3540 1266 3666 1324; x_wconf 89' lang='lat' dir='ltr'><strong><em>imi-</em></strong></span> 
     </span>
    </p>
   </div>
   <div class='ocr_carea' id='block_1_29' title="bbox 2060 1368 2224 1414">
    <p class='ocr_par' dir='ltr' id='par_1_29' title="bbox 2060 1368 2224 1414">
     <span class='ocr_line' id='line_1_29' title="bbox 2060 1368 2224 1414; baseline 0 0"><span class='ocrx_word' id='word_1_242' title='bbox 2060 1368 2224 1414; x_wconf 88' lang='lat' dir='ltr'><strong><em>tatur.</em></strong></span> 
     </span>
    </p>
   </div>
   <div class='ocr_carea' id='block_1_30' title="bbox 2131 1452 3668 1525">
    <p class='ocr_par' dir='ltr' id='par_1_30' title="bbox 2131 1452 3668 1525">
     <span class='ocr_line' id='line_1_30' title="bbox 2131 1452 3668 1525; baseline 0.002 -18"><span class='ocrx_word' id='word_1_243' title='bbox 2131 1452 2195 1507; x_wconf 91' lang='lat' dir='ltr'><strong><em>ll.</em></strong></span> <span class='ocrx_word' id='word_1_244' title='bbox 2237 1452 2351 1507; x_wconf 81' lang='lat' dir='ltr'><strong><em>Non</em></strong></span> <span class='ocrx_word' id='word_1_245' title='bbox 2391 1453 2566 1508; x_wconf 75' lang='lat' dir='ltr'><strong><em>Solum</em></strong></span> <span class='ocrx_word' id='word_1_246' title='bbox 2615 1462 2796 1509; x_wconf 90' lang='lat' dir='ltr'><strong><em>autem</em></strong></span> <span class='ocrx_word' id='word_1_247' title='bbox 2846 1454 3119 1510; x_wconf 79' lang='lat' dir='ltr'><strong><em>maxillam</em></strong></span> <span class='ocrx_word' id='word_1_248' title='bbox 3165 1454 3516 1523; x_wconf 65' lang='lat' dir='ltr'><strong><em>prarbeudam</em></strong></span> <span class='ocrx_word' id='word_1_249' title='bbox 3545 1471 3668 1525; x_wconf 83' lang='lat' dir='ltr'><strong><em>per-</em></strong></span> 
     </span>
    </p>
   </div>
   <div class='ocr_carea' id='block_1_31' title="bbox 2059 1547 3667 1620">
    <p class='ocr_par' dir='ltr' id='par_1_31' title="bbox 2059 1547 3667 1620">
     <span class='ocr_line' id='line_1_31' title="bbox 2059 1547 3667 1620; baseline 0.001 -20"><span class='ocrx_word' id='word_1_250' title='bbox 2059 1548 2284 1600; x_wconf 89' lang='lat' dir='ltr'><strong><em>cutienti</em></strong></span> <span class='ocrx_word' id='word_1_251' title='bbox 2318 1547 2578 1601; x_wconf 81' lang='lat' dir='ltr'><strong><em>Dominus</em></strong></span> <span class='ocrx_word' id='word_1_252' title='bbox 2610 1548 2876 1618; x_wconf 72' lang='lat' dir='ltr'><strong><em>prmcipit,</em></strong></span> <span class='ocrx_word' id='word_1_253' title='bbox 2901 1548 2995 1602; x_wconf 90' lang='lat' dir='ltr'><strong><em>sed</em></strong></span> <span class='ocrx_word' id='word_1_254' title='bbox 3018 1556 3072 1601; x_wconf 91' lang='lat' dir='ltr'><strong><em>et</em></strong></span> <span class='ocrx_word' id='word_1_255' title='bbox 3102 1550 3303 1603; x_wconf 88' lang='lat' dir='ltr'><strong><em>damna</em></strong></span> <span class='ocrx_word' id='word_1_256' title='bbox 3325 1548 3514 1604; x_wconf 69' lang='lat' dir='ltr'><strong><em>subiri.</em></strong></span> <span class='ocrx_word' id='word_1_257' title='bbox 3559 1548 3667 1620; x_wconf 77' lang='lat'><strong><em>65</em></strong></span> 
     </span>
    </p>
   </div>
   <div class='ocr_carea' id='block_1_32' title="bbox 2064 1639 3664 1715">
    <p class='ocr_par' dir='ltr' id='par_1_32' title="bbox 2064 1639 3664 1715">
     <span class='ocr_line' id='line_1_32' title="bbox 2064 1639 3664 1715; baseline 0.002 -23"><span class='ocrx_word' id='word_1_258' title='bbox 2064 1639 2174 1693; x_wconf 91' lang='lat' dir='ltr'><strong><em>Hoc</em></strong></span> <span class='ocrx_word' id='word_1_259' title='bbox 2197 1641 2339 1695; x_wconf 87' lang='lat' dir='ltr'><strong><em>enim</em></strong></span> <span class='ocrx_word' id='word_1_260' title='bbox 2368 1641 2574 1694; x_wconf 86' lang='lat' dir='ltr'><strong><em>addidit</em></strong></span> <span class='ocrx_word' id='word_1_261' title='bbox 2606 1659 2618 1693; x_wconf 90' lang='lat'><strong>:</strong></span> <span class='ocrx_word' id='word_1_262' title='bbox 2651 1640 2718 1694; x_wconf 86' lang='lat' dir='ltr'><strong><em>Et</em></strong></span> <span class='ocrx_word' id='word_1_263' title='bbox 2758 1642 2847 1711; x_wconf 85' lang='lat' dir='ltr'><strong><em>qui</em></strong></span> <span class='ocrx_word' id='word_1_264' title='bbox 2892 1643 3000 1695; x_wconf 80' lang='lat' dir='ltr'><strong><em>vult</em></strong></span> <span class='ocrx_word' id='word_1_265' title='bbox 3032 1652 3196 1696; x_wconf 86' lang='lat' dir='ltr'><strong><em>tecum</em></strong></span> <span class='ocrx_word' id='word_1_266' title='bbox 3217 1642 3425 1715; x_wconf 87' lang='lat' dir='ltr'><strong><em>judicio</em></strong></span> <span class='ocrx_word' id='word_1_267' title='bbox 3450 1651 3664 1697; x_wconf 68' lang='lat' dir='ltr'><strong><em>centeno</em></strong></span> 
     </span>
    </p>
   </div>
   <div class='ocr_carea' id='block_1_33' title="bbox 356 1732 3669 1811">
    <p class='ocr_par' dir='ltr' id='par_1_33' title="bbox 356 1732 3669 1811">
     <span class='ocr_line' id='line_1_33' title="bbox 356 1732 3669 1811; baseline -0.002 -20"><span class='ocrx_word' id='word_1_268' title='bbox 356 1750 454 1804; x_wconf 83' lang='lat' dir='ltr'><strong><em>est,</em></strong></span> <span class='ocrx_word' id='word_1_269' title='bbox 478 1738 587 1811; x_wconf 75' lang='lat'><strong><em>63</em></strong></span> <span class='ocrx_word' id='word_1_270' title='bbox 612 1739 740 1790; x_wconf 83' lang='lat' dir='ltr'><strong><em>sicut</em></strong></span> <span class='ocrx_word' id='word_1_271' title='bbox 762 1746 810 1791; x_wconf 89' lang='lat' dir='ltr'><strong><em>et</em></strong></span> <span class='ocrx_word' id='word_1_272' title='bbox 837 1747 981 1805; x_wconf 88' lang='lat' dir='ltr'><strong><em>pater</em></strong></span> <span class='ocrx_word' id='word_1_273' title='bbox 1002 1737 1113 1803; x_wconf 87' lang='lat' dir='ltr'><strong><em>ejus</em></strong></span> <span class='ocrx_word' id='word_1_274' title='bbox 1140 1732 1322 1805; x_wconf 84' lang='lat' dir='ltr'><strong><em>(Joan.</em></strong></span> <span class='ocrx_word' id='word_1_275' title='bbox 1346 1750 1460 1798; x_wconf 86' lang='lat' dir='ltr'><strong><em>vm,</em></strong></span> <span class='ocrx_word' id='word_1_276' title='bbox 1490 1732 1603 1803; x_wconf 69' lang='grc'><strong><em>44).</em></strong></span> <span class='ocrx_word' id='word_1_277' title='bbox 1638 1732 1789 1790; x_wconf 91' lang='lat' dir='ltr'><strong><em>Unde</em></strong></span> <span class='ocrx_word' id='word_1_278' title='bbox 1815 1748 1959 1789; x_wconf 89' lang='lat' dir='ltr'><strong><em>sem-</em></strong></span> <span class='ocrx_word' id='word_1_279' title='bbox 1991 1732 2040 1791; x_wconf 91' lang='lat' dir='ltr'><strong>B</strong></span> <span class='ocrx_word' id='word_1_280' title='bbox 2068 1734 2188 1788; x_wconf 90' lang='lat' dir='ltr'><strong><em>dere</em></strong></span> <span class='ocrx_word' id='word_1_281' title='bbox 2210 1744 2256 1789; x_wconf 90' lang='lat' dir='ltr'><strong><em>et</em></strong></span> <span class='ocrx_word' id='word_1_282' title='bbox 2285 1735 2510 1789; x_wconf 84' lang='lat' dir='ltr'><strong><em>tunicam</em></strong></span> <span class='ocrx_word' id='word_1_283' title='bbox 2546 1746 2688 1788; x_wconf 85' lang='lat' dir='ltr'><strong><em>tuam</em></strong></span> <span class='ocrx_word' id='word_1_284' title='bbox 2738 1735 2917 1788; x_wconf 88' lang='lat' dir='ltr'><strong><em>tollere</em></strong></span> <span class='ocrx_word' id='word_1_285' title='bbox 2936 1776 2949 1801; x_wconf 95' lang='lat'><strong><em>,</em></strong></span> <span class='ocrx_word' id='word_1_286' title='bbox 3006 1736 3204 1789; x_wconf 86' lang='lat' dir='ltr'><strong><em>remitte</em></strong></span> <span class='ocrx_word' id='word_1_287' title='bbox 3252 1735 3298 1788; x_wconf 88' lang='lat' dir='ltr'><strong><em>ei</em></strong></span> <span class='ocrx_word' id='word_1_288' title='bbox 3328 1747 3374 1789; x_wconf 88' lang='lat' dir='ltr'><strong><em>et</em></strong></span> <span class='ocrx_word' id='word_1_289' title='bbox 3422 1735 3669 1808; x_wconf 81' lang='lat' dir='ltr'><strong><em>pallium.</em></strong></span> 
     </span>
    </p>
   </div>
   <div class='ocr_carea' id='block_1_34' title="bbox 358 1827 1959 1906">
    <p class='ocr_par' dir='ltr' id='par_1_34' title="bbox 358 1827 1959 1906">
     <span class='ocr_line' id='line_1_34' title="bbox 358 1827 1959 1906; baseline -0.002 -19"><span class='ocrx_word' id='word_1_290' title='bbox 358 1850 481 1906; x_wconf 90' lang='lat' dir='ltr'><strong><em>per,</em></strong></span> <span class='ocrx_word' id='word_1_291' title='bbox 514 1833 658 1903; x_wconf 91' lang='lat' dir='ltr'><strong><em>quod</em></strong></span> <span class='ocrx_word' id='word_1_292' title='bbox 688 1846 877 1887; x_wconf 88' lang='lat' dir='ltr'><strong><em>verum</em></strong></span> <span class='ocrx_word' id='word_1_293' title='bbox 904 1842 1007 1894; x_wconf 90' lang='lat' dir='ltr'><strong><em>est,</em></strong></span> <span class='ocrx_word' id='word_1_294' title='bbox 1041 1829 1188 1899; x_wconf 92' lang='lat' dir='ltr'><strong><em>loqui</em></strong></span> <span class='ocrx_word' id='word_1_295' title='bbox 1220 1840 1273 1884; x_wconf 89' lang='lat' dir='ltr'><strong><em>et</em></strong></span> <span class='ocrx_word' id='word_1_296' title='bbox 1307 1827 1556 1883; x_wconf 89' lang='lat' dir='ltr'><strong><em>meditari</em></strong></span> <span class='ocrx_word' id='word_1_297' title='bbox 1586 1828 1866 1901; x_wconf 86' lang='lat' dir='ltr'><strong><em>debemus,</em></strong></span> <span class='ocrx_word' id='word_1_298' title='bbox 1901 1838 1959 1884; x_wconf 90' lang='lat' dir='ltr'><strong><em>ut</em></strong></span> 
     </span>
    </p>
   </div>
   <div class='ocr_carea' id='block_1_35' title="bbox 359 1920 1957 1995">
    <p class='ocr_par' dir='ltr' id='par_1_35' title="bbox 359 1920 1957 1995">
     <span class='ocr_line' id='line_1_35' title="bbox 359 1920 1957 1995; baseline -0.004 -14"><span class='ocrx_word' id='word_1_299' title='bbox 359 1925 659 1995; x_wconf 82' lang='lat' dir='ltr'><strong><em>discipulus</em></strong></span> <span class='ocrx_word' id='word_1_300' title='bbox 689 1939 788 1978; x_wconf 89' lang='lat' dir='ltr'><strong><em>nos</em></strong></span> <span class='ocrx_word' id='word_1_301' title='bbox 814 1938 937 1977; x_wconf 90' lang='lat' dir='ltr'><strong><em>esse</em></strong></span> <span class='ocrx_word' id='word_1_302' title='bbox 965 1923 1084 1993; x_wconf 87' lang='lat' dir='ltr'><strong><em>ejus</em></strong></span> <span class='ocrx_word' id='word_1_303' title='bbox 1114 1923 1206 1992; x_wconf 87' lang='lat' dir='ltr'><strong><em>qtti</em></strong></span> <span class='ocrx_word' id='word_1_304' title='bbox 1235 1921 1435 1977; x_wconf 89' lang='lat' dir='ltr'><strong><em>veritas</em></strong></span> <span class='ocrx_word' id='word_1_305' title='bbox 1464 1931 1548 1977; x_wconf 90' lang='lat' dir='ltr'><strong><em>est</em></strong></span> <span class='ocrx_word' id='word_1_306' title='bbox 1582 1920 1957 1990; x_wconf 86' lang='lat' dir='ltr'><strong><em>ostendamus,</em></strong></span> 
     </span>
    </p>
   </div>
   <div class='ocr_carea' id='block_1_36' title="bbox 358 2015 1253 2089">
    <p class='ocr_par' dir='ltr' id='par_1_36' title="bbox 358 2015 1253 2089">
     <span class='ocr_line' id='line_1_36' title="bbox 358 2015 1253 2089; baseline -0.007 -16"><span class='ocrx_word' id='word_1_307' title='bbox 358 2017 449 2089; x_wconf 87' lang='lat' dir='ltr'><strong><em>qui</em></strong></span> <span class='ocrx_word' id='word_1_308' title='bbox 479 2025 567 2073; x_wconf 87' lang='lat' dir='ltr'><strong><em>est</em></strong></span> <span class='ocrx_word' id='word_1_309' title='bbox 596 2016 921 2072; x_wconf 87' lang='lat' dir='ltr'><strong><em>benedictus</em></strong></span> <span class='ocrx_word' id='word_1_310' title='bbox 951 2015 1003 2068; x_wconf 93' lang='lat' dir='ltr'><strong><em>in</em></strong></span> <span class='ocrx_word' id='word_1_311' title='bbox 1036 2015 1253 2069; x_wconf 62' lang='lat' dir='ltr'><strong><em>saecula.</em></strong></span> 
     </span>
    </p>
   </div>
   <div class='ocr_carea' id='block_1_37' title="bbox 825 2104 1466 2163">
    <p class='ocr_par' dir='ltr' id='par_1_37' title="bbox 825 2104 1466 2163">
     <span class='ocr_line' id='line_1_37' title="bbox 825 2104 1466 2163; baseline 0.002 -2"><span class='ocrx_word' id='word_1_312' title='bbox 825 2105 851 2144; x_wconf 68' lang='grc' dir='ltr'>δ</span> <span class='ocrx_word' id='word_1_313' title='bbox 882 2104 1308 2163; x_wconf 80' lang='lat' dir='ltr'><strong><em>TRACTATUS</em></strong></span> <span class='ocrx_word' id='word_1_314' title='bbox 1346 2106 1418 2162; x_wconf 78' lang='lat' dir='ltr'><strong>XI</strong></span> <span class='ocrx_word' id='word_1_315' title='bbox 1452 2146 1466 2162; x_wconf 91' lang='lat'><strong><em>.</em></strong></span> 
     </span>
    </p>
   </div>
   <div class='ocr_carea' id='block_1_38' title="bbox 671 2198 1678 2273">
    <p class='ocr_par' dir='ltr' id='par_1_38' title="bbox 671 2198 1678 2273">
     <span class='ocr_line' id='line_1_38' title="bbox 671 2198 1678 2273; baseline -0.001 -18"><span class='ocrx_word' id='word_1_316' title='bbox 671 2200 736 2256; x_wconf 86' lang='lat' dir='ltr'><strong><em>In</em></strong></span> <span class='ocrx_word' id='word_1_317' title='bbox 766 2212 921 2272; x_wconf 85' lang='lat' dir='ltr'><strong><em>caput</em></strong></span> <span class='ocrx_word' id='word_1_318' title='bbox 952 2216 984 2253; x_wconf 78' lang='grc' dir='ltr'><strong>ν</strong></span> <span class='ocrx_word' id='word_1_319' title='bbox 1013 2200 1284 2273; x_wconf 82' lang='lat' dir='ltr'><strong><em>Evangelii</em></strong></span> <span class='ocrx_word' id='word_1_320' title='bbox 1325 2200 1386 2256; x_wconf 92' lang='lat' dir='ltr'><strong><em>S.</em></strong></span> <span class='ocrx_word' id='word_1_321' title='bbox 1421 2198 1678 2255; x_wconf 76' lang='lat' dir='ltr'><strong><em>Matthtei.</em></strong></span> 
     </span>
    </p>
   </div>
   <div class='ocr_carea' id='block_1_39' title="bbox 437 2293 1965 2364">
    <p class='ocr_par' dir='ltr' id='par_1_39' title="bbox 437 2293 1965 2364">
     <span class='ocr_line' id='line_1_39' title="bbox 437 2293 1965 2364; baseline -0.003 -13"><span class='ocrx_word' id='word_1_322' title='bbox 437 2296 472 2351; x_wconf 87' lang='lat' dir='ltr'><strong><em>l.</em></strong></span> <span class='ocrx_word' id='word_1_323' title='bbox 505 2294 712 2351; x_wconf 86' lang='lat' dir='ltr'><strong><em>Dehinc</em></strong></span> <span class='ocrx_word' id='word_1_324' title='bbox 743 2293 990 2364; x_wconf 89' lang='lat' dir='ltr'><strong><em>sequitur</em></strong></span> <span class='ocrx_word' id='word_1_325' title='bbox 1024 2293 1317 2357; x_wconf 83' lang='lat' dir='ltr'><strong><em>:Audistis,</em></strong></span> <span class='ocrx_word' id='word_1_326' title='bbox 1342 2293 1464 2364; x_wconf 83' lang='lat' dir='ltr'><strong><em>quia</em></strong></span> <span class='ocrx_word' id='word_1_327' title='bbox 1490 2294 1683 2347; x_wconf 91' lang='lat' dir='ltr'><strong><em>dictum</em></strong></span> <span class='ocrx_word' id='word_1_328' title='bbox 1724 2302 1798 2347; x_wconf 82' lang='lat' dir='ltr'><strong><em>est</em></strong></span> <span class='ocrx_word' id='word_1_329' title='bbox 1825 2293 1965 2347; x_wconf 88' lang='lat' dir='ltr'><strong><em>anti-</em></strong></span> 
     </span>
    </p>
   </div>
   <div class='ocr_carea' id='block_1_40' title="bbox 361 2384 1970 2461">
    <p class='ocr_par' dir='ltr' id='par_1_40' title="bbox 361 2384 1970 2461">
     <span class='ocr_line' id='line_1_40' title="bbox 361 2384 1970 2461; baseline -0.003 -17"><span class='ocrx_word' id='word_1_330' title='bbox 361 2390 475 2461; x_wconf 84' lang='lat' dir='ltr'><strong><em>quis</em></strong></span> <span class='ocrx_word' id='word_1_331' title='bbox 510 2388 775 2443; x_wconf 84' lang='lat' dir='ltr'><strong><em>:Oculum</em></strong></span> <span class='ocrx_word' id='word_1_332' title='bbox 810 2403 902 2457; x_wconf 86' lang='lat' dir='ltr'><strong><em>pro</em></strong></span> <span class='ocrx_word' id='word_1_333' title='bbox 946 2387 1115 2450; x_wconf 88' lang='lat' dir='ltr'><strong><em>oculo,</em></strong></span> <span class='ocrx_word' id='word_1_334' title='bbox 1140 2387 1343 2440; x_wconf 87' lang='lat' dir='ltr'><strong><em>dentem</em></strong></span> <span class='ocrx_word' id='word_1_335' title='bbox 1370 2402 1465 2456; x_wconf 87' lang='lat' dir='ltr'><strong><em>pro</em></strong></span> <span class='ocrx_word' id='word_1_336' title='bbox 1496 2385 1666 2440; x_wconf 85' lang='lat' dir='ltr'><strong><em>dente.</em></strong></span> <span class='ocrx_word' id='word_1_337' title='bbox 1725 2384 1836 2459; x_wconf 83' lang='lat' dir='ltr'><strong><em>Ego</em></strong></span> <span class='ocrx_word' id='word_1_338' title='bbox 1873 2402 1970 2439; x_wconf 87' lang='lat' dir='ltr'><strong><em>au-</em></strong></span> 
     </span>
    </p>
   </div>
   <div class='ocr_carea' id='block_1_41' title="bbox 367 2477 1971 2549">
    <p class='ocr_par' dir='ltr' id='par_1_41' title="bbox 367 2477 1971 2549">
     <span class='ocr_line' id='line_1_41' title="bbox 367 2477 1971 2549; baseline -0.003 -13"><span class='ocrx_word' id='word_1_339' title='bbox 367 2493 468 2537; x_wconf 83' lang='lat' dir='ltr'><strong><em>tem</em></strong></span> <span class='ocrx_word' id='word_1_340' title='bbox 495 2481 616 2536; x_wconf 91' lang='lat' dir='ltr'><strong><em>dico</em></strong></span> <span class='ocrx_word' id='word_1_341' title='bbox 646 2480 787 2535; x_wconf 82' lang='lat' dir='ltr'><strong><em>vobis</em></strong></span> <span class='ocrx_word' id='word_1_342' title='bbox 816 2496 834 2534; x_wconf 88' lang='lat'><strong><em>:</em></strong></span> <span class='ocrx_word' id='word_1_343' title='bbox 868 2477 992 2533; x_wconf 89' lang='lat' dir='ltr'><strong><em>Non</em></strong></span> <span class='ocrx_word' id='word_1_344' title='bbox 1021 2479 1255 2533; x_wconf 74' lang='lat' dir='ltr'><strong><em>resistere</em></strong></span> <span class='ocrx_word' id='word_1_345' title='bbox 1272 2479 1407 2533; x_wconf 90' lang='lat' dir='ltr'><strong><em>malo</em></strong></span> <span class='ocrx_word' id='word_1_346' title='bbox 1432 2482 1557 2534; x_wconf 88' lang='lat' dir='ltr'><strong><em>:sed</em></strong></span> <span class='ocrx_word' id='word_1_347' title='bbox 1585 2479 1631 2533; x_wconf 89' lang='lat' dir='ltr'><strong><em>si</em></strong></span> <span class='ocrx_word' id='word_1_348' title='bbox 1656 2479 1766 2549; x_wconf 84' lang='lat' dir='ltr'><strong><em>quis</em></strong></span> <span class='ocrx_word' id='word_1_349' title='bbox 1798 2487 1845 2531; x_wconf 88' lang='lat' dir='ltr'><strong><em>te</em></strong></span> <span class='ocrx_word' id='word_1_350' title='bbox 1856 2494 1971 2549; x_wconf 85' lang='lat' dir='ltr'><strong><em>per-</em></strong></span> 
     </span>
    </p>
   </div>
   <div class='ocr_carea' id='block_1_42' title="bbox 368 2571 1973 2642">
    <p class='ocr_par' dir='ltr' id='par_1_42' title="bbox 368 2571 1973 2642">
     <span class='ocr_line' id='line_1_42' title="bbox 368 2571 1973 2642; baseline -0.002 -13"><span class='ocrx_word' id='word_1_351' title='bbox 368 2576 585 2630; x_wconf 87' lang='lat' dir='ltr'><strong><em>cusserit</em></strong></span> <span class='ocrx_word' id='word_1_352' title='bbox 614 2574 668 2628; x_wconf 84' lang='lat' dir='ltr'><strong><em>in</em></strong></span> <span class='ocrx_word' id='word_1_353' title='bbox 699 2573 970 2628; x_wconf 72' lang='lat' dir='ltr'><strong><em>maxillam</em></strong></span> <span class='ocrx_word' id='word_1_354' title='bbox 997 2574 1281 2636; x_wconf 73' lang='lat' dir='ltr'><strong><em>dexteram,</em></strong></span> <span class='ocrx_word' id='word_1_355' title='bbox 1316 2575 1483 2642; x_wconf 81' lang='lat' dir='ltr'><strong><em>prtebe</em></strong></span> <span class='ocrx_word' id='word_1_356' title='bbox 1502 2571 1582 2626; x_wconf 83' lang='lat' dir='ltr'><strong><em>illi</em></strong></span> <span class='ocrx_word' id='word_1_357' title='bbox 1604 2583 1647 2626; x_wconf 92' lang='lat' dir='ltr'><strong><em>et</em></strong></span> <span class='ocrx_word' id='word_1_358' title='bbox 1667 2572 1926 2625; x_wconf 79' lang='lat' dir='ltr'><strong><em>sinistram</em></strong></span> <span class='ocrx_word' id='word_1_359' title='bbox 1953 2585 1973 2625; x_wconf 90' lang='lat'><strong><em>:</em></strong></span> 
     </span>
    </p>
   </div>
   <div class='ocr_carea' id='block_1_43' title="bbox 369 2667 1973 2739">
    <p class='ocr_par' dir='ltr' id='par_1_43' title="bbox 369 2667 1973 2739">
     <span class='ocr_line' id='line_1_43' title="bbox 369 2667 1973 2739; baseline -0.003 -16"><span class='ocrx_word' id='word_1_360' title='bbox 369 2679 413 2723; x_wconf 86' lang='lat' dir='ltr'><strong><em>et</em></strong></span> <span class='ocrx_word' id='word_1_361' title='bbox 443 2669 489 2724; x_wconf 86' lang='lat' dir='ltr'><strong><em>ei</em></strong></span> <span class='ocrx_word' id='word_1_362' title='bbox 518 2669 735 2738; x_wconf 84' lang='lat' dir='ltr'><strong><em>quivult</em></strong></span> <span class='ocrx_word' id='word_1_363' title='bbox 764 2676 931 2722; x_wconf 85' lang='lat' dir='ltr'><strong><em>tecum</em></strong></span> <span class='ocrx_word' id='word_1_364' title='bbox 949 2667 1157 2739; x_wconf 86' lang='lat' dir='ltr'><strong><em>judicio</em></strong></span> <span class='ocrx_word' id='word_1_365' title='bbox 1184 2669 1491 2721; x_wconf 81' lang='lat' dir='ltr'><strong><em>contendere</em></strong></span> <span class='ocrx_word' id='word_1_366' title='bbox 1509 2676 1555 2721; x_wconf 92' lang='lat' dir='ltr'><strong><em>et</em></strong></span> <span class='ocrx_word' id='word_1_367' title='bbox 1578 2667 1805 2728; x_wconf 83' lang='lat' dir='ltr'><strong><em>tunicam</em></strong></span> <span class='ocrx_word' id='word_1_368' title='bbox 1832 2676 1973 2718; x_wconf 88' lang='lat' dir='ltr'><strong><em>tuam</em></strong></span> 
     </span>
    </p>
   </div>
   <div class='ocr_carea' id='block_1_44' title="bbox 368 2757 1973 2833">
    <p class='ocr_par' dir='ltr' id='par_1_44' title="bbox 368 2757 1973 2833">
     <span class='ocr_line' id='line_1_44' title="bbox 368 2757 1973 2833; baseline -0.002 -17"><span class='ocrx_word' id='word_1_369' title='bbox 368 2762 573 2827; x_wconf 85' lang='lat' dir='ltr'><strong><em>tollere,</em></strong></span> <span class='ocrx_word' id='word_1_370' title='bbox 599 2761 797 2817; x_wconf 83' lang='lat' dir='ltr'><strong><em>dimitte</em></strong></span> <span class='ocrx_word' id='word_1_371' title='bbox 839 2762 886 2814; x_wconf 86' lang='lat' dir='ltr'><strong><em>ci</em></strong></span> <span class='ocrx_word' id='word_1_372' title='bbox 938 2772 983 2814; x_wconf 88' lang='lat' dir='ltr'><strong><em>et</em></strong></span> <span class='ocrx_word' id='word_1_373' title='bbox 1033 2761 1250 2830; x_wconf 81' lang='lat' dir='ltr'><strong><em>pallium</em></strong></span> <span class='ocrx_word' id='word_1_374' title='bbox 1272 2758 1490 2833; x_wconf 79' lang='lat' dir='ltr'><strong><em>(Matth.</em></strong></span> <span class='ocrx_word' id='word_1_375' title='bbox 1528 2775 1581 2824; x_wconf 86' lang='lat' dir='ltr'><strong><em>v,</em></strong></span> <span class='ocrx_word' id='word_1_376' title='bbox 1611 2759 1713 2825; x_wconf 80' lang='grc'><strong><em>58,</em></strong></span> <span class='ocrx_word' id='word_1_377' title='bbox 1741 2759 1858 2829; x_wconf 76' lang='grc'><strong><em>40).</em></strong></span> <span class='ocrx_word' id='word_1_378' title='bbox 1892 2757 1973 2812; x_wconf 79' lang='lat' dir='ltr'><strong><em>Ad</em></strong></span> 
     </span>
    </p>
   </div>
   <div class='ocr_carea' id='block_1_45' title="bbox 368 2852 1979 2924">
    <p class='ocr_par' dir='ltr' id='par_1_45' title="bbox 368 2852 1979 2924">
     <span class='ocr_line' id='line_1_45' title="bbox 368 2852 1979 2924; baseline -0.004 -12"><span class='ocrx_word' id='word_1_379' title='bbox 368 2869 531 2912; x_wconf 91' lang='lat' dir='ltr'><strong><em>omne</em></strong></span> <span class='ocrx_word' id='word_1_380' title='bbox 564 2869 664 2909; x_wconf 89' lang='lat' dir='ltr'><strong><em>nos</em></strong></span> <span class='ocrx_word' id='word_1_381' title='bbox 693 2854 1005 2924; x_wconf 82' lang='lat' dir='ltr'><strong><em>exemplum</em></strong></span> <span class='ocrx_word' id='word_1_382' title='bbox 1037 2853 1315 2924; x_wconf 69' lang='lat' dir='ltr'><strong><em>patientia:</em></strong></span> <span class='ocrx_word' id='word_1_383' title='bbox 1345 2863 1401 2909; x_wconf 90' lang='lat' dir='ltr'><strong><em>et</em></strong></span> <span class='ocrx_word' id='word_1_384' title='bbox 1443 2854 1763 2907; x_wconf 86' lang='lat' dir='ltr'><strong><em>humilitatis</em></strong></span> <span class='ocrx_word' id='word_1_385' title='bbox 1792 2852 1979 2906; x_wconf 87' lang='lat' dir='ltr'><strong><em>Domi-</em></strong></span> 
     </span>
    </p>
   </div>
   <div class='ocr_carea' id='block_1_46' title="bbox 371 2942 1978 3019">
    <p class='ocr_par' dir='ltr' id='par_1_46' title="bbox 371 2942 1978 3019">
     <span class='ocr_line' id='line_1_46' title="bbox 371 2942 1978 3019; baseline -0.004 -16"><span class='ocrx_word' id='word_1_386' title='bbox 371 2962 476 3003; x_wconf 88' lang='lat' dir='ltr'><strong><em>nus</em></strong></span> <span class='ocrx_word' id='word_1_387' title='bbox 499 2962 598 3018; x_wconf 91' lang='lat' dir='ltr'><strong><em>per</em></strong></span> <span class='ocrx_word' id='word_1_388' title='bbox 629 2946 947 3019; x_wconf 87' lang='lat' dir='ltr'><strong><em>evangelica</em></strong></span> <span class='ocrx_word' id='word_1_389' title='bbox 976 2954 1249 3014; x_wconf 76' lang='lat' dir='ltr'><strong><em>pra-cepta</em></strong></span> <span class='ocrx_word' id='word_1_390' title='bbox 1275 2943 1603 2999; x_wconf 81' lang='lat' dir='ltr'><strong><em>conformat.</em></strong></span> <span class='ocrx_word' id='word_1_391' title='bbox 1632 2943 1751 2999; x_wconf 79' lang='lat' dir='ltr'><strong><em>Jatn</em></strong></span> <span class='ocrx_word' id='word_1_392' title='bbox 1775 2942 1978 2997; x_wconf 90' lang='lat' dir='ltr'><strong><em>dudum</em></strong></span> 
     </span>
    </p>
   </div>
   <div class='ocr_carea' id='block_1_47' title="bbox 368 3039 1979 3113">
    <p class='ocr_par' dir='ltr' id='par_1_47' title="bbox 368 3039 1979 3113">
     <span class='ocr_line' id='line_1_47' title="bbox 368 3039 1979 3113; baseline -0.004 -16"><span class='ocrx_word' id='word_1_393' title='bbox 368 3042 582 3113; x_wconf 81' lang='lat' dir='ltr'><strong><em>iussum</em></strong></span> <span class='ocrx_word' id='word_1_394' title='bbox 615 3040 793 3096; x_wconf 86' lang='lat' dir='ltr'><strong><em>fuerat</em></strong></span> <span class='ocrx_word' id='word_1_395' title='bbox 820 3041 873 3095; x_wconf 92' lang='lat' dir='ltr'><strong><em>in</em></strong></span> <span class='ocrx_word' id='word_1_396' title='bbox 906 3043 1045 3111; x_wconf 81' lang='lat' dir='ltr'><strong><em>lege,</em></strong></span> <span class='ocrx_word' id='word_1_397' title='bbox 1076 3041 1121 3095; x_wconf 89' lang='lat' dir='ltr'><strong><em>si</em></strong></span> <span class='ocrx_word' id='word_1_398' title='bbox 1152 3039 1274 3110; x_wconf 89' lang='lat' dir='ltr'><strong><em>quis</em></strong></span> <span class='ocrx_word' id='word_1_399' title='bbox 1294 3039 1596 3094; x_wconf 84' lang='lat' dir='ltr'><strong><em>iracundiae</em></strong></span> <span class='ocrx_word' id='word_1_400' title='bbox 1622 3039 1803 3092; x_wconf 89' lang='lat' dir='ltr'><strong><em>fttrore</em></strong></span> <span class='ocrx_word' id='word_1_401' title='bbox 1830 3052 1979 3092; x_wconf 86' lang='lat' dir='ltr'><strong><em>com-</em></strong></span> 
     </span>
    </p>
   </div>
   <div class='ocr_carea' id='block_1_48' title="bbox 372 3116 2055 3199">
    <p class='ocr_par' dir='ltr' id='par_1_48' title="bbox 372 3116 2055 3199">
     <span class='ocr_line' id='line_1_48' title="bbox 372 3116 2055 3199; baseline -0.006 -9"><span class='ocrx_word' id='word_1_402' title='bbox 372 3148 593 3199; x_wconf 85' lang='lat' dir='ltr'><strong><em>moms,</em></strong></span> <span class='ocrx_word' id='word_1_403' title='bbox 630 3133 717 3189; x_wconf 89' lang='lat' dir='ltr'><strong><em>vel</em></strong></span> <span class='ocrx_word' id='word_1_404' title='bbox 766 3133 985 3187; x_wconf 89' lang='lat' dir='ltr'><strong><em>oculum</em></strong></span> <span class='ocrx_word' id='word_1_405' title='bbox 1018 3132 1104 3186; x_wconf 90' lang='lat' dir='ltr'><strong><em>vel</em></strong></span> <span class='ocrx_word' id='word_1_406' title='bbox 1148 3134 1369 3187; x_wconf 85' lang='lat' dir='ltr'><strong><em>dentem</em></strong></span> <span class='ocrx_word' id='word_1_407' title='bbox 1421 3132 1649 3186; x_wconf 84' lang='lat' dir='ltr'><strong><em>alterius</em></strong></span> <span class='ocrx_word' id='word_1_408' title='bbox 1716 3130 1977 3194; x_wconf 89' lang='lat' dir='ltr'><strong><em>eruisset;</em></strong></span> <span class='ocrx_word' id='word_1_409' title='bbox 2009 3116 2055 3180; x_wconf 89' lang='lat' dir='ltr'>C</span> 
     </span>
    </p>
   </div>
   <div class='ocr_carea' id='block_1_49' title="bbox 374 3222 1979 3297">
    <p class='ocr_par' dir='ltr' id='par_1_49' title="bbox 374 3222 1979 3297">
     <span class='ocr_line' id='line_1_49' title="bbox 374 3222 1979 3297; baseline -0.002 -17"><span class='ocrx_word' id='word_1_410' title='bbox 374 3225 493 3297; x_wconf 88' lang='lat' dir='ltr'><strong><em>ipse</em></strong></span> <span class='ocrx_word' id='word_1_411' title='bbox 519 3240 736 3296; x_wconf 87' lang='lat' dir='ltr'><strong><em>quoque</em></strong></span> <span class='ocrx_word' id='word_1_412' title='bbox 780 3224 942 3279; x_wconf 84' lang='lat' dir='ltr'><strong><em>simili</em></strong></span> <span class='ocrx_word' id='word_1_413' title='bbox 976 3237 1153 3294; x_wconf 71' lang='lat' dir='ltr'><strong><em>ptenze</em></strong></span> <span class='ocrx_word' id='word_1_414' title='bbox 1183 3234 1350 3294; x_wconf 88' lang='lat' dir='ltr'><strong><em>atque</em></strong></span> <span class='ocrx_word' id='word_1_415' title='bbox 1379 3223 1554 3279; x_wconf 88' lang='lat' dir='ltr'><strong><em>eidem</em></strong></span> <span class='ocrx_word' id='word_1_416' title='bbox 1602 3222 1805 3278; x_wconf 81' lang='lat' dir='ltr'><strong><em>damno</em></strong></span> <span class='ocrx_word' id='word_1_417' title='bbox 1846 3222 1979 3277; x_wconf 87' lang='lat' dir='ltr'><strong><em>sub-</em></strong></span> 
     </span>
    </p>
   </div>
   <div class='ocr_carea' id='block_1_50' title="bbox 372 3314 1982 3388">
    <p class='ocr_par' dir='ltr' id='par_1_50' title="bbox 372 3314 1982 3388">
     <span class='ocr_line' id='line_1_50' title="bbox 372 3314 1982 3388; baseline -0.002 -16"><span class='ocrx_word' id='word_1_418' title='bbox 372 3316 604 3388; x_wconf 78' lang='lat' dir='ltr'><strong><em>jaCeret.</em></strong></span> <span class='ocrx_word' id='word_1_419' title='bbox 634 3315 689 3369; x_wconf 90' lang='lat' dir='ltr'><strong><em>In</em></strong></span> <span class='ocrx_word' id='word_1_420' title='bbox 729 3331 838 3385; x_wconf 90' lang='lat' dir='ltr'><strong><em>quo</em></strong></span> <span class='ocrx_word' id='word_1_421' title='bbox 898 3324 1196 3386; x_wconf 66' lang='lat' dir='ltr'><strong><em>praecepto,</em></strong></span> <span class='ocrx_word' id='word_1_422' title='bbox 1234 3324 1289 3369; x_wconf 88' lang='lat' dir='ltr'><strong><em>et</em></strong></span> <span class='ocrx_word' id='word_1_423' title='bbox 1330 3314 1538 3385; x_wconf 89' lang='lat' dir='ltr'><strong><em>justitia</em></strong></span> <span class='ocrx_word' id='word_1_424' title='bbox 1583 3314 1717 3384; x_wconf 82' lang='lat' dir='ltr'><strong><em>legis</em></strong></span> <span class='ocrx_word' id='word_1_425' title='bbox 1763 3323 1982 3369; x_wconf 89' lang='lat' dir='ltr'><strong><em>ostensa</em></strong></span> 
     </span>
    </p>
   </div>
   <div class='ocr_carea' id='block_1_51' title="bbox 377 3409 1985 3481">
    <p class='ocr_par' dir='ltr' id='par_1_51' title="bbox 377 3409 1985 3481">
     <span class='ocr_line' id='line_1_51' title="bbox 377 3409 1985 3481; baseline -0.002 -13"><span class='ocrx_word' id='word_1_426' title='bbox 377 3420 487 3468; x_wconf 85' lang='lat' dir='ltr'><strong><em>est.</em></strong></span> <span class='ocrx_word' id='word_1_427' title='bbox 517 3419 573 3465; x_wconf 86' lang='lat' dir='ltr'><strong><em>et</em></strong></span> <span class='ocrx_word' id='word_1_428' title='bbox 601 3410 888 3467; x_wconf 87' lang='lat' dir='ltr'><strong><em>insolentis</em></strong></span> <span class='ocrx_word' id='word_1_429' title='bbox 945 3410 1129 3481; x_wconf 85' lang='lat' dir='ltr'><strong><em>populi</em></strong></span> <span class='ocrx_word' id='word_1_430' title='bbox 1158 3409 1259 3464; x_wconf 85' lang='lat' dir='ltr'><strong><em>sub</em></strong></span> <span class='ocrx_word' id='word_1_431' title='bbox 1310 3409 1413 3465; x_wconf 85' lang='lat' dir='ltr'><strong><em>hoc</em></strong></span> <span class='ocrx_word' id='word_1_432' title='bbox 1444 3420 1653 3465; x_wconf 85' lang='lat' dir='ltr'><strong><em>terrore</em></strong></span> <span class='ocrx_word' id='word_1_433' title='bbox 1706 3411 1985 3465; x_wconf 87' lang='lat' dir='ltr'><strong><em>temeritas</em></strong></span> 
     </span>
    </p>
   </div>
   <div class='ocr_carea' id='block_1_52' title="bbox 377 3504 1987 3575">
    <p class='ocr_par' dir='ltr' id='par_1_52' title="bbox 377 3504 1987 3575">
     <span class='ocr_line' id='line_1_52' title="bbox 377 3504 1987 3575; baseline -0.003 -12"><span class='ocrx_word' id='word_1_434' title='bbox 377 3506 661 3563; x_wconf 83' lang='lat' dir='ltr'><strong><em>refrenata</em></strong></span> <span class='ocrx_word' id='word_1_435' title='bbox 707 3517 788 3561; x_wconf 89' lang='lat' dir='ltr'><strong><em>est</em></strong></span> <span class='ocrx_word' id='word_1_436' title='bbox 814 3522 827 3559; x_wconf 90' lang='lat'>:</span> <span class='ocrx_word' id='word_1_437' title='bbox 856 3514 918 3560; x_wconf 91' lang='lat' dir='ltr'><strong><em>ut</em></strong></span> <span class='ocrx_word' id='word_1_438' title='bbox 948 3506 1071 3575; x_wconf 87' lang='lat' dir='ltr'><strong><em>quia</em></strong></span> <span class='ocrx_word' id='word_1_439' title='bbox 1096 3516 1301 3560; x_wconf 86' lang='lat' dir='ltr'><strong><em>metum</em></strong></span> <span class='ocrx_word' id='word_1_440' title='bbox 1328 3504 1492 3559; x_wconf 87' lang='lat' dir='ltr'><strong><em>futuri</em></strong></span> <span class='ocrx_word' id='word_1_441' title='bbox 1527 3504 1711 3573; x_wconf 91' lang='lat' dir='ltr'><strong><em>judtcii</em></strong></span> <span class='ocrx_word' id='word_1_442' title='bbox 1760 3520 1866 3559; x_wconf 91' lang='lat' dir='ltr'><strong><em>non</em></strong></span> <span class='ocrx_word' id='word_1_443' title='bbox 1892 3504 1987 3558; x_wconf 80' lang='lat' dir='ltr'><strong><em>lia-</em></strong></span> 
     </span>
    </p>
   </div>
   <div class='ocr_carea' id='block_1_53' title="bbox 380 3597 1985 3669">
    <p class='ocr_par' dir='ltr' id='par_1_53' title="bbox 380 3597 1985 3669">
     <span class='ocr_line' id='line_1_53' title="bbox 380 3597 1985 3669; baseline -0.002 -13"><span class='ocrx_word' id='word_1_444' title='bbox 380 3599 611 3663; x_wconf 88' lang='lat' dir='ltr'><strong><em>bebant,</em></strong></span> <span class='ocrx_word' id='word_1_445' title='bbox 642 3598 831 3654; x_wconf 85' lang='lat' dir='ltr'><strong><em>saltem</em></strong></span> <span class='ocrx_word' id='word_1_446' title='bbox 876 3599 963 3654; x_wconf 88' lang='lat' dir='ltr'><strong><em>vel</em></strong></span> <span class='ocrx_word' id='word_1_447' title='bbox 1002 3600 1287 3669; x_wconf 76' lang='lat' dir='ltr'><strong><em>prtesentis</em></strong></span> <span class='ocrx_word' id='word_1_448' title='bbox 1320 3597 1571 3653; x_wconf 72' lang='lat' dir='ltr'><strong><em>vindicta:</em></strong></span> <span class='ocrx_word' id='word_1_449' title='bbox 1627 3613 1787 3668; x_wconf 78' lang='lat' dir='ltr'><strong><em>ptena</em></strong></span> <span class='ocrx_word' id='word_1_450' title='bbox 1818 3613 1912 3652; x_wconf 90' lang='lat' dir='ltr'><strong><em>eos</em></strong></span> <span class='ocrx_word' id='word_1_451' title='bbox 1956 3612 1985 3652; x_wconf 90' lang='lat' dir='ltr'><strong><em>a</em></strong></span> 
     </span>
    </p>
   </div>
   <div class='ocr_carea' id='block_1_54' title="bbox 380 3691 1991 3764">
    <p class='ocr_par' dir='ltr' id='par_1_54' title="bbox 380 3691 1991 3764">
     <span class='ocr_line' id='line_1_54' title="bbox 380 3691 1991 3764; baseline -0.003 -14"><span class='ocrx_word' id='word_1_452' title='bbox 380 3693 595 3751; x_wconf 80' lang='lat' dir='ltr'><strong><em>scelere</em></strong></span> <span class='ocrx_word' id='word_1_453' title='bbox 613 3692 948 3764; x_wconf 84' lang='lat' dir='ltr'><strong><em>prohiberet.</em></strong></span> <span class='ocrx_word' id='word_1_454' title='bbox 976 3692 1037 3747; x_wconf 87' lang='lat' dir='ltr'><strong><em>Hi</em></strong></span> <span class='ocrx_word' id='word_1_455' title='bbox 1058 3708 1190 3748; x_wconf 87' lang='lat' dir='ltr'><strong><em>vero</em></strong></span> <span class='ocrx_word' id='word_1_456' title='bbox 1209 3692 1299 3763; x_wconf 92' lang='lat' dir='ltr'><strong><em>qui</em></strong></span> <span class='ocrx_word' id='word_1_457' title='bbox 1329 3692 1629 3747; x_wconf 88' lang='lat' dir='ltr'><strong><em>secundum</em></strong></span> <span class='ocrx_word' id='word_1_458' title='bbox 1654 3691 1810 3746; x_wconf 79' lang='lat' dir='ltr'><strong><em>[idem</em></strong></span> <span class='ocrx_word' id='word_1_459' title='bbox 1827 3706 1991 3746; x_wconf 89' lang='lat' dir='ltr'><strong><em>evan-</em></strong></span> 
     </span>
    </p>
   </div>
   <div class='ocr_carea' id='block_1_55' title="bbox 382 3786 1989 3860">
    <p class='ocr_par' dir='ltr' id='par_1_55' title="bbox 382 3786 1989 3860">
     <span class='ocr_line' id='line_1_55' title="bbox 382 3786 1989 3860; baseline -0.003 -16"><span class='ocrx_word' id='word_1_460' title='bbox 382 3788 613 3860; x_wconf 87' lang='lat' dir='ltr'><strong><em>gelicam</em></strong></span> <span class='ocrx_word' id='word_1_461' title='bbox 666 3790 889 3851; x_wconf 88' lang='lat' dir='ltr'><strong><em>vivunt,</em></strong></span> <span class='ocrx_word' id='word_1_462' title='bbox 918 3786 1339 3842; x_wconf 89' lang='lat' dir='ltr'><strong><em>retributionem</em></strong></span> <span class='ocrx_word' id='word_1_463' title='bbox 1370 3786 1628 3840; x_wconf 77' lang='lat' dir='ltr'><strong><em>vindicta:</em></strong></span> <span class='ocrx_word' id='word_1_464' title='bbox 1681 3786 1839 3839; x_wconf 92' lang='lat' dir='ltr'><strong><em>istius</em></strong></span> <span class='ocrx_word' id='word_1_465' title='bbox 1880 3799 1989 3839; x_wconf 92' lang='lat' dir='ltr'><strong><em>non</em></strong></span> 
     </span>
    </p>
   </div>
   <div class='ocr_carea' id='block_1_56' title="bbox 382 3877 1992 3951">
    <p class='ocr_par' dir='ltr' id='par_1_56' title="bbox 382 3877 1992 3951">
     <span class='ocr_line' id='line_1_56' title="bbox 382 3877 1992 3951; baseline -0.005 -14"><span class='ocrx_word' id='word_1_466' title='bbox 382 3881 689 3950; x_wconf 85' lang='lat' dir='ltr'><strong><em>requirnnt,</em></strong></span> <span class='ocrx_word' id='word_1_467' title='bbox 722 3878 922 3951; x_wconf 89' lang='lat' dir='ltr'><strong><em>quibus</em></strong></span> <span class='ocrx_word' id='word_1_468' title='bbox 976 3877 1156 3934; x_wconf 90' lang='lat' dir='ltr'><strong><em>omnis</em></strong></span> <span class='ocrx_word' id='word_1_469' title='bbox 1182 3893 1309 3948; x_wconf 90' lang='lat' dir='ltr'><strong><em>spes</em></strong></span> <span class='ocrx_word' id='word_1_470' title='bbox 1360 3877 1740 3933; x_wconf 89' lang='lat' dir='ltr'><strong><em>retributionis</em></strong></span> <span class='ocrx_word' id='word_1_471' title='bbox 1773 3885 1829 3931; x_wconf 92' lang='lat' dir='ltr'><strong><em>et</em></strong></span> <span class='ocrx_word' id='word_1_472' title='bbox 1872 3878 1992 3930; x_wconf 88' lang='lat' dir='ltr'><strong><em>vin—</em></strong></span> 
     </span>
    </p>
   </div>
   <div class='ocr_carea' id='block_1_57' title="bbox 388 3968 1991 4029">
    <p class='ocr_par' dir='ltr' id='par_1_57' title="bbox 388 3968 1991 4029">
     <span class='ocr_line' id='line_1_57' title="bbox 388 3968 1991 4029; baseline -0.003 -1"><span class='ocrx_word' id='word_1_473' title='bbox 388 3972 554 4029; x_wconf 73' lang='lat' dir='ltr'><strong><em>dicta:</em></strong></span> <span class='ocrx_word' id='word_1_474' title='bbox 599 3976 651 4027; x_wconf 90' lang='lat' dir='ltr'><strong><em>in</em></strong></span> <span class='ocrx_word' id='word_1_475' title='bbox 697 3972 880 4026; x_wconf 86' lang='lat' dir='ltr'><strong><em>futuro</em></strong></span> <span class='ocrx_word' id='word_1_476' title='bbox 924 3981 1198 4025; x_wconf 87' lang='lat' dir='ltr'><strong><em>servatur.</em></strong></span> <span class='ocrx_word' id='word_1_477' title='bbox 1245 3970 1313 4025; x_wconf 89' lang='lat' dir='ltr'><strong><em>Et</em></strong></span> <span class='ocrx_word' id='word_1_478' title='bbox 1365 3969 1569 4025; x_wconf 85' lang='lat' dir='ltr'><strong><em>idcirco</em></strong></span> <span class='ocrx_word' id='word_1_479' title='bbox 1623 3969 1887 4025; x_wconf 90' lang='lat' dir='ltr'><strong><em>Dominus</em></strong></span> <span class='ocrx_word' id='word_1_480' title='bbox 1938 3968 1991 4023; x_wconf 94' lang='lat' dir='ltr'><strong><em>in</em></strong></span> 
     </span>
    </p>
   </div>
   <div class='ocr_carea' id='block_1_58' title="bbox 386 4064 1989 4136">
    <p class='ocr_par' dir='ltr' id='par_1_58' title="bbox 386 4064 1989 4136">
     <span class='ocr_line' id='line_1_58' title="bbox 386 4064 1989 4136; baseline -0.002 -15"><span class='ocrx_word' id='word_1_481' title='bbox 386 4064 691 4136; x_wconf 78' lang='lat' dir='ltr'><strong><em>Evangelio</em></strong></span> <span class='ocrx_word' id='word_1_482' title='bbox 714 4080 820 4119; x_wconf 92' lang='lat' dir='ltr'><strong><em>non</em></strong></span> <span class='ocrx_word' id='word_1_483' title='bbox 850 4065 1027 4120; x_wconf 89' lang='lat' dir='ltr'><strong><em>solum</em></strong></span> <span class='ocrx_word' id='word_1_484' title='bbox 1055 4066 1231 4121; x_wconf 85' lang='lat' dir='ltr'><strong><em>vicem</em></strong></span> <span class='ocrx_word' id='word_1_485' title='bbox 1263 4079 1360 4119; x_wconf 86' lang='lat' dir='ltr'><strong><em>nos</em></strong></span> <span class='ocrx_word' id='word_1_486' title='bbox 1390 4064 1603 4134; x_wconf 76' lang='lat' dir='ltr'><strong><em>injuria:</em></strong></span> <span class='ocrx_word' id='word_1_487' title='bbox 1632 4064 1859 4119; x_wconf 88' lang='lat' dir='ltr'><strong><em>reddere</em></strong></span> <span class='ocrx_word' id='word_1_488' title='bbox 1884 4080 1989 4118; x_wconf 84' lang='lat' dir='ltr'><strong><em>non</em></strong></span> 
     </span>
    </p>
   </div>
   <div class='ocr_carea' id='block_1_59' title="bbox 380 4152 1995 4229">
    <p class='ocr_par' dir='ltr' id='par_1_59' title="bbox 380 4152 1995 4229">
     <span class='ocr_line' id='line_1_59' title="bbox 380 4152 1995 4229; baseline -0.002 -17"><span class='ocrx_word' id='word_1_489' title='bbox 380 4157 559 4229; x_wconf 87' lang='lat' dir='ltr'><strong><em>jubet,</em></strong></span> <span class='ocrx_word' id='word_1_490' title='bbox 611 4157 707 4214; x_wconf 88' lang='lat' dir='ltr'><strong><em>sed</em></strong></span> <span class='ocrx_word' id='word_1_491' title='bbox 770 4171 1063 4228; x_wconf 89' lang='lat' dir='ltr'><strong><em>percussos</em></strong></span> <span class='ocrx_word' id='word_1_492' title='bbox 1111 4157 1162 4210; x_wconf 85' lang='lat' dir='ltr'><strong><em>iit</em></strong></span> <span class='ocrx_word' id='word_1_493' title='bbox 1211 4156 1489 4211; x_wconf 81' lang='lat' dir='ltr'><strong><em>dexteram</em></strong></span> <span class='ocrx_word' id='word_1_494' title='bbox 1538 4155 1836 4221; x_wconf 72' lang='lat' dir='ltr'><strong><em>maxillam,</em></strong></span> <span class='ocrx_word' id='word_1_495' title='bbox 1884 4152 1995 4226; x_wconf 69' lang='grc'><strong><em>64</em></strong></span> 
     </span>
    </p>
   </div>
   <div class='ocr_carea' id='block_1_60' title="bbox 387 4248 1995 4321">
    <p class='ocr_par' dir='ltr' id='par_1_60' title="bbox 387 4248 1995 4321">
     <span class='ocr_line' id='line_1_60' title="bbox 387 4248 1995 4321; baseline -0.002 -14"><span class='ocrx_word' id='word_1_496' title='bbox 387 4251 555 4307; x_wconf 87' lang='lat' dir='ltr'><strong><em>etiam</em></strong></span> <span class='ocrx_word' id='word_1_497' title='bbox 584 4252 750 4305; x_wconf 85' lang='lat' dir='ltr'><strong><em>altam</em></strong></span> <span class='ocrx_word' id='word_1_498' title='bbox 782 4250 1030 4320; x_wconf 71' lang='grc' dir='ltr'><strong><em>ρι’ςνρὶμίῐ</em></strong></span> <span class='ocrx_word' id='word_1_499' title='bbox 1051 4250 1318 4321; x_wconf 76' lang='lat' dir='ltr'><strong><em>praebere,</em></strong></span> <span class='ocrx_word' id='word_1_500' title='bbox 1338 4252 1383 4303; x_wconf 91' lang='lat' dir='ltr'><strong><em>si</em></strong></span> <span class='ocrx_word' id='word_1_501' title='bbox 1410 4248 1512 4305; x_wconf 88' lang='lat' dir='ltr'><strong><em>hoc</em></strong></span> <span class='ocrx_word' id='word_1_502' title='bbox 1538 4250 1618 4303; x_wconf 86' lang='lat' dir='ltr'><strong><em>ira</em></strong></span> <span class='ocrx_word' id='word_1_503' title='bbox 1641 4258 1995 4318; x_wconf 81' lang='lat' dir='ltr'><strong><em>percutientis</em></strong></span> 
     </span>
    </p>
   </div>
   <div class='ocr_carea' id='block_1_61' title="bbox 388 4342 1995 4416">
    <p class='ocr_par' dir='ltr' id='par_1_61' title="bbox 388 4342 1995 4416">
     <span class='ocr_line' id='line_1_61' title="bbox 388 4342 1995 4416; baseline -0.004 -14"><span class='ocrx_word' id='word_1_504' title='bbox 388 4343 657 4416; x_wconf 78' lang='lat' dir='ltr'><strong><em>exegerit.</em></strong></span> <span class='ocrx_word' id='word_1_505' title='bbox 694 4344 805 4398; x_wconf 90' lang='lat' dir='ltr'><strong><em>lloc</em></strong></span> <span class='ocrx_word' id='word_1_506' title='bbox 835 4344 983 4399; x_wconf 90' lang='lat' dir='ltr'><strong><em>enim</em></strong></span> <span class='ocrx_word' id='word_1_507' title='bbox 1038 4345 1153 4399; x_wconf 89' lang='lat' dir='ltr'><strong><em>ait:</em></strong></span> <span class='ocrx_word' id='word_1_508' title='bbox 1186 4342 1289 4408; x_wconf 84' lang='lat' dir='ltr'><strong><em>Qui</em></strong></span> <span class='ocrx_word' id='word_1_509' title='bbox 1333 4351 1380 4398; x_wconf 91' lang='lat' dir='ltr'><strong><em>te</em></strong></span> <span class='ocrx_word' id='word_1_510' title='bbox 1410 4342 1629 4413; x_wconf 88' lang='lat' dir='ltr'><strong><em>percutit</em></strong></span> <span class='ocrx_word' id='word_1_511' title='bbox 1648 4343 1703 4396; x_wconf 89' lang='lat' dir='ltr'><strong><em>in</em></strong></span> <span class='ocrx_word' id='word_1_512' title='bbox 1731 4342 1995 4397; x_wconf 72' lang='lat' dir='ltr'><strong><em>dexteram</em></strong></span> 
     </span>
    </p>
   </div>
   <div class='ocr_carea' id='block_1_62' title="bbox 389 4436 1996 4507">
    <p class='ocr_par' dir='ltr' id='par_1_62' title="bbox 389 4436 1996 4507">
     <span class='ocr_line' id='line_1_62' title="bbox 389 4436 1996 4507; baseline -0.002 -13"><span class='ocrx_word' id='word_1_513' title='bbox 389 4436 685 4501; x_wconf 75' lang='lat' dir='ltr'><strong><em>maxillam,</em></strong></span> <span class='ocrx_word' id='word_1_514' title='bbox 719 4437 889 4507; x_wconf 60' lang='lat' dir='ltr'><strong><em>praebe</em></strong></span> <span class='ocrx_word' id='word_1_515' title='bbox 914 4437 960 4491; x_wconf 84' lang='lat' dir='ltr'><strong><em>ei</em></strong></span> <span class='ocrx_word' id='word_1_516' title='bbox 986 4446 1033 4491; x_wconf 91' lang='lat' dir='ltr'><strong><em>et</em></strong></span> <span class='ocrx_word' id='word_1_517' title='bbox 1057 4436 1343 4491; x_wconf 84' lang='lat' dir='ltr'><strong><em>sinistram.</em></strong></span> <span class='ocrx_word' id='word_1_518' title='bbox 1375 4436 1487 4491; x_wconf 85' lang='lat' dir='ltr'><strong><em>Hoc</em></strong></span> <span class='ocrx_word' id='word_1_519' title='bbox 1516 4445 1601 4491; x_wconf 89' lang='lat' dir='ltr'><strong><em>est</em></strong></span> <span class='ocrx_word' id='word_1_520' title='bbox 1626 4436 1771 4491; x_wconf 86' lang='lat' dir='ltr'><strong><em>enim</em></strong></span> <span class='ocrx_word' id='word_1_521' title='bbox 1801 4445 1823 4473; x_wconf 76' lang='grc' dir='ltr'><strong><em>ο</em></strong></span> <span class='ocrx_word' id='word_1_522' title='bbox 1868 4450 1996 4491; x_wconf 85' lang='lat' dir='ltr'><strong><em>vere</em></strong></span> 
     </span>
    </p>
   </div>
   <div class='ocr_carea' id='block_1_63' title="bbox 2064 1827 3673 1898">
    <p class='ocr_par' dir='ltr' id='par_1_63' title="bbox 2064 1827 3673 1898">
     <span class='ocr_line' id='line_1_63' title="bbox 2064 1827 3673 1898; baseline 0.002 -17"><span class='ocrx_word' id='word_1_523' title='bbox 2064 1827 2196 1881; x_wconf 80' lang='lat' dir='ltr'><strong><em>Post</em></strong></span> <span class='ocrx_word' id='word_1_524' title='bbox 2241 1829 2545 1897; x_wconf 77' lang='lat' dir='ltr'><strong><em>Corporalis</em></strong></span> <span class='ocrx_word' id='word_1_525' title='bbox 2582 1828 2727 1883; x_wconf 89' lang='lat' dir='ltr'><strong><em>enim</em></strong></span> <span class='ocrx_word' id='word_1_526' title='bbox 2758 1827 2974 1898; x_wconf 65' lang='lat' dir='ltr'><strong><em>injuriae</em></strong></span> <span class='ocrx_word' id='word_1_527' title='bbox 3004 1830 3376 1896; x_wconf 88' lang='lat' dir='ltr'><strong><em>tolerantiam,</em></strong></span> <span class='ocrx_word' id='word_1_528' title='bbox 3408 1830 3524 1884; x_wconf 90' lang='lat' dir='ltr'><strong><em>vult</em></strong></span> <span class='ocrx_word' id='word_1_529' title='bbox 3571 1845 3673 1885; x_wconf 89' lang='lat' dir='ltr'><strong><em>nos</em></strong></span> 
     </span>
    </p>
   </div>
   <div class='ocr_carea' id='block_1_64' title="bbox 2065 1921 3675 1978">
    <p class='ocr_par' dir='ltr' id='par_1_64' title="bbox 2065 1921 3675 1978">
     <span class='ocr_line' id='line_1_64' title="bbox 2065 1921 3675 1978; baseline 0.001 -3"><span class='ocrx_word' id='word_1_530' title='bbox 2065 1921 2329 1976; x_wconf 88' lang='lat' dir='ltr'><strong><em>Dominus</em></strong></span> <span class='ocrx_word' id='word_1_531' title='bbox 2367 1922 2531 1977; x_wconf 89' lang='lat' dir='ltr'><strong><em>etiam</em></strong></span> <span class='ocrx_word' id='word_1_532' title='bbox 2564 1936 2746 1977; x_wconf 89' lang='lat' dir='ltr'><strong><em>rerum</em></strong></span> <span class='ocrx_word' id='word_1_533' title='bbox 2790 1922 3137 1977; x_wconf 65' lang='lat' dir='ltr'><strong><em>satcularium</em></strong></span> <span class='ocrx_word' id='word_1_534' title='bbox 3172 1921 3392 1978; x_wconf 85' lang='lat' dir='ltr'><strong><em>habere</em></strong></span> <span class='ocrx_word' id='word_1_535' title='bbox 3426 1931 3675 1978; x_wconf 81' lang='lat' dir='ltr'><strong><em>conteru-</em></strong></span> 
     </span>
    </p>
   </div>
   <div class='ocr_carea' id='block_1_65' title="bbox 2066 2015 3681 2087">
    <p class='ocr_par' dir='ltr' id='par_1_65' title="bbox 2066 2015 3681 2087">
     <span class='ocr_line' id='line_1_65' title="bbox 2066 2015 3681 2087; baseline 0.001 -18"><span class='ocrx_word' id='word_1_536' title='bbox 2066 2026 2216 2086; x_wconf 89' lang='lat' dir='ltr'><strong><em>ptum</em></strong></span> <span class='ocrx_word' id='word_1_537' title='bbox 2249 2032 2263 2070; x_wconf 92' lang='lat'><strong>:</strong></span> <span class='ocrx_word' id='word_1_538' title='bbox 2296 2026 2351 2071; x_wconf 92' lang='lat' dir='ltr'><strong><em>et</em></strong></span> <span class='ocrx_word' id='word_1_539' title='bbox 2373 2031 2544 2087; x_wconf 89' lang='lat' dir='ltr'><strong><em>usque</em></strong></span> <span class='ocrx_word' id='word_1_540' title='bbox 2569 2016 2711 2071; x_wconf 90' lang='lat' dir='ltr'><strong><em>adeo</em></strong></span> <span class='ocrx_word' id='word_1_541' title='bbox 2732 2016 2801 2070; x_wconf 89' lang='lat' dir='ltr'><strong><em>ab</em></strong></span> <span class='ocrx_word' id='word_1_542' title='bbox 2822 2015 2971 2070; x_wconf 90' lang='lat' dir='ltr'><strong><em>omni</em></strong></span> <span class='ocrx_word' id='word_1_543' title='bbox 2991 2018 3083 2071; x_wconf 90' lang='lat' dir='ltr'><strong><em>lite</em></strong></span> <span class='ocrx_word' id='word_1_544' title='bbox 3101 2017 3187 2073; x_wconf 90' lang='lat' dir='ltr'><strong><em>vel</em></strong></span> <span class='ocrx_word' id='word_1_545' title='bbox 3217 2019 3569 2074; x_wconf 84' lang='lat' dir='ltr'><strong><em>contentiOne</em></strong></span> <span class='ocrx_word' id='word_1_546' title='bbox 3592 2016 3681 2085; x_wconf 60' lang='lat' dir='ltr'><strong><em>iu»</em></strong></span> 
     </span>
    </p>
   </div>
   <div class='ocr_carea' id='block_1_66' title="bbox 2067 2100 3675 2173">
    <p class='ocr_par' dir='ltr' id='par_1_66' title="bbox 2067 2100 3675 2173">
     <span class='ocr_line' id='line_1_66' title="bbox 2067 2100 3675 2173; baseline 0.001 -10"><span class='ocrx_word' id='word_1_547' title='bbox 2067 2108 2196 2163; x_wconf 89' lang='lat' dir='ltr'><strong><em>dicii</em></strong></span> <span class='ocrx_word' id='word_1_548' title='bbox 2222 2122 2344 2164; x_wconf 88' lang='lat' dir='ltr'><strong><em>esse</em></strong></span> <span class='ocrx_word' id='word_1_549' title='bbox 2362 2118 2685 2173; x_wconf 84' lang='lat' dir='ltr'><strong><em>summotos,</em></strong></span> <span class='ocrx_word' id='word_1_550' title='bbox 2720 2118 2780 2162; x_wconf 91' lang='lat' dir='ltr'><strong><em>ut</em></strong></span> <span class='ocrx_word' id='word_1_551' title='bbox 2812 2108 2856 2162; x_wconf 86' lang='lat' dir='ltr'><strong><em>si</em></strong></span> <span class='ocrx_word' id='word_1_552' title='bbox 2883 2106 3025 2164; x_wconf 85' lang='lat' dir='ltr'><strong><em>forte</em></strong></span> <span class='ocrx_word' id='word_1_553' title='bbox 3055 2110 3416 2165; x_wconf 87' lang='lat' dir='ltr'><strong><em>calumniator</em></strong></span> <span class='ocrx_word' id='word_1_554' title='bbox 3445 2112 3528 2165; x_wconf 88' lang='lat' dir='ltr'><strong><em>vel</em></strong></span> <span class='ocrx_word' id='word_1_555' title='bbox 3554 2100 3675 2165; x_wconf 51' lang='lat' dir='ltr'><strong><em>ten?</em></strong></span> 
     </span>
    </p>
   </div>
   <div class='ocr_carea' id='block_1_67' title="bbox 2070 2201 3675 2269">
    <p class='ocr_par' dir='ltr' id='par_1_67' title="bbox 2070 2201 3675 2269">
     <span class='ocr_line' id='line_1_67' title="bbox 2070 2201 3675 2269; baseline 0.002 -14"><span class='ocrx_word' id='word_1_556' title='bbox 2070 2209 2212 2257; x_wconf 89' lang='lat' dir='ltr'><strong><em>tator</em></strong></span> <span class='ocrx_word' id='word_1_557' title='bbox 2262 2202 2528 2266; x_wconf 77' lang='lat' dir='ltr'><strong><em>existens,</em></strong></span> <span class='ocrx_word' id='word_1_558' title='bbox 2557 2202 2624 2255; x_wconf 88' lang='lat' dir='ltr'><strong><em>ad</em></strong></span> <span class='ocrx_word' id='word_1_559' title='bbox 2657 2201 2993 2269; x_wconf 90' lang='lat' dir='ltr'><strong><em>probandam</em></strong></span> <span class='ocrx_word' id='word_1_560' title='bbox 3042 2201 3206 2257; x_wconf 83' lang='lat' dir='ltr'><strong><em>ﬁdem</em></strong></span> <span class='ocrx_word' id='word_1_561' title='bbox 3252 2214 3496 2258; x_wconf 87' lang='lat' dir='ltr'><strong><em>nostram</em></strong></span> <span class='ocrx_word' id='word_1_562' title='bbox 3526 2204 3675 2258; x_wconf 88' lang='lat' dir='ltr'><strong><em>litem</em></strong></span> 
     </span>
    </p>
   </div>
   <div class='ocr_carea' id='block_1_68' title="bbox 2070 2293 3678 2363">
    <p class='ocr_par' dir='ltr' id='par_1_68' title="bbox 2070 2293 3678 2363">
     <span class='ocr_line' id='line_1_68' title="bbox 2070 2293 3678 2363; baseline 0.001 -14"><span class='ocrx_word' id='word_1_563' title='bbox 2070 2304 2286 2349; x_wconf 86' lang='lat' dir='ltr'><strong><em>moveat</em></strong></span> <span class='ocrx_word' id='word_1_564' title='bbox 2313 2296 2503 2348; x_wconf 89' lang='lat' dir='ltr'><strong><em>volens</em></strong></span> <span class='ocrx_word' id='word_1_565' title='bbox 2530 2293 2744 2349; x_wconf 83' lang='lat' dir='ltr'><strong><em>:iul&#39;erre</em></strong></span> <span class='ocrx_word' id='word_1_566' title='bbox 2766 2310 2889 2363; x_wconf 66' lang='lat' dir='ltr'><strong><em>quae</em></strong></span> <span class='ocrx_word' id='word_1_567' title='bbox 2940 2305 3126 2349; x_wconf 88' lang='lat' dir='ltr'><strong><em>nostra</em></strong></span> <span class='ocrx_word' id='word_1_568' title='bbox 3158 2303 3308 2359; x_wconf 90' lang='lat' dir='ltr'><strong><em>sunt,</em></strong></span> <span class='ocrx_word' id='word_1_569' title='bbox 3342 2310 3449 2351; x_wconf 92' lang='lat' dir='ltr'><strong><em>non</em></strong></span> <span class='ocrx_word' id='word_1_570' title='bbox 3500 2295 3678 2351; x_wconf 89' lang='lat' dir='ltr'><strong><em>solum</em></strong></span> 
     </span>
    </p>
   </div>
   <div class='ocr_carea' id='block_1_69' title="bbox 2074 2387 3680 2459">
    <p class='ocr_par' dir='ltr' id='par_1_69' title="bbox 2074 2387 3680 2459">
     <span class='ocr_line' id='line_1_69' title="bbox 2074 2387 3680 2459; baseline 0.002 -18"><span class='ocrx_word' id='word_1_571' title='bbox 2074 2388 2188 2443; x_wconf 66' lang='lat' dir='ltr'><strong><em>ltme</em></strong></span> <span class='ocrx_word' id='word_1_572' title='bbox 2226 2404 2345 2458; x_wconf 79' lang='lat' dir='ltr'><strong><em>quze</em></strong></span> <span class='ocrx_word' id='word_1_573' title='bbox 2404 2388 2603 2457; x_wconf 88' lang='lat' dir='ltr'><strong><em>injuste</em></strong></span> <span class='ocrx_word' id='word_1_574' title='bbox 2661 2388 2889 2454; x_wconf 77' lang='lat' dir='ltr'><strong><em>exactit,</em></strong></span> <span class='ocrx_word' id='word_1_575' title='bbox 2918 2387 3015 2442; x_wconf 89' lang='lat' dir='ltr'><strong><em>sed</em></strong></span> <span class='ocrx_word' id='word_1_576' title='bbox 3066 2389 3229 2443; x_wconf 90' lang='lat' dir='ltr'><strong><em>etiam</em></strong></span> <span class='ocrx_word' id='word_1_577' title='bbox 3278 2388 3365 2443; x_wconf 87' lang='lat' dir='ltr'><strong><em>illa</em></strong></span> <span class='ocrx_word' id='word_1_578' title='bbox 3403 2405 3525 2459; x_wconf 88' lang='lat' dir='ltr'><strong><em>quae</em></strong></span> <span class='ocrx_word' id='word_1_579' title='bbox 3571 2404 3680 2445; x_wconf 87' lang='lat' dir='ltr'><strong><em>non</em></strong></span> 
     </span>
    </p>
   </div>
   <div class='ocr_carea' id='block_1_70' title="bbox 2072 2479 3682 2554">
    <p class='ocr_par' dir='ltr' id='par_1_70' title="bbox 2072 2479 3682 2554">
     <span class='ocr_line' id='line_1_70' title="bbox 2072 2479 3682 2554; baseline 0.001 -18"><span class='ocrx_word' id='word_1_580' title='bbox 2072 2482 2334 2554; x_wconf 81' lang='lat' dir='ltr'><strong><em>postulat,</em></strong></span> <span class='ocrx_word' id='word_1_581' title='bbox 2360 2491 2553 2550; x_wconf 79' lang='lat' dir='ltr'><strong><em>Sponte</em></strong></span> <span class='ocrx_word' id='word_1_582' title='bbox 2577 2496 2676 2537; x_wconf 89' lang='lat' dir='ltr'><strong><em>nos</em></strong></span> <span class='ocrx_word' id='word_1_583' title='bbox 2699 2479 2962 2536; x_wconf 89' lang='lat' dir='ltr'><strong><em>Dominus</em></strong></span> <span class='ocrx_word' id='word_1_584' title='bbox 3006 2481 3161 2550; x_wconf 90' lang='lat' dir='ltr'><strong><em>jubet</em></strong></span> <span class='ocrx_word' id='word_1_585' title='bbox 3189 2481 3411 2538; x_wconf 76' lang='lat' dir='ltr'><strong><em>oll‘erre.</em></strong></span> <span class='ocrx_word' id='word_1_586' title='bbox 3464 2483 3600 2550; x_wconf 83' lang='lat' dir='ltr'><strong><em>Quia</em></strong></span> <span class='ocrx_word' id='word_1_587' title='bbox 3633 2480 3682 2538; x_wconf 89' lang='lat' dir='ltr'><strong><em>si</em></strong></span> 
     </span>
    </p>
   </div>
   <div class='ocr_carea' id='block_1_71' title="bbox 2076 2574 3681 2649">
    <p class='ocr_par' dir='ltr' id='par_1_71' title="bbox 2076 2574 3681 2649">
     <span class='ocr_line' id='line_1_71' title="bbox 2076 2574 3681 2649; baseline 0.002 -19"><span class='ocrx_word' id='word_1_588' title='bbox 2076 2576 2447 2644; x_wconf 70' lang='lat' dir='ltr'><strong><em>unusiluisque</em></strong></span> <span class='ocrx_word' id='word_1_589' title='bbox 2480 2584 2703 2644; x_wconf 86' lang='lat' dir='ltr'><strong><em>propter</em></strong></span> <span class='ocrx_word' id='word_1_590' title='bbox 2725 2574 3053 2631; x_wconf 88' lang='lat' dir='ltr'><strong><em>calumniam</em></strong></span> <span class='ocrx_word' id='word_1_591' title='bbox 3083 2576 3348 2647; x_wconf 75' lang='lat' dir='ltr'><strong><em>litigantis</em></strong></span> <span class='ocrx_word' id='word_1_592' title='bbox 3388 2578 3507 2633; x_wconf 72' lang='lat' dir='ltr'><strong><em>htec</em></strong></span> <span class='ocrx_word' id='word_1_593' title='bbox 3555 2592 3681 2649; x_wconf 70' lang='lat' dir='ltr'><strong><em>qua:</em></strong></span> 
     </span>
    </p>
   </div>
   <div class='ocr_carea' id='block_1_72' title="bbox 2074 2669 3687 2741">
    <p class='ocr_par' dir='ltr' id='par_1_72' title="bbox 2074 2669 3687 2741">
     <span class='ocr_line' id='line_1_72' title="bbox 2074 2669 3687 2741; baseline 0.004 -16"><span class='ocrx_word' id='word_1_594' title='bbox 2074 2680 2201 2725; x_wconf 90' lang='lat' dir='ltr'><strong><em>sunt</em></strong></span> <span class='ocrx_word' id='word_1_595' title='bbox 2225 2688 2284 2737; x_wconf 91' lang='lat' dir='ltr'><strong><em>pa</em></strong></span> <span class='ocrx_word' id='word_1_596' title='bbox 2295 2684 2391 2723; x_wconf 87' lang='lat' dir='ltr'><strong><em>rva</em></strong></span> <span class='ocrx_word' id='word_1_597' title='bbox 2407 2669 2823 2739; x_wconf 86' lang='lat' dir='ltr'><strong><em>contempserit,</em></strong></span> <span class='ocrx_word' id='word_1_598' title='bbox 2840 2685 2937 2741; x_wconf 91' lang='lat' dir='ltr'><strong><em>per</em></strong></span> <span class='ocrx_word' id='word_1_599' title='bbox 2949 2671 3215 2739; x_wconf 90' lang='lat' dir='ltr'><strong><em>ejusmodi</em></strong></span> <span class='ocrx_word' id='word_1_600' title='bbox 3236 2674 3687 2730; x_wconf 60' lang='lat' dir='ltr'><strong><em>exercitationem</em></strong></span> 
     </span>
    </p>
   </div>
   <div class='ocr_carea' id='block_1_73' title="bbox 2076 2761 3691 2834">
    <p class='ocr_par' dir='ltr' id='par_1_73' title="bbox 2076 2761 3691 2834">
     <span class='ocr_line' id='line_1_73' title="bbox 2076 2761 3691 2834; baseline 0.002 -16"><span class='ocrx_word' id='word_1_601' title='bbox 2076 2763 2344 2828; x_wconf 81' lang='lat' dir='ltr'><strong><em>eruditus,</em></strong></span> <span class='ocrx_word' id='word_1_602' title='bbox 2378 2761 2536 2817; x_wconf 82' lang='lat' dir='ltr'><strong><em>facile</em></strong></span> <span class='ocrx_word' id='word_1_603' title='bbox 2583 2762 2787 2831; x_wconf 90' lang='lat' dir='ltr'><strong><em>poterit</em></strong></span> <span class='ocrx_word' id='word_1_604' title='bbox 2843 2763 3007 2818; x_wconf 88' lang='lat' dir='ltr'><strong><em>etiam</em></strong></span> <span class='ocrx_word' id='word_1_605' title='bbox 3057 2765 3108 2817; x_wconf 94' lang='lat' dir='ltr'><strong><em>in</em></strong></span> <span class='ocrx_word' id='word_1_606' title='bbox 3144 2765 3525 2834; x_wconf 72' lang='lat' dir='ltr'><strong><em>persecutione</em></strong></span> <span class='ocrx_word' id='word_1_607' title='bbox 3570 2766 3691 2821; x_wconf 89' lang='lat' dir='ltr'><strong><em>uni-</em></strong></span> 
     </span>
    </p>
   </div>
   <div class='ocr_carea' id='block_1_74' title="bbox 2079 2851 3689 2942">
    <p class='ocr_par' dir='ltr' id='par_1_74' title="bbox 2079 2851 3689 2942">
     <span class='ocr_line' id='line_1_74' title="bbox 2079 2851 3689 2942; baseline 0.004 -34"><span class='ocrx_word' id='word_1_608' title='bbox 2079 2870 2235 2910; x_wconf 89' lang='lat' dir='ltr'><strong><em>versa</em></strong></span> <span class='ocrx_word' id='word_1_609' title='bbox 2270 2870 2390 2926; x_wconf 65' lang='lat' dir='ltr'><strong><em>qua!</em></strong></span> <span class='ocrx_word' id='word_1_610' title='bbox 2441 2863 2569 2909; x_wconf 91' lang='lat' dir='ltr'><strong><em>sunt</em></strong></span> <span class='ocrx_word' id='word_1_611' title='bbox 2605 2851 2633 2891; x_wconf 73' lang='grc' dir='ltr'><strong>ἀ</strong></span> <span class='ocrx_word' id='word_1_612' title='bbox 2666 2853 2975 2924; x_wconf 86' lang='lat' dir='ltr'><strong><em>ltujusmodi</em></strong></span> <span class='ocrx_word' id='word_1_613' title='bbox 3026 2864 3405 2913; x_wconf 89' lang='lat' dir='ltr'><strong><em>contemnere.</em></strong></span> <span class='ocrx_word' id='word_1_614' title='bbox 3424 2857 3689 2942; x_wconf 52' lang='lat' dir='ltr'><strong><em>.Perfecta</em></strong></span> 
     </span>
    </p>
   </div>
   <div class='ocr_carea' id='block_1_75' title="bbox 2080 2948 3688 3022">
    <p class='ocr_par' dir='ltr' id='par_1_75' title="bbox 2080 2948 3688 3022">
     <span class='ocr_line' id='line_1_75' title="bbox 2080 2948 3688 3022; baseline 0.001 -16"><span class='ocrx_word' id='word_1_615' title='bbox 2080 2951 2224 3006; x_wconf 90' lang='lat' dir='ltr'><strong><em>enim</em></strong></span> <span class='ocrx_word' id='word_1_616' title='bbox 2252 2950 2500 3004; x_wconf 85' lang='lat' dir='ltr'><strong><em>lidesista</em></strong></span> <span class='ocrx_word' id='word_1_617' title='bbox 2525 2958 2578 3004; x_wconf 90' lang='lat' dir='ltr'><strong><em>et</em></strong></span> <span class='ocrx_word' id='word_1_618' title='bbox 2603 2948 2843 3018; x_wconf 90' lang='lat' dir='ltr'><strong><em>perfecta</em></strong></span> <span class='ocrx_word' id='word_1_619' title='bbox 2867 2948 3095 3004; x_wconf 83' lang='lat' dir='ltr'><strong><em>victoria</em></strong></span> <span class='ocrx_word' id='word_1_620' title='bbox 3123 2962 3208 3006; x_wconf 89' lang='lat' dir='ltr'><strong><em>est</em></strong></span> <span class='ocrx_word' id='word_1_621' title='bbox 3228 2951 3688 3022; x_wconf 87' lang='lat' dir='ltr'><strong><em>contrainjuriam</em></strong></span> 
     </span>
    </p>
   </div>
   <div class='ocr_carea' id='block_1_76' title="bbox 2083 3041 3691 3114">
    <p class='ocr_par' dir='ltr' id='par_1_76' title="bbox 2083 3041 3691 3114">
     <span class='ocr_line' id='line_1_76' title="bbox 2083 3041 3691 3114; baseline 0.004 -16"><span class='ocrx_word' id='word_1_622' title='bbox 2083 3041 2395 3109; x_wconf 86' lang='lat' dir='ltr'><strong><em>facientem,</em></strong></span> <span class='ocrx_word' id='word_1_623' title='bbox 2425 3043 2468 3096; x_wconf 93' lang='lat' dir='ltr'><strong><em>si</em></strong></span> <span class='ocrx_word' id='word_1_624' title='bbox 2493 3042 2657 3098; x_wconf 91' lang='lat' dir='ltr'><strong><em>etiam</em></strong></span> <span class='ocrx_word' id='word_1_625' title='bbox 2690 3058 2752 3097; x_wconf 87' lang='lat' dir='ltr'><strong><em>ea</em></strong></span> <span class='ocrx_word' id='word_1_626' title='bbox 2788 3058 2907 3114; x_wconf 70' lang='lat' dir='ltr'><strong><em>qua:</em></strong></span> <span class='ocrx_word' id='word_1_627' title='bbox 2941 3057 3047 3099; x_wconf 92' lang='lat' dir='ltr'><strong><em>non</em></strong></span> <span class='ocrx_word' id='word_1_628' title='bbox 3078 3044 3318 3113; x_wconf 88' lang='lat' dir='ltr'><strong><em>postulat</em></strong></span> <span class='ocrx_word' id='word_1_629' title='bbox 3366 3043 3691 3104; x_wconf 73' lang='lat' dir='ltr'><strong><em>offerantur.</em></strong></span> 
     </span>
    </p>
   </div>
   <div class='ocr_carea' id='block_1_77' title="bbox 2159 3135 3690 3208">
    <p class='ocr_par' dir='ltr' id='par_1_77' title="bbox 2159 3135 3690 3208">
     <span class='ocr_line' id='line_1_77' title="bbox 2159 3135 3690 3208; baseline 0.003 -19"><span class='ocrx_word' id='word_1_630' title='bbox 2159 3135 2245 3191; x_wconf 88' lang='lat' dir='ltr'><strong><em>lll.</em></strong></span> <span class='ocrx_word' id='word_1_631' title='bbox 2281 3136 2489 3191; x_wconf 89' lang='lat' dir='ltr'><strong><em>Deinde</em></strong></span> <span class='ocrx_word' id='word_1_632' title='bbox 2531 3137 2641 3190; x_wconf 90' lang='lat' dir='ltr'><strong><em>ait:</em></strong></span> <span class='ocrx_word' id='word_1_633' title='bbox 2696 3135 3014 3206; x_wconf 86' lang='lat' dir='ltr'><strong><em>Quicumque</em></strong></span> <span class='ocrx_word' id='word_1_634' title='bbox 3061 3146 3108 3191; x_wconf 89' lang='lat' dir='ltr'><strong><em>te</em></strong></span> <span class='ocrx_word' id='word_1_635' title='bbox 3151 3138 3499 3208; x_wconf 80' lang='lat' dir='ltr'><strong><em>angariarerit</em></strong></span> <span class='ocrx_word' id='word_1_636' title='bbox 3543 3139 3690 3195; x_wconf 88' lang='lat' dir='ltr'><strong><em>mille</em></strong></span> 
     </span>
    </p>
   </div>
   <div class='ocr_carea' id='block_1_78' title="bbox 2084 3228 3692 3304">
    <p class='ocr_par' dir='ltr' id='par_1_78' title="bbox 2084 3228 3692 3304">
     <span class='ocr_line' id='line_1_78' title="bbox 2084 3228 3692 3304; baseline 0.004 -23"><span class='ocrx_word' id='word_1_637' title='bbox 2084 3247 2292 3302; x_wconf 83' lang='lat' dir='ltr'><strong><em>passus,</em></strong></span> <span class='ocrx_word' id='word_1_638' title='bbox 2317 3229 2446 3284; x_wconf 84' lang='lat' dir='ltr'><strong><em>vade</em></strong></span> <span class='ocrx_word' id='word_1_639' title='bbox 2475 3246 2593 3283; x_wconf 88' lang='lat' dir='ltr'><strong><em>cum</em></strong></span> <span class='ocrx_word' id='word_1_640' title='bbox 2630 3230 2723 3283; x_wconf 87' lang='lat' dir='ltr'><strong><em>illo</em></strong></span> <span class='ocrx_word' id='word_1_641' title='bbox 2751 3228 2924 3283; x_wconf 86' lang='lat' dir='ltr'><strong><em>adhuc</em></strong></span> <span class='ocrx_word' id='word_1_642' title='bbox 2963 3230 3069 3284; x_wconf 88' lang='lat' dir='ltr'><strong><em>alia</em></strong></span> <span class='ocrx_word' id='word_1_643' title='bbox 3101 3229 3207 3285; x_wconf 85' lang='lat' dir='ltr'><strong><em>duo</em></strong></span> <span class='ocrx_word' id='word_1_644' title='bbox 3234 3231 3455 3303; x_wconf 75' lang='lat' dir='ltr'><strong><em>(Matth.</em></strong></span> <span class='ocrx_word' id='word_1_645' title='bbox 3490 3248 3544 3294; x_wconf 78' lang='grc' dir='ltr'><strong>ν.</strong></span> <span class='ocrx_word' id='word_1_646' title='bbox 3574 3232 3692 3304; x_wconf 75' lang='grc' dir='ltr'><strong><em>Η).</em></strong></span> 
     </span>
    </p>
   </div>
   <div class='ocr_carea' id='block_1_79' title="bbox 2084 3322 3696 3394">
    <p class='ocr_par' dir='ltr' id='par_1_79' title="bbox 2084 3322 3696 3394">
     <span class='ocr_line' id='line_1_79' title="bbox 2084 3322 3696 3394; baseline 0.001 -17"><span class='ocrx_word' id='word_1_647' title='bbox 2084 3323 2166 3378; x_wconf 90' lang='lat' dir='ltr'><strong><em>Ad</em></strong></span> <span class='ocrx_word' id='word_1_648' title='bbox 2196 3338 2360 3377; x_wconf 91' lang='lat' dir='ltr'><strong><em>omne</em></strong></span> <span class='ocrx_word' id='word_1_649' title='bbox 2388 3322 2700 3377; x_wconf 82' lang='lat' dir='ltr'><strong><em>devotionis</em></strong></span> <span class='ocrx_word' id='word_1_650' title='bbox 2727 3337 2867 3389; x_wconf 90' lang='lat' dir='ltr'><strong><em>opus</em></strong></span> <span class='ocrx_word' id='word_1_651' title='bbox 2891 3323 3154 3392; x_wconf 83' lang='lat' dir='ltr'><strong><em>impigros</em></strong></span> <span class='ocrx_word' id='word_1_652' title='bbox 3181 3338 3280 3378; x_wconf 89' lang='lat' dir='ltr'><strong><em>nos</em></strong></span> <span class='ocrx_word' id='word_1_653' title='bbox 3298 3339 3422 3379; x_wconf 78' lang='lat' dir='ltr'><strong><em>esse</em></strong></span> <span class='ocrx_word' id='word_1_654' title='bbox 3447 3324 3696 3394; x_wconf 62' lang='lat' dir='ltr'><strong><em>praecipit</em></strong></span> 
     </span>
    </p>
   </div>
   <div class='ocr_carea' id='block_1_80' title="bbox 2087 3415 3692 3485">
    <p class='ocr_par' dir='ltr' id='par_1_80' title="bbox 2087 3415 3692 3485">
     <span class='ocr_line' id='line_1_80' title="bbox 2087 3415 3692 3485; baseline 0.003 -15"><span class='ocrx_word' id='word_1_655' title='bbox 2087 3416 2374 3481; x_wconf 88' lang='lat' dir='ltr'><strong><em>Dominus,</em></strong></span> <span class='ocrx_word' id='word_1_656' title='bbox 2395 3432 2459 3469; x_wconf 89' lang='lat' dir='ltr'><strong><em>ac</em></strong></span> <span class='ocrx_word' id='word_1_657' title='bbox 2484 3427 2722 3485; x_wconf 88' lang='lat' dir='ltr'><strong><em>paratos.</em></strong></span> <span class='ocrx_word' id='word_1_658' title='bbox 2752 3415 2965 3470; x_wconf 86' lang='lat' dir='ltr'><strong><em>Bonum</em></strong></span> <span class='ocrx_word' id='word_1_659' title='bbox 2998 3416 3146 3471; x_wconf 91' lang='lat' dir='ltr'><strong><em>enitn</em></strong></span> <span class='ocrx_word' id='word_1_660' title='bbox 3177 3427 3423 3474; x_wconf 89' lang='lat' dir='ltr'><strong><em>nostrum</em></strong></span> <span class='ocrx_word' id='word_1_661' title='bbox 3448 3418 3692 3475; x_wconf 90' lang='lat' dir='ltr'><strong><em>vultnon</em></strong></span> 
     </span>
    </p>
   </div>
   <div class='ocr_carea' id='block_1_81' title="bbox 2088 3505 3694 3579">
    <p class='ocr_par' dir='ltr' id='par_1_81' title="bbox 2088 3505 3694 3579">
     <span class='ocr_line' id='line_1_81' title="bbox 2088 3505 3694 3579; baseline 0.004 -19"><span class='ocrx_word' id='word_1_662' title='bbox 2088 3513 2197 3560; x_wconf 88' lang='lat' dir='ltr'><strong><em>tam</em></strong></span> <span class='ocrx_word' id='word_1_663' title='bbox 2234 3505 2581 3561; x_wconf 79' lang='lat' dir='ltr'><strong><em>neceSsitatis</em></strong></span> <span class='ocrx_word' id='word_1_664' title='bbox 2612 3521 2741 3561; x_wconf 87' lang='lat' dir='ltr'><strong><em>esse</em></strong></span> <span class='ocrx_word' id='word_1_665' title='bbox 2766 3546 2781 3570; x_wconf 91' lang='lat'><strong><em>,</em></strong></span> <span class='ocrx_word' id='word_1_666' title='bbox 2821 3523 2983 3576; x_wconf 89' lang='lat' dir='ltr'><strong><em>quam</em></strong></span> <span class='ocrx_word' id='word_1_667' title='bbox 3017 3516 3039 3544; x_wconf 71' lang='grc' dir='ltr'><strong><em>ο</em></strong></span> <span class='ocrx_word' id='word_1_668' title='bbox 3075 3507 3311 3579; x_wconf 72' lang='lat' dir='ltr'><strong><em>propriae</em></strong></span> <span class='ocrx_word' id='word_1_669' title='bbox 3354 3510 3694 3577; x_wconf 90' lang='lat' dir='ltr'><strong><em>voluntatis;</em></strong></span> 
     </span>
    </p>
   </div>
   <div class='ocr_carea' id='block_1_82' title="bbox 2089 3599 3698 3673">
    <p class='ocr_par' dir='ltr' id='par_1_82' title="bbox 2089 3599 3698 3673">
     <span class='ocr_line' id='line_1_82' title="bbox 2089 3599 3698 3673; baseline 0.001 -18"><span class='ocrx_word' id='word_1_670' title='bbox 2089 3608 2149 3656; x_wconf 89' lang='lat' dir='ltr'><strong><em>ut</em></strong></span> <span class='ocrx_word' id='word_1_671' title='bbox 2173 3600 2303 3654; x_wconf 88' lang='lat' dir='ltr'><strong><em>dum</em></strong></span> <span class='ocrx_word' id='word_1_672' title='bbox 2333 3600 2568 3668; x_wconf 88' lang='lat' dir='ltr'><strong><em>amplius</em></strong></span> <span class='ocrx_word' id='word_1_673' title='bbox 2596 3615 2661 3653; x_wconf 82' lang='lat' dir='ltr'><strong><em>ex</em></strong></span> <span class='ocrx_word' id='word_1_674' title='bbox 2689 3599 2846 3653; x_wconf 90' lang='lat' dir='ltr'><strong><em>nobis</em></strong></span> <span class='ocrx_word' id='word_1_675' title='bbox 2871 3599 3099 3654; x_wconf 81' lang='lat' dir='ltr'><strong><em>facimus</em></strong></span> <span class='ocrx_word' id='word_1_676' title='bbox 3124 3616 3286 3669; x_wconf 88' lang='lat' dir='ltr'><strong><em>quam</em></strong></span> <span class='ocrx_word' id='word_1_677' title='bbox 3312 3602 3378 3657; x_wconf 85' lang='lat' dir='ltr'><strong><em>ab</em></strong></span> <span class='ocrx_word' id='word_1_678' title='bbox 3408 3603 3533 3657; x_wconf 88' lang='lat' dir='ltr'><strong><em>aliis</em></strong></span> <span class='ocrx_word' id='word_1_679' title='bbox 3566 3617 3698 3673; x_wconf 87' lang='lat' dir='ltr'><strong><em>pos-</em></strong></span> 
     </span>
    </p>
   </div>
   <div class='ocr_carea' id='block_1_83' title="bbox 2091 3690 3690 3763">
    <p class='ocr_par' dir='ltr' id='par_1_83' title="bbox 2091 3690 3690 3763">
     <span class='ocr_line' id='line_1_83' title="bbox 2091 3690 3690 3763; baseline 0.002 -17"><span class='ocrx_word' id='word_1_680' title='bbox 2091 3691 2332 3746; x_wconf 89' lang='lat' dir='ltr'><strong><em>tulantur</em></strong></span> <span class='ocrx_word' id='word_1_681' title='bbox 2363 3731 2379 3756; x_wconf 88' lang='lat'><strong><em>,</em></strong></span> <span class='ocrx_word' id='word_1_682' title='bbox 2424 3690 2648 3760; x_wconf 89' lang='lat' dir='ltr'><strong><em>majoris</em></strong></span> <span class='ocrx_word' id='word_1_683' title='bbox 2696 3690 2967 3744; x_wconf 90' lang='lat' dir='ltr'><strong><em>mercedis</em></strong></span> <span class='ocrx_word' id='word_1_684' title='bbox 3004 3691 3233 3758; x_wconf 78' lang='lat' dir='ltr'><strong><em>gloriam</em></strong></span> <span class='ocrx_word' id='word_1_685' title='bbox 3265 3707 3690 3763; x_wconf 86' lang='lat' dir='ltr'><strong><em>consequamur.</em></strong></span> 
     </span>
    </p>
   </div>
   <div class='ocr_carea' id='block_1_84' title="bbox 2090 3782 3705 3854">
    <p class='ocr_par' dir='ltr' id='par_1_84' title="bbox 2090 3782 3705 3854">
     <span class='ocr_line' id='line_1_84' title="bbox 2090 3782 3705 3854; baseline 0.001 -14"><span class='ocrx_word' id='word_1_686' title='bbox 2090 3785 2318 3854; x_wconf 76' lang='lat' dir='ltr'><strong><em>Integra:</em></strong></span> <span class='ocrx_word' id='word_1_687' title='bbox 2350 3784 2495 3840; x_wconf 89' lang='lat' dir='ltr'><strong><em>enim</em></strong></span> <span class='ocrx_word' id='word_1_688' title='bbox 2536 3783 2821 3837; x_wconf 81' lang='lat' dir='ltr'><strong><em>charitatis</em></strong></span> <span class='ocrx_word' id='word_1_689' title='bbox 2850 3798 2915 3837; x_wconf 89' lang='lat' dir='ltr'><strong><em>ac</em></strong></span> <span class='ocrx_word' id='word_1_690' title='bbox 2947 3782 3209 3854; x_wconf 79' lang='lat' dir='ltr'><strong><em>perfectae</em></strong></span> <span class='ocrx_word' id='word_1_691' title='bbox 3240 3784 3548 3841; x_wconf 82' lang='lat' dir='ltr'><strong><em>devotionis</em></strong></span> <span class='ocrx_word' id='word_1_692' title='bbox 3581 3788 3705 3843; x_wconf 87' lang='lat' dir='ltr'><strong><em>olli-</em></strong></span> 
     </span>
    </p>
   </div>
   <div class='ocr_carea' id='block_1_85' title="bbox 2092 3875 3694 3950">
    <p class='ocr_par' dir='ltr' id='par_1_85' title="bbox 2092 3875 3694 3950">
     <span class='ocr_line' id='line_1_85' title="bbox 2092 3875 3694 3950; baseline 0.001 -16"><span class='ocrx_word' id='word_1_693' title='bbox 2092 3878 2235 3934; x_wconf 91' lang='lat' dir='ltr'><strong><em>cium</em></strong></span> <span class='ocrx_word' id='word_1_694' title='bbox 2278 3887 2361 3933; x_wconf 90' lang='lat' dir='ltr'><strong><em>est</em></strong></span> <span class='ocrx_word' id='word_1_695' title='bbox 2386 3918 2400 3939; x_wconf 89' lang='lat'><strong><em>,</em></strong></span> <span class='ocrx_word' id='word_1_696' title='bbox 2431 3876 2553 3947; x_wconf 89' lang='lat' dir='ltr'><strong><em>plus</em></strong></span> <span class='ocrx_word' id='word_1_697' title='bbox 2580 3875 2692 3948; x_wconf 73' lang='lat'><strong>66</strong></span> <span class='ocrx_word' id='word_1_698' title='bbox 2719 3883 2917 3946; x_wconf 89' lang='lat' dir='ltr'><strong><em>sponte</em></strong></span> <span class='ocrx_word' id='word_1_699' title='bbox 2948 3887 3209 3946; x_wconf 62' lang='lat' dir='ltr'><strong><em>praestare</em></strong></span> <span class='ocrx_word' id='word_1_700' title='bbox 3249 3893 3413 3947; x_wconf 85' lang='lat' dir='ltr'><strong><em>quant</em></strong></span> <span class='ocrx_word' id='word_1_701' title='bbox 3440 3878 3694 3950; x_wconf 90' lang='lat' dir='ltr'><strong><em>petieris.</em></strong></span> 
     </span>
    </p>
   </div>
   <div class='ocr_carea' id='block_1_86' title="bbox 2096 3966 3701 4041">
    <p class='ocr_par' dir='ltr' id='par_1_86' title="bbox 2096 3966 3701 4041">
     <span class='ocr_line' id='line_1_86' title="bbox 2096 3966 3701 4041; baseline 0.001 -15"><span class='ocrx_word' id='word_1_702' title='bbox 2096 3970 2248 4026; x_wconf 85' lang='lat' dir='ltr'><strong><em>Hunc</em></strong></span> <span class='ocrx_word' id='word_1_703' title='bbox 2270 3984 2493 4025; x_wconf 83' lang='lat' dir='ltr'><strong><em>sensum</em></strong></span> <span class='ocrx_word' id='word_1_704' title='bbox 2517 3970 2734 4038; x_wconf 81' lang='lat' dir='ltr'><strong><em>quidam</em></strong></span> <span class='ocrx_word' id='word_1_705' title='bbox 2753 3968 2918 4023; x_wconf 85' lang='lat' dir='ltr'><strong><em>etiam</em></strong></span> <span class='ocrx_word' id='word_1_706' title='bbox 2937 3966 3261 4031; x_wconf 66' lang='lat' dir='ltr'><strong><em>spiritaliter</em></strong></span> <span class='ocrx_word' id='word_1_707' title='bbox 3283 3970 3701 4041; x_wconf 79' lang='lat' dir='ltr'><strong><em>intelligendum</em></strong></span> 
     </span>
    </p>
   </div>
   <div class='ocr_carea' id='block_1_87' title="bbox 2093 4060 3700 4135">
    <p class='ocr_par' dir='ltr' id='par_1_87' title="bbox 2093 4060 3700 4135">
     <span class='ocr_line' id='line_1_87' title="bbox 2093 4060 3700 4135; baseline 0 -15"><span class='ocrx_word' id='word_1_708' title='bbox 2093 4065 2450 4121; x_wconf 88' lang='lat' dir='ltr'><strong><em>crediderunt</em></strong></span> <span class='ocrx_word' id='word_1_709' title='bbox 2475 4102 2492 4129; x_wconf 88' lang='lat'><strong><em>,</em></strong></span> <span class='ocrx_word' id='word_1_710' title='bbox 2526 4071 2587 4116; x_wconf 88' lang='lat' dir='ltr'><strong><em>ttt</em></strong></span> <span class='ocrx_word' id='word_1_711' title='bbox 2614 4064 2707 4132; x_wconf 90' lang='lat' dir='ltr'><strong><em>qui</em></strong></span> <span class='ocrx_word' id='word_1_712' title='bbox 2738 4063 3051 4133; x_wconf 84' lang='lat' dir='ltr'><strong><em>angariatits</em></strong></span> <span class='ocrx_word' id='word_1_713' title='bbox 3078 4060 3245 4117; x_wconf 83' lang='lat' dir='ltr'><strong><em>fuerit</em></strong></span> <span class='ocrx_word' id='word_1_714' title='bbox 3275 4063 3425 4118; x_wconf 86' lang='lat' dir='ltr'><strong><em>mille</em></strong></span> <span class='ocrx_word' id='word_1_715' title='bbox 3460 4080 3655 4135; x_wconf 87' lang='lat' dir='ltr'><strong><em>passus</em></strong></span> <span class='ocrx_word' id='word_1_716' title='bbox 3684 4109 3700 4135; x_wconf 94' lang='lat'><strong><em>,</em></strong></span> 
     </span>
    </p>
   </div>
   <div class='ocr_carea' id='block_1_88' title="bbox 2096 4154 3704 4231">
    <p class='ocr_par' dir='ltr' id='par_1_88' title="bbox 2096 4154 3704 4231">
     <span class='ocr_line' id='line_1_88' title="bbox 2096 4154 3704 4231; baseline 0.001 -18"><span class='ocrx_word' id='word_1_717' title='bbox 2096 4159 2259 4214; x_wconf 88' lang='lat' dir='ltr'><strong><em>vadat</em></strong></span> <span class='ocrx_word' id='word_1_718' title='bbox 2287 4172 2411 4213; x_wconf 91' lang='lat' dir='ltr'><strong><em>cum</em></strong></span> <span class='ocrx_word' id='word_1_719' title='bbox 2443 4172 2511 4211; x_wconf 91' lang='lat' dir='ltr'><strong><em>eo</em></strong></span> <span class='ocrx_word' id='word_1_720' title='bbox 2540 4155 2721 4211; x_wconf 83' lang='lat' dir='ltr'><strong><em>adhuc</em></strong></span> <span class='ocrx_word' id='word_1_721' title='bbox 2751 4156 2857 4210; x_wconf 89' lang='lat' dir='ltr'><strong><em>alia</em></strong></span> <span class='ocrx_word' id='word_1_722' title='bbox 2890 4154 3035 4211; x_wconf 90' lang='lat' dir='ltr'><strong><em>duo:</em></strong></span> <span class='ocrx_word' id='word_1_723' title='bbox 3070 4156 3123 4211; x_wconf 89' lang='lat' dir='ltr'><strong><em>id</em></strong></span> <span class='ocrx_word' id='word_1_724' title='bbox 3150 4164 3263 4223; x_wconf 88' lang='lat' dir='ltr'><strong><em>est,</em></strong></span> <span class='ocrx_word' id='word_1_725' title='bbox 3295 4166 3351 4210; x_wconf 90' lang='lat' dir='ltr'><strong><em>ut</em></strong></span> <span class='ocrx_word' id='word_1_726' title='bbox 3374 4158 3704 4231; x_wconf 81' lang='lat' dir='ltr'><strong><em>quicumque</em></strong></span> 
     </span>
    </p>
   </div>
   <div class='ocr_carea' id='block_1_89' title="bbox 2099 4248 3711 4319">
    <p class='ocr_par' dir='ltr' id='par_1_89' title="bbox 2099 4248 3711 4319">
     <span class='ocr_line' id='line_1_89' title="bbox 2099 4248 3711 4319; baseline 0.002 -12"><span class='ocrx_word' id='word_1_727' title='bbox 2099 4252 2362 4316; x_wconf 90' lang='lat' dir='ltr'><strong><em>inlidelis,</em></strong></span> <span class='ocrx_word' id='word_1_728' title='bbox 2389 4250 2472 4305; x_wconf 85' lang='lat' dir='ltr'><strong><em>vel</em></strong></span> <span class='ocrx_word' id='word_1_729' title='bbox 2500 4265 2597 4306; x_wconf 92' lang='lat' dir='ltr'><strong><em>nec</em></strong></span> <span class='ocrx_word' id='word_1_730' title='bbox 2621 4251 2746 4305; x_wconf 90' lang='lat' dir='ltr'><strong><em>dum</em></strong></span> <span class='ocrx_word' id='word_1_731' title='bbox 2770 4248 3142 4319; x_wconf 88' lang='lat' dir='ltr'><strong><em>cognitionem</em></strong></span> <span class='ocrx_word' id='word_1_732' title='bbox 3168 4251 3414 4305; x_wconf 80' lang='lat' dir='ltr'><strong><em>veritatis</em></strong></span> <span class='ocrx_word' id='word_1_733' title='bbox 3444 4267 3711 4310; x_wconf 85' lang='lat' dir='ltr'><strong><em>consecu-</em></strong></span> 
     </span>
    </p>
   </div>
   <div class='ocr_carea' id='block_1_90' title="bbox 2100 4342 3708 4415">
    <p class='ocr_par' dir='ltr' id='par_1_90' title="bbox 2100 4342 3708 4415">
     <span class='ocr_line' id='line_1_90' title="bbox 2100 4342 3708 4415; baseline 0.002 -16"><span class='ocrx_word' id='word_1_734' title='bbox 2100 4353 2187 4399; x_wconf 90' lang='lat' dir='ltr'><strong><em>tus</em></strong></span> <span class='ocrx_word' id='word_1_735' title='bbox 2211 4386 2224 4410; x_wconf 91' lang='lat'><strong><em>,</em></strong></span> <span class='ocrx_word' id='word_1_736' title='bbox 2256 4345 2324 4398; x_wconf 91' lang='lat' dir='ltr'><strong><em>de</em></strong></span> <span class='ocrx_word' id='word_1_737' title='bbox 2356 4358 2462 4398; x_wconf 79' lang='lat' dir='ltr'><strong><em>uno</em></strong></span> <span class='ocrx_word' id='word_1_738' title='bbox 2496 4344 2608 4397; x_wconf 86' lang='lat' dir='ltr'><strong><em>Deo</em></strong></span> <span class='ocrx_word' id='word_1_739' title='bbox 2647 4342 2812 4399; x_wconf 83' lang='lat' dir='ltr'><strong><em>Patre</em></strong></span> <span class='ocrx_word' id='word_1_740' title='bbox 2857 4358 3041 4397; x_wconf 88' lang='lat' dir='ltr'><strong><em>rerum</em></strong></span> <span class='ocrx_word' id='word_1_741' title='bbox 3083 4343 3327 4398; x_wconf 90' lang='lat' dir='ltr'><strong><em>omnium</em></strong></span> <span class='ocrx_word' id='word_1_742' title='bbox 3372 4344 3660 4403; x_wconf 88' lang='lat' dir='ltr'><strong><em>conditore</em></strong></span> <span class='ocrx_word' id='word_1_743' title='bbox 3693 4388 3708 4415; x_wconf 85' lang='lat'><strong><em>,</em></strong></span> 
     </span>
    </p>
   </div>
   <div class='ocr_carea' id='block_1_91' title="bbox 2102 4434 3705 4517">
    <p class='ocr_par' dir='ltr' id='par_1_91' title="bbox 2102 4434 3705 4517">
     <span class='ocr_line' id='line_1_91' title="bbox 2102 4434 3705 4517; baseline 0.003 -28"><span class='ocrx_word' id='word_1_744' title='bbox 2102 4439 2251 4492; x_wconf 90' lang='lat' dir='ltr'><strong><em>velut</em></strong></span> <span class='ocrx_word' id='word_1_745' title='bbox 2282 4451 2380 4507; x_wconf 91' lang='lat' dir='ltr'><strong><em>per</em></strong></span> <span class='ocrx_word' id='word_1_746' title='bbox 2408 4436 2510 4491; x_wconf 91' lang='lat' dir='ltr'><strong><em>iter</em></strong></span> <span class='ocrx_word' id='word_1_747' title='bbox 2532 4435 2668 4505; x_wconf 90' lang='lat' dir='ltr'><strong><em>legis</em></strong></span> <span class='ocrx_word' id='word_1_748' title='bbox 2709 4436 2988 4504; x_wconf 85' lang='lat' dir='ltr'><strong><em>ingressus</em></strong></span> <span class='ocrx_word' id='word_1_749' title='bbox 3020 4475 3037 4501; x_wconf 94' lang='lat'><strong><em>,</em></strong></span> <span class='ocrx_word' id='word_1_750' title='bbox 3084 4434 3275 4490; x_wconf 83' lang='lat' dir='ltr'><strong><em>fecerit</em></strong></span> <span class='ocrx_word' id='word_1_751' title='bbox 3318 4438 3654 4517; x_wconf 85' lang='lat' dir='ltr'><strong><em>mentionem</em></strong></span> <span class='ocrx_word' id='word_1_752' title='bbox 3692 4481 3705 4503; x_wconf 90' lang='lat'><strong><em>,</em></strong></span> 
     </span>
    </p>
   </div>
   <div class='ocr_carea' id='block_1_92' title="bbox 391 4509 3713 4600">
    <p class='ocr_par' dir='ltr' id='par_1_92' title="bbox 391 4509 3713 4600">
     <span class='ocr_line' id='line_1_92' title="bbox 391 4509 3713 4600; baseline -0 -13"><span class='ocrx_word' id='word_1_753' title='bbox 391 4532 498 4587; x_wconf 82' lang='lat' dir='ltr'><strong><em>ﬁde</em></strong></span> <span class='ocrx_word' id='word_1_754' title='bbox 522 4532 732 4595; x_wconf 84' lang='lat' dir='ltr'><strong><em>vivere,</em></strong></span> <span class='ocrx_word' id='word_1_755' title='bbox 759 4546 867 4585; x_wconf 90' lang='lat' dir='ltr'><strong><em>non</em></strong></span> <span class='ocrx_word' id='word_1_756' title='bbox 902 4542 1230 4600; x_wconf 61' lang='lat' dir='ltr'><strong><em>praesentem</em></strong></span> <span class='ocrx_word' id='word_1_757' title='bbox 1277 4528 1565 4594; x_wconf 89' lang='lat' dir='ltr'><strong><em>ultionem,</em></strong></span> <span class='ocrx_word' id='word_1_758' title='bbox 1613 4528 1709 4585; x_wconf 91' lang='lat' dir='ltr'><strong><em>sed</em></strong></span> <span class='ocrx_word' id='word_1_759' title='bbox 1759 4528 1993 4583; x_wconf 87' lang='lat' dir='ltr'><strong><em>futuratn</em></strong></span> <span class='ocrx_word' id='word_1_760' title='bbox 2024 4509 2078 4570; x_wconf 84' lang='grc' dir='ltr'><strong><em>Ῑ)</em></strong></span> <span class='ocrx_word' id='word_1_761' title='bbox 2101 4531 2268 4584; x_wconf 83' lang='lat' dir='ltr'><strong><em>vadas</em></strong></span> <span class='ocrx_word' id='word_1_762' title='bbox 2290 4545 2413 4583; x_wconf 89' lang='lat' dir='ltr'><strong><em>cum</em></strong></span> <span class='ocrx_word' id='word_1_763' title='bbox 2446 4529 2541 4582; x_wconf 90' lang='lat' dir='ltr'><strong><em>illo</em></strong></span> <span class='ocrx_word' id='word_1_764' title='bbox 2566 4527 2747 4582; x_wconf 81' lang='lat' dir='ltr'><strong><em>adhuc</em></strong></span> <span class='ocrx_word' id='word_1_765' title='bbox 2774 4526 2885 4581; x_wconf 88' lang='lat' dir='ltr'><strong><em>alia</em></strong></span> <span class='ocrx_word' id='word_1_766' title='bbox 2912 4525 3053 4594; x_wconf 89' lang='lat' dir='ltr'><strong><em>duo;</em></strong></span> <span class='ocrx_word' id='word_1_767' title='bbox 3089 4527 3139 4581; x_wconf 91' lang='lat' dir='ltr'><strong><em>id</em></strong></span> <span class='ocrx_word' id='word_1_768' title='bbox 3168 4535 3275 4596; x_wconf 87' lang='lat' dir='ltr'><strong><em>est,</em></strong></span> <span class='ocrx_word' id='word_1_769' title='bbox 3299 4536 3359 4583; x_wconf 90' lang='lat' dir='ltr'><strong><em>ut</em></strong></span> <span class='ocrx_word' id='word_1_770' title='bbox 3383 4512 3504 4599; x_wconf 87' lang='lat' dir='ltr'><strong><em>post</em></strong></span> <span class='ocrx_word' id='word_1_771' title='bbox 3532 4530 3713 4588; x_wconf 86' lang='lat' dir='ltr'><strong><em>Patris</em></strong></span> 
     </span>
    </p>
   </div>
   <div class='ocr_carea' id='block_1_93' title="bbox 391 4620 1991 4693">
    <p class='ocr_par' dir='ltr' id='par_1_93' title="bbox 391 4620 1991 4693">
     <span class='ocr_line' id='line_1_93' title="bbox 391 4620 1991 4693; baseline -0.002 -14"><span class='ocrx_word' id='word_1_772' title='bbox 391 4624 692 4679; x_wconf 86' lang='lat' dir='ltr'><strong><em>vindictam</em></strong></span> <span class='ocrx_word' id='word_1_773' title='bbox 724 4631 983 4693; x_wconf 74' lang='lat' dir='ltr'><strong><em>espetere</em></strong></span> <span class='ocrx_word' id='word_1_774' title='bbox 1026 4622 1096 4677; x_wconf 89' lang='lat' dir='ltr'><strong><em>ab</em></strong></span> <span class='ocrx_word' id='word_1_775' title='bbox 1147 4637 1214 4677; x_wconf 91' lang='lat' dir='ltr'><strong><em>eo</em></strong></span> <span class='ocrx_word' id='word_1_776' title='bbox 1242 4621 1333 4693; x_wconf 90' lang='lat' dir='ltr'><strong><em>qui</em></strong></span> <span class='ocrx_word' id='word_1_777' title='bbox 1380 4623 1498 4677; x_wconf 86' lang='lat' dir='ltr'><strong><em>ait:</em></strong></span> <span class='ocrx_word' id='word_1_778' title='bbox 1531 4620 1666 4675; x_wconf 83' lang='lat' dir='ltr'><strong><em>Mihi</em></strong></span> <span class='ocrx_word' id='word_1_779' title='bbox 1692 4621 1991 4687; x_wconf 86' lang='lat' dir='ltr'><strong><em>vindictam,</em></strong></span> 
     </span>
    </p>
   </div>
   <div class='ocr_carea' id='block_1_94' title="bbox 394 4713 1995 4790">
    <p class='ocr_par' dir='ltr' id='par_1_94' title="bbox 394 4713 1995 4790">
     <span class='ocr_line' id='line_1_94' title="bbox 394 4713 1995 4790; baseline 0.001 -19"><span class='ocrx_word' id='word_1_780' title='bbox 394 4734 490 4790; x_wconf 81' lang='lat' dir='ltr'><strong><em>ego</em></strong></span> <span class='ocrx_word' id='word_1_781' title='bbox 516 4718 818 4783; x_wconf 84' lang='lat' dir='ltr'><strong><em>retribuam,</em></strong></span> <span class='ocrx_word' id='word_1_782' title='bbox 843 4716 969 4771; x_wconf 89' lang='lat' dir='ltr'><strong><em>dicit</em></strong></span> <span class='ocrx_word' id='word_1_783' title='bbox 1010 4713 1265 4771; x_wconf 75' lang='lat' dir='ltr'><strong><em>Dominus</em></strong></span> <span class='ocrx_word' id='word_1_784' title='bbox 1288 4715 1467 4786; x_wconf 89' lang='lat' dir='ltr'><strong><em>(Deut.</em></strong></span> <span class='ocrx_word' id='word_1_785' title='bbox 1501 4732 1673 4782; x_wconf 65' lang='grc' dir='ltr'>χχχιι,</span> <span class='ocrx_word' id='word_1_786' title='bbox 1699 4714 1767 4773; x_wconf 77' lang='grc'>55</span> <span class='ocrx_word' id='word_1_787' title='bbox 1791 4732 1807 4782; x_wconf 88' lang='lat'><strong>;</strong></span> <span class='ocrx_word' id='word_1_788' title='bbox 1840 4714 1995 4772; x_wconf 85' lang='lat' dir='ltr'><strong><em>Rom.</em></strong></span> 
     </span>
    </p>
   </div>
   <div class='ocr_carea' id='block_1_95' title="bbox 395 4811 1999 4883">
    <p class='ocr_par' dir='ltr' id='par_1_95' title="bbox 395 4811 1999 4883">
     <span class='ocr_line' id='line_1_95' title="bbox 395 4811 1999 4883; baseline -0.001 -17"><span class='ocrx_word' id='word_1_789' title='bbox 395 4827 493 4872; x_wconf 75' lang='grc' dir='ltr'><strong>ιιι.</strong></span> <span class='ocrx_word' id='word_1_790' title='bbox 520 4811 631 4883; x_wconf 88' lang='lat' dir='ltr'><strong><em>l9).</em></strong></span> <span class='ocrx_word' id='word_1_791' title='bbox 664 4811 819 4867; x_wconf 92' lang='lat' dir='ltr'><strong><em>Ilunc</em></strong></span> <span class='ocrx_word' id='word_1_792' title='bbox 847 4814 1011 4868; x_wconf 86' lang='lat' dir='ltr'><strong><em>talem</em></strong></span> <span class='ocrx_word' id='word_1_793' title='bbox 1041 4812 1411 4883; x_wconf 76' lang='lat' dir='ltr'><strong><em>evangelicum</em></strong></span> <span class='ocrx_word' id='word_1_794' title='bbox 1435 4812 1634 4877; x_wconf 90' lang='lat' dir='ltr'><strong><em>virum,</em></strong></span> <span class='ocrx_word' id='word_1_795' title='bbox 1658 4812 1748 4881; x_wconf 91' lang='lat' dir='ltr'><strong><em>qui</em></strong></span> <span class='ocrx_word' id='word_1_796' title='bbox 1778 4826 1999 4882; x_wconf 82' lang='lat' dir='ltr'><strong><em>percus-</em></strong></span> 
     </span>
    </p>
   </div>
   <div class='ocr_carea' id='block_1_96' title="bbox 393 4902 2001 4973">
    <p class='ocr_par' dir='ltr' id='par_1_96' title="bbox 393 4902 2001 4973">
     <span class='ocr_line' id='line_1_96' title="bbox 393 4902 2001 4973; baseline -0.002 -14"><span class='ocrx_word' id='word_1_797' title='bbox 393 4918 490 4959; x_wconf 88' lang='lat' dir='ltr'><strong><em>sus</em></strong></span> <span class='ocrx_word' id='word_1_798' title='bbox 520 4903 575 4958; x_wconf 90' lang='lat' dir='ltr'><strong><em>in</em></strong></span> <span class='ocrx_word' id='word_1_799' title='bbox 618 4904 893 4959; x_wconf 80' lang='lat' dir='ltr'><strong><em>maxillam</em></strong></span> <span class='ocrx_word' id='word_1_800' title='bbox 922 4902 1155 4958; x_wconf 85' lang='lat' dir='ltr'><strong><em>libenter</em></strong></span> <span class='ocrx_word' id='word_1_801' title='bbox 1181 4902 1406 4957; x_wconf 89' lang='lat' dir='ltr'><strong><em>alteram</em></strong></span> <span class='ocrx_word' id='word_1_802' title='bbox 1437 4903 1663 4973; x_wconf 64' lang='lat' dir='ltr'><strong><em>praebet.</em></strong></span> <span class='ocrx_word' id='word_1_803' title='bbox 1696 4902 2001 4957; x_wconf 80' lang='lat' dir='ltr'><strong><em>Hieremias</em></strong></span> 
     </span>
    </p>
   </div>
   <div class='ocr_carea' id='block_1_97' title="bbox 396 4994 2008 5062">
    <p class='ocr_par' dir='ltr' id='par_1_97' title="bbox 396 4994 2008 5062">
     <span class='ocr_line' id='line_1_97' title="bbox 396 4994 2008 5062; baseline -0.004 -9"><span class='ocrx_word' id='word_1_804' title='bbox 396 4996 683 5053; x_wconf 81' lang='lat' dir='ltr'><strong><em>evidenter</em></strong></span> <span class='ocrx_word' id='word_1_805' title='bbox 702 4995 945 5053; x_wconf 89' lang='lat' dir='ltr'><strong><em>ostendit</em></strong></span> <span class='ocrx_word' id='word_1_806' title='bbox 963 5012 1088 5051; x_wconf 91' lang='lat' dir='ltr'><strong><em>cum</em></strong></span> <span class='ocrx_word' id='word_1_807' title='bbox 1103 4995 1266 5050; x_wconf 87' lang='lat' dir='ltr'><strong><em>dicit:</em></strong></span> <span class='ocrx_word' id='word_1_808' title='bbox 1291 4994 1496 5050; x_wconf 87' lang='lat' dir='ltr'><strong><em>Bonum</em></strong></span> <span class='ocrx_word' id='word_1_809' title='bbox 1517 5004 1591 5050; x_wconf 84' lang='lat' dir='ltr'><strong><em>est</em></strong></span> <span class='ocrx_word' id='word_1_810' title='bbox 1613 4996 1721 5050; x_wconf 81' lang='lat' dir='ltr'><strong><em>viro</em></strong></span> <span class='ocrx_word' id='word_1_811' title='bbox 1748 5011 1860 5048; x_wconf 87' lang='lat' dir='ltr'><strong><em>cum</em></strong></span> <span class='ocrx_word' id='word_1_812' title='bbox 1886 5010 2008 5062; x_wconf 92' lang='lat' dir='ltr'><strong><em>por-</em></strong></span> 
     </span>
    </p>
   </div>
   <div class='ocr_carea' id='block_1_98' title="bbox 398 5087 2005 5163">
    <p class='ocr_par' dir='ltr' id='par_1_98' title="bbox 398 5087 2005 5163">
     <span class='ocr_line' id='line_1_98' title="bbox 398 5087 2005 5163; baseline 0 -22"><span class='ocrx_word' id='word_1_813' title='bbox 398 5089 782 5163; x_wconf 71' lang='lat' dir='ltr'><strong><em>tat&#39;eritjugum</em></strong></span> <span class='ocrx_word' id='word_1_814' title='bbox 802 5105 954 5163; x_wconf 85' lang='lat' dir='ltr'><strong><em>grave</em></strong></span> <span class='ocrx_word' id='word_1_815' title='bbox 970 5090 1023 5143; x_wconf 86' lang='lat' dir='ltr'><strong><em>in</em></strong></span> <span class='ocrx_word' id='word_1_816' title='bbox 1030 5090 1302 5157; x_wconf 83' lang='lat' dir='ltr'><strong><em>juventute</em></strong></span> <span class='ocrx_word' id='word_1_817' title='bbox 1313 5106 1430 5143; x_wconf 87' lang='lat' dir='ltr'><strong><em>sua.</em></strong></span> <span class='ocrx_word' id='word_1_818' title='bbox 1448 5087 1655 5143; x_wconf 86' lang='lat' dir='ltr'><strong><em>Sedebit</em></strong></span> <span class='ocrx_word' id='word_1_819' title='bbox 1672 5088 2005 5159; x_wconf 84' lang='lat' dir='ltr'><strong><em>singulariter</em></strong></span> 
     </span>
    </p>
   </div>
   <div class='ocr_carea' id='block_1_99' title="bbox 398 5180 2005 5256">
    <p class='ocr_par' dir='ltr' id='par_1_99' title="bbox 398 5180 2005 5256">
     <span class='ocr_line' id='line_1_99' title="bbox 398 5180 2005 5256; baseline -0.002 -19"><span class='ocrx_word' id='word_1_820' title='bbox 398 5191 447 5237; x_wconf 83' lang='lat' dir='ltr'><strong><em>et</em></strong></span> <span class='ocrx_word' id='word_1_821' title='bbox 471 5182 680 5247; x_wconf 87' lang='lat' dir='ltr'><strong><em>tacebit,</em></strong></span> <span class='ocrx_word' id='word_1_822' title='bbox 708 5183 832 5253; x_wconf 88' lang='lat' dir='ltr'><strong><em>quia</em></strong></span> <span class='ocrx_word' id='word_1_823' title='bbox 863 5183 1085 5254; x_wconf 84' lang='lat' dir='ltr'><strong><em>portavit</em></strong></span> <span class='ocrx_word' id='word_1_824' title='bbox 1103 5190 1293 5256; x_wconf 75' lang='lat' dir='ltr'><strong><em>jugum</em></strong></span> <span class='ocrx_word' id='word_1_825' title='bbox 1315 5197 1487 5255; x_wconf 85' lang='lat' dir='ltr'><strong><em>grave.</em></strong></span> <span class='ocrx_word' id='word_1_826' title='bbox 1535 5180 1685 5235; x_wconf 85' lang='lat' dir='ltr'><strong><em>Dabit</em></strong></span> <span class='ocrx_word' id='word_1_827' title='bbox 1712 5180 2005 5251; x_wconf 83' lang='lat' dir='ltr'><strong><em>percutien-</em></strong></span> 
     </span>
    </p>
   </div>
   <div class='ocr_carea' id='block_1_100' title="bbox 399 5271 2004 5346">
    <p class='ocr_par' dir='ltr' id='par_1_100' title="bbox 399 5271 2004 5346">
     <span class='ocr_line' id='line_1_100' title="bbox 399 5271 2004 5346; baseline 0.001 -20"><span class='ocrx_word' id='word_1_828' title='bbox 399 5273 521 5327; x_wconf 88' lang='lat' dir='ltr'><strong><em>dam</em></strong></span> <span class='ocrx_word' id='word_1_829' title='bbox 546 5274 811 5329; x_wconf 67' lang='lat' dir='ltr'><strong><em>maxillam</em></strong></span> <span class='ocrx_word' id='word_1_830' title='bbox 833 5292 1003 5341; x_wconf 87' lang='lat' dir='ltr'><strong><em>suam,</em></strong></span> <span class='ocrx_word' id='word_1_831' title='bbox 1033 5287 1081 5330; x_wconf 84' lang='lat' dir='ltr'><strong><em>et</em></strong></span> <span class='ocrx_word' id='word_1_832' title='bbox 1104 5274 1375 5329; x_wconf 86' lang='lat' dir='ltr'><strong><em>satiabitur</em></strong></span> <span class='ocrx_word' id='word_1_833' title='bbox 1396 5275 1451 5329; x_wconf 83' lang='lat' dir='ltr'><strong><em>in</em></strong></span> <span class='ocrx_word' id='word_1_834' title='bbox 1482 5274 1763 5346; x_wconf 84' lang='lat' dir='ltr'><strong><em>approbrio</em></strong></span> <span class='ocrx_word' id='word_1_835' title='bbox 1785 5271 2004 5342; x_wconf 84' lang='lat' dir='ltr'><strong><em>(Thren.</em></strong></span> 
     </span>
    </p>
   </div>
   <div class='ocr_carea' id='block_1_101' title="bbox 400 5365 2006 5439">
    <p class='ocr_par' dir='ltr' id='par_1_101' title="bbox 400 5365 2006 5439">
     <span class='ocr_line' id='line_1_101' title="bbox 400 5365 2006 5439; baseline 0.003 -20"><span class='ocrx_word' id='word_1_836' title='bbox 400 5378 481 5432; x_wconf 83' lang='lat' dir='ltr'><strong><em>In,</em></strong></span> <span class='ocrx_word' id='word_1_837' title='bbox 504 5365 722 5437; x_wconf 72' lang='lat'><strong><em>27-29).</em></strong></span> <span class='ocrx_word' id='word_1_838' title='bbox 747 5366 803 5422; x_wconf 87' lang='lat' dir='ltr'><strong><em>ltt</em></strong></span> <span class='ocrx_word' id='word_1_839' title='bbox 822 5384 929 5439; x_wconf 82' lang='lat' dir='ltr'><strong><em>quo</em></strong></span> <span class='ocrx_word' id='word_1_840' title='bbox 952 5367 1240 5424; x_wconf 79' lang='lat' dir='ltr'><strong><em>manifeste</em></strong></span> <span class='ocrx_word' id='word_1_841' title='bbox 1258 5382 1380 5423; x_wconf 91' lang='lat' dir='ltr'><strong><em>eunt</em></strong></span> <span class='ocrx_word' id='word_1_842' title='bbox 1403 5368 1587 5438; x_wconf 88' lang='lat' dir='ltr'><strong><em>utique</em></strong></span> <span class='ocrx_word' id='word_1_843' title='bbox 1608 5366 1852 5423; x_wconf 83' lang='lat' dir='ltr'><strong><em>ostendit</em></strong></span> <span class='ocrx_word' id='word_1_844' title='bbox 1876 5368 2006 5424; x_wconf 86' lang='lat' dir='ltr'><strong><em>bea-</em></strong></span> 
     </span>
    </p>
   </div>
   <div class='ocr_carea' id='block_1_102' title="bbox 481 5525 2001 5585">
    <p class='ocr_par' dir='ltr' id='par_1_102' title="bbox 481 5525 2001 5585">
     <span class='ocr_line' id='line_1_102' title="bbox 481 5525 2001 5585; baseline 0.001 -4"><span class='ocrx_word' id='word_1_845' title='bbox 481 5536 506 5564; x_wconf 77' lang='grc' dir='ltr'>ι</span> <span class='ocrx_word' id='word_1_846' title='bbox 548 5525 612 5581; x_wconf 87' lang='lat' dir='ltr'><strong><em>In</em></strong></span> <span class='ocrx_word' id='word_1_847' title='bbox 643 5528 824 5583; x_wconf 83' lang='lat' dir='ltr'><strong><em>throno</em></strong></span> <span class='ocrx_word' id='word_1_848' title='bbox 860 5526 1023 5585; x_wconf 89' lang='lat' dir='ltr'><strong><em>Dei...</em></strong></span> <span class='ocrx_word' id='word_1_849' title='bbox 1056 5529 1111 5582; x_wconf 87' lang='lat' dir='ltr'><strong><em>in</em></strong></span> <span class='ocrx_word' id='word_1_850' title='bbox 1152 5529 1341 5584; x_wconf 90' lang='lat' dir='ltr'><strong><em>throno</em></strong></span> <span class='ocrx_word' id='word_1_851' title='bbox 1374 5526 1488 5583; x_wconf 87' lang='lat' dir='ltr'><strong><em>Dei.</em></strong></span> <span class='ocrx_word' id='word_1_852' title='bbox 1518 5528 1691 5583; x_wconf 82' lang='lat' dir='ltr'><strong><em>Aliter</em></strong></span> <span class='ocrx_word' id='word_1_853' title='bbox 1736 5535 1915 5583; x_wconf 85' lang='lat' dir='ltr'><strong><em>textus</em></strong></span> <span class='ocrx_word' id='word_1_854' title='bbox 1944 5535 2001 5583; x_wconf 88' lang='lat' dir='ltr'><strong><em>et</em></strong></span> 
     </span>
    </p>
   </div>
   <div class='ocr_carea' id='block_1_103' title="bbox 407 5598 875 5669">
    <p class='ocr_par' dir='ltr' id='par_1_103' title="bbox 407 5598 875 5669">
     <span class='ocr_line' id='line_1_103' title="bbox 407 5598 875 5669; baseline 0.006 -17"><span class='ocrx_word' id='word_1_855' title='bbox 407 5598 637 5669; x_wconf 67' lang='lat' dir='ltr'><strong><em>Vulgata</em></strong></span> <span class='ocrx_word' id='word_1_856' title='bbox 672 5599 875 5655; x_wconf 89' lang='lat' dir='ltr'><strong><em>vcrsio.</em></strong></span> 
     </span>
    </p>
   </div>
   <div class='ocr_carea' id='block_1_104' title="bbox 483 5669 2010 5741">
    <p class='ocr_par' dir='ltr' id='par_1_104' title="bbox 483 5669 2010 5741">
     <span class='ocr_line' id='line_1_104' title="bbox 483 5669 2010 5741; baseline 0.003 -19"><span class='ocrx_word' id='word_1_857' title='bbox 483 5671 509 5710; x_wconf 75' lang='grc' dir='ltr'><strong><em>ι»</em></strong></span> <span class='ocrx_word' id='word_1_858' title='bbox 554 5672 707 5741; x_wconf 68' lang='lat' dir='ltr'><strong><em>Apud</em></strong></span> <span class='ocrx_word' id='word_1_859' title='bbox 758 5670 1051 5728; x_wconf 85' lang='lat' dir='ltr'><strong><em>Galland.:</em></strong></span> <span class='ocrx_word' id='word_1_860' title='bbox 1100 5672 1422 5730; x_wconf 71' lang='lat' dir='ltr'><strong><em>TRAC&#39;I‘ATUS</em></strong></span> <span class='ocrx_word' id='word_1_861' title='bbox 1466 5670 1595 5727; x_wconf 81' lang='lat' dir='ltr'><strong><em>Xin</em></strong></span> <span class='ocrx_word' id='word_1_862' title='bbox 1654 5671 1716 5729; x_wconf 91' lang='lat' dir='ltr'><strong><em>S.</em></strong></span> <span class='ocrx_word' id='word_1_863' title='bbox 1771 5669 2010 5727; x_wconf 80' lang='lat' dir='ltr'><strong><em>Matthtei</em></strong></span> 
     </span>
    </p>
   </div>
   <div class='ocr_carea' id='block_1_105' title="bbox 410 5738 775 5816">
    <p class='ocr_par' dir='ltr' id='par_1_105' title="bbox 410 5738 775 5816">
     <span class='ocr_line' id='line_1_105' title="bbox 410 5738 775 5816; baseline 0.003 -20"><span class='ocrx_word' id='word_1_864' title='bbox 410 5738 775 5816; x_wconf 67' lang='lat' dir='ltr'><strong><em>Evangelium.</em></strong></span> 
     </span>
    </p>
   </div>
   <div class='ocr_carea' id='block_1_106' title="bbox 2099 4619 3709 4695">
    <p class='ocr_par' dir='ltr' id='par_1_106' title="bbox 2099 4619 3709 4695">
     <span class='ocr_line' id='line_1_106' title="bbox 2099 4619 3709 4695; baseline 0.003 -18"><span class='ocrx_word' id='word_1_865' title='bbox 2099 4624 2502 4695; x_wconf 81' lang='lat' dir='ltr'><strong><em>professionem</em></strong></span> <span class='ocrx_word' id='word_1_866' title='bbox 2533 4663 2549 4689; x_wconf 94' lang='lat'><strong><em>,</em></strong></span> <span class='ocrx_word' id='word_1_867' title='bbox 2583 4637 2681 4693; x_wconf 89' lang='lat' dir='ltr'><strong><em>per</em></strong></span> <span class='ocrx_word' id='word_1_868' title='bbox 2710 4622 2855 4677; x_wconf 89' lang='lat' dir='ltr'><strong><em>viam</em></strong></span> <span class='ocrx_word' id='word_1_869' title='bbox 2888 4619 3140 4677; x_wconf 89' lang='lat' dir='ltr'><strong><em>veritatis</em></strong></span> <span class='ocrx_word' id='word_1_870' title='bbox 3167 4619 3311 4677; x_wconf 88' lang='lat' dir='ltr'><strong><em>hunc</em></strong></span> <span class='ocrx_word' id='word_1_871' title='bbox 3332 4625 3586 4680; x_wconf 88' lang='lat' dir='ltr'><strong><em>eumdem</em></strong></span> <span class='ocrx_word' id='word_1_872' title='bbox 3618 4642 3709 4682; x_wconf 83' lang='lat' dir='ltr'><strong><em>us-</em></strong></span> 
     </span>
    </p>
   </div>
   <div class='ocr_carea' id='block_1_107' title="bbox 2101 4713 3707 4789">
    <p class='ocr_par' dir='ltr' id='par_1_107' title="bbox 2101 4713 3707 4789">
     <span class='ocr_line' id='line_1_107' title="bbox 2101 4713 3707 4789; baseline 0.002 -18"><span class='ocrx_word' id='word_1_873' title='bbox 2101 4734 2207 4789; x_wconf 90' lang='lat' dir='ltr'><strong><em>que</em></strong></span> <span class='ocrx_word' id='word_1_874' title='bbox 2235 4716 2301 4772; x_wconf 91' lang='lat' dir='ltr'><strong><em>ad</em></strong></span> <span class='ocrx_word' id='word_1_875' title='bbox 2324 4716 2691 4786; x_wconf 81' lang='lat' dir='ltr'><strong><em>cognitionem</em></strong></span> <span class='ocrx_word' id='word_1_876' title='bbox 2717 4713 2841 4770; x_wconf 85' lang='lat' dir='ltr'><strong><em>Filii</em></strong></span> <span class='ocrx_word' id='word_1_877' title='bbox 2869 4725 2925 4769; x_wconf 92' lang='lat' dir='ltr'><strong><em>et</em></strong></span> <span class='ocrx_word' id='word_1_878' title='bbox 2953 4714 3192 4783; x_wconf 84' lang='lat' dir='ltr'><strong><em>Spiritus</em></strong></span> <span class='ocrx_word' id='word_1_879' title='bbox 3213 4715 3388 4770; x_wconf 86' lang='lat' dir='ltr'><strong><em>sancti</em></strong></span> <span class='ocrx_word' id='word_1_880' title='bbox 3414 4719 3707 4788; x_wconf 86' lang='lat' dir='ltr'><strong><em>perducas,</em></strong></span> 
     </span>
    </p>
   </div>
   <div class='ocr_carea' id='block_1_108' title="bbox 2102 4805 3715 4873">
    <p class='ocr_par' dir='ltr' id='par_1_108' title="bbox 2102 4805 3715 4873">
     <span class='ocr_line' id='line_1_108' title="bbox 2102 4805 3715 4873; baseline 0.003 -9"><span class='ocrx_word' id='word_1_881' title='bbox 2102 4810 2401 4865; x_wconf 88' lang='lat' dir='ltr'><strong><em>ostendens</em></strong></span> <span class='ocrx_word' id='word_1_882' title='bbox 2431 4808 2504 4862; x_wconf 93' lang='lat' dir='ltr'><strong><em>illi</em></strong></span> <span class='ocrx_word' id='word_1_883' title='bbox 2529 4848 2543 4871; x_wconf 94' lang='lat'><strong><em>,</em></strong></span> <span class='ocrx_word' id='word_1_884' title='bbox 2576 4822 2687 4861; x_wconf 91' lang='lat' dir='ltr'><strong><em>non</em></strong></span> <span class='ocrx_word' id='word_1_885' title='bbox 2717 4805 2893 4861; x_wconf 88' lang='lat' dir='ltr'><strong><em>solum</em></strong></span> <span class='ocrx_word' id='word_1_886' title='bbox 2926 4805 3179 4873; x_wconf 86' lang='lat' dir='ltr'><strong><em>Patrem,</em></strong></span> <span class='ocrx_word' id='word_1_887' title='bbox 3210 4808 3310 4862; x_wconf 85' lang='lat' dir='ltr'><strong><em>sed</em></strong></span> <span class='ocrx_word' id='word_1_888' title='bbox 3342 4816 3398 4864; x_wconf 89' lang='lat' dir='ltr'><strong><em>et</em></strong></span> <span class='ocrx_word' id='word_1_889' title='bbox 3425 4808 3625 4867; x_wconf 86' lang='lat' dir='ltr'><strong><em>Filium</em></strong></span> <span class='ocrx_word' id='word_1_890' title='bbox 3657 4818 3715 4869; x_wconf 87' lang='lat' dir='ltr'><strong><em>et</em></strong></span> 
     </span>
    </p>
   </div>
   <div class='ocr_carea' id='block_1_109' title="bbox 2103 4900 3198 4975">
    <p class='ocr_par' dir='ltr' id='par_1_109' title="bbox 2103 4900 3198 4975">
     <span class='ocr_line' id='line_1_109' title="bbox 2103 4900 3198 4975; baseline -0.002 -16"><span class='ocrx_word' id='word_1_891' title='bbox 2103 4903 2373 4975; x_wconf 88' lang='lat' dir='ltr'><strong><em>Spiritum</em></strong></span> <span class='ocrx_word' id='word_1_892' title='bbox 2405 4909 2655 4957; x_wconf 90' lang='lat' dir='ltr'><strong><em>sanctum</em></strong></span> <span class='ocrx_word' id='word_1_893' title='bbox 2685 4915 2809 4957; x_wconf 89' lang='lat' dir='ltr'><strong><em>esse</em></strong></span> <span class='ocrx_word' id='word_1_894' title='bbox 2838 4900 3198 4957; x_wconf 88' lang='lat' dir='ltr'><strong><em>credendum.</em></strong></span> 
     </span>
    </p>
   </div>
   <div class='ocr_carea' id='block_1_110' title="bbox 2178 4993 3716 5067">
    <p class='ocr_par' dir='ltr' id='par_1_110' title="bbox 2178 4993 3716 5067">
     <span class='ocr_line' id='line_1_110' title="bbox 2178 4993 3716 5067; baseline 0.002 -17"><span class='ocrx_word' id='word_1_895' title='bbox 2178 4995 2269 5051; x_wconf 81' lang='lat' dir='ltr'><strong><em>IV.</em></strong></span> <span class='ocrx_word' id='word_1_896' title='bbox 2322 4996 2571 5065; x_wconf 88' lang='lat' dir='ltr'><strong><em>Denique</em></strong></span> <span class='ocrx_word' id='word_1_897' title='bbox 2612 4998 2859 5067; x_wconf 87' lang='lat' dir='ltr'><strong><em>sequitur</em></strong></span> <span class='ocrx_word' id='word_1_898' title='bbox 2893 5012 2906 5047; x_wconf 88' lang='lat'><strong>:</strong></span> <span class='ocrx_word' id='word_1_899' title='bbox 2942 4993 3011 5048; x_wconf 84' lang='lat' dir='ltr'><strong><em>Et</em></strong></span> <span class='ocrx_word' id='word_1_900' title='bbox 3041 5034 3057 5060; x_wconf 90' lang='lat'><strong><em>,</em></strong></span> <span class='ocrx_word' id='word_1_901' title='bbox 3101 4996 3190 5065; x_wconf 86' lang='lat' dir='ltr'><strong><em>qui</em></strong></span> <span class='ocrx_word' id='word_1_902' title='bbox 3220 4999 3346 5067; x_wconf 81' lang='lat' dir='ltr'><strong><em>petit</em></strong></span> <span class='ocrx_word' id='word_1_903' title='bbox 3378 5014 3409 5052; x_wconf 92' lang='lat' dir='ltr'><strong><em>a</em></strong></span> <span class='ocrx_word' id='word_1_904' title='bbox 3437 5006 3483 5053; x_wconf 86' lang='lat' dir='ltr'><strong><em>te</em></strong></span> <span class='ocrx_word' id='word_1_905' title='bbox 3514 5041 3530 5066; x_wconf 96' lang='lat'><strong><em>,</em></strong></span> <span class='ocrx_word' id='word_1_906' title='bbox 3560 5002 3628 5056; x_wconf 88' lang='lat' dir='ltr'><strong><em>da</em></strong></span> <span class='ocrx_word' id='word_1_907' title='bbox 3667 4998 3716 5055; x_wconf 87' lang='lat' dir='ltr'><strong><em>ei</em></strong></span> 
     </span>
    </p>
   </div>
   <div class='ocr_carea' id='block_1_111' title="bbox 2108 5087 3715 5163">
    <p class='ocr_par' dir='ltr' id='par_1_111' title="bbox 2108 5087 3715 5163">
     <span class='ocr_line' id='line_1_111' title="bbox 2108 5087 3715 5163; baseline 0.004 -20"><span class='ocrx_word' id='word_1_908' title='bbox 2108 5087 2300 5159; x_wconf 88' lang='lat' dir='ltr'><strong><em>(Ibid.,</em></strong></span> <span class='ocrx_word' id='word_1_909' title='bbox 2331 5089 2450 5159; x_wconf 72' lang='lat'><strong><em>42).</em></strong></span> <span class='ocrx_word' id='word_1_910' title='bbox 2488 5088 2539 5142; x_wconf 89' lang='lat' dir='ltr'><strong><em>Id</em></strong></span> <span class='ocrx_word' id='word_1_911' title='bbox 2573 5098 2662 5144; x_wconf 90' lang='lat' dir='ltr'><strong><em>est</em></strong></span> <span class='ocrx_word' id='word_1_912' title='bbox 2687 5131 2702 5156; x_wconf 91' lang='lat'><strong><em>,</em></strong></span> <span class='ocrx_word' id='word_1_913' title='bbox 2740 5099 2801 5144; x_wconf 92' lang='lat' dir='ltr'><strong><em>ut</em></strong></span> <span class='ocrx_word' id='word_1_914' title='bbox 2833 5099 2955 5159; x_wconf 90' lang='lat' dir='ltr'><strong><em>post</em></strong></span> <span class='ocrx_word' id='word_1_915' title='bbox 2980 5090 3355 5161; x_wconf 80' lang='lat' dir='ltr'><strong><em>cognitionem</em></strong></span> <span class='ocrx_word' id='word_1_916' title='bbox 3387 5093 3674 5150; x_wconf 86' lang='lat' dir='ltr'><strong><em>Trinitatis</em></strong></span> <span class='ocrx_word' id='word_1_917' title='bbox 3697 5135 3715 5163; x_wconf 93' lang='lat'><strong><em>,</em></strong></span> 
     </span>
    </p>
   </div>
   <div class='ocr_carea' id='block_1_112' title="bbox 2108 5181 3713 5253">
    <p class='ocr_par' dir='ltr' id='par_1_112' title="bbox 2108 5181 3713 5253">
     <span class='ocr_line' id='line_1_112' title="bbox 2108 5181 3713 5253; baseline 0.002 -15"><span class='ocrx_word' id='word_1_918' title='bbox 2108 5182 2312 5238; x_wconf 89' lang='lat' dir='ltr'><strong><em>donum</em></strong></span> <span class='ocrx_word' id='word_1_919' title='bbox 2357 5182 2550 5252; x_wconf 66' lang='lat' dir='ltr'><strong><em>gratiae</em></strong></span> <span class='ocrx_word' id='word_1_920' title='bbox 2595 5181 2840 5238; x_wconf 75' lang='lat' dir='ltr'><strong><em>caelestis</em></strong></span> <span class='ocrx_word' id='word_1_921' title='bbox 2881 5197 3140 5253; x_wconf 88' lang='lat' dir='ltr'><strong><em>prompto</em></strong></span> <span class='ocrx_word' id='word_1_922' title='bbox 3169 5185 3355 5239; x_wconf 90' lang='lat' dir='ltr'><strong><em>animo</em></strong></span> <span class='ocrx_word' id='word_1_923' title='bbox 3390 5186 3713 5242; x_wconf 87' lang='lat' dir='ltr'><strong><em>tribuamus.</em></strong></span> 
     </span>
    </p>
   </div>
   <div class='ocr_carea' id='block_1_113' title="bbox 2114 5274 3719 5347">
    <p class='ocr_par' dir='ltr' id='par_1_113' title="bbox 2114 5274 3719 5347">
     <span class='ocr_line' id='line_1_113' title="bbox 2114 5274 3719 5347; baseline 0.004 -18"><span class='ocrx_word' id='word_1_924' title='bbox 2114 5274 2208 5331; x_wconf 83' lang='lat' dir='ltr'><strong><em>Vel</em></strong></span> <span class='ocrx_word' id='word_1_925' title='bbox 2248 5282 2398 5331; x_wconf 83' lang='lat' dir='ltr'><strong><em>certe</em></strong></span> <span class='ocrx_word' id='word_1_926' title='bbox 2444 5275 2884 5331; x_wconf 87' lang='lat' dir='ltr'><strong><em>misericordiam</em></strong></span> <span class='ocrx_word' id='word_1_927' title='bbox 2930 5276 3339 5347; x_wconf 88' lang='lat' dir='ltr'><strong><em>postulantibus</em></strong></span> <span class='ocrx_word' id='word_1_928' title='bbox 3365 5321 3378 5345; x_wconf 90' lang='lat'><strong><em>,</em></strong></span> <span class='ocrx_word' id='word_1_929' title='bbox 3415 5281 3719 5335; x_wconf 86' lang='lat' dir='ltr'><strong><em>tribuamus</em></strong></span> 
     </span>
    </p>
   </div>
   <div class='ocr_carea' id='block_1_114' title="bbox 2109 5368 3721 5443">
    <p class='ocr_par' dir='ltr' id='par_1_114' title="bbox 2109 5368 3721 5443">
     <span class='ocr_line' id='line_1_114' title="bbox 2109 5368 3721 5443; baseline 0.001 -19"><span class='ocrx_word' id='word_1_930' title='bbox 2109 5369 2407 5425; x_wconf 89' lang='lat' dir='ltr'><strong><em>secundum</em></strong></span> <span class='ocrx_word' id='word_1_931' title='bbox 2437 5368 2583 5440; x_wconf 90' lang='lat' dir='ltr'><strong><em>quod</em></strong></span> <span class='ocrx_word' id='word_1_932' title='bbox 2611 5384 2940 5441; x_wconf 85' lang='lat' dir='ltr'><strong><em>possumus;</em></strong></span> <span class='ocrx_word' id='word_1_933' title='bbox 2972 5379 3034 5426; x_wconf 88' lang='lat' dir='ltr'><strong><em>ut</em></strong></span> <span class='ocrx_word' id='word_1_934' title='bbox 3070 5369 3178 5442; x_wconf 89' lang='lat' dir='ltr'><strong><em>ipsi</em></strong></span> <span class='ocrx_word' id='word_1_935' title='bbox 3209 5374 3354 5442; x_wconf 91' lang='lat' dir='ltr'><strong><em>quod</em></strong></span> <span class='ocrx_word' id='word_1_936' title='bbox 3379 5389 3410 5427; x_wconf 88' lang='lat' dir='ltr'><strong><em>a</em></strong></span> <span class='ocrx_word' id='word_1_937' title='bbox 3446 5373 3556 5429; x_wconf 90' lang='lat' dir='ltr'><strong><em>Deo</em></strong></span> <span class='ocrx_word' id='word_1_938' title='bbox 3579 5370 3721 5443; x_wconf 86' lang='lat' dir='ltr'><strong><em>peti-</em></strong></span> 
     </span>
    </p>
   </div>
   <div class='ocr_carea' id='block_1_115' title="bbox 2183 5527 3327 5586">
    <p class='ocr_par' dir='ltr' id='par_1_115' title="bbox 2183 5527 3327 5586">
     <span class='ocr_line' id='line_1_115' title="bbox 2183 5527 3327 5586; baseline 0 -4"><span class='ocrx_word' id='word_1_939' title='bbox 2183 5540 2205 5568; x_wconf 74' lang='grc' dir='ltr'>ε</span> <span class='ocrx_word' id='word_1_940' title='bbox 2248 5527 2399 5585; x_wconf 87' lang='lat' dir='ltr'><strong><em>Vere.</em></strong></span> <span class='ocrx_word' id='word_1_941' title='bbox 2433 5529 2512 5583; x_wconf 81' lang='lat' dir='ltr'><strong><em>An</em></strong></span> <span class='ocrx_word' id='word_1_942' title='bbox 2536 5531 2699 5584; x_wconf 84' lang='lat' dir='ltr'><strong><em>vero?</em></strong></span> <span class='ocrx_word' id='word_1_943' title='bbox 2729 5529 2839 5586; x_wconf 88' lang='lat' dir='ltr'><strong><em>Sed</em></strong></span> <span class='ocrx_word' id='word_1_944' title='bbox 2864 5529 2997 5584; x_wconf 84' lang='lat' dir='ltr'><strong><em>nihil</em></strong></span> <span class='ocrx_word' id='word_1_945' title='bbox 3032 5537 3327 5584; x_wconf 84' lang='lat' dir='ltr'><strong><em>mutamus.</em></strong></span> 
     </span>
    </p>
   </div>
   <div class='ocr_carea' id='block_1_116' title="bbox 2184 5597 3622 5672">
    <p class='ocr_par' dir='ltr' id='par_1_116' title="bbox 2184 5597 3622 5672">
     <span class='ocr_line' id='line_1_116' title="bbox 2184 5597 3622 5672; baseline 0.001 -18"><span class='ocrx_word' id='word_1_946' title='bbox 2184 5597 2210 5636; x_wconf 75' lang='grc' dir='ltr'>ἀ</span> <span class='ocrx_word' id='word_1_947' title='bbox 2246 5601 2582 5670; x_wconf 82' lang='lat' dir='ltr'><strong><em>Hujusmodi.</em></strong></span> <span class='ocrx_word' id='word_1_948' title='bbox 2618 5601 2932 5671; x_wconf 74' lang='lat' dir='ltr'><strong><em>Legendunt</em></strong></span> <span class='ocrx_word' id='word_1_949' title='bbox 2968 5601 3182 5656; x_wconf 89' lang='lat' dir='ltr'><strong><em>videtur</em></strong></span> <span class='ocrx_word' id='word_1_950' title='bbox 3204 5640 3219 5666; x_wconf 90' lang='lat'><strong><em>,</em></strong></span> <span class='ocrx_word' id='word_1_951' title='bbox 3253 5598 3622 5672; x_wconf 81' lang='lat' dir='ltr'><strong><em>hujusmundi.</em></strong></span> 
     </span>
    </p>
   </div>
   <div class='ocr_carea' id='block_1_117' title="bbox 2189 5672 2937 5745">
    <p class='ocr_par' dir='ltr' id='par_1_117' title="bbox 2189 5672 2937 5745">
     <span class='ocr_line' id='line_1_117' title="bbox 2189 5672 2937 5745; baseline -0.001 -18"><span class='ocrx_word' id='word_1_952' title='bbox 2189 5681 2211 5709; x_wconf 71' lang='grc' dir='ltr'>θ</span> <span class='ocrx_word' id='word_1_953' title='bbox 2237 5672 2495 5745; x_wconf 77' lang='lat' dir='ltr'><strong><em>Propriaz.</em></strong></span> <span class='ocrx_word' id='word_1_954' title='bbox 2524 5676 2606 5728; x_wconf 81' lang='lat' dir='ltr'><strong><em>Att</em></strong></span> <span class='ocrx_word' id='word_1_955' title='bbox 2638 5674 2937 5743; x_wconf 68' lang='lat' dir='ltr'><strong><em>promptet?</em></strong></span> 
     </span>
    </p>
   </div>
  </div>
