4270 6176
535 261 642 344 ἕδξ

1568 259 1626 328 ε.
1667 251 2043 324 οιιιῖοιιιιτιι
2088 255 2300 318 EPISC.
2344 250 2820 327 AQUlLElENSlS

3732 246 3842 310 886

538 392 683 442 mus,
702 375 1046 447 prmcedente
1067 374 1289 441 merita,
1311 373 1526 430 facilius
1549 374 1842 448 impetrare
1865 376 2136 446 possimus
2164 375 2212 440 Δ
2243 383 2347 430 tres
2375 373 2541 428 nostri
2566 374 2716 436 estis,
2751 372 2832 427 his
2872 369 2962 442 qui
2990 385 3078 426 nos
3107 371 3326 426 aderunt
3351 375 3400 424 et
3442 367 3841 434 abominantur;

530 469 684 522 abeo
708 465 800 536 qtti
826 467 904 520 ait
947 482 959 520 :
991 463 1264 528 Petite,et
1291 462 1655 520 dabiturvabis
1687 464 1904 539 (Matth.
1930 482 2025 533 vn,
2061 467 2136 538 7).

542 559 742 630 Verum
775 559 822 616 si
845 574 940 623 eos
971 557 1062 627 qui
1088 572 1186 612 nos
1221 565 1416 627 petunt
1441 559 1808 629 despiciantus
1828 601 1844 622 .
1872 576 1976 630 qua
2003 560 2143 615 lldu-

536 654 619 709 cia
652 653 819 717 Deum
854 651 1033 718 nobis,
1060 650 1205 728 quod
1239 651 1496 722 petimus,
1529 659 1791 722 prmstare
1820 652 2141 718 credimus?

539 745 758 812 dicente
785 743 1068 814 SCriptura
1092 760 1106 800 :
1148 742 1280 803 Vide
1309 785 1324 810 ,
1372 761 1433 800 ne
1466 754 1666 810 avertas
1695 745 1879 816 faciem
1908 755 2046 800 tuam
2075 745 2141 800 ab

537 838 648 912 ulla
673 849 936 918 paupere;
977 837 1050 910 ita
1078 837 1184 906 fiet,
1209 845 1264 891 ut
1293 853 1384 902 nec
1414 854 1446 892 a
1485 845 1532 899 te
1557 846 1819 904 avertatur
1849 838 2006 907 {acies
2044 836 2141 894 Dei

539 930 696 1003 (Tali.
727 946 798 997 tv,
830 930 908 1000 7).
944 927 1013 986 Ει
1043 930 1204 995 omni,
1234 930 1441 1002 inquit,
1475 931 1662 994 valenti
1681 932 1908 992 tnutuari
1929 948 1960 984 a
1991 942 2059 999 te,
2079 948 2141 986 ne

536 1025 788 1094 gitertpris
818 1021 1036 1092 (Matth.
1070 1039 1121 1091 ν,
1150 1022 1265 1094 42).
1293 1022 1561 1080 Jubemur
1582 1040 1676 1095 per
1703 1025 1890 1082 omnia
1921 1024 2141 1095 religio-

539 1132 665 1172 nem
701 1116 920 1186 pietatis
947 1130 1010 1176 ac
1037 1115 1160 1172 ﬁdei
1192 1115 1471 1178 custodire
1495 1156 1511 1183 ,
1548 1124 1604 1170 ιιι
1629 1115 2018 1183 necessitatem
2047 1118 2142 1174 tri-

540 1197 832 1284 bulationis
858 1209 1085 1284 alterius
1109 1209 1264 1282 quasi
1289 1210 1565 1280 propriam
1591 1221 2006 1278 computemus,
2040 1224 2141 1266 nec

542 1303 712 1375 pluris
757 1301 1072 1358 facultatem
1105 1316 1268 1373 quam
1300 1301 1528 1364 fratrem
1574 1301 1857 1358 faciamus.
1908 1301 1980 1360 Et
2017 1301 2142 1363 ideo

537 1396 625 1450 vel
671 1395 982 1465 petentibus
1029 1394 1290 1449 fratribus
1316 1435 1330 1457 ,
1376 1396 1458 1449 vel
1493 1406 1679 1449 mutuo
1713 1396 1766 1448 in
1810 1394 2141 1458 necessitate

539 1489 644 1570 67
694 1488 1104 1559 postulantibus
1131 1529 1148 1555 ,
1194 1470 1451 1558 religioso
1498 1487 1681 1552 animo
1722 1497 1777 1544 et
1815 1488 1905 1557 pio
1943 1487 2138 1546 alicam

541 1584 949 1650 cummunicare
978 1581 1278 1647 debemus,
1309 1589 1690 1652 exspectantes
1715 1581 2025 1644 mercedem
2055 1595 2142 1636 re-

541 1675 859 1732 tributionis
888 1683 1112 1732 attenta:
1143 1715 1158 1740 ,
1199 1674 1497 1734 secundum
1533 1672 1676 1743 quod
1701 1671 1867 1732 David
1901 1671 2009 1727 ait:
2039 1668 2141 1724 Ju-

2241 482 2426 520 nomen
2469 463 2681 524 Domini
2728 463 3118 535 magniﬁcetur,
3151 473 3201 517 et
3246 471 3497 532 appareat
3518 462 3625 518 illis
3648 463 3703 516 in
3747 467 3842 532 ju-

2242 560 2506 616 cunditale
2529 576 2735 624 eorum,
2764 568 2812 612 et
2843 559 2923 613 illi
2963 559 3352 627 canftmdantur
3381 555 3539 629 (lsai.
3571 572 3726 625 Lm,
3760 555 3839 629 5).

2243 649 2399 712 Unde
2446 667 2555 707 non
2602 650 2877 706 immerito
2907 648 3077 704 David
3106 649 3160 710 in
3209 648 3428 714 Psalmo
3460 648 3534 702 ita
3565 656 3800 704 testatur
3824 689 3841 716 ,

2241 743 2464 808 dicens:
2499 744 2718 806 Domine
2747 743 2888 798 Deus
2924 759 3066 798 meus
3089 784 3104 807 ,
3133 745 3176 797 si
3222 743 3320 814 feci
3368 743 3514 798 lues:
3541 744 3586 798 si
3634 743 3847 798 reddidi

2242 835 2640 900 rett'iltuentibus
2667 836 2794 890 mihi
2823 835 2963 891 mala
2986 876 3000 900 ,
3033 835 3268 890 decidant
3298 836 3484 890 merita
3511 835 3574 890 ab
3618 836 3847 894 inimicis

2243 929 2369 988 meis
2417 928 2587 984 inanis
2636 927 2811 1000 (Ptol.
2859 943 2968 993 vn,
3005 926 3086 997 4).
3130 927 3330 982 Beatus
3371 943 3590 998 quoque
3634 927 3741 986 Job
3789 928 3842 984 id

2242 1023 2420 1091 Ipsum
2449 1020 2524 1077 ita
2543 1030 2963 1086 commemorat,
2995 1019 3214 1076 dicens:
3249 1020 3400 1086 Quod
3421 1020 3466 1074 si
3494 1022 3700 1092 gavisus
3728 1037 3842 1076 sunt

2240 1114 2294 1168 in
2320 1112 2507 1168 delicta
2532 1113 2732 1168 inimici
2757 1115 2858 1168 mei
2879 1130 2896 1168 :
2921 1115 2964 1168 si
2993 1115 3180 1172 dixiin
3206 1115 3362 1174 corde
3389 1131 3502 1170 meo
3525 1157 3539 1183 ,
3571 1117 3697 1171 bene
3725 1121 3841 1186 fac.

2243 1216 2353 1270 tum
2379 1215 2492 1272 ait:
2525 1205 2707 1265 audiat
2728 1208 2874 1262 auris
2905 1223 3020 1260 mea
3049 1207 3466 1270 maledictionem
3495 1207 3643 1279 (Job.
3677 1224 3807 1264 xxxi
3828 1249 3843 1276 ,

2241 1300 2345 1367 ‘29,
2375 1301 2475 1363 50,
2521 1317 2624 1356 see.
2659 1300 2850 1370 LXX).
2884 1300 3012 1356 Haec
3053 1310 3234 1356 autem
3288 1301 3620 1372 evangelium
3650 1302 3842 1373 gratim

2246 1406 2518 1464 praecepta
2549 1436 2562 1460 ,
2609 1411 2732 1465 qua:
2781 1410 2926 1454 nunc
2979 1394 3046 1449 ad
3096 1395 3332 1450 salutem
3384 1394 3663 1452 hominum
3718 1395 3844 1451 data

2244 1498 2402 1552 sunt,
2445 1487 2754 1542 invenimus
2783 1502 2882 1558 per
2925 1487 3177 1542 mandata
3224 1487 3385 1558 Legis
3425 1490 3478 1543 in
3510 1488 3843 1545 animalibus

2245 1583 2496 1648 formata,
2521 1596 2644 1636 cum
2666 1582 2886 1638 dicitur:
2909 1582 2991 1649 Si,
3014 1582 3210 1653 inquit,
3230 1583 3545 1656 videris”
3565 1583 3713 1639 bases
3743 1583 3848 1637 iui-

2245 1675 2366 1731 ntici
2403 1676 2479 1730 tui
2508 1675 2600 1730 sub
2648 1692 2802 1730 onere
2831 1676 2995 1732 ruisse
3015 1717 3032 1742 ,
3074 1693 3177 1731 non
3219 1679 3438 1732 transies
3459 1721 3473 1745 ,
3507 1678 3596 1732 sed
3626 1678 3846 1734 eteaabis

539 1773 738 1857 candus
769 1772 845 1836 vir
864 1771 952 1842 qui
979 1771 1246 1826 miseretur
1273 1778 1320 1822 et
1350 1766 1665 1834 commodat,
1695 1767 1926 1838 disponet
1953 1782 2143 1820 sermo-
2175 1765 2220 1833 Β
2247 1785 2363 1826 cum
2391 1784 2452 1823 ea
2478 1767 2675 1840 (Exod.
2706 1784 2868 1835 um,
2901 1769 2964 1833 5;
2995 1767 3152 1826 Deut.
3187 1785 3295 1825 xxn
3314 1811 3327 1836 ,
3360 1771 3452 1842 b):
3489 1780 3546 1824 ttt
3565 1771 3672 1841 jam
3701 1785 3847 1828 nune

540 1881 627 1920 nes
660 1880 777 1928 suos
807 1863 857 1915 in
865 1861 1074 1940 judicio
1098 1859 1272 1933 (Psal.
1293 1875 1403 1925 cxi,
1427 1860 1506 1929 5).
1530 1859 1596 1913 Et
1619 1859 1816 1914 iterum
1836 1873 1849 1912 :
1868 1857 2140 1928 Dispersit,

540 1957 684 2010 dedit
706 1954 1057 2034 pauperibus:
1078 1954 1290 2026 justitia
1319 1955 1430 2023 ejus
1473 1959 1646 2008 manet
1680 1952 1732 2014 in
1771 1951 2021 2015 saxulum
2047 1965 2145 2004 εω-

541 2051 644 2104 culi
674 2048 868 2124 (Ibid,
888 2047 971 2118 9).
996 2045 1152 2102 Unde
1171 2057 1224 2100 et
1253 2055 1476 2106 sanctus
1500 2044 1626 2112 Job,
1652 2044 1808 2116 cujus
1835 2045 2143 2114 exemplum

538 2143 693 2214 sequi
739 2155 837 2204 nos
879 2139 1178 2204 convenit,
1213 2137 1330 2208 hinc
1364 2139 1480 2208 ipsa
1512 2137 1830 2207 evangelica
1877 2147 2146 2207 praecepta

551 2234 870 2306 implevisse
915 2248 975 2296 se
1019 2232 1093 2288 ita
1125 2240 1522 2296 commemorat
1550 2271 1564 2298 ,
1597 2229 1864 2292 dicendo:
1913 2230 2064 2295 Quod
2102 2231 2147 2292 si

542 2328 755 2394 missum
785 2326 883 2398 feci
912 2324 1116 2396 inopem
1140 2364 1155 2392 ,
1186 2323 1328 2377 exire
1363 2325 1588 2394 ⁸ᾔςιιιιιαιη
1619 2337 1783 2386 meum
1824 2319 1965 2376 nuda
1994 2321 2145 2376 sinu:

538 2419 680 2490 quod
705 2419 750 2486 si
778 2417 1068 2472 cautionem
1095 2416 1400 2488 cujusquam
1439 2413 1596 2484 habui
1628 2456 1642 2481 ,
1690 2423 1739 2468 et
1769 2429 1870 2467 non
1902 2413 2102 2484 disrupi
2127 2429 2146 2468 :

539 2520 586 2580 et
627 2512 671 2566 si
712 2510 912 2574 credidi
945 2551 960 2575 ,
1009 2508 1140 2574 nihil
1165 2507 1336 2578 accepi
1367 2523 1400 2562 a
1421 2505 1650 2578 debitore
1678 2521 1822 2571 mea;
1854 2513 1944 2558 aut
1981 2504 2026 2558 si
2045 2503 2145 2558 mei

545 2621 700 2658 causa
732 2618 975 2673 umquam
1005 2609 1139 2660 terra
1173 2599 1503 2670 gemuit,aut
1527 2596 1657 2654 sulci
1680 2598 1792 2667 ejus
1819 2596 2147 2669 ploraverunt

541 2697 698 2752 simul
716 2711 734 2750 :
767 2706 854 2758 aut
886 2695 930 2749 si
961 2698 1162 2765 {ructus
1193 2695 1307 2763 ejus
1352 2690 1661 2748 manducavi
1703 2688 1847 2744 salus
1890 2691 1999 2744 sine
2031 2705 2146 2758 pre-

543 2792 649 2846 tia:
673 2802 765 2844 aut
793 2791 838 2843 si
869 2789 1095 2850 animum
1136 2785 1347 2842 Domini
1380 2793 1529 2839 terra:
1563 2784 1821 2856 decipiens
1848 2783 2146 2846 contristari

541 2884 685 2954 (Job.
721 2899 849 2948 xxxi
875 2925 888 2947 ,
924 2881 1095 2949 54-40
1125 2922 1138 2947 ,
1169 2897 1273 2936 sec.
1310 2878 1500 2950 LXX).
1543 2878 1673 2947 Qua:
1710 2877 1893 2940 omnia
1919 2878 2021 2933 Job
2061 2877 2144 2942 id-

538 2978 687 3034 circo
719 2976 959 3046 iideliler
985 2974 1226 3046 implevit
1253 3015 1268 3042 ,
1305 2972 1433 3045 quia
1478 2972 1788 3029 mercedem
1823 2971 1892 3027 ab
1921 2987 1987 3027 ea
2020 2987 2146 3026 exs-

543 3072 794 3141 pectabat
820 3111 835 3137 ,
877 3069 969 3140 qui
1010 3067 1310 3123 retributor
1352 3075 1437 3122 est
1466 3076 1797 3122 internarum
1837 3064 2140 3120 bonarum:

539 3156 626 3233 cui
658 3165 774 3234 laus
816 3171 874 3218 et
897 3163 1073 3234 gloria
1108 3162 1159 3218 in
1191 3161 1413 3216 sazcula.
1445 3162 1638 3216 Amen.

1020 3275 1438 3340 TRACTATUS
1478 3275 1574 3332 Xll
1615 3280 1662 3331 ⁸.

757 3416 824 3473 1η
854 3424 1010 3487 caput
1046 3432 1076 3470 v
1106 3424 1152 3469 et
1183 3430 1235 3468 \‘l
1271 3379 1542 3486 Evangelii
1571 3413 1633 3470 S.
1669 3413 1924 3468 Mattltrci.

617 3537 656 3594 l.
690 3535 899 3600 Dehinc
928 3533 1208 3610 sequitur:
1242 3531 1504 3598 Audistis,
1535 3531 1653 3601 quia
1683 3531 1878 3586 dictum
1907 3539 1977 3585 est
2006 3529 2144 3588 anti-

541 3630 689 3708 quis:
716 3628 911 3702 Diliges
939 3626 1228 3696 praximum
1252 3633 1394 3676 luunt
1412 3663 1428 3690 ,
1451 3631 1498 3676 et
1519 3621 1659 3677 adies
1677 3622 1946 3680 inimicum
1973 3631 2137 3678 tuum.

542 3725 656 3796 Ego
686 3731 857 3778 mrtem
886 3721 1005 3775 dico
1054 3719 1226 3773 vobis:
1262 3717 1476 3786 Diligite
1508 3716 1743 3778 inimicos
1793 3725 1982 3771 vestros
2002 3757 2017 3781 ,
2049 3716 2137 3769 be-

540 3799 761 3892 ne'facite
793 3816 857 3872 iis
886 3815 975 3888 qui
1005 3830 1091 3868 vas
1124 3812 1379 3877 aderunt,
1407 3821 1453 3865 et
1483 3822 1626 3866 orate
1655 3826 1746 3878 pro
1774 3810 2141 3874 calumnianti-

539 3911 630 3968 bus
661 3920 705 3966 et
734 3905 1151 3982 persequentibus
1184 3920 1307 3963 vos:
1339 3914 1390 3958 ut
1441 3903 1556 3966 sitis
1601 3901 1701 3984 ﬁlii
1734 3901 1913 3958 Patris
1944 3903 2138 3970 uestri,

538 4007 626 4078 qui
656 4006 817 4068 salem
849 4017 998 4056 suum
1029 4001 1156 4054 oriri
1172 3998 1322 4072 jubet
1353 4014 1512 4068 supra
1541 3997 1698 4054 bonas
1721 4007 1768 4051 et
1796 3997 1962 4060 malas
1983 4039 1996 4060 ,
2026 3997 2139 4069 68

537 4107 584 4153 et
617 4097 746 4168 pluit
768 4109 921 4160 super
937 4096 1109 4166 justas
1131 4101 1181 4146 et
1202 4092 1423 4162 injustas
1453 4090 1674 4164 (Matth.
1704 4107 1755 4156 ιν,
1782 4089 2003 4161 45-45).
2031 4091 2136 4146 Per

539 4189 719 4248 omnia
757 4187 869 4242 vult
896 4202 993 4242 nos
1022 4185 1289 4250 Dominus
1320 4185 1371 4248 in
1406 4181 1694 4256 praeceptis
1721 4183 1834 4236 suis
1859 4197 1979 4238 esse
2011 4198 2136 4254 per-

537 4283 726 4338 fectos.
758 4279 877 4342 iam
910 4277 1109 4342 dudum
1141 4276 1360 4348 quidem
1392 4275 1443 4336 iu
1487 4273 1630 4352 Lege
1660 4282 1989 4344 prteccptum
2015 4285 2129 4331 est:

535 4373 732 4448 Diliges
754 4373 972 4436 amicas,
998 4379 1048 4426 et
1077 4369 1219 4424 adies
1251 4367 1488 4430 inimica;
1522 4366 1711 4436 (Leuit.
1747 4367 1998 4439 Itx,18):
2033 4367 2130 4424 sed

537 4468 736 4538 pupula
784 4474 1004 4519 terreno
1047 4468 1102 4516 et
1149 4459 1353 4514 carnali
1398 4457 1696 4526 secundum
1749 4465 1962 4529 tempus
2003 4460 2128 4516 data

2249 1860 2302 1914 itt
2334 1860 2451 1930 lege
2476 1860 2678 1930 iloysis
2717 1861 3092 1932 unusquisque
3134 1861 3187 1916 itt
3219 1862 3548 1919 animalibus
3577 1862 3846 1929 disceret,

2245 1957 2388 2023 quod
2415 1952 2742 2023 quandoque
2767 1954 3066 2010 secundum
3101 1954 3456 2027 Evattgelium
3485 1957 3730 2013 facturus
3760 1973 3848 2014 es-

2247 2053 2330 2098 set
2361 2044 2412 2098 in
2444 2043 2684 2099 homine.

2318 2137 2382 2191 ll.
2425 2137 2494 2192 Et
2525 2140 2720 2193 tnerito
2751 2142 3037 2210 sequitur:
3069 2142 3132 2198 Si
3162 2142 3382 2218 diligitis
3411 2161 3497 2200 eos
3524 2147 3613 2216 qui
3642 2163 3730 2200 vos
3765 2148 3848 2202 di-

2248 2230 2439 2302 ligunt,
2472 2248 2623 2301 quam
2651 2235 2934 2289 mercedem
2957 2236 3247 2302 habebitis?
3276 2237 3461 2294 Nonne
3499 2250 3549 2293 et
3589 2241 3849 2312 publicant

2247 2321 2344 2380 bac
2369 2325 2607 2393 faciunt?
2635 2323 2767 2379 Etsi
2795 2328 3143 2384 salutaueritis
3169 2333 3355 2400 fratres
3383 2343 3576 2386 uestras
3607 2341 3808 2387 tantum
3831 2349 3851 2390 :

2248 2415 2374 2484 quid
2403 2415 2626 2485 amplius
2679 2419 2883 2488 facitis?
2930 2437 3098 2475 nonne
3149 2433 3198 2476 et
3238 2423 3432 2477 ethnici
3476 2426 3572 2479 hac
3615 2426 3854 2495 faciunt?

2247 2507 2426 2567 Estotc
2450 2526 2575 2582 ergo
2607 2527 2692 2565 uas
2719 2513 2952 2582 perfecti,
2982 2515 3112 2568 sicut
3159 2526 3207 2569 et
3259 2515 3419 2571 Pater
3463 2531 3644 2586 vester,
3678 2521 3768 2588 qui
3797 2522 3853 2576 in

2248 2602 2386 2658 caelis
2425 2612 2521 2667 est,
2551 2607 2804 2675 perfectus
2847 2617 2920 2660 est
2969 2606 3190 2678 (Matth.
3222 2625 3279 2677 v,
3309 2610 3402 2676 b6,
3433 2611 3549 2683 48).
3602 2612 3854 2672 Ostendit

2249 2694 2510 2752 Dominus
2540 2702 2794 2755 meritum
2838 2717 2937 2757 nos
2988 2702 3240 2772 perfecta:
3294 2706 3605 2764 dilectionis
3652 2710 3853 2770 habere

2249 2804 2354 2844 non
2391 2804 2572 2860 posse,
2608 2791 2655 2848 si
2685 2807 2781 2848 eos
2810 2804 3020 2852 tantum
3059 2797 3351 2869 diligamus
3377 2801 3631 2871 aquibus
3676 2805 3851 2860 vicem

2247 2881 2406 2936 nobis
2454 2885 2679 2953 rependi
2729 2887 3040 2942 dilectionis
3090 2902 3292 2948 mutua:
3339 2895 3678 2962 noverimus,
3724 2912 3848 2953 cum

2249 2972 2561 3043 ltujusmodi
2592 2978 2940 3036 dilectionem
2971 2982 3134 3038 etiam
3171 2986 3429 3056 gentibus
3460 3004 3523 3044 ac
3553 2993 3852 3059 peccatori-

2248 3066 2349 3122 bus
2375 3070 2613 3126 sciamus
2635 3087 2759 3128 esse
2785 3088 3155 3136 communem.
3181 3077 3358 3135 .Unde
3394 3081 3510 3136 vult
3540 3097 3638 3138 nos
3670 3083 3852 3140 Domi.

2172 3145 2217 3216 Ο
2250 3175 2352 3224 nus
2376 3177 2722 3220 communem
2756 3166 2927 3236 legem
2957 3168 3270 3226 dilectionis
3311 3171 3561 3229 humanae
3608 3176 3725 3248 lege
3761 3177 3848 3233 di-

2249 3252 2497 3314 lectionis
2526 3257 2857 3326 evangelica:
2888 3273 3182 3330 superare;
3230 3271 3286 3319 ut
3337 3280 3442 3318 non
3493 3269 3671 3322 solum
3703 3270 3846 3326 circa

2245 3360 2340 3402 eos
2370 3346 2462 3417 qui
2492 3362 2592 3404 nos
2625 3349 2890 3420 diligunt,
2942 3353 3038 3409 sed
3085 3355 3248 3410 etiam
3294 3358 3442 3414 circa
3497 3359 3745 3416 inimicos
3792 3369 3850 3418 et

2245 3439 2492 3498 odientes
2522 3443 2724 3498 amoris
2755 3446 2927 3500 nostri
2957 3449 3316 3507 ostendamus
3344 3452 3632 3524 affectum,
3667 3465 3722 3510 ut
3749 3471 3843 3512 ve-

2243 3550 2320 3590 ra:
2352 3536 2566 3606 pietatis
2611 3553 2676 3594 ac
2723 3538 2982 3599 bonitatis
3034 3551 3277 3614 paternae
3324 3546 3376 3601 in
3422 3546 3526 3604 hoc
3569 3550 3848 3607 imitemur

2243 3631 2582 3698 exemplum.
3443 3642 3448 3646 '

2315 3719 2405 3776 ΙΙΙ.
2449 3722 2518 3778 Ει
2548 3724 2793 3782 addidit:
2819 3726 3079 3782 Attendite
3109 3746 3171 3784 ne
3201 3731 3455 3797 iustitiam
3497 3742 3713 3789 vestram
3747 3752 3841 3790 ca-

2242 3831 2353 3869 ram
2381 3815 2677 3874 hominibus
2705 3821 2931 3887 faciatis.
2964 3833 3018 3876 ut
3044 3823 3321 3880 videamini
3363 3827 3425 3881 ab
3465 3827 3577 3883 eis:
3605 3829 3842 3900 alioquin

2241 3911 2524 3970 mercedem
2555 3929 2658 3968 non
2679 3913 2927 3969 habebitis
2957 3933 2988 3970 a
3006 3915 3164 3977 Patre
3192 3930 3377 3986 uestro,
3410 3922 3497 3991 qui
3526 3921 3578 3975 in
3604 3922 3742 3977 caelis
3760 3933 3838 3978 est

2241 4002 2458 4072 (Matth.
2483 4020 2553 4070 rt,
2580 4004 2654 4075 l).
2685 4005 2769 4064 Ab
2795 4013 2943 4064 omni
2967 4011 3229 4080 jactautia
3263 4015 3439 4070 inanis
3466 4015 3654 4086 glorise
3678 4029 3840 4088 atque

2241 4097 2491 4152 humana:
2519 4099 2833 4169 cupiditatis
2860 4104 2977 4158 vult
3023 4121 3124 4160 nos
3166 4122 3290 4164 esse
3314 4107 3578 4164 Dominus
3603 4090 3841 4178 alienos,

2239 4197 2296 4252 ut
2323 4205 2460 4258 opus
2483 4190 2706 4261 iustitia:
2735 4205 2935 4251 nostrae
2960 4212 3066 4253 non
3104 4197 3208 4254 hoe
3230 4200 3410 4255 studio
3443 4200 3701 4257 faciamus
3726 4218 3837 4273 quo

2239 4281 2550 4339 hominibus
2579 4286 2795 4356 placere
2822 4290 3072 4357 velimus,
3121 4292 3232 4364 '10
3266 4293 3360 4349 sed
3392 4294 3492 4348 soli
3529 4296 3638 4350 Deo
3665 4310 3696 4349 a
3725 4309 3834 4366 quo

2235 4385 2614 4445 exspectamus
2645 4382 2822 4437 meriti
2856 4383 3030 4438 nostri
3065 4385 3396 4440 mercedem.
3445 4387 3663 4443 Amittit
3688 4387 3832 4443 enim

2236 4468 2491 4524 meritum
2517 4471 2748 4540 iustitia:
2779 4475 2920 4546 apud
2954 4476 3154 4544 Deum,
3185 4478 3275 4549 qui
3318 4477 3519 4533 idcirco
3543 4479 3688 4549 jusle
3715 4479 3836 4536 vult

535 4567 663 4613 sunt
695 4557 794 4612 ista
825 4562 1095 4626 przecepla
1120 4593 1134 4616 ν
1164 4550 1325 4643 εἰρυιί
1353 4560 1407 4608 et
1438 4549 1567 4622 illud
1595 4567 1609 4608 :
1643 4548 1864 4606 Oculum
1891 4568 1985 4624 pro
2008 4567 2132 4608 ocu-
2163 4543 2212 4604 Ι)
2239 4561 2422 4618 vivere
2465 4574 2521 4618 ut
2567 4565 2798 4635 gloriam
2818 4543 2828 4546 ’
2849 4569 3100 4626 humanae
3142 4543 3324 4629 laudis
3369 4543 3633 4643 acquirat.
3675 4571 3833 4629 [inde

535 4653 620 4719 la,
650 4650 850 4717 dentem
897 4663 992 4722 pro
1041 4645 1189 4712 dente
1237 4641 1435 4714 (Exod-
1479 4660 1598 4711 XXI,
1633 4645 1738 4712 25;
1772 4644 1934 4702 Leuit.
1971 4663 2126 4714 xxtr,

533 4745 640 4808 εὶος
678 4743 827 4798 Deut.
861 4757 978 4810 itis,
1013 4739 1130 4808 20).
1161 4736 1312 4808 Nunc
1344 4747 1524 4806 autem
1563 4737 1880 4810 evangelica
1931 4740 2130 4811 populo

534 4835 820 4891 traduntur
854 4836 1121 4906 praecepta
1149 4827 1390 4898 caelestis
1414 4843 1477 4890 ac
1507 4828 1759 4898 perfecta:
1782 4829 2008 4900 justitia:
2029 4871 2044 4896 ,
2071 4841 2130 4890 ut

530 4926 781 4983 inimicos
810 4924 1133 4994 diligamus,
1169 4920 1419 4976 odientes
1461 4935 1747 5000 amemus,
1779 4937 1876 4993 pro
1920 4923 2127 4980 calum-

534 5017 808 5090 hiantibus
853 5030 920 5070 ac
969 5011 1418 5088 persequentibus
1465 5027 1563 5082 nos
1592 5027 1810 5084 oremus
1837 5055 1870 5082 ,,
1895 5025 1953 5082 ιιι
2003 5033 2127 5074 vere

532 5112 629 5169 lilii
675 5109 770 5164 Dei
803 5124 924 5176 esse
953 5091 1296 5170 mereamur,
1330 5105 1422 5176 qui
1470 5121 1568 5176 pro
1609 5105 1984 5174 misericordia
2027 5125 2123 5174 sua

533 5202 826 5260 indiscrete
857 5215 1020 5271 super
1054 5199 1227 5270 bonos
1250 5213 1312 5267 ac
1344 5198 1549 5272 malos,
1576 5197 1749 5271 justas
1775 5214 1837 5254 ac
1870 5200 2122 5272 injustas,

528 5297 652 5353 vitae
681 5294 967 5369 praisentis
987 5292 1247 5350 beneficia
1273 5291 1515 5348 caelestia
1531 5306 1592 5345 ac
1610 5291 1752 5348 dona
1776 5292 2018 5366 largitur.
2042 5294 2123 5354 Ad

529 5389 836 5463 ltttjusutodi
890 5397 1155 5457 prtccepta
1201 5385 1512 5468 evangelica
1557 5385 1912 5454 custodieuda
1956 5386 2120 5446 etiam

529 5499 624 5554 per
678 5484 870 5538 Isaiam
923 5481 1169 5535 hortatur
1220 5493 1318 5531 nos
1369 5477 1602 5546 Spiritus
1649 5487 1898 5532 sanctus:
1933 5481 2120 5536 Audite

525 5577 731 5633 verbum
758 5573 1005 5639 Domini.
1037 5572 1126 5644 qui
1153 5571 1342 5640 timetis
1371 5584 1556 5632 nautea
1582 5570 1733 5640 ejus:
1762 5571 1941 5639 dicite,
1978 5572 2113 5628 Fra-

2239 4654 2530 4722 Aposlolus
2555 4657 2636 4712 ait
2661 4676 2674 4711 :
2702 4659 2763 4713 Si
2789 4659 2962 4716 adhuc
2993 4662 3288 4719 hominibus
3326 4664 3602 4736 placerem,
3635 4662 3832 4720 Christi

2234 4761 2407 4806 seruus
2437 4766 2538 4808 non
2564 4766 2722 4806 essem
2756 4753 2974 4824 (Coloss.
3000 4771 3035 4823 ι,
3073 4747 3186 4829 ιθ).

2304 4839 2392 4897 ιγ.
2437 4842 2644 4900 Dehinc
2689 4845 2806 4900 ait:
2843 4846 2976 4902 Cum
3021 4860 3196 4905 autem
3242 4852 3370 4922 facis
3413 4853 3782 4924 eleemasynam
3808 4893 3824 4919 ,

2234 4931 2342 4989 nali
2367 4933 2488 4993 tuba
2515 4951 2695 4992 canere
2721 4949 2837 4994 ante
2883 4950 2930 4995 te
2970 4943 3102 4997 sicut
3146 4944 3428 5016 hypocrila’
3469 4946 3703 5016 faciunt,
3735 4945 3826 5016 qui

2233 5039 2410 5082 antant
2437 5040 2574 5084 stare
2601 5031 2657 5086 in
2682 5037 2960 5107 synagagis
2984 5047 3029 5091 et
3056 5037 3110 5092 in
3138 5039 3320 5111 plateis
3342 5049 3398 5094 ut
3417 5035 3826 5110 honoriﬁcentur

2233 5119 2295 5178 αὑ
2323 5121 2618 5192 hominibus
2650 5141 2669 5182 :
2692 5128 2856 5184 Amen
2881 5131 2996 5186 dico
3022 5133 3181 5200 vobis,
3211 5145 3508 5207 receperunt
3543 5137 3825 5190 mercedem

2229 5230 2397 5273 suam.
2435 5216 2505 5271 Te
2530 5228 2704 5276 autem
2731 5223 2948 5292 faciente
2974 5225 3370 5298 sleamasynam,
3393 5228 3588 5283 nesciat
3615 5227 3826 5282 sinistra

2231 5316 2319 5362 tua
2347 5312 2470 5380 quid
2497 5313 2655 5382 faciat
2684 5316 2892 5378 dextera
2919 5327 3041 5386 tua;
3084 5331 3137 5375 ut
3180 5322 3246 5376 sit
3287 5325 3610 5398 eleemasgna
3651 5333 3740 5378 tua
3767 5322 3826 5376 in

2229 5397 2514 5471 absconsa;
2548 5418 2594 5461 et
2617 5405 2778 5464 Pater
2805 5419 2944 5479 tuus,
2987 5414 3076 5484 qui
3100 5415 3233 5471 videt
3257 5418 3309 5471 in
3339 5418 3607 5486 absconsa,
3641 5403 3858 5472 reddet~

2229 5491 2317 5546 tibi
2338 5494 2569 5587 (illatua.
2600 5517 2684 5568 vt,
2715 5501 2858 5576 2-4).
2907 5504 2964 5561 ιη
3010 5508 3259 5574 omnibus
3302 5526 3401 5580 nos
3447 5511 3708 5587 Dominus
3748 5511 3820 5566 ad

2227 5585 2484 5654 perfecta:
2517 5590 2640 5648 fidei
2669 5594 2899 5664 gloriam
2932 5597 3180 5655 doctrina
3228 5601 3440 5670 ctelesti
3485 5585 3814 5674 conformat.

594 5756 610 5820 έ
655 5757 813 5828 Apud
841 5753 1095 5813 Galland.
1133 5771 1146 5810 :
1176 5753 1500 5810 Tusc-rarus
1523 5750 1618 5823 XI,
1649 5753 1704 5810 in
1737 5754 1797 5812 S.
1829 5754 2087 5817 Mattthazi
2110 5760 2466 5839 Evangelium.
