4270 6176
532 233 637 290 559

1504 252 1509 258 '
1552 237 1612 296 S.
1650 236 2037 298 CllROMATll
2074 237 2290 299 EPISC.
2333 236 2821 310 AQUILEIENSIS

3726 238 3837 299 360

529 344 667 399 milis
695 343 855 400 nubes
881 350 1165 416 penetravit
1194 345 1405 421 (Eccli.
1428 364 1600 418 xxxv,
1628 351 1690 406 2|
1720 353 1771 423 ).
1804 354 2134 424 perveniens
2164 369 2210 429 Α
2239 366 2483 410 sanetum
2513 396 2528 419 ,
2570 356 2787 411 Patrem
2819 355 2988 411 Deum
3021 352 3224 410 habere
3247 352 3360 425 jam
3392 352 3680 423 cmpimns.
3710 353 3834 421 Ipse

528 438 596 491 ad
626 437 798 493 Deum
831 440 923 511 qui
955 443 1169 495 orantis
1200 457 1422 511 precem
1456 443 1651 499 audire
1680 447 2006 512 consuevit,
2041 446 2132 517 qui

529 541 615 586 est
646 533 968 589 benedictus
1001 534 1054 588 in
1089 535 1307 589 sn‘cula.
1340 535 1536 591 Amen.

1001 629 1419 688 TRACTATUS
1458 632 1577 688 XIV
1615 643 1663 688 ι.

802 722 871 778 In
913 736 1069 797 caput
1110 742 1166 782 vr
1210 727 1480 800 Evangelii
1520 728 1581 786 S.
1626 729 1882 785 Matthwi.

598 815 639 871 Ι.
687 816 895 873 Deinde
926 819 1039 875 ait:
1093 820 1185 876 Sic
1230 838 1352 895 ergo
1396 823 1611 877 orabitis
1654 823 1888 896 (Matth.
1920 840 2007 892 vt,
2040 824 2131 896 9).

533 907 801 964 Dominus
831 923 1041 981 noster,
1072 915 1162 984 qui
1193 926 1414 970 orantes
1445 933 1505 971 se
1535 918 1797 972 exaudire
1828 920 2134 984 consuevit,

524 1005 727 1072 quibus
761 1006 945 1061 verbis
972 1021 1132 1063 orare
1161 1007 1464 1065 debeamus
1504 1010 1765 1066 ostendit.
1808 1011 1852 1066 Ο
1881 1027 2040 1082 quam
2075 1012 2138 1066 li~

530 1095 675 1152 delis
718 1099 833 1153 bmc
859 1108 917 1154 et
948 1100 1110 1156 beata
1142 1102 1303 1157 nobis
1335 1104 1518 1159 oratio
1551 1115 1669 1169 est,
1702 1106 1860 1175 cujus
1888 1108 2135 1161 ordinem

528 1189 689 1245 nobis
726 1192 921 1247 doctor
958 1194 1121 1259 vitie,
1168 1210 1233 1249 ac
1270 1198 1531 1268 magister
1569 1198 1818 1255 caelestis
1848 1198 1954 1270 75
1984 1199 2140 1253 insti-

531 1286 675 1339 tuit!
709 1288 885 1354 Quam
916 1287 1059 1343 beati
1091 1290 1255 1345 etiam
1288 1306 1390 1348 nos
1420 1307 1543 1347 eSSe
1575 1308 1871 1365 possumus
1891 1335 1907 1359 ,
1942 1295 1987 1349 si
2018 1294 2137 1349 htec

532 1380 799 1433 orationis
838 1379 1129 1436 dominicm
1173 1382 1337 1439 verba
1382 1401 1491 1439 non
1525 1392 1737 1440 tantum
1770 1384 1952 1441 olﬁcio
1982 1386 2095 1441 oris
2119 1427 2135 1454 ,

531 1471 627 1524 sed
664 1470 988 1528 ﬁdelissimo
1017 1476 1454 1533 conversationis
1482 1486 1607 1532 actu
1637 1480 1952 1534 servemus!
1988 1478 2139 1533 Hanc

531 1562 718 1632 itaque
764 1567 957 1621 orandi
1008 1566 1239 1623 formam
1284 1569 1551 1626 Dominus
1590 1570 1879 1641 discipulis
1918 1573 2031 1627 suis
2069 1570 2138 1626 ad

538 1673 691 1727 spem
744 1659 937 1714 salutis
985 1659 1241 1716 humana:
1289 1665 1611 1728 constituit,
1655 1664 1927 1720 dicendo:
1981 1663 2141 1719 Pater

2239 446 2382 502 enim
2417 449 2560 503 Deus
2586 448 2747 504 Pater
2772 463 2911 503 unus
2940 457 3025 504 est
3051 447 3209 503 nobis
3235 488 3249 513 ,
3278 446 3368 517 qui
3398 453 3689 516 regenerat
3714 444 3837 514 Spi-

2237 540 2346 594 ritu
2374 556 2473 595 suo
2494 582 2509 605 ,
2542 555 2680 612 quos
2710 541 2839 596 facit
2870 539 2938 595 ad
2968 552 3227 595 aeternam
3261 538 3638 593 haereditatem
3671 536 3833 594 ﬁlios.

2239 632 2309 687 Et
2338 634 2461 688 ideo
2489 633 2647 705 quasi
2677 632 2775 688 ﬁlii
2808 633 2903 689 Dei
2934 632 3215 687 ambulare
3243 631 3542 696 debemus,
3574 645 3642 685 ne
3680 627 3840 685 aliter

2239 737 2463 796 agentes
2505 740 2665 796 quam
2707 726 2848 781 ﬁlios
2886 724 2984 781 Dei
3023 723 3310 790 convenit,
3355 723 3434 779 rei
3476 724 3581 779 sub
3610 737 3840 793 usurpa-

2240 818 2391 874 tione
2423 820 2555 875 tanti
2590 820 2829 874 nominis
2860 828 3169 874 teneamur.

2310 908 2376 964 ll.
2411 912 2499 964 Ait
2518 926 2651 980 ergo
2682 928 2695 964 :
2732 908 2897 964 Pater
2937 918 3108 963 naster
3133 910 3222 979 qui
3250 924 3302 963 es
3330 908 3383 962 in
3403 906 3545 962 cmlis
3563 948 3577 971 ,
3605 906 3839 976 sancti/i-

2239 1013 2378 1058 cetur
2418 1020 2600 1058 nomen
2649 1016 2810 1057 tuum.
2845 1004 2961 1058 Non
2992 1001 3137 1073 quod
3184 1001 3254 1056 ab
3281 1001 3465 1071 aliquo
3510 1014 3710 1055 nomen
3742 998 3837 1054 Dei

2240 1096 2569 1153 sanctiﬁcari
2618 1096 2813 1168 possit,
2840 1110 2965 1153 eum
3019 1110 3212 1151 omnes
3234 1094 3534 1150 sanctilicet
3568 1092 3705 1163 ipse,
3743 1092 3835 1163 qui

2241 1188 2315 1243 ait
2345 1204 2443 1259 per
2488 1187 2817 1257 Proplietatn
2851 1206 2863 1242 :
2897 1187 3081 1243 Sancti
3104 1196 3284 1253 estote,
3317 1186 3451 1240 sicut
3497 1195 3544 1240 et
3567 1202 3659 1257 ego
3688 1200 3837 1239 saucv

2241 1291 2320 1335 lus
2342 1298 2477 1347 sum,
2510 1281 2634 1334 dicit
2669 1279 2917 1334 Dominus
2967 1277 3167 1351 (Leuit.
3196 1294 3274 1342 ιι.
3306 1278 3396 1344 ι4;
3447 1292 3537 1333 tux
3563 1317 3578 1343 ,
3606 1278 3702 1346 2).
3728 1276 3834 1333 Sed

2242 1374 2444 1431 idcirco
2475 1390 2671 1431 nomen
2698 1374 2869 1445 ipsius
2902 1372 3233 1429 sanctilicari
3260 1372 3618 1443 postulamus,
3642 1372 3747 1445 77
3781 1382 3837 1427 ut

2242 1472 2297 1527 in
2329 1472 2486 1527 nobis
2538 1472 2911 1526 sanctiﬁcetur
2943 1486 3038 1538 per
3078 1486 3242 1541 opera
3270 1468 3522 1539 justitim,
3569 1484 3666 1539 per
3711 1469 3833 1525 lldei

2243 1565 2521 1626 meritum,
2555 1580 2650 1632 per
2693 1564 2923 1633 gratiam
2954 1561 3187 1632 Spiritus
3206 1561 3403 1617 sancti.
3438 1560 3608 1628 Quam
3636 1562 3838 1615 sancti-

2244 1656 2578 1721 licationem,
2630 1665 2691 1712 ut
2738 1672 2836 1728 per
2893 1656 3201 1725 hujusmodi
3241 1656 3383 1711 dona
3408 1657 3659 1726 accipere
3713 1672 3836 1727 pos-

539 1760 715 1805 noster
741 1751 828 1821 qui
854 1751 907 1805 in
935 1754 1077 1807 calis
1103 1770 1153 1807 es
1186 1752 1368 1825 (Ibid.
1395 1755 1436 1825 ).
1469 1757 1682 1824 Quanta
1726 1756 1943 1813 Domini
1988 1760 2133 1814 circa
2166 1768 2214 1830 B
2240 1753 2430 1819 simus,
2456 1752 2844 1807 misericordia:
2870 1752 3040 1822 ipsius
3060 1752 3320 1808 auxilium
3340 1754 3709 1810 necessarium
3730 1762 3835 1808 est.

544 1856 646 1896 nos
692 1842 955 1899 dilectio!
989 1845 1202 1913 Quanta
1250 1849 1626 1904 misericordia
1670 1851 1788 1921 ejus
1826 1859 1884 1907 et
1922 1854 2133 1921 pietas,

538 1951 660 2006 quae
693 1939 850 1992 nobis
881 1947 1047 1993 tantae
1078 1942 1269 2011 gratim
1298 1958 1495 2000 munus
1529 1945 1787 2012 indulsit,
1818 1954 1879 2000 ut
1913 1946 2138 2001 licenter

533 2029 825 2086 Dominum
858 2046 922 2086 ac
951 2031 1122 2087 Deum
1156 2044 1406 2091 nostrum
1431 2077 1446 2102 ,
1495 2038 1638 2093 servi
1690 2037 1904 2094 Patrem
1955 2039 2139 2096 dicere

532 2122 865 2178 audeamus!
915 2124 1037 2194 Quo
1080 2129 1344 2184 vocabulo
1373 2145 1479 2184 non
1503 2129 1617 2199 jam
1659 2140 1865 2186 tantum
1908 2147 2135 2198 servos,

526 2217 622 2274 sed
652 2218 823 2274 etiam
856 2218 999 2274 ﬁlios
1024 2236 1122 2276 nos
1152 2221 1247 2277 Dei
1281 2238 1405 2279 esse
1432 2223 1789 2281 demonstrat.
1820 2226 2035 2282 Etcum
2068 2227 2135 2282 ad

528 2313 761 2381 gratiam
793 2313 929 2367 satis
958 2328 1239 2386 superque
1267 2316 1582 2384 sufﬁceret,
1620 2328 1679 2374 ut
1710 2320 1798 2375 vel
1839 2322 1982 2376 servi
2028 2320 2137 2376 dici

535 2406 916 2463 tantummodo
935 2424 1302 2476 litereremur,
1330 2412 1381 2466 in
1398 2421 1607 2468 tantum
1632 2413 1875 2469 charitas
1898 2414 1992 2469 Dei
2013 2428 2140 2469 exa-

538 2498 800 2556 bundavit
824 2542 839 2566 ,
873 2511 933 2555 ut
965 2518 1075 2557 non
1121 2504 1298 2559 solum
1343 2506 1520 2571 servi,
1563 2506 1658 2562 sed
1692 2517 1748 2563 et
1781 2507 1876 2562 lilii
1914 2507 2009 2563 Dei
2044 2523 2140 2578 per

532 2590 885 2664 adeptionem
929 2610 1207 2651 vocenmr.
1252 2596 1423 2667 Cujus
1462 2599 1701 2654 nominis
1734 2601 1997 2670 gratiam,
2043 2617 2139 2671 per

532 2688 695 2742 [idem
734 2687 1089 2745 credentibus
1127 2689 1355 2746 Christo
1388 2691 1683 2759 donatam,
1736 2694 1793 2747 in
1841 2694 2139 2765 Evangelia

529 2779 773 2838 Joannes
799 2782 1083 2848 ostendit,
1116 2783 1394 2840 dicendo:
1430 2786 1694 2857 Quotquot
1726 2788 2054 2843 crediderunt
2084 2790 2137 2843 in

535 2891 654 2930 eum
673 2917 689 2941 ,
722 2874 862 2930 dedit
893 2878 966 2931 eis
994 2886 1303 2945 potestatem
1325 2876 1464 2949 ﬁlios
1492 2880 1585 2933 Dei
1606 2879 1722 2948 ﬁeri
1740 2922 1755 2945 ,
1789 2880 1872 2933 his
1900 2881 1989 2952 qui
2018 2896 2135 2936 cre-

534 2968 667 3024 dunt
695 2972 748 3023 in
783 2970 994 3025 nomine
1018 2970 1134 3040 ejus
1153 2986 1173 3025 :
1200 2972 1291 3041 qui
1316 2988 1421 3026 non
1456 2988 1521 3027 ea:
1556 2972 1896 3044 sanguiuibus
1918 3014 1934 3039 ,
1977 2989 2139 3042 neque

536 3078 601 3117 ea:
631 3063 893 3117 uoluntate
928 3063 1099 3117 carnis
1124 3104 1138 3129 ,
1183 3080 1346 3134 neque
1382 3080 1446 3119 ea:
1486 3065 1752 3119 voluntate
1791 3066 1888 3120 uiri
1909 3106 1923 3129 .
1954 3067 2044 3121 sed
2073 3084 2138 3122 ea:

2244 1844 2442 1901 Verum
2474 1860 2581 1900 non
2612 1854 2738 1916 eget
2767 1845 2946 1915 aliqua
2974 1845 3407 1902 sanctiﬁcatione
3436 1846 3531 1903 ille
3552 1888 3567 1913 ,
3598 1846 3691 1918 qui
3720 1846 3837 1901 fons

2240 1948 2324 1994 est
2352 1938 2656 1995 sanctitatis
2687 1947 2927 1995 mternae.

2314 2030 2401 2086 Ill.
2437 2031 2643 2087 Deinde
2669 2031 2746 2086 ait
2774 2049 2785 2085 :
2822 2032 3076 2087 Adueniat
3098 2049 3311 2104 regnum
3333 2042 3480 2088 tuum
3509 2031 3726 2105 (Matth.
3748 2047 3836 2099 vt.

2244 2123 2358 2193 10).
2394 2123 2659 2180 Similiter
2687 2136 2741 2179 et
2773 2124 2861 2180 hic
2884 2140 2991 2181 non
3019 2126 3128 2181 Deo
3148 2136 3399 2197 optamus
3432 2134 3489 2181 ut
3511 2139 3723 2197 regnet,
3747 2126 3837 2197 qui

2240 2217 2355 2273 Rex
2379 2226 2464 2271 est
2492 2226 2822 2273 aeternorum
2860 2220 3227 2284 saeculorum;
3280 2220 3439 2288 cujus
3481 2235 3707 2291 regnum
3741 2235 3841 2275 nec

2242 2311 2455 2366 initium
2490 2311 2653 2365 habet
2707 2326 2809 2370 nec
2855 2312 3050 2368 linem:
3102 2313 3197 2367 sed
3228 2322 3287 2367 ut
3315 2312 3446 2367 illud
3503 2330 3753 2383 regnum,
3785 2312 3837 2368 id

2241 2414 2323 2460 est
2345 2406 2572 2461 i'mleste
2599 2407 2743 2476 quod
2776 2406 2935 2461 nobis
2966 2405 3250 2478 promisit,
3282 2406 3552 2464 adveniat.
3588 2406 3695 2465 Sed
3728 2422 3840 2463 ma-

2240 2512 2363 2569 gnas
2393 2498 2607 2554 ﬁducite
2628 2511 2683 2554 et
2707 2498 2937 2555 sincera:
2976 2499 3328 2556 conscientiae
3358 2510 3462 2565 est,
3501 2500 3603 2555 hoc
3628 2500 3838 2555 Domini

2243 2606 2470 2663 regnum
2498 2600 2558 2647 ut
2584 2592 2859 2658 adveniat,
2892 2592 3233 2649 conﬁdenter
3262 2601 3473 2664 optare.
3516 2593 3585 2647 Et
3612 2593 3833 2661 idcirco,

2241 2684 2389 2754 quia,
2421 2697 2475 2739 ut
2509 2700 2734 2756 regnum
2769 2686 2863 2741 Dei
2910 2687 3111 2751 veniat,
3145 2702 3365 2757 semper
3393 2701 3656 2752 oramus;
3698 2688 3838 2742 tales

2243 2792 2343 2832 nos
2373 2775 2556 2833 inﬁde
2590 2778 2800 2833 Domini
2828 2790 2881 2834 et
2913 2778 2969 2835 in
2994 2779 3266 2835 mandatis
3296 2781 3418 2847 ejus
3448 2778 3715 2836 exhibere
3743 2779 3839 2835 de-

2241 2869 2456 2938 bemus,
2486 2879 2546 2926 ut
2575 2872 2757 2926 futuro
2784 2888 2954 2943 regno
2975 2873 3124 2943 digni
3154 2887 3279 2929 esse
3313 2873 3609 2943 possimus.

2310 2961 2399 3017 ιν.
2434 2962 2639 3017 Dehinc
2669 2964 2778 3018 ait:
2811 2960 2935 3018 Fiat
2969 2966 3202 3020 voluntas
3238 2972 3351 3031 tua,
3381 2965 3515 3020 sicut
3544 2965 3600 3019 in
3642 2965 3766 3021 calo
3790 2974 3836 3019 et

2239 3054 2294 3108 in
2321 3064 2457 3110 terra
2481 3053 2695 3129 (Ibid.).
2727 3056 2832 3112 Par
2853 3072 3072 3129 quoque
3100 3070 3154 3113 et
3174 3057 3264 3113 hic
3292 3058 3668 3128 intelligentia-
3698 3060 3836 3114 ratio

536 3152 648 3209 Deo
674 3156 783 3208 uati
809 3165 927 3208 sunt
962 3151 1164 3225 (Joau.
1194 3170 1244 3221 ι,
1276 3156 1376 3221 12,
1410 3156 1478 3211 15
1503 3158 1543 3227 ).
1578 3156 1731 3213 Unde
1758 3168 1813 3214 et
1840 3158 2133 3228 Apostolus

2239 3154 2339 3202 est.
2372 3146 2490 3203 Non
2517 3149 2663 3203 enim
2703 3149 2989 3220 quisquam
3021 3161 3128 3217 est,
3176 3150 3269 3220 qui
3301 3150 3573 3207 obsistere
3619 3159 3675 3206 et
3704 3164 3834 3205 con-

532 3247 645 3302 ait:
683 3246 943 3314 Quoniam
968 3258 1145 3301 autem
1174 3250 1298 3302 estis
1326 3250 1426 3319 lilii
1454 3248 1587 3318 Dei,
1619 3252 1760 3305 misit
1787 3250 1929 3307 Deus
1961 3253 2138 3323 Spiri-

535 3350 644 3395 tum
672 3338 805 3394 Filii
829 3342 913 3395 sui
940 3342 994 3396 in
1020 3343 1181 3397 corda
1206 3354 1374 3400 uestra
1400 3346 1708 3401 clamantem
1725 3388 1741 3415 ,
1772 3348 1914 3403 Abba
1933 3391 1947 3415 ,
1974 3347 2136 3404 Pater

536 3431 683 3502 (Gal.
709 3448 789 3499 tv,
822 3433 901 3502 6).
934 3435 1073 3502 Quia
1106 3435 1271 3506 igitur
1303 3440 1441 3493 tanti
1474 3441 1718 3496 muneris
1746 3444 1975 3512 gratiam
2004 3457 2135 3497 con-

536 3528 711 3583 secuti
744 3544 972 3595 sumus,
1012 3539 1072 3584 ut
1100 3545 1205 3585 non
1236 3532 1417 3587 solum
1447 3534 1625 3600 servi,
1655 3535 1752 3590 sed
1792 3544 1846 3590 et
1888 3538 1983 3591 lilii
2010 3537 2132 3592 elli-

531 3634 823 3686 ceremur;
854 3622 1009 3692 quasi
1040 3622 1139 3677 lilii
1170 3623 1265 3679 Dei
1306 3640 1473 3696 agere
1515 3636 1571 3681 et
1609 3629 1925 3684 conversari
1966 3629 2134 3687 debe-

532 3730 692 3772 mus:
728 3723 788 3770 ut
816 3715 868 3771 id
903 3730 1007 3771 uos
1045 3732 1169 3772 esse
1207 3719 1352 3788 quod
1395 3720 1653 3789 dicimur,
1694 3724 1964 3792 spirituali
2006 3733 2131 3779 actu

530 3809 824 3878 probemus
846 3848 861 3872 ,
894 3808 1195 3865 secundum
1226 3811 1371 3882 quod
1403 3811 1643 3869 Joannes
1674 3814 1726 3869 in
1763 3814 2005 3885 Epistola
2032 3830 2129 3871 sua

524 3901 641 3956 ait:
674 3901 779 3966 Qui
808 3910 961 3955 natus
989 3912 1063 3957 est
1089 3919 1157 3958 ea:
1184 3902 1326 3967 Deo.
1373 3918 1643 3977 peccatum
1685 3924 1789 3963 non
1828 3909 1991 3979 facit,
2020 3910 2130 3982 76

526 3998 649 4064 quia
678 3995 921 4049 nativitas
952 3993 1053 4050 Dei
1083 4000 1308 4053 custodit
1332 4000 1483 4055 illum
1509 4042 1522 4067 ,
1547 4012 1594 4056 et
1616 4002 1854 4058 diabolus
1882 4020 1984 4059 non
2013 4015 2121 4059 tan-

527 4084 601 4156 git
628 4084 781 4137 illum
811 4084 857 4155 (Ι
884 4082 1047 4139 Joan.
1080 4102 1139 4154 v,
1165 4089 1277 4159 l8).
1312 4088 1415 4156 Qui
1448 4102 1622 4145 autem
1657 4103 1922 4163 peccatum
1955 4095 2081 4165 facit
2104 4135 2120 4161 ,

525 4192 636 4233 non
668 4186 753 4232 est
782 4191 849 4233 ex
881 4176 1026 4243 Deo,
1068 4180 1166 4236 sed
1193 4199 1225 4235 a
1262 4183 1473 4238 diabolo
1500 4194 1574 4238 est
1598 4225 1612 4250 ,
1642 4185 1765 4255 quia
1796 4185 2033 4240 diabolus
2059 4187 2122 4241 ab

522 4269 673 4326 initio
704 4284 880 4343 peccat
910 4274 955 4345 (l
978 4274 1137 4329 Joan.
1166 4290 1223 4329 tu
1241 4315 1258 4341 ,
1283 4275 1363 4344 8).
1393 4274 1463 4329 Et
1490 4275 1695 4332 idcirco
1720 4290 2120 4335 sacramentum

522 4364 761 4420 cmlestis
804 4367 1101 4422 nativitatis
1144 4378 1350 4422 nostra:
1394 4367 1805 4435 custodientes,
1857 4370 1927 4424 ab
1973 4372 2122 4427 omni

524 4465 750 4525 peccato
787 4458 957 4515 alieni
998 4475 1121 4515 esse
1162 4459 1457 4528 debemus,
1491 4470 1552 4516 ut
1586 4476 1716 4517 vere
1748 4463 1840 4518 ﬁlii
1886 4462 1977 4519 Dei
2009 4464 2118 4521 dici

2240 3238 2509 3296 tradicere
2538 3240 2653 3297 Deo
2705 3242 2897 3313 possit,
2946 3258 3041 3310 ne,
3080 3242 3229 3313 quod
3264 3242 3413 3311 velit,
3468 3243 3668 3310 iaciat;
3709 3258 3832 3299 cum

2236 3333 2516 3390 voluntate
2544 3334 2686 3405 ejus,
2718 3340 2850 3392 etin
2878 3338 3020 3394 creto
3046 3352 3104 3394 et
3130 3339 3373 3405 interra,
3408 3348 3606 3395 cuncta
3631 3339 3833 3396 eoosis-

2236 3434 2389 3482 tant:
2423 3429 2541 3495 sed,
2599 3431 2741 3485 utin
2773 3430 2930 3487 nobis
2975 3432 3229 3487 voluntas
3273 3432 3391 3503 ejus
3438 3435 3550 3500 liat,
3583 3448 3825 3490 oramus.

2239 3520 2497 3579 Voluntas
2525 3532 2708 3579 autem
2738 3525 2830 3581 Dei
2860 3535 2983 3593 est,
3013 3534 3071 3581 ut
3100 3536 3213 3582 toto
3241 3527 3409 3583 corde
3434 3528 3486 3584 ei
3513 3529 3825 3598 credentes,

2234 3614 2372 3683 hinc,
2400 3632 2522 3688 qum
2552 3618 2669 3673 ﬁeri
2716 3618 2982 3690 praecipit,
3017 3620 3360 3691 impleamus.
3394 3620 3471 3677 De
3498 3638 3601 3691 qua
3642 3625 3830 3677 volun-

2233 3718 2343 3767 tate
2388 3712 2481 3767 Dei
2524 3714 2819 3782 Apostolus
2869 3721 3132 3781 testatur,
3167 3713 3392 3769 dicens:
3433 3712 3686 3767 Voluntas
3726 3713 3829 3769 Dei

2230 3818 2306 3863 est
2331 3807 2673 3876 sanctificatio
2704 3818 2889 3873 vestra,
2920 3818 2973 3862 ut
3013 3808 3316 3864 abstineatis
3339 3825 3426 3864 vos
3455 3825 3489 3863 a
3525 3808 3827 3865 carnalibus

2230 3900 2653 3971 concupiscentiis
2678 3900 2699 3972 (
2724 3900 2742 3954 ι
2771 3900 2952 3955 Thess.
2979 3915 3052 3967 iv,
3081 3900 3115 3956 5
3138 3908 3181 3971 ).
3216 3900 3293 3957 De
3322 3916 3432 3973 quo
3478 3910 3533 3956 et
3564 3902 3825 3957 Dominus

2228 3995 2339 4066 78
2367 3998 2418 4049 in
2462 3994 2757 4065 Evangelia
2788 3996 3001 4050 locutus
3044 4004 3161 4060 est,
3194 3994 3422 4051 dicens:
3465 3993 3594 4050 Hice
3638 4004 3713 4050 est
3740 4011 3826 4050 vo-

2228 4086 2398 4139 luntas
2432 4083 2609 4138 Patris
2638 4086 2735 4141 mei
2762 4086 2849 4157 qui
2881 4087 3019 4140 misit
3044 4102 3146 4154 me,
3179 4096 3235 4140 ut
3256 4091 3423 4141 omnis
3451 4088 3540 4157 qui
3564 4088 3699 4142 videt
3728 4085 3827 4141 Fi-

2226 4181 2353 4235 lium
2404 4190 2451 4235 et
2499 4182 2660 4236 credit
2703 4182 2759 4235 in
2785 4198 2865 4247 eo,
2914 4180 3096 4236 habeat
3142 4182 3295 4235 vitam
3343 4192 3586 4237 aeternam
3626 4179 3821 4254 (Joan.

2224 4291 2299 4341 vr,
2328 4275 2446 4345 40).
2479 4275 2612 4333 Cum
2657 4290 2790 4349 ergo
2818 4276 3054 4332 dicimus
3080 4293 3093 4329 :
3124 4274 3247 4331 Fiat
3286 4276 3523 4331 voluntas
3550 4285 3663 4339 tua.
3692 4276 3825 4331 sicut

2223 4370 2277 4424 in
2302 4369 2429 4424 ccelo
2451 4379 2499 4425 et
2525 4371 2581 4424 in
2609 4380 2783 4435 terra;
2812 4370 2917 4426 hoc
2943 4386 3185 4437 oramus,
3214 4369 3266 4425 id
3294 4379 3399 4437 est,
3428 4380 3489 4426 ut
3544 4370 3705 4426 sicuti
3728 4369 3823 4425 Dei

2225 4463 2482 4518 voluntas
2510 4464 2579 4519 ab
2607 4464 2816 4535 angelis
2848 4463 3083 4520 lideliter
3108 4463 3415 4520 custoditur
3441 4466 3495 4519 in
3524 4464 3714 4531 caelis;
3749 4464 3820 4518 ita

524 4549 612 4604 vel
642 4564 766 4606 esse
799 4568 1128 4609 mereamur.
1154 4552 1345 4611 Sciunt
1365 4563 1419 4609 et
1445 4556 1620 4612 sancti
1646 4554 1939 4629 Propheta:
1964 4558 2123 4629 hujus
2149 4560 2205 4621 D
2228 4574 2441 4630 quoque
2468 4576 2497 4614 a
2526 4560 2688 4615 nobis
2718 4560 2975 4631 religiosa
3004 4574 3068 4615 ac
3112 4558 3256 4615 lideli
3287 4558 3579 4615 devotione
3606 4573 3823 4627 semper

522 4642 722 4701 divina:
766 4646 1159 4704 misericordiae
1207 4649 1469 4720 gratiam,
1516 4650 1569 4704 in
1605 4648 1721 4721 qua
1754 4650 1911 4708 nobis
1952 4652 2120 4709 Deum

520 4735 735 4795 Patrem
767 4756 1085 4813 nuncupare
1107 4742 1431 4812 permissum
1458 4752 1544 4799 est
1564 4786 1577 4805 .
1606 4744 1821 4800 dicente
1847 4746 2011 4801 Isaia:
2042 4746 2121 4803 Tu

519 4847 573 4886 es
601 4834 737 4887 enim
768 4832 930 4889 Pater
956 4844 1133 4891 noster
1155 4852 1174 4891 :
1196 4839 1320 4909 quia
1340 4838 1602 4893 Abraham
1624 4855 1726 4893 non
1748 4840 1983 4911 cognovit
2003 4857 2117 4909 nos,

515 4933 567 4979 et
595 4924 766 4983 Israel
794 4945 898 4982 non
926 4931 1164 5002 cognovit
1184 4947 1300 4997 nos,
1331 4932 1422 4987 sed
1444 4942 1522 4999 tu,
1551 4930 1791 4999 Domine,
1819 4931 1976 4988 Pater
2003 4951 2121 4990 nos-

519 5028 629 5085 ter;
669 5020 734 5074 ab
772 5020 921 5075 initio
951 5038 1137 5077 nomen
1162 5032 1308 5078 tuum
1338 5042 1494 5098 super
1521 5042 1613 5080 nos
1642 5035 1719 5080 est
1748 5026 1765 5099 (
1790 5026 1922 5082 Isai.
1948 5042 2112 5096 unt,

516 5108 639 5181 16).
672 5111 937 5170 Similiter
964 5124 1021 5171 et
1051 5115 1347 5173 Malacltias
1374 5119 1431 5173 in
1457 5118 1598 5174 libro
1618 5134 1719 5176 suo
1748 5130 1998 5189 testatur,
2030 5122 2115 5177 di-

519 5216 651 5260 cens
675 5222 688 5258 :
720 5203 869 5260 Unus
894 5218 968 5262 est
995 5210 1130 5263 enim
1155 5208 1315 5265 Pater
1339 5212 1575 5266 omnium
1599 5222 1829 5267 nostrum
1854 5214 2113 5285 (Malach.

516 5312 590 5365 It,
621 5297 731 5371 10).
769 5300 986 5368 Quanta
1019 5303 1236 5359 Domini
1279 5304 1691 5361 misericordia!
1732 5306 1832 5375 Qui
1869 5307 1979 5378 jam
2016 5308 2117 5364 du-

513 5390 645 5448 dum
679 5394 838 5451 nobis
870 5407 1081 5466 patrem
1113 5396 1394 5453 diabolum
1428 5400 1709 5455 voluntate
1740 5402 1959 5471 propria
1990 5401 2115 5459 ads-

512 5482 860 5552 civeramus,
920 5502 1067 5542 nunc
1120 5487 1295 5542 renati
1352 5504 1447 5557 per
1498 5504 1694 5560 aquam
1744 5498 1800 5546 et
1848 5490 2113 5563 Spiritum

590 5634 616 5661 η
650 5625 806 5691 Λινυά
858 5625 1155 5684 Galland.:
1208 5625 1536 5686 Tascrncs
1579 5624 1699 5685 XIII
1728 5629 1785 5684 in
1816 5630 1878 5686 S.
1913 5630 2105 5690 Matth.

517 5692 885 5766 Euangelium.

586 5764 616 5805 δ
652 5764 811 5823 Hunc
851 5772 1031 5828 locum
1079 5772 1241 5831 valde
1285 5771 1637 5845 mendosum,
1685 5774 1854 5834 immo
1902 5776 2111 5851 absque

2226 4667 2473 4710 servetur
2500 4654 2554 4709 in
2584 4663 2756 4711 terra.
2782 4653 2916 4722 Qum
2939 4655 3192 4710 voluntas
3220 4661 3282 4709 ut
3308 4652 3360 4709 in
3393 4652 3551 4710 nobis
3576 4655 3677 4708 rite
3699 4666 3820 4723 pos-

2223 4747 2295 4803 sit
2348 4747 2586 4819 impleri,
2634 4750 2755 4804 sine
2796 4748 3199 4804 intermissione
3244 4746 3445 4802 divina:
3491 4746 3820 4818 dignationis

2221 4840 2478 4895 auxilium
2511 4840 2897 4911 postulandum
2939 4850 3044 4897 est.
3078 4840 3105 4881 δ
3132 4841 3231 4897 Vel
3258 4850 3450 4897 certe:
3481 4838 3607 4895 Fiat
3639 4841 3821 4896 volun:

2223 4945 2300 4989 tas
2324 4944 2433 5001 tua,
2466 4936 2600 4989 sicut
2629 4937 2683 4991 iu
2714 4938 2840 4991 caelo
2868 4946 2915 4990 et
2945 4936 3000 4991 in
3025 4945 3197 4991 terra:
3230 4944 3289 4991 ut
3314 4940 3457 4991 sicut
3485 4936 3539 4992 in
3569 4937 3734 5001 calo,
3764 4935 3817 4990 id

2222 5039 2325 5095 est,
2351 5029 2403 5084 in
2428 5030 2633 5086 sanctis
2658 5045 2721 5086 ac
2741 5029 3058 5088 cmlestibus
3080 5030 3417 5096 hominibus,
3449 5030 3545 5087 Dei
3571 5032 3817 5088 voluntas

2224 5122 2517 5194 impletur;
2545 5125 2618 5179 ita
2637 5140 2852 5196 quoque
2882 5126 2936 5181 in
2960 5134 3131 5191 terra,
3151 5126 3203 5181 id
3235 5136 3341 5193 est,
3376 5126 3430 5183 in
3461 5126 3548 5182 his
3571 5127 3664 5199 qui
3689 5142 3818 5183 nec-

2216 5216 2344 5272 dum
2375 5219 2747 5289 crediderunt,
2781 5236 2876 5292 per
2914 5221 3295 5278 credulitatem
3325 5221 3447 5278 lidei
3479 5232 3538 5279 et
3564 5222 3817 5278 veritatis

2218 5313 2605 5383 cognitionem,
2640 5323 2699 5369 ut
2724 5314 2818 5371 Dei
2853 5316 2944 5371 liat
2967 5317 3249 5384 voluntas,
3281 5332 3524 5374 oramus.

2290 5403 2354 5459 V.
2412 5406 2619 5464 Dehinc
2646 5408 2761 5463 ait:
2814 5407 3014 5465 Panem
3066 5420 3297 5466 nostrum
3339 5412 3699 5484 quotidianum
3745 5412 3817 5467 da

2217 5498 2365 5552 nobis
2396 5498 2550 5554 hodie
2573 5499 2593 5572 (
2617 5499 2809 5557 Matth.
2841 5517 2896 5558 vi
2922 5542 2938 5569 ,
2968 5502 3031 5557 Η
3055 5500 3097 5573 ).
3125 5502 3339 5575 Duplici
3371 5504 3533 5560 modo
3562 5504 3668 5561 hoc
3710 5505 3816 5561 Do.

2212 5652 2378 5709 sensu
2403 5681 2417 5705 ,
2450 5640 2503 5697 in
2536 5642 2780 5700 editione
2806 5643 3101 5709 Gallandii,
3152 5661 3254 5702 nec
3297 5662 3404 5703 non
3443 5649 3497 5703 in
3548 5616 3811 5705 Diblioth.

2211 5707 2699 5793 PP._Lugdun.._et
2726 5718 2866 5793 apud
2890 5707 3206 5793 Grynajum.
3230 5733 3295 5773 ex
3314 5719 3613 5778 Basileensi
3636 5724 3812 5793 prima

2213 5782 2455 5842 editione
2480 5801 2597 5842 suae
2626 5782 2926 5859 integritati
2954 5782 3315 5846 restituimus.
