4270 6176
329 148 432 205 561
1136 147 1550 207 TRACTATUS
1588 148 1731 219 XIV,
1776 148 1842 205 IN
1883 148 2339 209 EVANGELIUM
2369 151 2430 208 S.
2472 150 2832 210 MATTIIASI.
3374 110 3381 111 ὲ
3532 162 3640 218 362

332 261 468 316 mini
518 258 722 316 dictum
777 261 1150 332 intelligimus.
1204 264 1468 330 Primum,
1528 275 1587 320 ut
1633 280 1741 320 non
1788 264 1933 321 aliud
1960 270 2015 330 Α
2040 266 2211 322 bitum
2240 282 2511 323 conservo
2540 284 2640 322 suo
2669 268 2893 324 debenti
2923 268 3030 324 sibi
3062 270 3233 326 nollet
3257 269 3377 341 ipse
3405 271 3648 329 dimitte-

333 369 495 421 quam
526 353 897 424 quotidianum
945 354 1149 411 victum
1198 357 1577 428 postulemus:
1627 374 1734 413 non
1780 358 1926 414 enim

330 447 592 519 jubemur
621 447 843 503 divitias
890 457 1077 519 petere
1102 460 1195 505 aut
1222 450 1561 506 afﬂuentiam
1585 451 1928 507 saecularium

336 558 543 608 rerum,
575 540 671 598 sed
718 558 914 613 panem
961 543 1364 611 quotidianum,
1418 544 1565 614 quod
1613 543 1933 600 Christianis

336 638 441 693 ﬁde
471 637 778 694 viventibus
805 638 872 693 ad
905 646 1233 709 praesentem
1262 639 1427 693 vitam
1458 639 1802 694 solummodo
1838 654 1934 694 ne-

334 731 636 787 cessarium
666 738 787 797 est,
837 731 1051 787 dicente
1080 731 1385 801 Apostolo:
1447 730 1708 785 Habentes
1746 732 1935 785 victum

334 834 384 878 et
416 832 781 894 tegumentum,
812 822 892 877 his
923 824 1150 878 contenti
1176 840 1355 877 sumus
1389 822 1451 894 (Ι
1479 823 1614 879 Tim.
1645 840 1722 888 γι,
1754 823 1788 878 8
1809 823 1854 893 ).
1878 821 1936 877 Id

336 916 513 985 ipsum
540 930 758 986 quoque
781 924 836 972 et
865 916 1124 972 Salomon
1150 917 1435 973 evidenter
1465 918 1742 972 ostendit:
1773 916 1932 983 Usus,

338 1007 529 1077 inquit,
554 1008 796 1075 hominis,
812 1010 984 1079 panis,
999 1026 1152 1080 aqua,
1177 1010 1287 1081 79
1307 1019 1351 1065 et
1377 1010 1723 1064 vestimentum
1741 1009 1935 1081 (Eccli.

338 1116 463 1155 χχιι
494 1140 510 1165 ,
539 1100 657 1171 28).
691 1100 797 1156 Sed
830 1116 952 1156 cum
1009 1102 1245 1158 dicimus
1294 1103 1448 1157 hodie
1470 1144 1484 1169 ,
1542 1103 1827 1169 docemur,
1870 1103 1938 1157 de

339 1196 594 1263 praesenti
630 1204 835 1251 tantum
859 1196 969 1260 die,
1005 1214 1113 1253 non
1148 1197 1217 1253 de
1244 1200 1389 1253 omni
1416 1200 1540 1253 vitae
1567 1209 1813 1270 tempore
1840 1216 1937 1255 co-

338 1288 510 1358 gitare
535 1329 550 1355 ,
586 1304 654 1343 ne
686 1304 843 1344 mens
874 1299 1060 1345 nostra
1094 1291 1346 1347 saeculari
1375 1292 1747 1349 sollicitudine
1778 1309 1941 1349 occu-

340 1390 497 1449 petor
521 1396 534 1434 :
567 1381 862 1437 secundum
881 1381 1024 1453 quod
1058 1383 1171 1454 ipse
1196 1384 1455 1440 Dominus
1473 1386 1579 1441 alio
1603 1387 1725 1442 loco
1750 1399 1939 1457 aperte

338 1474 704 1541 demonstrat,
752 1476 1028 1534 dicendo:
1086 1478 1264 1533 Nolite
1312 1480 1541 1550 cogitare
1588 1482 1653 1535 de
1689 1483 1937 1548 crastino,

340 1567 599 1621 crastinus
645 1568 783 1621 enim
811 1570 921 1623 dies
948 1568 1206 1623 sollicitus
1238 1571 1329 1624 erit
1359 1572 1457 1624 sibi
1485 1572 1584 1641 ipsi
1610 1570 1829 1643 (Matth.
1858 1588 1935 1638 v1,

2036 374 2118 426 re,
2147 359 2200 414 in
2244 374 2523 416 carcerem
2568 360 2823 428 traditus,
2857 370 2911 418 et
2943 362 3232 419 damnatus
3270 364 3325 419 in
3361 380 3518 435 ptena
3558 380 3643 423 est

2039 451 2257 521 (Matth.
2286 470 2435 521 xvttt,
2468 454 2539 511 25
2570 465 2617 509 et
2648 452 2836 526 seqq)

2110 547 2222 604 VII.
2258 549 2461 604 Dehinc
2492 550 2567 604 ait
2598 568 2610 603 :
2645 550 2713 603 Et
2742 566 2804 603 ne
2830 566 2921 604 nos
2948 551 3165 607 inducas
3196 553 3251 605 in
3279 556 3638 620 tentationem,

2038 642 2128 696 sed
2175 643 2336 696 libera
2386 659 2480 697 nos
2510 642 2542 696 ὰ
2581 646 2719 699 malo
2760 643 2977 715 (Matth.
3019 662 3096 712 VI,
3138 646 3250 716 I3).
3300 648 3642 704 Tentationis

2039 733 2203 800 hujus
2233 734 2433 804 duplex
2465 737 2627 800 ratio,
2661 746 2716 791 et
2754 752 2922 791 causa
2954 738 3176 794 diversa
3202 750 3329 795 est:
3362 743 3489 811 quia
3519 742 3645 799 aliis

2040 838 2138 893 per
2190 836 2469 894 peccatum
2514 827 2741 883 tentatio
2789 828 3025 884 infertur
3063 831 3132 884 ad
3175 832 3642 902 emendationem,

2041 918 2160 972 aliis
2190 918 2255 972 ad
2286 918 2410 973 ﬁdei
2440 919 2844 989 probationem,
2878 922 2999 977 aliis
3034 922 3265 978 infertur
3291 924 3360 978 ad
3387 926 3641 994 gloriam,

2041 1007 2341 1063 secundum
2365 1010 2507 1078 quod
2537 1010 2728 1065 beatus
2750 1011 2984 1068 Jacobus
3006 1013 3059 1067 in
3086 1014 3331 1083 Epistula
3357 1032 3455 1071 sua
3483 1029 3651 1074 testa-

2043 1108 2127 1155 tus
2168 1110 2272 1166 est,
2316 1101 2547 1156 dicens:
2580 1103 2776 1157 Beatus
2816 1106 2905 1175 qui
2948 1107 3251 1162 sustinuerit
3285 1113 3648 1177 tentationcm,

2040 1193 2286 1262 quoniam
2306 1194 2485 1247 beatus
2511 1196 2619 1266 81
2643 1199 2817 1265 factus
2838 1198 3054 1267 accipiet
3077 1215 3321 1252 coronam
3342 1203 3649 1272 numquam

2041 1286 2280 1354 promisit
2312 1285 2447 1340 Deus
2488 1287 2551 1339 iis
2592 1288 2679 1357 qui
2720 1305 2840 1342 eum
2879 1290 3105 1359 diligunt
3136 1291 3273 1363 (Jac.
3309 1310 3344 1352 ι.
3382 1293 3496 1365 12).
3529 1295 3647 1350 Non

2042 1378 2188 1432 enim
2220 1379 2298 1433 sic
2326 1394 2567 1445 oramus,
2603 1391 2659 1435 ut
2690 1384 3074 1449 tentationem,
3103 1401 3264 1454 quam
3293 1387 3499 1443 scimus
3528 1403 3651 1447 esse

2045 1473 2258 1540 utilem,
2308 1476 2524 1543 penitus
2560 1491 2904 1542 recusemus,
2935 1478 3156 1535 dicente
3195 1492 3390 1537 sancto
3433 1482 3604 1538 David
3636 1501 3651 1539 :

2046 1560 2223 1617 Proba
2253 1581 2353 1631 me,
2384 1564 2629 1633 Domine,
2661 1577 2707 1621 et
2725 1577 2865 1622 tenta
2890 1585 2992 1637 me,
3024 1587 3113 1624 ure
3142 1587 3290 1626 renes
3319 1590 3457 1627 meos
3487 1584 3534 1628 et
3564 1592 3653 1630 cor

338 1658 456 1731 ³54),
510 1659 623 1715 Hoc
652 1671 835 1717 autem
867 1661 1188 1732 spiritaliter
1231 1662 1390 1718 nobis
1438 1677 1769 1735 pmcepium
1816 1680 1941 1721 esse
1971 1680 2019 1740 B
2045 1674 2213 1713 nteant
2252 1659 2426 1732 (Psal.
2457 1677 2585 1729 xxv,
2616 1661 2698 1733 2).
2728 1662 2864 1718 Cum
2896 1664 3060 1720 etiam
3092 1677 3345 1722 sanctum
3377 1669 3653 1726 Abraham

338 1750 605 1807 debemus
622 1752 935 1822 advertere,
957 1762 1015 1808 ut
1036 1768 1232 1823 panem
1256 1754 1628 1823 quotidianum
1648 1766 1904 1825 petamus
1928 1774 1940 1809 :

341 1844 393 1899 id
424 1856 527 1911 cst,
560 1861 756 1916 panem
807 1847 961 1901 illum
993 1847 1277 1903 caelestem
1312 1858 1367 1903 et
1418 1848 1743 1917 spiritalem,
1780 1866 1942 1918 quem

339 1939 585 2010 quotidie
611 1939 679 1995 ad
710 1940 986 1996 medelam
1018 1942 1216 1996 animae
1243 1952 1299 1997 et
1325 1957 1476 2012 spem
1514 1952 1733 1999 aeternae
1753 1945 1944 1999 salutis

339 2030 660 2101 accipimus,
695 2031 765 2088 de
794 2048 903 2102 quo
931 2033 1007 2087 ait
1036 2033 1300 2088 Dominus
1327 2033 1380 2088 in
1412 2033 1747 2105 Evangeliu:
1782 2033 1947 2090 Panis

340 2123 589 2179 caelestis
615 2165 629 2190 ,
661 2122 783 2178 caro
832 2142 944 2180 utea
990 2136 1083 2193 est,
1141 2143 1298 2196 quam
1337 2143 1432 2199 ego
1462 2129 1593 2182 dabo
1644 2144 1739 2200 pro
1769 2129 1947 2183 mundi

343 2217 503 2288 hujus
536 2218 636 2271 vita
665 2218 850 2287 (Joan.
885 2235 959 2285 vt,
991 2218 1106 2292 52).
1148 2220 1216 2275 Et
1245 2219 1393 2276 hunc
1420 2236 1552 2292 ergo
1583 2237 1779 2291 panem
1811 2238 1948 2292 quo-

340 2308 474 2382 tidie
516 2310 796 2381 postulare
836 2311 1127 2381 iubemur:
1163 2312 1216 2368 id
1242 2323 1344 2380 est,
1380 2322 1460 2381 ut,
1512 2322 1809 2384 praestante
1840 2313 1949 2369 Do-

343 2403 475 2457 mini
502 2403 899 2473 misericordia,
927 2405 1172 2476 quotidie
1204 2422 1399 2475 panem
1420 2407 1675 2476 accipere
1699 2407 1950 2478 corporis

346 2494 564 2550 Domini
612 2512 939 2553 mereamur.
989 2499 1081 2554 Ait
1135 2498 1283 2554 enim
1338 2508 1559 2555 sanctus
1611 2500 1945 2571 Apostolus:

350 2587 546 2642 Probet
584 2598 757 2643 autem
786 2607 841 2645 se
862 2591 1031 2662 ipsum
1058 2591 1209 2646 homo
1235 2633 1249 2657 ,
1282 2598 1329 2646 et
1356 2592 1432 2646 sic
1463 2592 1525 2645 de
1572 2608 1705 2664 pane
1736 2591 1950 2646 Domini

346 2680 642 2747 numducet,
658 2682 791 2738 etde
814 2683 981 2737 calice
1010 2684 1147 2738 bibat
1164 2684 1209 2756 (Ι
1233 2684 1351 2739 Cor.
1381 2699 1458 2752 ιι,
1481 2682 1599 2754 28).
1622 2684 1693 2739 Et
1716 2685 1945 2741 iterum:

353 2776 455 2843 Qui
476 2776 757 2833 manducat
783 2795 968 2849 panem
999 2777 1212 2834 Domini
1230 2780 1461 2851 indigne,
1492 2787 1538 2834 et
1560 2779 1773 2834 calicem
1802 2780 1948 2847 bibit,

350 2888 465 2925 reus
494 2874 593 2927 erit
641 2874 872 2944 corporis
918 2883 964 2929 et
1013 2875 1279 2948 sanguinis
1329 2873 1542 2929 Domini
1572 2873 1736 2947 (Ibid.
1764 2916 1780 2942 ,
1829 2875 1946 2947 29).

350 2965 508 3023 Unde
538 2984 645 3023 non
675 2969 950 3025 immerito
971 2985 1193 3040 semper
1214 2985 1376 3025 orare
1399 2969 1687 3037 debemus,
1714 2979 1776 3026 ut
1803 2971 1950 3026 hunc

2050 1755 2287 1810 sciamus
2309 1771 2410 1825 per
2433 1756 2792 1812 tentationem
2825 1756 3085 1827 perfectae
3111 1760 3231 1815 ﬁdei
3266 1762 3499 1831 gloriam
3524 1778 3658 1818 con-

2049 1854 2338 1901 secutum:
2372 1846 2591 1902 beatum
2630 1864 2847 1919 quoque
2876 1851 3201 1918 Apostolum
3234 1854 3302 1907 ad
3349 1854 3652 1923 profectum

2048 1940 2177 1997 ﬁdei
2204 1957 2317 1996 sua:
2347 1942 2606 1997 traditum
2629 1944 3026 2000 tentationibus
3056 1944 3373 2014 legerimus.
3408 1948 3509 2014 Qui
3535 1964 3657 2003 cum

2051 2033 2243 2103 repelli
2274 2049 2305 2088 a
2335 2048 2398 2089 se
2422 2035 2748 2090 tentationis
2784 2046 3065 2090 auctorem
3095 2052 3124 2091 a
3160 2037 3395 2094 Domino
3418 2040 3659 2109 postula-

2050 2134 2158 2193 ret,
2208 2141 2536 2196 responsum
2581 2135 2667 2182 est
2713 2127 2787 2181 illi
2825 2145 2839 2181 :
2874 2126 3090 2198 Sufﬁcit
3136 2130 3309 2201 gratia
3356 2148 3489 2199 mea,
3535 2149 3658 2187 nam

2051 2217 2211 2271 virtus
2242 2217 2301 2270 in
2340 2217 2644 2286 inﬁrmitate
2683 2219 2955 2290 perﬁcitur
2998 2218 3077 2291 (ll
3105 2219 3228 2275 Cor.
3263 2238 3361 2288 xu,
3406 2224 3488 2293 9).
3535 2224 3656 2279 Non

2050 2322 2203 2379 ergo,
2246 2324 2312 2365 ne
2342 2309 2396 2363 in
2446 2318 2560 2365 toto
2590 2318 2887 2379 tentemur,
2921 2326 3176 2379 oramus;
3212 2314 3308 2369 sed
3353 2331 3443 2383 ne,
3493 2332 3657 2387 supra

2050 2417 2213 2472 quam
2239 2403 2413 2458 virtus
2442 2402 2566 2458 ﬁdei
2598 2403 2822 2473 patitur,
2851 2404 3144 2459 tentationi
3170 2406 3451 2463 tradamur
3472 2426 3485 2463 :
3510 2410 3657 2480 quod

2052 2495 2229 2564 ipsum
2270 2496 2326 2551 in
2371 2497 2478 2551 alio
2527 2496 2666 2553 libro
2712 2497 2996 2568 Evangelii
3050 2500 3332 2557 evidenter
3376 2512 3657 2560 ostensum

2052 2598 2137 2643 est
2169 2607 2181 2641 :
2213 2589 2291 2643 sic
2318 2588 2461 2643 enim
2491 2590 2753 2658 scriptum
2778 2598 2861 2645 est
2889 2608 2900 2642 :
2937 2590 3005 2644 Et
3032 2608 3094 2645 ne
3116 2609 3209 2646 nos
3237 2593 3432 2665 inferas
3457 2597 3509 2649 in
3550 2606 3660 2651 ten-

2053 2680 2301 2735 tationem
2328 2680 2485 2752 (Luc.
2512 2696 2589 2749 χι,
2619 2681 2701 2750 ά),
2746 2698 2907 2753 quam
2941 2683 3174 2741 sufferre
3206 2701 3315 2741 non
3346 2703 3657 2757 possumus.

2053 2775 2350 2845 Apostolus
2379 2790 2620 2846 quoque,
2645 2785 2705 2829 ut
2743 2776 2796 2830 id
2830 2777 3009 2847 ipsum
3034 2779 3372 2849 ostenderet,
3398 2783 3470 2838 ita
3495 2792 3663 2840 testa.

2055 2878 2140 2925 tus
2174 2878 2277 2935 est,
2312 2869 2545 2925 dicendo
2573 2888 2586 2925 :
2619 2867 2824 2925 Fidelis
2851 2881 3021 2925 autem
3059 2871 3227 2941 Deus,
3257 2877 3347 2944 qui
3392 2893 3495 2930 non
3527 2879 3661 2945 pati~

2054 2970 2142 3014 tur
2168 2961 2357 3015 tentari
2388 2978 2543 3032 super
2572 2961 2625 3013 id
2647 2961 2782 3031 quod
2820 2963 3054 3033 potestis,
3081 2964 3173 3017 sed
3200 2965 3329 3035 facit
3350 2982 3466 3020 cum
3495 2978 3661 3023 tenta-

350 3075 543 3130 panem
571 3062 854 3118 caleslem
901 3062 1145 3133 quotidie
1170 3078 1475 3119 mereamur
1518 3065 1768 3137 accipere
1793 3082 1805 3117 ε
1856 3080 1946 3135 ne,
1976 3085 2021 3147 C
2056 3056 2195 3110 tione
2217 3057 2371 3111 etiam
2394 3067 2796 3129 transgressum,
2820 3066 2879 3109 ut
2903 3058 3110 3127 possitis
3139 3059 3362 3113 tolerare
3386 3060 3430 3129 (Ι
3456 3061 3577 3117 Cor.
3602 3080 3661 3128 Χ,

349 3153 529 3222 aliquo
559 3153 963 3226 interveniente
990 3163 1218 3227 peccato
1238 3196 1254 3225 ,
1281 3171 1310 3211 a
1341 3171 1574 3228 corpore
1598 3156 1815 3214 Domini
1858 3173 1947 3214 se.

354 3262 630 3313 paremur.

422 3339 514 3393 Vl.
558 3340 624 3393 Et
659 3340 861 3396 dimitte
887 3341 1033 3396 nobis
1063 3342 1234 3397 debita
1259 3351 1455 3409 nostra,
1496 3343 1629 3396 sicut
1661 3352 1709 3396 et
1740 3359 1834 3398 nos
1863 3342 1948 3396 di-

353 3431 605 3485 mittimus
651 3432 963 3487 debitoribus
1013 3435 1205 3489 nostris
1261 3432 1478 3505 (Matth.
1521 3449 1597 3497 vr,
1642 3434 1753 3504 I2).
1795 3434 1949 3490 Justa

352 3524 517 3594 plane
542 3538 606 3577 ac
633 3526 939 3581 necessaria
973 3525 1227 3580 omnibus
1256 3525 1372 3580 lucc
1404 3541 1505 3580 vox
1537 3534 1643 3580 est.
1685 3525 1948 3592 Primum,

351 3627 411 3673 ut
439 3629 759 3687 peccatores
784 3634 883 3675 nos
913 3634 1037 3675 esse
1080 3620 1480 3674 conﬁteamur:
1513 3617 1734 3684 dehinc,
1767 3627 1826 3671 ut
1872 3619 1951 3674 sic

351 3729 381 3767 a
426 3712 538 3769 Deo
587 3713 744 3769 nobis
795 3730 1015 3769 oremus
1063 3713 1260 3770 dimitti
1315 3722 1558 3784 peccata,
1592 3713 1949 3784 quemadmo-

350 3804 476 3859 dum
505 3807 617 3878 80
644 3807 998 3876 peccantibus
1022 3808 1075 3862 in
1101 3824 1200 3863 nos
1226 3806 1330 3877 ipsi
1357 3806 1700 3862 dimittimus.
1720 3806 1877 3873 Quod
1905 3809 1951 3862 si

354 3899 577 3953 tninime
603 3899 894 3966 faciamus,
923 3900 1026 3970 ipsi
1074 3914 1175 3955 nos
1204 3899 1347 3969 apud
1391 3898 1557 3953 Deum
1605 3913 1729 3955 reos
1768 3899 1952 3955 verbis

353 3992 558 4046 nostris
580 3992 871 4061 efﬁcimus,
910 3993 1128 4049 dicente
1170 3992 1452 4063 Scriptura
1485 4010 1497 4046 :
1529 3992 1772 4063 Laqueus
1800 3995 1952 4065 fortis

351 4092 429 4137 est
459 4084 590 4150 viro,
625 4086 841 4155 propria
874 4084 1011 4139 labia
1039 4083 1227 4157 (Prov.
1259 4101 1334 4152 v1,
1362 4085 1539 4151 2,sec.
1568 4084 1759 4157 LXX).
1792 4086 1952 4142 Unde

352 4193 462 4231 non
496 4177 771 4233 immerito
794 4186 851 4232 et
874 4178 1156 4243 Salomon,
1180 4176 1467 4232 dominica:
1500 4177 1660 4247 hujus
1685 4179 1952 4233 orationis

352 4273 578 4325 formam
615 4287 713 4340 per
748 4269 1011 4341 Spiritum
1059 4280 1308 4327 sanctum
1360 4287 1468 4326 non
1518 4271 1796 4339 ignorans,
1826 4281 1953 4328 ante

355 4364 705 4433 praemonuit,
736 4365 1009 4421 dicendo:
1037 4364 1161 4419 Non
1208 4365 1473 4420 mentieris
1515 4365 1724 4419 verbum
1767 4368 1820 4419 in
1864 4375 1953 4420 tua

353 4462 588 4512 oratione
619 4450 809 4529 (Eccli.
841 4474 938 4527 vtt,
970 4456 1084 4527 15).
1113 4458 1244 4527 Quis
1277 4457 1421 4513 enim
1449 4458 1667 4525 audeat,
1692 4467 1788 4514 aut
1816 4474 1951 4528 quo-

356 4552 517 4608 modo
563 4558 743 4621 potest
774 4552 886 4606 Deo
916 4551 971 4605 in
1007 4552 1256 4606 oratione
1284 4550 1538 4606 mentiri?
1567 4550 1677 4605 Nisi
1724 4550 1863 4606 forte
1905 4552 1950 4605 is

355 4645 446 4714 qui
470 4644 767 4699 secundum
794 4643 1127 4699 dominicam
1161 4644 1467 4699 orationem
1499 4659 1529 4697 a
1559 4644 1671 4699 Deo
1698 4652 1953 4715 peccato—

356 4755 474 4793 rum
521 4738 735 4793 veniam
782 4738 1086 4807 postulans,
1122 4738 1322 4807 ipsein
1364 4752 1424 4793 se
1464 4737 1817 4807 peccantibus
1842 4752 1951 4791 non

355 4832 603 4897 dimittit,
639 4848 745 4886 non
796 4834 1038 4888 retinens
1076 4832 1281 4887 dictum
1312 4833 1556 4887 divinum
1594 4852 1607 4885 :
1638 4832 1812 4887 Homo
1858 4832 1955 4886 ho-

356 4924 483 4976 mini
514 4939 742 4978 reservas
774 4925 927 4991 iram,
962 4934 1009 4978 et
1037 4941 1069 4977 a
1112 4922 1222 4978 Deo
1260 4924 1450 4994 quaeris
1495 4924 1955 4993 prapitiationem?

353 5025 405 5071 et
431 5018 539 5087 ipse
584 5019 637 5070 in
668 5017 927 5072 hominem
952 5018 1178 5072 similent
1205 5018 1297 5072 tibi
1340 5035 1441 5072 non
1470 5017 1629 5072 habes
1661 5018 1952 5071 misericor-

354 5110 519 5173 diam,
543 5118 589 5163 ct
614 5108 778 5163 Deum
800 5127 894 5179 pro
918 5111 1139 5181 peccatis
1161 5126 1346 5165 exoras
1369 5108 1562 5180 (Eccli.
1589 5124 1780 5173 xxvm,
1800 5108 1954 5178 5,4)?

356 5196 469 5255 lloc
515 5210 697 5255 autem
736 5201 843 5255 alio
884 5204 934 5255 in
976 5202 1098 5257 loco
1150 5200 1266 5271 ipse
1306 5200 1573 5256 Dominus
1611 5200 1955 5270 apertissime

353 5291 708 5355 manifestat,
742 5293 1026 5362 proferens
1073 5293 1220 5348 servi
1271 5292 1418 5347 illius
1461 5290 1728 5347 debitoris
1772 5306 1959 5346 exem-

355 5384 529 5456 plum,
561 5387 646 5441 cui
686 5387 981 5457 plurimum
1014 5388 1238 5443 debenli
1266 5396 1486 5457 rogatus
1516 5387 1775 5442 dominus
1800 5385 1955 5441 debi-

357 5486 470 5533 tum
501 5493 667 5535 omne
696 5491 1080 5547 concesserat;
1111 5482 1203 5551 qui
1240 5494 1362 5535 cum
1395 5489 1516 5550 post
1549 5478 1817 5534 indultum
1858 5477 1957 5534 de-

2055 3150 2166 3219 13).
2201 3151 2269 3205 Ει
2298 3150 2422 3205 ideo
2466 3167 2571 3204 non
2618 3150 2764 3205 illam
2800 3151 3161 3206 tentationem
3188 3167 3219 3205 a
3248 3152 3406 3208 nobis
3431 3156 3658 3221 auferri,

2053 3259 2174 3314 quae
2200 3258 2325 3298 esse
2356 3253 2539 3313 potest
2565 3242 2741 3309 utilis,
2774 3243 3165 3312 deprecamur;
3207 3245 3302 3299 sed
3332 3246 3504 3314 illam,
3538 3265 3663 3317 qum

2053 3332 2272 3401 ad‘ﬁdei
2295 3342 2495 3389 nostra:
2524 3335 2869 3389 eversionem
2892 3334 3113 3389 tnodum
3144 3335 3477 3391 inﬁrmitatis
3500 3353 3664 3394 exce-

2055 3426 2152 3481 dit.
2192 3427 2258 3480 Et
2283 3425 2487 3481 idcirco
2515 3441 2756 3497 congrue
2786 3442 2851 3482 ac
2878 3428 3190 3482 necessario
3223 3429 3275 3483 in
3311 3430 3421 3485 ﬁne
3448 3432 3659 3486 oratio-

2054 3519 2137 3574 nis
2166 3519 2328 3574 ctiam
2362 3520 2569 3574 liberari
2596 3537 2696 3575 nos
2742 3522 3080 3590 postulamus
3107 3539 3139 3575 a
3170 3522 3307 3576 malo
3331 3523 3550 3593 (Matth.
3580 3543 3651 3591 vt,

2054 3610 2166 3683 I5),
2194 3614 2284 3682 qui
2314 3612 2477 3667 ﬁdem
2509 3622 2754 3668 nostram
2788 3612 3024 3668 diversis
3058 3616 3453 3672 tentationibus
3475 3624 3503 3650 ’³
3527 3634 3662 3687 quu-

2052 3707 2185 3763 tidie
2208 3722 2523 3778 expugnare
2547 3722 2653 3762 non
2678 3706 2902 3773 desinit,
2927 3722 2957 3761 a
2981 3723 3090 3777 qua
3114 3723 3215 3763 nos
3239 3724 3346 3764 non
3374 3711 3659 3767 immerito

2052 3805 2367 3875 quotidiana
2400 3804 2652 3860 oratione
2687 3804 3067 3875 deprecamur,
3114 3820 3183 3861 ne
3229 3807 3661 3865 immissionibus

2054 3898 2227 3966 ipsius
2269 3896 2539 3967 impediti,
2581 3907 2855 3968 praecepta
2897 3897 3081 3953 divina
3123 3899 3349 3955 minime
3386 3903 3663 3971 possimus

2051 3992 2160 4063 82
2210 3991 2459 4061 implere.
2510 3990 2773 4048 Universa
2816 3992 3003 4062 igitur,
3044 4009 3167 4063 quae
3211 3993 3336 4049 ﬁdei
3389 4010 3452 4049 ac
3496 3998 3659 4053 saluti

2053 4092 2253 4139 nostrae
2291 4094 2417 4140 sunt
2460 4089 2794 4153 necessaria,
2838 4084 2893 4139 in
2943 4085 3047 4140 hac
3089 4086 3361 4144 brevitate
3393 4092 3660 4147 orationis

2052 4178 2338 4234 dominicae
2384 4179 2758 4245 continentur,
2803 4178 2933 4234 dum
2980 4178 3373 4247 professionem
3424 4184 3661 4240 nominis

2055 4271 2266 4339 paterni
2312 4272 2660 4336 conﬁtemur,
2693 4270 2821 4325 dum
2869 4270 3324 4341 signiﬁcationem
3376 4274 3557 4330 inesse
3604 4276 3659 4331 in

2054 4363 2213 4417 nobis
2267 4363 2434 4433 ipsius
2490 4364 2725 4419 nominis
2778 4363 3155 4433 postulamus,
3211 4364 3339 4419 dum
3395 4366 3658 4425 advenire

1977 4475 2031 4538 Ι)
2056 4472 2284 4525 regnum
2303 4456 2393 4510 Dei
2408 4456 2806 4526 petimus,dum
2826 4457 3157 4511 voluntatem
3174 4456 3359 4526 ejusin
3392 4459 3658 4516 nobisﬁe-

2054 4550 2099 4604 ri
2116 4549 2496 4619 deprecamur;
2513 4548 2641 4603 dum
2662 4563 2853 4618 panem
2874 4549 2957 4603 vel
2978 4558 3257 4603 terrenum
3274 4550 3359 4604 vel
3374 4552 3657 4608 caelestem

2053 4642 2120 4696 ad
2151 4656 2303 4711 Spem
2326 4640 2517 4695 salutis
2542 4649 2744 4694 nostra:
2769 4639 3013 4709 quotidie
3037 4654 3349 4706 exoramus,
3378 4642 3505 4696 dum
3532 4658 3657 4711 pec-

2054 4743 2299 4790 catorum
2329 4734 2539 4789 veniam
2573 4732 2951 4801 imploramus,
2982 4731 3108 4786 dum
3142 4746 3365 4802 gravem
3398 4736 3657 4791 tentatio—

2057 4841 2181 4881 nem
2237 4825 2439 4880 auferri
2489 4840 2516 4878 a
2562 4822 2722 4878 nobis
2766 4839 3019 4890 oramus;
3063 4834 3341 4894 postremo
3379 4828 3509 4881 dttm
3558 4844 3659 4886 nos

2058 4917 2277 4972 liberari
2305 4933 2331 4969 a
2361 4915 2527 4983 malo,
2550 4915 2642 4985 qui
2670 4923 2755 4969 est
2778 4923 2965 4969 auctor
2991 4918 3168 4970 omnis
3196 4919 3428 4987 peccati,
3454 4921 3661 4977 indesi-

2057 5022 2250 5065 neuter
2271 5024 2302 5063 a
2336 5008 2564 5062 Domino
2605 5007 2967 5078 postulamus.
2999 5008 3153 5075 Quod
3185 5009 3362 5079 ipsum
3413 5010 3657 5070 futurum

2057 5104 2191 5160 olim
2242 5118 2338 5173 per
2385 5103 2577 5157 Isaiam
2628 5100 2868 5172 Spiritus
2897 5109 3117 5157 sanctus
3168 5105 3658 5177 praenuntiaverat,

2058 5196 2293 5253 dicendo
2320 5214 2332 5251 :
2370 5196 2629 5262 Quoniam
2660 5194 2864 5249 verbum
2888 5196 3172 5250 breviatum
3201 5200 3355 5268 faciet
3403 5197 3660 5255 Dominus

2060 5308 2150 5362 per
2191 5290 2490 5345 universum
2533 5288 2705 5343 orbem
2745 5298 2895 5343 terra:
2925 5286 3083 5359 (Isai.
3113 5305 3171 5353 x,
3204 5290 3319 5362 25).
3369 5290 3521 5346 Unde
3550 5307 3660 5346 non

2061 5378 2335 5439 immerito
2366 5382 2611 5448 sequitur
2643 5398 2656 5434 :
2697 5380 2758 5436 Si
2789 5382 3090 5435 dimiseritis
3120 5382 3416 5437 hominibus
3453 5394 3665 5452 peccata

2060 5492 2260 5545 eorum,
2302 5474 2528 5530 remittet
2556 5473 2698 5529 vobis
2742 5472 2901 5530 Pater
2922 5484 3084 5530 vester
3110 5475 3197 5545 qui
3220 5484 3293 5529 est
3320 5476 3373 5530 in
3408 5476 3547 5531 aclis
3572 5477 3661 5530 de-

431 5696 455 5724 α
489 5686 573 5742 Ex
602 5687 845 5759 margine
866 5684 1125 5742 editionis
1147 5684 1389 5758 Grynei,
1416 5686 1513 5754 ita,
1536 5684 1581 5742 si
1610 5684 1805 5757 placet,
1839 5684 2083 5757 corrigas
2108 5701 2122 5741 :
2148 5684 2379 5756 quotidie
2405 5698 2706 5757 Oppugnare
2734 5697 2837 5738 non
2863 5682 3067 5748 desinit,
3095 5698 3129 5735 a
3152 5696 3253 5749 quo
3284 5697 3401 5751 nos,
3426 5692 3535 5744 etc.

929 5782 1207 5844 PATROL.
1255 5781 1407 5845 XX.

3139 5772 3218 5834 12
