4270 6176
340 242 449 300 5ίῖ5

1143 214 1561 293 Turranius
1594 228 1760 291 xvut
1800 222 1865 291 IN
1907 220 2357 289 evsscsuuu
2399 233 2459 291 s.
2503 220 2863 292 narrum.

3544 243 3649 300 566

341 355 525 410 minus
553 369 568 406 :
598 342 682 407 Ne
704 344 1008 424 apparentia
1038 347 1330 403 hominibus
1345 330 1776 420 jejunantes,sed
1805 340 1954 397 Patri
1984 350 2028 409 Α
2059 343 2276 410 merita,
2304 341 2561 413 jubemur
2605 344 2657 399 in
2700 344 2842 402 ctelo
2884 345 3203 404 recondere.
3234 345 3291 405 In
3322 350 3465 408 casio
3506 355 3653 409 enim

343 458 517 504 vestro
545 447 633 519 qui
662 456 734 502 est
762 446 816 499 in
843 444 1132 499 absconso:
1163 451 1210 498 et
1263 441 1419 496 Pater
1462 449 1623 494 vester
1662 438 1751 508 qui
1794 447 1866 491 est
1897 436 1951 489 in

343 540 614 606 absconso,
662 522 843 593 reddet
898 537 1056 592 vobis.
1108 534 1167 592 Si
1220 550 1350 606 ergo
1398 534 1478 588 vis
1528 544 1691 603 caput
1734 546 1953 601 semper

344 626 570 691 unctum
599 647 823 709 gerere,
853 640 909 687 et
955 630 1212 687 mundam
1257 629 1450 686 faciem
1501 629 1686 684 cordis
1728 627 1952 693 habere,

342 730 497 800 juxta
520 726 737 782 Domini
760 710 966 781 diclum
986 767 1000 793 ,
1028 725 1227 781 insiste
1253 723 1489 780 ﬁdeliter
1512 722 1767 795 operibus
1794 721 1956 778 mise-

348 820 627 885 ricordias,
660 819 856 875 insiste
886 817 1169 874 devotioni
1205 816 1440 888 jejunii;
1483 824 1541 871 ut
1584 815 1803 887 placere
1847 814 1955 881 Do-

350 913 501 968 mino
530 911 811 977 merearis,
841 911 930 966 cui
974 919 1060 966 est
1087 909 1266 981 gloria
1295 909 1348 964 in
1379 908 1579 965 saecula
1606 908 1955 975 surculorum,

352 1003 550 1060 Amen.
778 1072 783 1077 ι
814 1072 820 1083 δ

656 1158 663 1163 ,
905 1092 1321 1150 TRACTATUS
1369 1090 1560 1149 xvra.

644 1168 709 1242 In
743 1198 898 1260 caput
925 1203 978 1242 vr
1010 1185 1285 1261 Evangelii
1317 1186 1377 1242 S.
1415 1170 1672 1239 Matt/nvi.

430 1282 473 1338 Ι.
518 1262 700 1337 Nolite
746 1282 1100 1336 thesaurizare
1137 1279 1278 1334 vobis
1310 1280 1575 1333 thesauros
1601 1279 1655 1332 in
1692 1287 1848 1341 terra,
1881 1276 1964 1330 ubi

359 1392 537 1448 terugo
565 1364 610 1429 et
634 1375 772 1428 tinea
798 1375 1168 1439 exterminant,
1192 1372 1278 1457 ubi
1305 1376 1446 1444 fures
1468 1370 1721 1438 e/Iodiunt
1744 1379 1790 1439 et
1819 1370 1959 1422 invo-

363 1459 493 1522 lant.
525 1458 896 1521 Thésaurizate
926 1476 1097 1519 autent
1143 1463 1285 1519 vobis
1317 1462 1585 1518 thesauros
1612 1464 1665 1516 in
1696 1463 1846 1527 caelo,
1880 1461 1966 1514 ubi

362 1576 526 1629 neque
550 1550 749 1630 terugo,
778 1554 939 1628 neque
960 1558 1095 1611 tinea
1122 1557 1492 1635 exterminant,
1517 1564 1566 1608 et
1592 1553 1676 1607 ubi
1700 1557 1839 1624 fures
1864 1568 1967 1606 non

363 1644 619 1721 effodiunt
650 1668 739 1706 nec
769 1654 1011 1724 furantur
1039 1667 1056 1706 :
1083 1650 1170 1705 ubi
1211 1652 1345 1704 enim
1384 1651 1479 1704 erit
1520 1650 1790 1704 thesaurus
1828 1662 1963 1714 tuus,

2054 436 2398 505 reconditur,
2441 437 2704 508 quidquid
2740 439 3063 510 (secundum
3117 441 3279 497 ﬁdem
3328 443 3655 516 Scriptorae)

2055 528 2109 583 in
2159 543 2315 583 usum
2356 545 2650 599 pauperum
2686 530 2921 587 ﬁdeliter
2953 542 3228 603 erogatur,
3263 534 3479 592 dicente
3509 537 3660 592 Scli-

2056 630 2215 695 ptura
2244 640 2258 677 :
2296 621 2399 689 Qui
2419 623 2507 678 dat
2539 626 2773 695 pauperi,
2808 625 2916 680 Deo
2949 627 3144 696 fenerat
3175 627 3359 701 (Prov.
3391 646 3508 699 nx,
3538 632 3651 703 17).

2057 711 2216 768 Unde
2263 720 2321 767 et
2367 712 2469 768 sub
2515 713 2794 787 Apostolis
2843 717 3153 781 credentes,
3189 735 3462 777 memores
3498 721 3659 794 hujus

2059 796 2323 859 dominici
2354 807 2628 877 praecepti,
2669 808 3067 866 thesaurizasse
3105 812 3207 867 sibi
3252 814 3562 870 invenimus
3606 817 3659 871 in

2060 898 2226 964 creto;
2259 898 2408 969 quia,
2441 900 2677 957 venditis
2708 902 2981 959 universis
3031 905 3194 961 rebus
3238 905 3374 975 suis,
3408 913 3662 962 terrenos

2061 991 2350 1047 thesauros
2404 993 2469 1048 ad
2527 1008 2689 1065 regna
2746 994 2994 1051 ctelestia
3057 996 3457 1057 transtulerunt
3507 997 3655 1069 (Act.

2060 1097 2138 1151 tv,
2174 1086 2293 1155 δι).

2134 1178 2247 1249 89
2285 1178 2369 1233 Ill.
2414 1180 2478 1234 Et
2517 1180 2640 1237 ideo
2689 1181 2898 1238 addidit
2943 1182 3226 1251 Dominus,
3276 1185 3465 1241 dicens
3510 1204 3522 1240 :
3562 1184 3663 1243 Ubi

2066 1271 2225 1341 fuerit
2248 1270 2513 1328 thesaurus
2535 1285 2671 1339 tuus,
2692 1275 2762 1328 ibi
2782 1277 2877 1329 erit
2894 1285 2941 1331 et
2958 1293 3046 1331 cor
3063 1287 3204 1332 tuum
3222 1277 3436 1353 (Matth.
3455 1295 3527 1343 v1,
3542 1280 3660 1351 21).

2069 1364 2171 1429 Qui
2218 1366 2270 1420 in
2302 1366 2442 1422 coelo
2480 1382 2697 1438 semper
2726 1368 2882 1425 bonis
2909 1373 3169 1442 operibus
3197 1373 3655 1439 thesaurizamus,

2071 1455 2163 1509 ubi
2195 1456 2374 1512 omnis
2409 1473 2534 1528 spes
2565 1470 2618 1514 et
2651 1461 2798 1515 salus
2827 1474 2914 1518 εει
2945 1471 3153 1530 nostra,
3206 1464 3301 1520 ubi
3344 1466 3508 1522 nobis
3558 1466 3667 1522 vita

2072 1558 2276 1605 aeterna
2314 1554 2549 1622 reposita
2581 1562 2687 1621 est,
2711 1555 2761 1608 iu
2798 1564 2942 1611 terra
2973 1558 3102 1612 licet
3134 1559 3321 1629 positi,
3350 1575 3446 1615 cor
3487 1570 3669 1615 tamen

2075 1642 2127 1697 in
2152 1643 2296 1701 coelo
2324 1660 2539 1715 semper
2569 1646 2851 1704 habemus.
2888 1649 3111 1717 Verum,
3133 1668 3238 1706 non
3269 1662 3450 1723 potest
3483 1669 3579 1710 cor
3611 1654 3668 1708 in

366 1745 476 1801 illic
524 1748 647 1819 erit_
674 1756 723 1801 et
771 1763 860 1800 cor
909 1756 1051 1800 tuum
1092 1732 1312 1813 (Matth.
1344 1762 1420 1811 γι,
1451 1732 1668 1815 lii-ﬁl).
1713 1728 1976 1798 Prohibet
2007 1726 2054 1802 Β
2081 1736 2240 1790 caelis
2271 1736 2471 1793 habere
2499 1738 2613 1808 qui,
2649 1741 2946 1809 cupiditate
2972 1743 3161 1798 saeculi
3196 1753 3410 1815 captus,
3446 1746 3668 1801 thesau-

368 1857 467 1897 nos
502 1824 762 1896 Dominus
806 1841 858 1895 in
905 1852 1051 1896 terra
1100 1840 1500 1917 thesaurizare,
1535 1839 1623 1894 ubi
1667 1838 1846 1893 omnia
1897 1839 1976 1891 in-

368 1932 523 1988 ﬁrma
554 1944 683 1987 sunt
710 1941 766 1987 et
796 1932 1022 1988 caduca.
1052 1931 1408 1987 Contrarium
1447 1942 1529 1986 est
1570 1930 1716 1986 enim
1756 1928 1883 1983 lidei
1917 1944 1979 1983 ac

367 2020 533 2079 saluti
568 2012 671 2078 hos
707 2020 953 2078 terrenos
984 2021 1273 2077 thesauros
1313 2034 1595 2093 expetere,
1629 2018 1849 2075 divitias
1878 2035 1981 2073 sae-

370 2117 479 2171 culi
506 2108 780 2187 quaerere,
811 2114 1101 2171 facultates
1124 2110 1313 2169 mundi
1342 2113 1564 2180 sectari,
1592 2127 1723 2181 quas
1752 2119 1981 2178 possunt

372 2202 429 2264 et
460 2206 619 2264 tinea:
650 2222 1034 2278 corrumpere,
1064 2216 1121 2263 et
1150 2222 1337 2279 aerugo
1376 2204 1689 2271 absumere,
1731 2213 1785 2258 et
1832 2190 1983 2257 iures

373 2317 587 2372 rapere.
625 2302 764 2370 Quia
796 2302 1128 2372 quicumque
1158 2301 1333 2371 ulagis
1361 2304 1412 2354 in
1444 2311 1585 2354 terra
1614 2297 1984 2354 thesaurizare

372 2390 677 2457 voluerint,
707 2410 868 2464 quam
899 2393 955 2448 in
988 2393 1152 2461 ccelo,
1190 2390 1477 2448 thesauros
1509 2391 1635 2447 illos
1678 2402 1898 2445 aeternae
1931 2397 1987 2443 ct

373 2480 617 2543 cmlesais
651 2479 778 2541 vitae
806 2486 1013 2543 habere
1053 2503 1158 2540 non
1194 2495 1442 2555 possunt,
1477 2483 1695 2537 dicente
1724 2481 1845 2552 ipso
1873 2480 1984 2534 Do-

378 2578 527 2635 mino
553 2599 565 2633 :
600 2580 861 2646 Quoniam
890 2576 1028 2634 dives
1059 2574 1277 2650 difficile
1306 2570 1516 2632 intrabit
1543 2577 1596 2629 in
1627 2574 1861 2648 Regnum
1887 2589 1986 2628 ca:-

376 2674 546 2729 lorum
564 2666 788 2743 (Matth.
821 2688 941 2738 XIX,
967 2670 1088 2742 25).
1114 2668 1383 2726 Similiter
1403 2678 1459 2724 et
1480 2667 1777 2737 Apostolus
1804 2684 1815 2717 :
1847 2660 1986 2718 Nam

376 2767 465 2838 qui
528 2748 705 2821 volunt
767 2765 949 2819 divites
1000 2760 1153 2835 ﬁeri,
1199 2763 1432 2817 incidunt
1478 2764 1531 2815 in
1571 2762 1900 2815 tentationem
1941 2766 1990 2810 et

378 2850 725 2931 muscipula'm
750 2850 946 2912 diaboli
977 2855 1023 2926 (1
1054 2856 1186 2911 Tim.
1224 2871 1301 2921 vr,
1332 2848 1410 2927 9).
1441 2854 1821 2910 Recordemur
1846 2851 1989 2906 illius

380 2936 592 3021 divitis,
624 2948 713 3023 qui
734 2965 956 3008 omnem
984 2950 1214 3023 gloriam
1247 2966 1401 3005 suam
1426 2949 1479 3004 in
1504 2934 1688 3004 saeculi
1721 2944 1990 3002 thesauris

380 3056 545 3119 atque
575 3048 633 3103 in
664 3039 938 3104 redituum
980 3063 1204 3103 suorum
1237 3048 1487 3102 ubertate
1526 3045 1820 3102 constituit
1853 3062 1865 3098 :
1901 3042 1993 3114 qui

378 3155 501 3197 cum
530 3138 755 3213 prepter
783 3120 1122 3198 afﬂuentiam
1155 3141 1372 3213 frugum
1400 3139 1469 3195 de
1497 3137 1829 3210 ampliandis
1860 3136 1986 3193 ltor-
2015 3137 2060 3199 C

379 3228 490 3289 rcis
530 3236 823 3305 cogitaret,
854 3242 1018 3305 atque
1062 3235 1256 3288 anima:
1298 3248 1413 3287 sua:
1444 3231 1677 3287 delicias
1716 3246 1903 3301 opum,
1935 3218 1993 3284 et

379 3320 731 3384 securitatem
759 3332 935 3399 longze
967 3316 1088 3384 vita:
1111 3328 1493 3399 promitteret;
1521 3344 1626 3381 non
1657 3326 1831 3382 dicam
1864 3324 1991 3381 sub-

380 3419 622 3491 ripieute
662 3418 786 3478 iure
810 3400 934 3477 lucc
964 3437 1088 3493 qua:
1130 3430 1566 3492 congregaverat
1592 3419 1862 3491 perdidit;
1894 3400 1992 3475 sed

380 3513 563 3607 ipsam
609 3514 843 3570 animam
888 3516 991 3572 Sub
1162 3516 1352 3573 eadem
1395 3528 1595 3582 noete,
1641 3515 1726 3569 cui
1774 3496 1994 3569 thesau-

380 3594 613 3674 riza'hat,
640 3608 817 3664 amisit
842 3594 1004 3681 (Luc.
1036 3625 1131 3675 xu,
1160 3604 1381 3681 lli—20).
1406 3607 1563 3663 Unde
1584 3622 1693 3661 non
1721 3606 1993 3660 immerito

382 3696 557 3755 David
586 3692 705 3771 ipse
735 3709 966 3756 testatus
992 3710 1097 3767 est,
1128 3701 1317 3756 dicens
1346 3717 1359 3753 :
1387 3684 1746 3761 Thesaurizat,
1777 3710 1822 3752 et
1846 3697 1996 3769 igno-

382 3805 465 3849 rat
511 3794 597 3849 cui
639 3794 969 3868 congregabit
997 3810 1057 3848 ea
1089 3793 1261 3863 (Psal.
1296 3809 1525 3859 xxxvut,
1558 3793 1636 3859 7).
1671 3790 1994 3862 Cogitemus

385 3898 442 3944 et
467 3888 624 3944 illum
654 3889 1114 3961 adolescentem;
1147 3889 1238 3959 qui
1269 3904 1391 3944 cum
1424 3902 1593 3959 prope
1623 3884 1806 3940 omnia
1850 3900 1991 3955 pra:-

385 3991 545 4053 cepta
566 3972 707 4054 legis
734 3983 1051 4054 implesset;
1077 3983 1200 4053 quia
1231 3981 1516 4037 thesauros
1542 3979 1715 4050 magis
1746 3989 1994 4032 terrenos

387 4066 581 4129 habuit
612 4065 774 4142 quam
796 4068 1087 4139 etelestes,
1121 4066 1245 4129 vita:
1277 4080 1498 4127 auertite
1530 4074 1816 4127 thesauros
1848 4054 1995 4123 obt'io

384 4162 520 4224 nere
567 4184 678 4223 non
728 4164 904 4238 pot'uit
950 4148 1167 4241 (Matth.
1201 4184 1314 4235 xix,
1345 4164 1464 4238 2|).
1498 4165 1568 4220 Et
1606 4164 1809 4220 idcirco
1842 4144 1995 4218 'bene

386 4259 559 4315 David
593 4260 708 4314 ait:
736 4258 915 4315 Nolite
939 4276 1148 4331 sperare
1178 4260 1231 4313 in
1262 4254 1551 4326 iniquitate,
1584 4266 1633 4310 et
1658 4254 1869 4325 rapinas
1896 4270 1994 4307 no-

386 4351 476 4407 lite
503 4353 865 4425 concupiscere
887 4370 906 4407 :
937 4353 1131 4407 divitia:
1157 4353 1202 4407 si
1237 4348 1469 4424 aﬁluan't,
1509 4350 1667 4405 nolite
1695 4366 1785 4404 cor
1824 4360 1992 4420 appo-

388 4429 713 4519 n‘é‘ret‘itsdt.
752 4462 860 4513 ιιι,
884 4428 1006 4518 ιι).

464 4536 527 4592 ΙΙ.
571 4538 917 4608 Quapropter
947 4538 1062 4593 vult
1102 4538 1201 4593 nos
1249 4534 1512 4593 Dominus
1548 4536 1849 4593 *thesauros
1898 4544 1994 4592 no-

388 4637 557 4697 stros,
592 4645 699 4685 non
734 4630 788 4686 in
820 4639 969 4687 terra
996 4631 1088 4686 ubi
1119 4633 1297 4702 perire
1328 4639 1588 4701 possunt,
1620 4630 1719 4685 sed
1751 4631 1805 4684 in
1851 4630 1994 4686 casio

388 4723 716 4797 recondere,
746 4724 838 4780 ubi
877 4724 1029 4780 nulla
1060 4726 1289 4782 adversa
1318 4724 1692 4792 dominantur,
1724 4724 1813 4780 ubi
1843 4723 1995 4780 fures

391 4808 499 4870 non
533 4790 822 4883 ebodidnt,
858 4798 913 4871 id
959 4826 1064 4881 est,
1113 4800 1362 4873 diabolus
1394 4809 1451 4873 ἐι
1488 4790 1681 4889 angeli
1723 4817 1862 4887 ejus,
1890 4829 1995 4870 nec

391 4921 582 4979 :erugo
594 4909 948 4977 exterminat,
967 4908 1020 4964 id
1037 4919 1141 4976 est,
1161 4922 1380 4980 peccata
1400 4911 1777 4966 dominantur.
1794 4910 1996 4978 Quem-

391 4994 689 5059 adiiiodum
735 5013 917 5059 autem
958 4986 1121 5059 ‘huuc
1161 4985 1479 5061 thesaurum
1530 5004 1583 5059 in
1624 5004 1777 5060 cado
1837 5019 1998 5072 repo-

390 5108 526 5150 nere
569 5093 866 5151 debeamus
912 5096 1027 5164 ipse
1076 5096 1334 5151 Dominus
1380 5095 1434 5150 in
1483 5094 1782 5165 Evangelio
1825 5093 1997 5149 mani-

392 5185 575 5251 festat,
606 5186 841 5242 dicendo
870 5187 938 5240 ad
967 5186 1122 5241 illum
1157 5186 1559 5242 adolescentem
1588 5204 1601 5241 :
1638 5184 1806 5253 Vade,
1840 5185 1997 5239 vende

391 5279 567 5332 omnia
596 5294 709 5349 qua:
733 5268 1359 5352 habes,‘da'ptiiiperib'us,
1389 5282 1435 5332 et
1453 5277 1668 5331 "habebis
1695 5276 1995 5331 thesaurum

392 5367 447 5423 in
471 5358 839 5441 cceto'fﬂfallh.
875 5368 989 5436 s'tx,
1012 5350 1645 5441 221).'llujus‘iiioiii'ergo
1679 5368 1991 5434 thesauros,

395 5458 1307 5535 qbi‘azt't‘rlti'sunt'et’inCdrrupti,
1341 5458 1432 5534 qui
1480 5462 1669 5533 'perir'e
1709 5478 1818 5517 non
1870 5478 1993 5532 pos-

396 5565 545 5623 sunt,
570 5572 664 5627 per
685 5574 852 5627 opera
871 5557 1119 5627 justitiae,
1147 5573 1241 5628 per
1266 5557 1487 5630 pietatis
1516 5556 1581 5612 ac
1609 5555 1997 5611 misericordiae

470 5704 497 5730 ιι
541 5695 695 5762 Apud
737 5695 987 5750 Galland.
1017 5713 1030 5751 :
1058 5696 1386 5753 'l‘tucnrus
1436 5692 1631 5762 XV,in
1683 5693 1745 5749 S.
1802 5690 1993 5747 Matth.

401 5760 773 5837 Evangelium.

2080 1828 2258 1883 rizare
2285 1829 2385 1884 sibi
2414 1833 2583 1901 magis
2609 1831 2661 1887 in
2690 1842 2831 1888 terra
2852 1835 3126 1890 maluerit.
3157 1836 3349 1892 Merito
3371 1847 3428 1894 et
3451 1848 3674 1893 sanctus

2081 1916 2377 1991 Apostolus
2406 1926 2569 1978 etiam
2601 1923 2798 1981 divites
2818 1928 3026 1995 s:rculi,
3053 1929 3509 1999 quemadmodum
3532 1931 3678 1987 hunc

2086 2015 2399 2070 thesaurum
2451 2018 2732 2074 cmleSIem
2780 2023 3043 2092 consequi
3097 2024 3328 2094 possint,
3402 2026 3672 2090 hortatur,

2085 2105 2273 2163 dicens
2302 2125 2314 2161 :
2343 2106 2600 2167 Divitibus
2646 2112 2804 2183 hujus
2849 2116 3027 2170 sreculi
3052 2118 3295 2188 principe,
3323 2135 3426 2172 non
3464 2120 3683 2188 superbe

2086 2216 2285 2270 sapere,
2338 2219 2500 2273 neque
2551 2222 2741 2276 ponere
2788 2207 2842 2260 in
2890 2208 3147 2264 incertum
3182 2206 3487 2265 divitiarum
3536 2229 3682 2283 spem

2087 2310 2258 2381 suam,
2290 2295 2383 2349 sed
2413 2297 2467 2350 in
2512 2290 2677 2352 Deum
2710 2301 2900 2369 vivunt,
2932 2304 3021 2373 qui
3070 2315 3279 2373 praestat
3323 2306 3469 2360 nobis
3512 2309 3688 2361 omnia

2090 2384 2414 2441 abundanter
2441 2390 2511 2441 ad
2535 2392 2815 2463 fruendum
2839 2409 2857 2448 :
2886 2394 3011 2449 bene
3040 2397 3262 2465 faciant,
3294 2398 3477 2454 divites
3506 2401 3608 2455 sint
3631 2402 3686 2454 in

2092 2480 2327 2546 operibus
2358 2479 2523 2545 bonis,
2578 2482 2733 2552 facile
2758 2486 3007 2555 tribuant,
3039 2491 3431 2554 communicent,
3480 2491 3693 2548 thesau-

2091 2566 2252 2623 rizent
2299 2571 2396 2625 sibi
2423 2573 2475 2625 in
2502 2577 2759 2643 futurum,
2794 2582 2848 2631 ul
2891 2580 3281 2651 apprehendant
3323 2598 3496 2638 verum
3528 2586 3690 2639 vitam

2094 2660 2143 2731 (l
2168 2660 2307 2717 Tim.
2337 2678 2412 2732 vt,
2447 2666 2673 2740 l7-l9),
2703 2669 2773 2723 ab
2801 2684 2869 2726 eo
2891 2673 2979 2741 qui
3011 2682 3202 2729 auctor
3231 2684 3319 2731 est
3348 2678 3475 2731 vita:
3509 2689 3565 2732 et
3590 2678 3695 2733 im-

2098 2756 2443 2812 mortalitatis
2488 2772 2707 2816 mternte
2737 2780 2748 2816 :
2781 2765 2868 2819 cui
2902 2776 2986 2822 est
3040 2767 3157 2824 laus
3188 2778 3242 2824 et
3270 2770 3469 2841 gloria,
3499 2770 3553 2826 in
3589 2788 3692 2827 sm-

2095 2847 2216 2905 cula
2247 2851 2594 2908 saeculorum.
2629 2853 2827 2911 Amen.

2564 2986 2982 3050 TRACTATUS
3016 2994 3184 3050 XVII.
3208 2993 3243 3034 δ

2382 3100 2448 3156 In
2476 3104 2630 3176 caput
2658 3116 2708 3161 Vl
2745 3106 3013 3181 Evangelii
3045 3102 3107 3168 S.
3143 3100 3402 3170 Hattlttei.

2168 3236 2209 3292 l.
2253 3237 2461 3296 Deinde
2516 3243 2915 3315 eiu-Lucerna,
2962 3249 3166 3321 inquit,
3215 3257 3454 3325 corporis
3496 3260 3571 3312 tui
3622 3271 3698 3314 est

2095 3333 2276 3387 oculus
2300 3344 2419 3389 tuus
2437 3352 2456 3390 :
2497 3337 2542 3391 si
2570 3340 2753 3394 oculus
2776 3350 2897 3397 tuus
2925 3344 3148 3413 simplest:
3183 3357 3283 3414 est,
3308 3359 3483 3405 totum
3500 3370 3697 3423 corpus

2096 3430 2240 3478 tuum
2280 3426 2512 3481 lucidum
2542 3438 2647 3497 est;
2684 3432 2729 3485 si
2752 3444 2921 3489 autem
2958 3438 3145 3493 oculus
3185 3450 3306 3495 tuus
3346 3458 3568 3513 nequam
3595 3458 3688 3513 est,

2096 3524 2259 3569 totunt
2303 3534 2491 3588 corpus
2536 3530 2681 3574 tuum
2728 3524 3052 3580 tenebrosum
3096 3539 3193 3584 est.
3241 3530 3301 3585 Si
3330 3549 3450 3603 ergo
3496 3535 3692 3601 lumen,

2095 3609 2237 3680 quod
2261 3611 2314 3664 in
2338 3622 2385 3665 te
2410 3623 2502 3677 est,
2537 3615 2759 3670 tenebras
2781 3629 2932 3685 sunt;
2957 3621 3179 3677 tenebrae
3199 3624 3326 3693 ipsa:
3348 3638 3555 3693 quanta:
3573 3641 3695 3683 sunt

2098 3702 2324 3773 (Matth.
2349 3720 2421 3771 vt,
2450 3705 2540 3773 22,
2582 3706 2718 3778 24)?
2743 3709 2997 3766 Lucerna
3036 3716 3311 3784 corporis,
3357 3718 3470 3789 90
3492 3735 3693 3776 sensus

2097 3795 2321 3859 mentis,
2355 3804 2410 3850 et
2444 3795 2577 3852 ﬁdes
2615 3799 2797 3854 eordis
2829 3802 3158 3873 intelligitur
3184 3826 3196 3861 :
3220 3822 3342 3877 qua:
3371 3794 3416 3862 si
3444 3811 3502 3864 in
3535 3811 3694 3867 nobis

2100 3902 2231 3956 pura
2276 3895 2332 3941 et
2363 3888 2536 3943 lucida
2570 3890 2754 3958 fuerit,
2784 3895 2903 3949 sine
2933 3894 3101 3951 dubio
3141 3913 3305 3954 omne
3335 3915 3537 3970 corpus
3565 3919 3693 3959 nos-

2101 3990 2239 4034 trum
2272 3979 2561 4035 illuminat.
2608 3983 2818 4040 Idcirco
2846 3997 3030 4042 autem
3062 3988 3284 4045 lucerna
3306 3993 3368 4046 in
3402 4008 3690 4065 compara-

2100 4072 2246 4126 tione
2289 4071 2415 4128 ﬁdei
2461 4074 2699 4143 ponitur,
2729 4077 2854 4146 quia
2882 4077 3026 4133 sicut
3068 4080 3292 4137 lucerna
3326 4084 3691 4142 incedentium

2100 4161 2153 4215 in
2186 4175 2344 4217 nocte
2373 4179 2596 4234 gressus
2624 4167 2915 4236 illuminat,
2947 4186 3013 4225 ne
3044 4182 3139 4228 aut
3167 4174 3220 4228 in
3272 4174 3484 4242 forms,
3515 4190 3608 4235 aut
3636 4182 3693 4237 in

2100 4254 2430 4312 oﬁ‘cndicula
2475 4275 2709 4329 qumque
2763 4263 3109 4321 ambulantes
3155 4266 3477 4327 incurrant:
3506 4271 3582 4328 ita
3635 4274 3689 4331 in

2102 4345 2205 4400 hac
2232 4346 2417 4403 saeculi
2448 4362 2606 4405 nocte
2633 4352 2894 4422 splendor
2926 4356 3055 4412 lidei
3086 4373 3281 4415 omnes
3326 4363 3451 4419 vita:
3468 4376 3688 4422 nostra:

2099 4455 2343 4511 gressus,
2398 4455 2677 4513 praeeunte
2724 4448 2930 4505 lumine
2978 4454 3250 4521 veritatis,
3287 4456 3590 4527 illuminat;
3624 4479 3693 4518 ne

2008 4522 2076 4581 «1)
2101 4544 2191 4590 aut
2223 4537 2274 4589 in
2294 4534 2494 4593 ‘loveas
2523 4542 2892 4609 peccatorum,
2927 4546 3020 4599 au't
3040 4548 3103 4601 'in
3132 4548 3461 4608 oll'endieula
3488 4522 3695 4614 diaboli

2105 4628 2425 4684 incidamus.
2461 4628 2578 4686 Hoc
2598 4641 2682 4687 est
2709 4646 2843 4703 ergo
2863 4638 3004 4706 quod
3037 4639 3112 4694 ait
3144 4641 3406 4700 Dominus
3429 4646 3697 4707 :Lucerna
3754 4694 3775 4703 -

2101 4722 2439 4791 corporis-tui
2468 4732 2542 4776 est
2573 4725 2759 4779 oculus
2799 4737 2916 4782 tuus
2939 4730 3028 4782 :-s‘i
3060 4733 3260 4788 vesulus
3294 4744 3423 4791 itum
3472 4740 3693 4813 simplex

2102 4822 2199 4877 est,
2228 4822 2393 4868 totum
2424 4831 2614 4883 corpus
2643 4825 2790 4870 tuum
2821 4820 3055 4875 lucidum
3081 4835 3157 4879 est
3181 4843 3201 4892 ;
3224 4827 3267 4880 si
3293 4840 3462 4885 autem
3508 4835 3691 4890 oculus

2103 4914 2218 4958 tuus
2242 4921 2458 4975 nequam
2490 4916 2589 4974 est,
2619 4918 2783 4962 totum
2809 4927 2998 4984 corpus
3027 4923 3170 4971 tuum
3199 4923 3539 4979 tenebrosum
3573 4941 3647 4983 est
3677 4946 3695 4984 :
3719 4950 3745 4976 ι

2098 5000 2417 5067 Ostendens,
2446 5001 2573 5071 quia
2616 5004 2668 5058 ei
2713 5004 2829 5060 hzec
2876 5005 3014 5062 ﬁdes
3046 5020 3255 5074 nostra.
3304 5032 3427 5086 quae
3466 5018 3690 5077 lucerna

2099 5091 2347 5159 corporis
2381 5093 2459 5147 vel
2490 5092 2649 5148 oculo
2690 5096 3052 5168 signiﬁcatur,
3094 5100 3148 5156 in
3182 5106 3340 5163 nobis
3371 5121 3463 5165 aut
3492 5127 3689 5181 pecca-

2100 5195 2276 5239 torum
2326 5186 2586 5253 tenebris,
2624 5196 2717 5241 aut
2749 5191 2986 5258 perﬁdia:
3038 5194 3376 5256 obscuritate
3415 5212 3686 5272 emetur;

2100 5277 2221 5333 sine
2273 5276 2460 5341 dubio,
2503 5294 2671 5335 omne
2698 5295 2900 5351 corpus
2934 5295 3179 5342 nostrum
3219 5290 3694 5354 obseeruurlene-

2103 5367 2433 5437 brosumque
2463 5367 2731 5425 redditur.
2767 5372 2925 5440 Quod
2954 5376 3127 5445 ipsum
3156 5380 3214 5435 S.
3239 5381 3475 5439 Joannes
3510 5398 3697 5444 osten-

2104 5460 2203 5527 dit,
2231 5462 2418 5518 dicens
2451 5481 2463 5517 :
2491 5461 2631 5520 Deus
2682 5464 2776 5520 lux
2820 5477 2892 5522 est
2919 5483 2938 5522 :
2971 5469 3041 5524 Et
3071 5472 3218 5536 τρυε
3271 5475 3486 5531 alterum
3545 5480 3699 5538 habit

2107 5557 2319 5626 fratrem
2348 5572 2522 5624 suum,
2559 5558 2669 5629 ipse
2690 5568 2761 5613 est
2794 5560 2847 5615 in
2886 5563 3116 5628 tantine;
3138 5566 3226 5633 qui
3246 5580 3425 5624 autem
3450 5575 3565 5629 odit
3592 5579 3705 5646 [να-

2108 5690 2208 5773 Ἧι»
2249 5690 2402 5773 Apud
2436 5692 2707 5748 'Calland.
2738 5693 3260 5766 τιτπιεοιγιωειὲκω,
3291 5706 3367 5758 ~in
3396 5706 3459 5763 Β.
3506 5709 3714 5773 Matth.

2116 5756 2479 5834 Evattgelinm.
