4270 6176
546 230 649 287 567

1553 231 1616 289 S.
1656 228 2297 290 CHROMATIFEPISC.
2341 229 2820 301 AQUILEIENSIS

3730 235 3840 293 568

542 351 673 394 trem
697 356 867 407 suum,
898 341 953 395 in
974 340 1194 395 tenebris
1215 339 1465 406 ambulat,
1509 349 1555 394 et
1580 342 1739 395 nescit
1768 341 1852 394 ubi
1878 341 2131 408 ambulat,
2161 347 2211 403 Α
2239 342 2518 412 quissimm
2542 357 2656 399 suae
2682 343 2941 414 subiugat
2978 343 3252 410 servituti,
3282 351 3335 399 et
3378 346 3577 415 quibus
3606 359 3703 417 per
3733 346 3841 401 ini-

542 432 663 501 quia
689 433 911 488 tenebrat
954 435 1334 487 obcwcauerunt
1373 432 1548 487 oculos
1580 436 1691 504 ejus
1729 432 1959 503 (lloan.
2000 450 2040 499 ι,
2070 435 2137 499 5;

544 544 604 596 ιι,
641 528 858 597 10,11).
893 527 1016 582 Etsi
1037 527 1141 582 hoc
1163 527 1229 582 de
1257 541 1325 582 eo
1347 528 1437 597 qui
1454 527 1676 582 fratrem
1712 543 1866 582 suum
1893 527 2028 593 odit,
2057 543 2142 582 se-

544 623 779 677 cundum
806 622 1005 675 dictum
1036 620 1289 687 Joannis,
1315 620 1663 690 intelligitur;
1693 622 1961 692 inquibus
1993 631 2143 677 tene-

538 716 653 770 bris
678 715 967 770 lnereticus
990 714 1305 769 demoretur
1326 714 1441 785 qui,
1466 717 1670 770 amisso
1690 715 1895 770 lumine
1909 715 2143 770 catholi-

541 823 621 863 ca:
655 806 919 870 veritatis,
937 806 1178 876 perﬁdus
1205 821 1268 861 ac
1288 807 1638 877 blasphemus
1654 808 2141 873 existit,debemus

539 902 850 958 advertere.
892 902 957 958 Et
1000 901 1123 958 ideo
1165 903 1240 958 ait
1274 904 1571 958 Dominus:
1603 903 1664 958 Si
1695 904 1890 966 lumen,
1941 901 2138 972 inquit,

540 993 680 1062 quod
720 995 776 1047 in
824 1004 873 1049 te
920 1004 1017 1061 est,
1052 995 1274 1048 tenebra:
1318 1002 1475 1060 sunt;
1517 994 1735 1049 tenebrw
1773 994 1899 1065 ipsa:
1936 1002 2142 1062 quantm

540 1088 703 1140 sunt?
740 1086 799 1139 In
829 1086 937 1157 91
967 1100 1033 1141 eo
1060 1085 1299 1153 scilicet,
1329 1087 1422 1156 qui
1482 1086 1768 1141 veritatem
1815 1085 1871 1139 in
1914 1081 2142 1139 menda-

537 1179 704 1244 cium,
739 1178 900 1235 ﬁdem
931 1180 985 1234 in
1016 1179 1299 1250 perﬁdiam
1329 1179 1721 1234 demutaverit.

612 1272 674 1327 11.
718 1272 1064 1328 Alioautem
1114 1288 1275 1328 sensu
1326 1273 1543 1328 oculum
1592 1271 1865 1342 corporis,
1922 1270 2017 1341 qui
2058 1277 2143 1326 est

539 1366 801 1421 membris
821 1366 1074 1421 omnibus
1095 1364 1375 1435 pulchrior
1396 1381 1459 1418 ac
1488 1366 1801 1435 pretiosior,
1824 1364 2141 1434 episcopum

532 1460 875 1515 advertimus
906 1459 1295 1530 signiﬁcatum,
1331 1458 1421 1528 qui
1446 1459 1597 1513 clara
1626 1457 1755 1512 ﬁdei
1779 1471 1893 1511 suae
1918 1471 1981 1511 ac
2009 1455 2143 1510 doc-

536 1556 699 1611 trinae
727 1553 1150 1625 prmdicatione,
1182 1552 1334 1608 velut
1371 1551 1561 1607 oculus
1591 1550 1837 1620 quidam,
1876 1548 2141 1604 Ecclesiae

535 1664 736 1721 corpus
767 1649 1057 1705 illuminat.
1107 1648 1243 1715 Qui,
1278 1646 1324 1701 si
1372 1660 1473 1716 per
1517 1643 1823 1715 simplicem
1871 1641 2034 1697 ﬁdem
2077 1656 2141 1696 ac

2245 434 2470 505 quitatis
2499 450 2612 490 suae
2638 451 2803 506 opera
2831 435 3027 491 illicito
3049 435 3176 506 jure
3207 437 3538 492 dominatur.
3572 437 3684 493 Hac
3713 454 3842 505 ergo

2244 528 2312 583 de
2343 543 2503 583 causa
2545 538 2603 584 et
2632 530 2747 598 ipse
2782 544 2882 584 suo
2912 530 3035 584 loco
3070 529 3325 585 dominus
3354 530 3680 599 appellatur,
3717 534 3843 601 quia

2246 619 2555 690 bujusmodi
2584 621 2766 677 stultis
2795 621 3113 677 hominibus
3142 637 3237 691 per
3268 632 3553 691 peccatum
3594 623 3845 679 domina-

2247 721 2358 767 tur.
2389 712 2458 767 Et
2488 712 2692 768 idcirco
2737 715 2997 783 scriptum
3030 722 3116 770 est
3144 730 3158 767 :
3211 714 3315 780 Qui
3354 715 3479 785 facit
3529 726 3796 786 peccatum
3824 759 3839 784 ,

2245 820 2420 859 servus
2464 817 2541 861 est
2566 809 2761 875 peccati
2789 806 2969 880 (Joan.
3004 823 3133 873 vnt,
3163 808 3281 879 54).
3313 808 3418 865 Sed
3453 810 3577 879 qttia
3596 810 3706 880 jam
3740 827 3843 881 per

2244 896 2345 953 Dei
2381 898 2809 955 misericordiam
2834 900 3060 967 visitati,
3092 900 3304 955 liberati
3338 901 3406 956 de
3430 901 3631 957 diaboli
3663 903 3840 959 domi-

2245 992 2485 1059 natione,
2546 1008 2733 1047 verum
2790 993 3080 1047 Dominum
3133 994 3590 1064 recognovimus,
3649 1010 3678 1048 a
3730 1011 3843 1066 quo

2245 1087 2414 1142 creati
2460 1096 2515 1142 et
2544 1088 2814 1157 redempti
2855 1102 3079 1152 sumus;
3126 1087 3295 1156 priori
3340 1087 3598 1156 domino,
3649 1087 3705 1143 id
3735 1098 3839 1155 est,

2246 1178 2489 1246 diabolo,
2514 1180 2608 1251 qui
2638 1180 2793 1235 nobis
2815 1196 2965 1235 more
2988 1180 3270 1251 tyrannico
3288 1180 3693 1245 dominabatur,
3727 1197 3844 1237 ser-

2245 1276 2362 1330 vire
2391 1274 2744 1345 prohibemur
2774 1292 2787 1329 :
2818 1273 2903 1329 vel
2950 1274 3131 1344 potius
3173 1274 3416 1329 avaritiae
3445 1282 3503 1330 et
3527 1276 3839 1345 cupiditati,

2245 1383 2407 1437 quam
2455 1382 2823 1423 mammonam
2868 1374 3163 1437 nuncupat,
3210 1382 3331 1437 quze
3373 1365 3645 1423 interdum
3677 1368 3840 1424 etiam

2245 1459 2533 1530 religiosas
2564 1469 2774 1516 mentes
2798 1459 3078 1529 captivare
3104 1459 3409 1515 consuevit.
3452 1458 3613 1516 Unde
3651 1460 3842 1531 fugere

2246 1568 2309 1608 ac
2341 1554 2515 1609 vitare
2554 1554 2820 1610 debemus
2865 1552 3215 1622 cupiditatem
3248 1553 3514 1622 pecuniae,
3560 1554 3841 1608 avaritiam

2247 1648 2469 1713 saeculi,
2500 1663 2569 1703 ne
2610 1664 2712 1702 nos
2760 1647 2997 1717 indignae
3028 1646 3279 1701 servituti
3322 1646 3463 1717 ejus,
3507 1646 3593 1702 vel
3624 1646 3843 1703 diabolo

534 1754 783 1800 sanctam
809 1742 1307 1809 conversationem,
1335 1740 1643 1795 catholicus
1668 1750 1722 1794 et
1745 1738 1927 1795 ﬁdelis
1949 1737 2143 1793 doctor
2172 1737 2221 1797 B
2247 1740 2340 1812 qui
2369 1749 2561 1795 auctor
2587 1749 2671 1795 est
2696 1738 2972 1807 avaritiae,
3005 1738 3379 1809 subjngemus.

533 1837 841 1901 exstiterit,
882 1843 1065 1905 potest
1092 1834 1331 1905 populus
1363 1833 1449 1887 cui
1505 1842 1737 1901 praeest,
1772 1830 2043 1885 doctrinae
2078 1844 2141 1885 ac

536 1931 727 1985 forma:
757 1930 926 1999 ipsius
957 1929 1243 1997 exemplo,
1293 1927 1345 1980 in
1388 1925 1594 1981 lumine
1635 1940 1852 1994 semper
1884 1923 2141 1980 veritatis

533 2038 781 2079 manere.
817 2022 1018 2077 Verum
1059 2021 1107 2075 si
1156 2020 1233 2086 is,
1288 2020 1380 2089 qui
1422 2019 1603 2073 lumen
1649 2018 1864 2072 (κεῖθι-ῖς
1895 2016 2144 2087 praebere

535 2118 773 2184 videtur,
824 2132 920 2188 per
966 2130 1191 2187 pravam
1230 2113 1391 2170 ﬁdem
1426 2124 1518 2168 aut
1544 2128 1642 2183 per
1665 2120 1879 2181 turpem
1911 2125 2145 2166 conver-

536 2214 828 2276 sationem,
854 2225 1089 2280 nequam
1124 2218 1177 2263 et
1202 2207 1447 2278 perﬁdus
1467 2206 1660 2261 doctor
1688 2203 1993 2269 exstiterit;
2024 2204 2144 2258 sine

534 2307 726 2373 dubio,
752 2305 881 2361 vitae
904 2319 968 2359 ac
998 2303 1241 2373 perﬁdia:
1276 2317 1390 2355 sua:
1432 2300 1712 2370 exemplo,
1747 2307 1920 2354 totum
1945 2311 2143 2367 corpus

531 2410 713 2472 potest
743 2399 1097 2456 tenebrosum
1146 2396 1389 2453 efﬁcere.
1422 2393 1581 2450 Unde
1622 2410 1732 2447 non
1766 2391 2044 2446 immerito
2074 2389 2145 2445 de

536 2496 638 2550 tali
662 2494 823 2550 oculo
856 2492 1118 2547 Dominus
1146 2490 1279 2544 dicit
1310 2506 1323 2542 :
1359 2488 1419 2543 Si
1462 2488 1635 2541 lumen
1668 2486 1807 2556 quod
1854 2485 1908 2538 in
1951 2494 1997 2537 te
2044 2490 2139 2548 est,

536 2590 757 2645 tenebrat
785 2596 943 2651 sunt;
974 2584 1196 2640 tenebra:
1226 2583 1357 2652 ἄρδω
1381 2589 1588 2652 quanta:
1615 2579 1774 2648 sunt!
1814 2577 1928 2631 lloc
1955 2584 2061 2642 est,
2096 2573 2143 2630 si

534 2679 852 2752 bujusmodi
878 2677 1076 2734 doctor
1122 2676 1213 2746 qui
1266 2676 1451 2729 lumen
1503 2671 1627 2727 ﬁdei
1659 2687 1728 2727 ex
1782 2684 1843 2724 se
1896 2670 2143 2741 praebere

531 2775 751 2833 caeteris
779 2772 968 2837 debet,
1001 2785 1097 2840 per
1145 2767 1404 2823 haeresim
1438 2766 1771 2829 obcaecatus,
1816 2763 2144 2819 tenebrosus

538 2867 846 2930 exstiterit;
877 2871 1093 2933 quantae
1123 2861 1178 2916 in
1216 2860 1417 2930 populo
1449 2859 1542 2913 illo
1586 2856 1803 2928 possint
1830 2871 1956 2911 esse
1990 2864 2145 2912 tene-

537 2960 651 3015 brat
684 2965 1058 3029 peccatorum,
1090 2952 1353 3009 debemus
1380 2950 1673 3005 advertere
1699 2950 1712 3002 !

614 3053 704 3109 Ill.
749 3053 819 3107 Et
844 3049 1053 3107 addidit
1085 3066 1099 3104 :
1143 3048 1311 3102 Nemo
1348 3054 1518 3115 potest
1547 3043 1747 3099 duobus
1788 3042 2009 3098 dominis
2035 3059 2143 3097 ser-

2317 1833 2407 1888 ιν.
2452 1834 2521 1887 Et
2553 1832 2655 1887 hoc
2682 1840 2766 1888 est
2807 1830 2950 1902 quod
3001 1830 3079 1885 ait
3104 1830 3414 1886 Dominus:
3463 1829 3631 1885 Nemo
3682 1839 3844 1901 potest

2245 1929 2445 1983 duobus
2476 1927 2699 1981 dominis
2729 1927 2923 1981 servire
2952 1942 2971 1980 :
3013 1934 3101 1979 aut
3131 1924 3265 1977 enim
3307 1940 3468 1978 unum
3496 1924 3659 1992 odiet,
3691 1933 3739 1979 et
3764 1923 3844 1976 al-

2246 2032 2413 2077 terum
2461 2021 2675 2087 antabit,
2730 2028 2823 2074 aut
2872 2035 3031 2073 unum
3057 2019 3321 2088 patietur,
3371 2028 3420 2072 et
3459 2018 3681 2072 alterunt
3735 2017 3845 2088 93

2244 2124 2527 2169 contemnet
2551 2131 2570 2168 :
2594 2113 2721 2182 quia
2744 2112 3076 2184 quicumque
3105 2126 3175 2166 ex
3210 2120 3325 2165 toto
3351 2109 3521 2166 corde
3553 2108 3841 2163 Dominum

2244 2225 2311 2265 ac
2342 2210 2511 2264 Deum
2560 2224 2717 2264 suum
2768 2208 2966 2278 diligit,
3020 2222 3245 2263 necesse
3274 2215 3359 2262 est
3413 2205 3692 2261 diabolum
3720 2220 3845 2260 cum

2246 2302 2359 2358 suis
2388 2301 2600 2357 actibus
2631 2300 2842 2367 oderit;
2872 2301 3001 2371 quia
3041 2301 3097 2355 in
3124 2299 3419 2355 dilectione
3448 2298 3542 2354 Dei
3588 2297 3845 2354 manifes-

2246 2402 2359 2450 tum
2394 2404 2477 2450 est
2518 2394 2793 2450 diabolum
2834 2408 3051 2464 semper
3082 2394 3134 2449 in
3174 2392 3583 2449 execrationem
3631 2391 3842 2447 haberi.

2247 2483 2448 2541 Verum
2472 2486 2585 2554 qui,
2620 2500 2715 2553 per
2741 2484 2923 2553 iniqua
2968 2499 3135 2553 opera
3163 2495 3533 2553 peccatorum,
3581 2499 3846 2539 mammo-

2246 2593 2371 2634 nam
2401 2579 2488 2635 vel
2519 2578 2793 2635 diabolum
2834 2578 3044 2648 diligit,
3079 2577 3335 2634 faciendo
3374 2578 3547 2649 ipsius
3590 2577 3845 2633 volunta-

2249 2681 2378 2737 tem,
2411 2672 2580 2726 Deum
2609 2687 2795 2726 amare
2821 2687 2929 2726 non
2960 2680 3164 2741 potest,
3211 2670 3370 2741 cujus
3416 2679 3685 2741 praecepta
3716 2685 3849 2727 con-

2248 2765 2461 2820 temnit.
2490 2766 2559 2820 Et
2590 2765 2714 2821 ideo
2744 2766 2835 2835 qui
2862 2765 3031 2820 Deum
3058 2766 3252 2836 diligit,
3283 2780 3475 2821 servus
3506 2764 3714 2821 diaboli
3738 2779 3847 2819 non

2248 2868 2425 2929 potest
2464 2859 2801 2928 nuncupari;
2853 2858 2936 2913 cui
2975 2857 3086 2927 jam
3126 2859 3244 2929 ipse
3276 2874 3371 2928 per
3400 2858 3561 2914 ﬁdem
3602 2857 3848 2914 cmlestis

2244 2952 2432 3023 gratiae
2460 2950 2788 3006 dominatur.
2818 2958 2847 2988 ἰ
2872 2950 3138 3006 Similiter
3180 2959 3235 3006 et
3259 2950 3352 3022 qui
3386 2950 3624 3021 peccatis
3649 2949 3847 3005 deser-

2247 3049 2424 3112 viens,
2458 3044 2814 3100 dominationi
2851 3060 2910 3099 se
2949 3043 3237 3100 diabolicae
3271 3043 3498 3111 subdit;
3531 3040 3848 3113 bujusmodi

539 3149 798 3201 uire:aut
845 3145 982 3197 enim
1010 3157 1171 3195 unum
1221 3141 1380 3207 odiet,
1409 3148 1455 3193 et
1507 3138 1726 3192 alterum
1776 3136 2006 3207 diliget:
2050 3144 2139 3191 aut
2167 3125 2213 3189 C
2247 3141 2415 3197 Deum
2442 3141 2644 3195 habere
2670 3139 2955 3193 Dominum
3008 3154 3116 3193 non
3169 3147 3433 3194 meretur.
3491 3137 3558 3192 Et
3589 3136 3713 3192 ideo
3768 3136 3846 3190 ait

542 3253 703 3290 unum
725 3234 1019 3299 sustinebit,
1047 3241 1097 3287 et
1114 3233 1333 3286 alterunt
1384 3239 1693 3284 contemnet.
1754 3227 1878 3282 Non
1929 3230 2143 3297 potestis

540 3329 653 3383 Deo
674 3328 861 3382 servire
886 3337 934 3380 et
972 3341 1275 3379 mammona:
1306 3321 1527 3393 (Matth.
1556 3339 1643 3390 v1,
1683 3320 1800 3393 24).
1833 3321 1951 3375 Non
1980 3335 2144 3391 posse

540 3414 985 3487 unumquen‘lque
1017 3422 1267 3469 nostrum
1295 3412 1511 3467 duobus
1550 3411 1788 3466 dominis
1828 3412 2059 3476 servire,
2090 3412 2141 3465 id

545 3522 651 3577 ρει,
692 3512 808 3566 Deo
846 3520 901 3565 et
929 3508 1174 3574 diabolo,
1206 3507 1472 3563 Dominus
1510 3506 1796 3562 manifeste
1822 3507 1931 3578 92
1960 3505 2144 3560 decla-

542 3616 651 3662 rat.
685 3605 754 3660 Et
786 3605 925 3660 Deus
947 3603 1191 3674 quidem,
1220 3600 1464 3672 quamvis
1487 3599 1743 3656 dominus
1767 3602 2012 3655 omnium
2045 3599 2143 3664 sit,

542 3701 670 3769 quia
698 3699 880 3753 omnia
923 3696 993 3751 ab
1023 3697 1143 3767 ipso
1185 3704 1371 3751 creata
1405 3703 1533 3749 sunt
1559 3702 1616 3749 et
1644 3694 1698 3748 in
1744 3693 1999 3748 erunibus
2032 3692 2148 3762 ipse

540 3792 881 3854 dominatur,
908 3796 1202 3860 potestate,
1230 3789 1450 3851 virtute,
1484 3797 1708 3853 natura;
1743 3788 1935 3841 horum
1965 3796 2145 3841 tamen

538 3884 818 3954 prtecipue
844 3882 1110 3936 Dominus
1138 3895 1261 3935 esse
1292 3880 1567 3950 dignatur,
1607 3879 1701 3949 qui
1745 3879 2039 3934 Dominum
2083 3893 2147 3933 ac

544 3978 717 4032 Deum
749 3990 931 4042 suum,
962 3974 1304 4029 conditorem
1328 3973 1699 4028 universitatis
1726 3981 2140 4043 cognoscentes,

543 4079 814 4141 prmcepta
854 4069 973 4139 ejus
1005 4068 1153 4123 ﬁdeli
1200 4067 1467 4123 servitute
1495 4067 1832 4123 custodiunt.
1885 4067 2144 4123 Diabolus

540 4178 699 4230 vero,
731 4163 925 4217 borum
960 4170 1141 4217 tamen
1173 4161 1431 4216 dominus
1457 4160 1800 4230 intelligitur,
1838 4176 1975 4230 quos
2005 4176 2145 4216 ave-

546 4273 609 4313 ro
639 4256 871 4312 Domino
898 4271 962 4312 ac
990 4265 1217 4326 parente
1244 4254 1515 4310 seduceus
1555 4270 1655 4325 per
1686 4263 1965 4324 peccatum
1984 4296 1998 4321 ,
2044 4271 2143 4312 ne-

2250 3234 2563 3289 Dominus:
2614 3230 2739 3286 Non
2783 3232 2991 3303 potestis
3038 3230 3148 3285 Deo
3196 3230 3385 3285 servire
3401 3239 3448 3284 et
3493 3244 3797 3285 mammona:
3828 3244 3848 3282 :

2250 3326 2546 3383 ostendens
2578 3340 2678 3379 nos
2711 3338 2815 3379 non
2855 3338 3014 3394 posse
3043 3331 3099 3379 et
3124 3323 3238 3379 Deo
3280 3320 3489 3378 servire
3516 3330 3574 3377 et
3601 3320 3848 3385 diabolo,

2250 3420 2304 3475 id
2336 3428 2441 3488 est,
2474 3420 2586 3474 Deo
2613 3416 3008 3473 misericordia:
3046 3415 3288 3481 auctori,
3334 3424 3387 3470 et
3416 3414 3636 3469 diabolo
3682 3428 3851 3468 mam-

2251 3531 2429 3572 mona:
2453 3523 2508 3570 et
2546 3514 2789 3569 avaritiae
2816 3510 3168 3567 dominatori.
3218 3510 3330 3565 Hoc
3356 3518 3413 3565 et
3437 3509 3733 3580 Apostolus
3761 3523 3849 3563 os-

2250 3608 2442 3673 tendit,
2488 3622 2611 3662 cum
2643 3606 2821 3661 dicit:
2877 3604 3007 3671 Quae
3059 3604 3276 3659 societas
3323 3604 3452 3659 lucis
3504 3604 3573 3657 ad
3618 3603 3850 3657 tenebras

2251 3699 2317 3771 (11
2339 3699 2459 3754 Cor.
2492 3716 2580 3765 v1,
2637 3699 2771 3768 M)?
2816 3698 3145 3765 Mammona,
3199 3697 3254 3752 id
3299 3708 3405 3763 est,
3450 3696 3721 3762 diabolus,
3755 3695 3847 3765 qui

2249 3803 2440 3848 auctor
2465 3804 2550 3847 est
2598 3806 2947 3847 mammonte.
2998 3791 3091 3846 Ille
3152 3806 3253 3846 uos
3298 3789 3364 3845 ad
3415 3787 3848 3845 misericordiam

2250 3896 2531 3956 provocat,
2585 3887 2673 3941 hic
2723 3886 2789 3941 ad
2841 3885 3158 3950 avaritiam;
3206 3885 3300 3940 ille
3339 3884 3405 3939 ad
3446 3884 3627 3950 vitam,
3662 3882 3751 3937 hic
3780 3882 3849 3937 ad

2252 3988 2515 4045 mortem;
2549 3979 2640 4033 ille
2683 3979 2749 4033 ad
2797 3980 3053 4046 salutem,
3103 3977 3191 4033 hic
3235 3977 3303 4031 ad
3333 3976 3717 4046 perditionem.
3750 3972 3851 4030 Cui

2251 4074 2322 4130 de
2352 4075 2565 4129 duobus
2586 4074 2963 4143 obtemperare
2984 4071 3281 4127 debemus?
3316 4071 3379 4126 Ei
3411 4071 3600 4140 utique
3629 4068 3723 4139 qui
3754 4082 3853 4124 nos

2251 4165 2319 4220 ad
2351 4166 2513 4219 vitam
2543 4165 2754 4230 invitat,
2786 4179 2894 4219 non
2915 4164 2966 4220 ei
2995 4163 3086 4235 qui
3118 4177 3217 4219 nos
3239 4160 3493 4219 traditad
3522 4168 3851 4217 mortem....

2250 4260 2473 4332 Reliqua
2503 4261 2882 4316 desiderantur.

619 4379 643 4406 ιι
684 4367 985 4423 Clariorem
1013 4366 1299 4422 lectionem
1326 4365 1413 4421 hic
1442 4365 1777 4434 praetulimus
1811 4366 2141 4425 Basileensis
2181 4372 2396 4439 primae,
2429 4382 2591 4443 atque
2616 4373 2861 4445 Grynaai.

617 4466 3859 4492 Μ

1180 4549 1289 4621 95
1352 4544 1714 4628 DICTA
1791 4542 1863 4627 A
1938 4547 2396 4632 SANCTO
2472 4551 3221 4660 CHROMATIO,

1392 4684 1556 4744 Dum
1601 4685 1942 4765 Presbyter
1985 4694 2154 4748 esset
2194 4690 2627 4767 Aquileiensis
2672 4693 2998 4772 Ecclesiae,

552 4833 561 4863 ;
632 4790 713 4852 In
738 4787 1026 4853 Concilio
1057 4788 1354 4867 Aquileice
1382 4786 1618 4861 habito,
1653 4806 1818 4850 anno
1850 4788 1992 4864 381,
2022 4790 2134 4852 sub
2166 4800 2385 4855 sancto
2424 4796 2758 4858 Valeriano
2789 4800 3080 4880 episcopo
3114 4801 3517 4882 Aquileiensi,
3546 4813 3768 4867 contra

1353 4887 1717 4949 Palladium
1746 4897 1804 4949 et
1827 4888 2294 4954 Secunditmum
2326 4894 2679 4957 erelicos
2712 4898 2987 4961 Arianos
3018 4924 3039 4963 :

611 4990 708 5053 (Ex
749 4990 914 5040 Gestis
955 4988 1176 5052 ejusdem
1214 4988 1404 5041 concilii
1444 4989 1808 5054 Aquileiensis,
1851 4992 1979 5042 inter
2022 4992 2187 5056 Opera
2250 4998 2403 5046 sancti
2427 4995 2669 5049 Ambrosii
2694 5001 2923 5054 editionis
2940 5004 3348 5059 ParisiensisBB.
3373 5008 3426 5059 S.
3453 5008 3607 5059 Mauri
3646 5010 3789 5071 1686,

1535 5075 1675 5137 1690,
1701 5082 1831 5130 ιοωο
1855 5077 1919 5141 ll,
1944 5077 2039 5130 col.
2065 5080 2176 5143 798,
2203 5081 2331 5147 §45,
2356 5092 2407 5134 et
2430 5083 2521 5137 col.
2546 5085 2657 5150 800,
2684 5087 2836 5151 §51.)

624 5271 901 5326 Palladius
930 5272 1096 5327 dixit:
1124 5271 1286 5328 Modo
1311 5275 1465 5330 vultis
1495 5284 1769 5330 tractatum
1798 5277 2007 5348 plenum
2046 5278 2143 5334 Ita-
2170 5284 2225 5345 D
2321 5281 2605 5340 Palladius
2632 5286 2763 5343 dixit
2781 5303 2800 5342 :
2825 5289 3100 5345 Auditores
3122 5293 3350 5347 ueniant.

556 5366 684 5432 beri,
716 5380 785 5418 an
811 5364 955 5419 non?

614 5460 960 5516 Cunona'rws
1003 5460 1269 5531 presbyter
1310 5461 1485 5515 dixit:
1531 5462 1849 5519 Creaturam
1899 5479 2005 5518 non
2049 5480 2152 5521 ne-

550 5552 711 5619 gasti,
738 5559 1015 5620 potentem
1043 5550 1273 5619 negasti.
1292 5550 1485 5606 Omnia
1516 5553 1749 5623 negasti,
1771 5571 1891 5625 quae
1912 5556 2043 5612 ﬁdes
2064 5572 2156 5614 ca-

560 5642 760 5697 tholica
793 5642 1099 5712 proﬁtetur.

2327 5374 2678 5435 CHROMATIUS
2705 5381 2971 5453 presbyter
2996 5382 3167 5439 dixit:
3196 5385 3355 5441 Salva
3391 5386 3854 5443 condemnatione

2254 5470 2612 5539 sacerdotali;
2641 5474 2771 5543 quin
2799 5484 2854 5531 et
2882 5476 2975 5546 qui
3009 5476 3237 5533 Palladii
3262 5487 3424 5548 sunt,
3460 5488 3488 5517 ει
3517 5480 3682 5536 etiam
3708 5496 3855 5537 nunc

2258 5559 2312 5614 in
2346 5560 2509 5632 pleno
2539 5562 2808 5636 legantur.

632 5763 656 5791 τι
698 5754 858 5809 Rom.
890 5754 1043 5811 Edit:
1073 5756 1229 5813 etiam
1256 5774 1390 5813 nunc
1414 5761 1711 5818 audiantur.
1756 5762 1890 5820 Alite
1917 5780 1980 5821 ac
2004 5765 2142 5823 Tell.
2177 5778 2236 5826 ut
2264 5770 2315 5827 in
2349 5780 2520 5829 textu.
