4270 6176
340 279 446 336 560
1599 274 1893 333 SCRIPTA
1932 275 2374 334 APOCRYPHA.
3536 274 3642 329 370

336 398 3645 433 ΜΝ

1443 548 1551 622 97
1633 530 2662 642 APPENDIX.

708 734 1202 820 SCRIPTA
1276 733 1961 819 DEPERDITA
2037 735 2463 819 SANCTI
2540 731 3249 819 CHROMATII.
3340 786 3348 793 -

405 1056 679 1112 Tractatus
707 1055 897 1127 procul
928 1053 1096 1109 dubio
1125 1068 1222 1110 seu
1261 1052 1675 1108 Commentarios
1705 1052 1926 1121 scripsit
1954 1055 2009 1113 Α
2033 1052 2254 1121 scripsit
2278 1061 2499 1107 sanctus
2518 1051 2843 1107 Chromatius
2870 1052 2938 1108 ab
2966 1053 3120 1108 initio
3148 1053 3429 1126 Evangelii
3466 1056 3642 1110 sancti

330 1159 554 1206 sanctus
583 1148 916 1203 Chromatius
940 1146 1306 1217 Aquileiensis
1335 1146 1624 1215 episcopus
1669 1145 1722 1197 in
1758 1145 1930 1198 Evan-

329 1243 520 1315 gelium
535 1241 701 1295 sancti
715 1240 977 1306 Matt/imi,
994 1240 1063 1294 ab
1085 1240 1203 1308 ipso
1228 1238 1371 1293 illius
1387 1240 1527 1293 sacri
1545 1237 1754 1292 Textus
1772 1253 1932 1292 exor-

328 1336 420 1391 dio
447 1350 622 1406 usque
660 1334 850 1389 saltem
886 1332 954 1388 ad
992 1333 1233 1403 ejusdem
1268 1347 1389 1402 cap.
1423 1349 1509 1400 vr,
1539 1346 1681 1387 vers.
1706 1333 1811 1398 24,
1837 1332 1928 1386 ubi

328 1428 531 1483 desinit
554 1425 826 1480 Tractatus
848 1425 1094 1491 ultimus,
1110 1424 1489 1495 quisuperest,
1512 1425 1569 1478 in
1590 1423 1729 1479 idem
1750 1424 1930 1479 Evan-

326 1522 548 1593 gelium.
572 1520 711 1576 Cum
737 1519 1014 1573 Tractatus
1037 1517 1348 1587 hujusmodi
1378 1519 1493 1573 sive
1514 1517 1927 1572 Commentarios

324 1613 613 1684 scripserit
636 1619 861 1667 sanctus
892 1620 1084 1666 noster
1114 1612 1426 1681 episcopus,
1458 1619 1513 1664 ut
1544 1611 1825 1681 privatim'
1849 1611 1927 1665 le-

322 1706 535 1777 gendos
565 1705 810 1760 traderet
856 1704 921 1759 ad
969 1705 1109 1773 piam
1161 1704 1397 1759 tidelium
1442 1704 1924 1771 exercitationem,

325 1810 488 1872 prout
508 1800 847 1871 conjeeimus
870 1800 921 1853 in
949 1799 1274 1860 Prwfatione
1294 1815 1359 1853 ex
1385 1800 1565 1855 verbis
1594 1800 1727 1869 ipsis
1753 1801 1924 1854 sancti

322 1894 577 1949 Prmsnlis
599 1934 613 1959 ,
646 1908 769 1963 qua:
808 1892 1079 1947 habentur
1111 1890 1361 1945 Tractatu
1390 1891 1423 1945 5
1444 1934 1459 1958 ,
1494 1907 1640 1946 num.
1678 1891 1746 1957 ‘2;
1798 1891 1926 1947 hinc

315 1986 439 2056 jure
472 1986 778 2052 inferimus,
812 1986 1062 2041 eumdem
1098 1984 1373 2041 Tractatus
1403 2001 1499 2041 seu
1520 1985 1925 2040 Commentarios

319 2096 452 2136 suos
480 2079 769 2135 inchoasse
804 2079 873 2134 ab
914 2078 1146 2134 exordio
1179 2079 1327 2135 illius
1354 2079 1669 2149 Evangelii,
1699 2088 1755 2135 et
1786 2078 1926 2135 inte-

318 2190 449 2245 gros
482 2174 800 2243 perduxisse
821 2216 836 2240 ,
867 2174 1071 2245 absque
1100 2174 1211 2228 ullo
1238 2174 1407 2240 hiatu,
1442 2173 1510 2228 ad
1542 2175 1722 2229 minus
1752 2189 1925 2245 usque

317 2266 386 2322 ad
420 2265 725 2321 Tractatum
769 2267 1013 2321 ultimum
1063 2282 1223 2337 quem
1259 2267 1555 2334 habemus,
1590 2269 1680 2337 qui
1718 2269 1772 2322 in
1823 2268 1924 2322 hac

320 2370 508 2418 nostra
540 2359 783 2416 editione
822 2370 905 2415 est
948 2360 1049 2425 i7;
1080 2361 1207 2415 licet
1250 2376 1358 2414 non
1404 2361 1579 2415 invite
1609 2361 1922 2429 conjectare

2038 1146 2313 1209 Matthxi,
2346 1160 2516 1213 uSque
2547 1145 2611 1199 ad
2645 1160 2785 1201 vers.
2838 1144 2906 1200 15
2947 1146 3141 1216 capitis
3181 1163 3259 1212 ιιι,
3312 1146 3403 1201 ubi
3449 1146 3633 1215 incipit

2036 1241 2313 1296 Tractatns
2341 1244 2429 1312 qui
2462 1243 2513 1295 in
2546 1242 2644 1296 hac
2673 1251 2859 1297 nostra
2892 1242 3132 1297 editione
3158 1241 3362 1311 primus
3383 1250 3487 1307 est,
3519 1240 3634 1308 qui-

2034 1353 2139 1406 que
2165 1337 2305 1407 apud
2325 1337 2687 1403 Gallandinm,
2716 1336 2937 1392 inverso
2962 1350 3181 1406 prorsus
3206 1335 3420 1403 ordine,
3439 1334 3505 1389 l7
3536 1351 3631 1389 nn-

2035 1439 2297 1483 meratur.

2104 1521 2389 1590 Deperdita
2436 1521 2673 1577 secundo
2719 1522 2903 1576 haberi
2951 1521 3189 1587 debent,
3238 1536 3358 1591 quae
3405 1519 3623 1589 scripsit

2031 1624 2253 1668 sanctus
2300 1614 2624 1667 Chromatius
2667 1629 2694 1667 a
2743 1628 2904 1668 versu
2953 1613 3019 1666 17
3057 1613 3248 1682 capitis
3290 1628 3347 1666 ιιι
3382 1611 3624 1681 ejusdem

2034 1707 2334 1777 Evangelii,
2361 1722 2532 1777 usque
2548 1707 2613 1760 ad
2634 1707 2847 1761 initium
2877 1706 3067 1774 capitis
3095 1722 3147 1773 v,
3178 1706 3266 1760 ubi
3290 1704 3483 1774 incipit
3507 1703 3634 1757 Tra-

2032 1812 2217 1869 ctatus,
2252 1802 2341 1871 qui
2372 1803 2423 1855 in
2459 1811 2643 1856 nostra
2672 1801 2909 1856 editione
2930 1802 2963 1856 5
2987 1809 3090 1866 est,
3115 1800 3315 1871 quique
3336 1813 3622 1870 perperam

2031 1894 2173 1964 apud
2197 1894 2541 1949 Gallandium
2569 1880 2604 1946 ἢ
2632 1894 2965 1948 inscribitur.

2102 1987 2281 2058 Atque
2330 1988 2443 2041 hsce
2475 1988 2663 2042 saltem
2698 1995 2824 2041 sunt
2853 2002 2972 2055 quzn
3012 1986 3134 2055 jure
3165 1984 3372 2053 optimo
3415 1983 3628 2039 deside.

2029 2090 2217 2135 rantur
2244 2096 2310 2135 ex
2341 2080 2514 2135 sancti
2543 2079 2829 2134 Chromatii
2854 2079 3032 2149 Opere
3063 2081 3117 2132 in
3141 2077 3485 2149 Evangelium
3509 2092 3630 2130 san-

2029 2174 2097 2227 cti
2128 2173 2182 2227 Μ
2191 2174 2369 2228 att/nvi
2377 2212 2391 2227 .

2102 2265 2401 2336 Deperditw
2427 2265 2584 2321 tertio
2606 2273 2732 2319 sunt
2753 2264 2994 2334 epistola:
3018 2264 3346 2333 complures,
3368 2277 3503 2333 quas
3524 2263 3628 2316 scio

2028 2374 2149 2413 mus
2177 2368 2419 2413 sanctum
2455 2359 2750 2413 Prmsulem
2776 2358 2991 2413 dedisse
3017 2357 3084 2412 ad
3113 2367 3357 2413 sanctum
3387 2355 3617 2410 Ambro-

321 2456 613 2527 possimus,
640 2454 890 2509 eumdem
919 2454 1148 2508 ulterius
1169 2468 1380 2524 quoque
1407 2453 1727 2523 produxisse
1756 2469 1915 2523 Opus,
1948 2446 1996 2506 B
2025 2451 2274 2518 sium,ad
2296 2462 2543 2506 sanctum
2569 2450 3066 2522 llieronymum,ad
3089 2460 3333 2505 sanctum
3358 2448 3623 2504 Joannem

316 2560 375 2607 et
417 2550 649 2606 fortasse
702 2549 767 2603 ad
815 2558 1121 2605 extremum
1163 2565 1333 2619 usque
1371 2548 1702 2605 versiculum
1753 2550 1920 2603 totius

315 2642 661 2714 Evangelicae
693 2643 932 2699 Matthaei
975 2643 1254 2710 historiae,
1295 2644 1373 2699 uti
1414 2645 1670 2709 latiusin
1711 2643 1919 2714 Praefa-

316 2739 474 2792 tione.

386 2830 671 2904 Deperdita
726 2831 906 2902 itaque
957 2833 1153 2888 merito
1203 2841 1501 2888 censentur
1548 2834 1763 2903 primo,
1797 2847 1919 2904 quae

2024 2547 2476 2619 Chrysostomum
2505 2590 2519 2614 ,
2565 2563 2776 2603 necnon
2817 2548 2883 2602 ad
2915 2547 3210 2603 Honorium
3243 2558 3299 2602 et
3331 2547 3625 2602 Arcadium

2023 2639 2330 2709 Augustos;
2370 2641 2441 2693 uti
2474 2648 2623 2708 patet
2651 2654 2718 2694 ex
2751 2638 3220 2693 Lucubrationibus
3246 2681 3260 2704 ,
3293 2652 3427 2710 quas
3455 2637 3619 2706 subji-

2023 2734 2228 2799 cimus,
2277 2733 2708 2789 clarissimorum
2741 2734 2985 2788 virorum
3030 2733 3321 2789 Fontanini
3354 2741 3517 2803 atque
3562 2734 3631 2786 de

2028 2830 2257 2889 Bubeis.

543 3103 656 3175 99
726 3097 1221 3181 SCRIPTA
1296 3097 1387 3181 S.
1466 3094 2184 3186 CHROMATIO
2260 3095 2619 3182 FALSO
2696 3096 3407 3184 ATTRIBUTA.

868 3417 1384 3493 MONITUM
1463 3423 1605 3492 DE
1685 3424 2418 3510 SEQUENTIBUS
2491 3426 3068 3527 EPISTOLIS,

464 3574 578 3635 Ex
604 3573 993 3639 Bibliotheca
1027 3577 1266 3639 Sancta
1294 3578 1475 3641 Sixti
1502 3580 1798 3642 Senensis
1827 3582 1993 3645 libro
2023 3603 2097 3662 ιι,
2127 3605 2275 3666 pag.
2312 3589 2431 3650 138
2462 3592 2615 3652 tomi
2648 3592 2674 3651 Ι
2710 3592 3009 3653 editionis
3037 3590 3476 3672 Neapolitana:

1456 3683 1566 3743 Fr.
1597 3684 1989 3747 Pii-Thoma:
2012 3687 2287 3751 Milante
2315 3690 2493 3751 17ἰι2.

387 3825 672 3912 alatthaens
684 3828 1024 3912 evangelista
1057 3828 1276 3912 fingitur
1305 3844 1428 3883 esse
1448 3838 1643 3912 auctor
1667 3830 1902 3912 duorum
1928 3833 2217 3912 librorum,
2243 3852 2473 3912 quorum
2496 3838 2654 3903 alter,
2687 3838 2765 3894 De
2785 3848 2919 3907 ortu,
2943 3840 3046 3894 sive
3069 3841 3232 3910 stirpe
3254 3837 3460 3906 Mariae,
3490 3840 3629 3895 alter

313 3894 403 3978 De.
418 3898 641 3981 infantia
670 3894 968 3981 iSaivatoris
1008 3894 1475 3981 inscFibitnr;_qui
1503 3901 2005 3981 Valentinianorum
2026 3976 2038 3981 _
2058 3916 2134 3981 et
2162 3894 2545 3965 Gnosticorum
2593 3894 2918 3965 commenta,
2941 3922 3087 3965 sunt.
3133 3894 3225 3965 H'is
3272 3912 3426 3965 libris
3448 3894 3629 3981 inepti

312 3968 531 4037 quidam
561 3971 938 4052 auctoritatem
970 3986 1224 4052 asserere
1248 3968 1941 4052 cupient_es,_prtefatinnes
1973 3976 2301 4034 addiderunt
2329 3983 2432 4035 sub
2466 3982 2685 4037 nomine
2716 3981 3002 4037 Chromatii
3032 3990 3087 4036 et
3118 3982 3393 4037 lleliodori
3418 3968 3631 4052 episeo-

314 4054 506 4124 pernm
538 4041 603 4093 ad
638 4042 1049 4124 Hieronymum,
1086 4054 1139 4097 et
1166 4044 1477 4124 Hieronymi
1502 4045 1576 4124 ad
1599 4046 1753 4124 ipsos
1782 4047 2076 4124 confictas;
2111 4067 2231 4124 qum
2273 4063 2564 4123 utrumque
2602 4069 2737 4123 opus
2778 4063 3115 4109 testarentur
3142 4069 3173 4107 a
3209 4041 3541 4124 llieronyinn
3570 4055 3625 4108 in

312 4112 537 4179 gratiam
563 4112 885 4196 coronide-ru
915 4116 1290 4196 episcoporum
1320 4112 1385 4196 ex
1416 4112 1682 4196 Hebraico
1708 4118 1947 4171 Mattbmi
1981 4112 2257 4176 volumine
2287 4112 2709 4196 translatttnr,'et
2731 4128 2799 4179 ah
2827 4125 3223 4179 Haereticorum
3249 4112 3629 4179 falsationibus

313 4192 693 4265 expurgantur.
743 4184 858 4265 Sed
881 4201 1003 4238 cum
1039 4187 1089 4237 in
1124 4185 1206 4238 his
1237 4186 1411 4265 libris,
1443 4186 2075 4265 easdemnuneexstent
2105 4195 2279 4248 aniles
2310 4193 2542 4261 fabulae,
2589 4184 2723 4264 quas
2761 4197 3000 4251 [renatus
3044 4197 3095 4250 in
3145 4198 3321 4265 primo
3363 4198 3624 4251 adversus

316 4251 815 4337 Va_'e"‘i"ii‘"mill!"
847 4255 1083 4309 Ιιὶθνεεοδ
1112 4298 1125 4320 ν
1152 4266 1208 4337 fil
1237 4257 1573 4337 Epiphanius
1602 4259 1775 4337 primo
1808 4259 2047 4337 I_’anarii_,_
2075 4266 2325 4337 sectione
2352 4251 2553 4327 tertia,
2594 4251 2659 4322 ex
2710 4268 2900 4322 iisdem
2944 4251 3312 4321 voluminibus
3344 4267 3624 4332 refellunt,

316 4323 487 4392 palam
512 4336 736 4395 apparet
760 4328 1116 4397 impostorum
1136 4323 1406 4397 decepti'o.
1435 4323 1686 4384 Gelasius
1707 4328 1951 4386 distinet.
1979 4323 2050 4387 15
2072 4335 2213 4389 inter
2236 4337 2404 4392 libros
2429 4340 2499 4394 ab
2522 4323 2767 4394 Ecclesia
2792 4339 3079 4393 damnatos
3106 4348 3394 4409 utrumque
3421 4323 3621 4409 abjiciti

894 4464 1231 4521 EPISTULA
1272 4464 1312 4519 l.

314 4558 424 4613 Sub
465 4570 763 4615 sanctorum
808 4559 1110 4616 Chromatii
1157 4569 1206 4614 et
1256 4558 1531 4613 lleliodori
1565 4560 1770 4614 nomine
1798 4603 1812 4627 ,
1846 4564 1915 4615 ad

382 4664 621 4707 sanctum
654 4653 1053 4725 Hieronymum,
1085 4653 1148 4706 de
1174 4652 1376 4705 duobus
1405 4653 1717 4722 apocryphis
1744 4652 1914 4719 libris;

383 4748 662 4815 videlicet,
694 4749 771 4803 De
809 4758 930 4803 ortu
977 4746 1161 4802 Marim
1198 4745 1418 4814 Reginze.
1456 4744 1728 4815 Virginis,
1760 4757 1814 4801 et
1846 4747 1915 4803 de

388 4842 614 4896 infantia
649 4842 982 4897 Salvatoris:
1014 4840 1101 4893 cui
1122 4842 1321 4893 accedit
1361 4836 1915 4909 Pseudo—llieronymi

388 4936 591 5005 gemina
621 4935 885 5007 responsio
908 4951 927 4988 :
986 4979 994 4989 .

314 5048 410 5110 (Ex
450 5046 628 5099 Codice
668 5047 959 5111 Apocryplto
994 5046 1121 5100 Novi
1150 5047 1451 5111 Testamenti
1479 5046 1686 5111 Joannis
1723 5043 1916 5111 Albcrti

378 5111 608 5174 Fabricii,
623 5106 803 5172 tom'ol,
827 5106 940 5174 pag.
967 5110 995 5159 7
1018 5120 1069 5160 et
1090 5124 1234 5174 seqq.
1257 5108 1752 5174 editionissecundze,
1770 5106 1917 5154 Ham-

378 5125 803 5172 raorrcn,tomor,
827 5125 940 5174 pag.
967 5125 990 5159 Ἰ
1018 5125 1069 5160 et
1090 5125 1146 5160 se
1224 5146 1234 5157 .
1257 5125 1486 5159 euiuoms
1504 5125 1752 5164 secundm,
1770 5125 1916 5154 naut-

374 5173 519 5244 burgi
544 5174 695 5245 17.19;
723 5183 868 5245 atque
894 5190 958 5223 ex
988 5182 1117 5245 torno
1238 5174 1451 5245 (inerant
1472 5168 1638 5245 Sancti
1669 5170 1916 5245 {ligamth

376 5230 722 5296 mifeditionis
746 5230 1050 5287 Veronensis
1075 5230 1317 5287 Dominici
1340 5233 1597 5295 Vallarsii,
1622 5231 1715 5281 col.
1743 5230 1836 5279 279
1859 5230 1917 5279 et

374 5299 529 5362 δρψ).

311 5403 683 5460 Dilectissimo
706 5402 858 5459 fratri
877 5404 1188 5458 Hreno-aruo
1205 5401 1548 5473 presbytero,
1566 5398 1917 5455 CHROIIA'I‘IUS

449 5506 505 5553 et
532 5498 882 5553 Hauononus
911 5498 1153 5566 episcopi
1185 5495 1413 5550 salutem
1450 5495 1501 5548 in
1537 5494 1791 5547 Domino;

1945 4472 1990 4532 (ἶ
2028 4470 2189 4526 traria
2223 4481 2422 4528 nostrae
2458 4474 2581 4529 fidei
2604 4473 3013 4530 considerantes
3042 4473 3239 4544 scripta
3261 4514 3275 4539 ,
3323 4472 3625 4529 recusanda

2020 4568 2294 4624 credimus
2325 4569 2577 4623 universa
2602 4586 2614 4621 :
2661 4582 2729 4622 ne
2759 4582 2854 4637 per
2882 4566 3228 4622 occasionem
3259 4564 3497 4629 Christi,
3534 4565 3626 4619 lae-

2021 4661 2192 4716 titiam
2222 4660 2561 4716 Antichristo
2593 4660 2951 4714 traderemus.
2986 4658 3091 4714 lsta
3121 4659 3282 4728 igitur
3306 4657 3463 4711 nobis
3490 4670 3617 4711 con-

2020 4754 2407 4819 siderantibus,
2439 4754 2768 4809 exstiterunt
2793 4752 2895 4805 viri
2921 4752 3051 4817 Dei,
3081 4750 3373 4806 Armenius
3397 4758 3453 4804 et
3476 4748 3624 4805 Viri-

2022 4864 2146 4915 nus,
2177 4849 2267 4918 qui
2309 4848 2553 4903 dicerent
2580 4846 2925 4900 sanctitatem
2968 4853 3115 4899 tuam
3153 4843 3456 4899 beatissimi
3493 4842 3627 4898 Mat-

2024 4942 2151 4996 thaei
2174 4942 2530 5012 Evangelistze
2549 4956 2710 4995 manu
2735 4938 2995 5009 scriptum
3017 4938 3270 4994 volumen
3297 4938 3622 4994 Hebraicum

2025 5038 2331 5102 invenisse,
2362 5036 2415 5090 in
2446 5050 2553 5104 quo
2587 5046 2643 5090 et
2672 5033 2913 5103 Virginis
2953 5033 3142 5089 matris
3164 5075 3178 5099 ,
3230 5043 3285 5089 et
3326 5033 3627 5090 Salvatoris

2024 5131 2248 5186 infantia
2274 5137 2419 5185 esset
2439 5130 2640 5199 scripta
2660 5145 2673 5182 :
2696 5136 2751 5183 et
2776 5126 2979 5181 idcirco
3008 5138 3155 5182 tuam
3183 5126 3501 5183 charitatem
3529 5143 3628 5198 per

2024 5226 2200 5296 ipsum
2248 5223 2537 5278 Dominum
2584 5232 2829 5277 nostrum
2876 5221 3062 5276 Jesum
3106 5220 3385 5276 Christum
3417 5223 3627 5290 expeti-

2027 5334 2175 5386 mus;
2200 5328 2463 5389 quatenus
2478 5326 2532 5372 et
2557 5316 2686 5372 illud
2703 5331 2766 5370 ex
2796 5315 3022 5371 Hebraeo
3040 5313 3246 5369 Latinis
3272 5314 3495 5369 auribus
3517 5322 3625 5366 tra—

2027 5414 2160 5471 das:
2197 5428 2303 5468 non
2336 5421 2542 5465 tantum
2573 5408 3235 5481 adjpercipienduquna:
3264 5415 3391 5460 sunt
3423 5401 3629 5458 Christi

2030 5508 2291 5577 insignia,
2330 5512 2588 5576 quantum
2626 5502 2692 5557 ad
2737 5502 3118 5556 hmreticorum
3150 5497 3405 5551 astutiam
3436 5493 3627 5549 exclu-

394 5611 777 5683 100;0rtum
806 5610 990 5665 Maria:
1016 5608 1481 5681 reginaejvirginis
1502 5650 1515 5673 ,
1548 5609 1711 5663 simul
1741 5615 1796 5663 et
1822 5624 1920 5663 na-
1950 5577 2006 5638 D
2029 5601 2262 5675 dentiam
2288 5642 2303 5668 ,
2351 5601 2441 5669 qui
2472 5608 2531 5653 ut
2558 5596 2865 5651 doctrinam
2892 5594 3088 5647 malam
3115 5588 3498 5653 instituerent,
3529 5587 3632 5643 bo—

313 5706 592 5761 tivitatem
625 5715 787 5775 atque
818 5703 1103 5758 infantiam
1132 5704 1348 5760 Domini
1376 5703 1548 5757 nostri
1569 5701 1699 5757 Jesu
1724 5700 1926 5758 Christi

314 5802 379 5857 in
411 5797 739 5869 apocrypbis
769 5796 1075 5852 invenimus
1105 5796 1280 5862 libris,
1307 5797 1358 5853 in
1387 5794 1584 5867 quibus
1606 5795 1771 5849 multa
1796 5810 1925 5850 con-

2029 5711 2154 5752 nam
2182 5693 2385 5749 Christi
2413 5688 2908 5760 nativitatemﬁuoj
2927 5682 3209 5739 mendacio
3246 5683 3589 5739 miscuerunt.
3617 5715 3641 5742 ,

2032 5799 2091 5844 ιιι
2122 5795 2241 5858 post
2269 5784 2613 5840 dulcedinem
2653 5782 2811 5846 vitae,
2852 5777 3043 5831 mortis
3081 5775 3505 5833 amaritudinem
3542 5766 3652 5831 oc?-
