4270 6176
568 326 675 382 375

1422 331 1509 386 DE
1559 332 1619 386 ὃ.
1659 329 2087 399 CHROMATIO,
2124 330 2336 389 EPISC.
2380 330 2824 399 AQUILEIENSI

3752 335 3862 392 376

566 457 872 505 memorato
900 451 1150 518 antistiti,
1183 460 1240 506 ut
1285 457 1495 519 peteret
1528 449 1709 519 aliqua
1749 448 2014 504 beneticia
2043 447 2159 504 Cae-
2186 454 2239 513 Λ
2266 463 2426 504 causa
2456 451 2792 521 singulorum
2830 451 3118 519 mensium,
3163 451 3617 523 singulorumque
3647 451 3858 509 dierum

566 542 799 597 sariensi
849 544 1107 599 Ecclesiae
1157 544 1462 614 profutura,
1512 544 1734 613 legitur,
1795 544 2152 614 respondisse

577 636 913 693 Eusebium:
947 639 1155 708 Opibus
1200 639 1314 693 suis
1362 639 1663 694 Ecclesiam
1711 639 1961 706 dilatam,
2012 639 2159 694 nulla

568 728 794 795 petendi
844 728 1106 786 beneficia
1156 731 1480 786 necessitate
1506 732 1759 801 compelli
1803 732 1946 787 :sibi
1978 739 2158 788 tamen

565 819 899 877 desiderium
956 823 1242 880 immobile
1270 825 1569 890 exstitisse,
1603 832 1663 880 ut
1688 823 1952 895 quidquid
1986 824 2042 879 in
2072 840 2161 880 re-

564 912 780 981 publica
815 914 1059 969 Romana
1082 925 1295 986 gestum
1323 917 1394 971 sit
1417 932 1549 987 erga
1579 925 1801 973 sanctos
1831 918 1922 972 Dei
1944 918 2161 986 judices

568 998 839 1069 judicibus
882 1004 1238 1061 succedentes
1282 1007 1336 1061 in
1380 1007 1642 1062 universo
1691 1007 1828 1062 orbe
1882 1007 2154 1077 Romano,

566 1090 805 1146 sollicita
837 1097 1297 1162 perscrutatione,
1333 1107 1687 1153 monumenta
1737 1098 1953 1168 publica
1986 1099 2161 1154 discu-

565 1182 775 1247 tiendo,
796 1186 1208 1255 perquirerent;
1236 1197 1291 1242 et
1309 1189 1400 1259 qui
1425 1200 1748 1262 martyrum,
1774 1207 1800 1244 a
1826 1191 2157 1262 quojudice,

569 1275 623 1327 in
654 1290 758 1344 qua
791 1277 1068 1345 provincia
1097 1280 1182 1334 vel
1212 1281 1458 1350 civitate,
1483 1297 1588 1352 qua
1620 1282 1729 1346 die,
1765 1299 1938 1352 quave
1969 1299 2159 1355 perse-

567 1366 805 1419 verantia
837 1370 1103 1435 passionis
1128 1384 1240 1425 suae
1270 1372 1621 1428 obtinuerunt
1650 1375 1909 1443 palmam,
1937 1376 2006 1431 de
2028 1377 2159 1446 ipsis

565 1456 806 1511 arcliivis
839 1460 1073 1526 sublata,
1108 1463 1208 1531 ipsi
1237 1464 1496 1531 Eusebio,
1540 1465 1692 1536 regio
1719 1466 1897 1535 jussu,
1947 1469 2156 1540 dirige-

575 1557 717 1602 rent.
748 1549 899 1604 Unde
930 1552 1130 1607 factum
1152 1564 1258 1621 est,
1287 1566 1344 1609 ut
1381 1557 1607 1613 idoneus
1646 1559 1849 1614 relator
1888 1561 2155 1629 existens,

578 1650 631 1694 et
680 1642 1096 1700 ecclesiaSticam
1141 1647 1422 1703 historiam
1476 1661 1767 1718 retexeret,
1821 1663 1877 1706 ct
1913 1655 2154 1709 omnium

566 1748 707 1804 pene
730 1744 1051 1807 martyrum,
1082 1740 1485 1808 provinciarum
1515 1744 1754 1798 omnium
1788 1744 2153 1802 Romanarum

2266 542 2401 597 festa
2428 543 2874 612 conscripsimus,
2911 553 2967 599 ut
3003 546 3196 616 jubere
3228 545 3622 616 dignabamini,
3657 562 3859 617 peren-

2266 651 2389 691 nem
2441 643 2641 689 nostrae
2686 635 2970 706 parvitatis
3019 637 3343 692 memoriam
3392 636 3508 693 fore
3565 638 3859 695 credentes

2265 746 2387 785 cum
2416 730 2607 786 diebus
2640 732 2893 787 omnibus
2923 748 3017 803 per
3050 743 3128 787 tot
3154 748 3421 788 annorum
3466 734 3640 802 spatia
3671 743 3860 789 sancta

2264 822 2588 879 Sanctorum
2642 825 2860 880 nomina
2922 825 3123 881 fuerint
3172 825 3365 880 festive
3433 826 3733 881 celebrata.
3793 827 3861 883 Et

2266 918 2520 987 quoniam
2568 932 2664 988 per
2709 918 2948 988 singulos
2996 920 3137 986 dies,
3171 919 3510 975 diversnrum
3553 921 3863 991 provincia-

2265 1027 2408 1079 rum,
2436 1012 2891 1085 diversarumquc
2922 1014 3138 1069 urbium
3183 1015 3469 1085 plusquam
3512 1015 3858 1087 octingento-

2266 1118 2411 1169 rum,
2444 1110 2501 1157 et
2528 1111 2928 1172 nongentorum
2954 1113 3256 1176 martyrum
3285 1115 3411 1160 sunt
3436 1107 3655 1162 nomina
3684 1108 3861 1163 nomi-

2265 1206 2387 1252 nata
2412 1216 2424 1251 :
2447 1209 2502 1252 ut
2529 1197 2712 1252 nullus
2732 1197 2850 1253 dies
2876 1199 2967 1262 sit,
2996 1199 3085 1268 qui
3120 1215 3226 1253 non
3259 1200 3401 1254 intra
3429 1201 3856 1271 quingentorum

2264 1306 2553 1348 numerum
2602 1292 2838 1361 reperiri
2886 1292 3063 1361 possit
3111 1293 3406 1362 ascriptus,
3454 1302 3720 1363 exempto
3768 1296 3856 1349 die

2262 1385 2622 1441 kalendarum
2651 1385 3069 1451 Januariarum;
3115 1385 3476 1441 considerans
3508 1388 3651 1443 inter
3702 1388 3859 1442 innu-

2265 1478 2560 1534 merabiles
2588 1478 2778 1533 turbas
2807 1478 3033 1534 lectoris
3054 1479 3299 1533 animum
3333 1479 3475 1533 intra
3508 1494 3676 1534 unum
3702 1494 3856 1535 men-

2262 1584 2377 1625 sem
2422 1584 2583 1640 posse
2626 1570 2929 1625 lassescere
2963 1589 2977 1625 :
3006 1586 3075 1625 ne
3122 1568 3173 1623 id
3222 1570 3460 1636 eveniat,
3505 1571 3756 1625 breviter
3801 1582 3857 1627 ct

2262 1664 2543 1719 succincte
2569 1678 2785 1731 eorum,
2817 1665 2909 1734 qui
2943 1674 3071 1719 sunt
3103 1666 3155 1718 in
3185 1665 3524 1734 amplissima
3554 1665 3857 1723 festivitate

2260 1756 2316 1810 in
2346 1756 2459 1811 suis
2485 1756 2619 1810 locis
2663 1767 2871 1811 tantum
2915 1773 3025 1826 pra:
3058 1757 3313 1812 omnibus
3346 1766 3684 1813 memoratus
3710 1774 3855 1827 sum,

568 1829 773 1895 tropaea
820 1828 1052 1899 diligens
1102 1831 1569 1904 historiograplius
1621 1835 1927 1892 declararet
1967 1856 1980 1891 :
2025 1854 2158 1909 qua-
2189 1842 2235 1901 Β
2266 1856 2342 1913 ut,
2379 1855 2660 1918 amputato
2701 1848 2948 1913 fastidio,
2989 1863 3131 1904 unus
3151 1848 3219 1903 de
3248 1850 3501 1904 omnibus
3527 1849 3761 1905 sufficiat
3794 1852 3859 1905 Ii-

573 1926 730 1973 tenus
776 1922 920 1975 omni
950 1922 1037 1978 die
1064 1925 1393 1980 sacrificium
1444 1928 1553 1983 Deo
1598 1928 1910 1995 oll‘ereutes,
1960 1946 2149 1987 eorum

570 2014 788 2068 nomina
820 2017 1195 2072 meminissent
1222 2037 1236 2073 :
1262 2020 1568 2089 studentes,
1601 2022 1696 2092 qui
1737 2023 1824 2079 die
1853 2024 1996 2094 ipso,
2044 2043 2152 2097 quo

560 2106 894 2161 sacrificium
937 2109 1219 2179 offeretur,
1265 2113 1507 2169 victores
1550 2116 1751 2171 diaboli
1796 2118 2157 2189 exstitissent,

555 2206 612 2254 et
642 2201 883 2271 martyrii
911 2202 995 2256 sui
1036 2203 1311 2273 triumpho
1363 2206 1658 2275 pollentes,
1708 2216 1872 2279 atque
1918 2222 2148 2269 ovantes

557 2291 625 2347 ad
675 2292 878 2363 Regem
928 2311 1086 2351 suum
1138 2300 1517 2368 pervenissent
1566 2300 1871 2361 Christum.
1924 2306 2036 2361 Hac
2086 2308 2154 2363 de

2258 1941 2434 1995 bellus
2489 1942 2782 2010 ascriptus.
2832 1941 2975 1996 Sane
3008 1942 3059 1996 in
3094 1943 3267 2011 prima
3315 1953 3468 2012 parte
3501 1943 3694 2009 libelli,
3733 1960 3855 1999 om-

2267 2032 2417 2086 nium
2459 2032 2744 2087 beatorum
2777 2033 3167 2102 Apostolorum
3219 2034 3356 2089 festa
3400 2036 3847 2106 conscripsimus,

2263 2134 2323 2179 ut
2355 2124 2478 2180 dies
2519 2125 2661 2180 varii
2691 2140 2798 2180 non
2833 2125 3121 2182 videantur
3150 2126 3422 2193 dividere,
3454 2143 3593 2197 quos
3622 2145 3724 2184 una
3770 2130 3857 2184 di-

2258 2217 2437 2287 gnitas
2488 2218 2828 2288 apostolatus
2874 2218 2929 2274 in
2981 2218 3197 2275 caelesti
3229 2219 3404 2290 gloria
3450 2220 3578 2277 fecit
3608 2236 3733 2278 esse
3764 2237 3849 2277 su-

2257 2308 2475 2365 blimes.

566 2443 3825 2496 —————-‘———_————-———.>————-——____—_——

1070 2599 1213 2672 EX
1285 2599 1818 2677 HISTORIA
1890 2603 2577 2681 LITTERARIA
2651 2609 3337 2698 AQUILEIENSI

1584 2750 1989 2835 JUSTI
2062 2751 2830 2840 FON—TANINI

1666 2887 2259 2944 ARCHIEPISCOPI
2302 2893 2718 2957 ANCYRANI,

1794 2998 2014 3062 Romae
2046 3000 2241 3076 edita,
2278 3018 2389 3066 an.
2429 3001 2608 3063 17h“).

917 3258 1076 3329 109
1112 3258 1296 3317 LIBRI
1328 3260 1395 3318 Ill
1432 3263 1663 3322 CAPUT
1704 3264 1791 3321 Ill.

553 3366 599 3414 1.
617 3365 1123 3436 giromatiuspatria
1146 3374 1497 3436 Aquileiensis.
1524 3378 1586 3427 ΙΙ.
1612 3378 1877 3430 Valeriano
1900 3381 2152 3434 suffectus.

615 3428 1131 3507 lifiAmagn‘i‘sIv-iris
1170 3428 1521 3507 laudatus..IV_.
1550 3441 1668 3507 Ejus
1708 3428 1882 3505 rogatu
1904 3428 2156 3507 Hieron};

613 3494 1201 3556 musgvariosgBibliorum
1226 3498 1378 3549 libros
1419 3501 1465 3549 in
1493 3494 1714 3552 Latinum
1740 3494 2019 3556 sErmonem
2044 3494 2158 3555 coii-

615 3554 781 3604 vertit.
808 3554 871 3625 V._
895 3554 1119 3625 Rufinum
1145 3567 1198 3609 et
1230 3560 1580 3625 Hieronymum
1606 3567 1655 3613 in
1679 3554 1983 3616 concordiam
2024 3554 2157 3619 redi!

651 3629 737 3691 ere
761 3618 946 3691 studet.
973 3618 1056 3691 Vl_.
1084 3620 1285 3691 thannis
1305 3618 1633 3691 Chrysostomi
1655 3641 1846 3691 causam
1867 3631 2020 3691 juvat.
2051 3618 2154 3682 Vli.

688 3682 1038 3749 rysostomi_a_d
1087 3681 1422 3749 Chromatium
1465 3691 1688 3749 epistola.
1727 3681 1883 3740 Vill:
1910 3681 2154 3743 Blondelli

614 3749 905 3853 οοὲηξὲςίηιδ.
953 3741 1035 3792 ΙΧ.
1079 3744 1382 3797 Chromatius
1421 3741 1542 3812 obit,
1595 3759 1648 3801 et
1692 3752 1977 3804 Sanctorum
2021 3741 2159 3806 fastis

614 3816 666 3851 as
698 3817 736 3851 ri
774 3818 787 3852 ι
814 3818 889 3853 ur.

613 3816 889 3853 aSCI'IDlllll‘.

618 3896 660 3950 l.
704 3897 785 3952 Ad
821 3914 915 3954 eos
949 3903 1316 3970 pervenimus,
1365 3907 1455 3976 qui
1490 3916 1654 3976 partae
1676 3909 1868 3965 salutis
1899 3912 2154 3967 saeculum

549 4006 584 4044 v
623 3992 937 4061 attigerunt.
962 3994 1165 4049 Horum
1197 4012 1389 4067 agmen
1418 3999 1569 4054 ducit
1592 4001 1958 4071 Cunountus,
1991 4006 2159 4076 Aqui-

550 4080 772 4135 leiensis
800 4084 1028 4139 antistes
1051 4126 1064 4149 ,
1089 4101 1249 4155 quem
1285 4089 1561 4146 Dandnlus
1586 4093 1641 4146 in
1670 4094 1945 4151 Chronico
1969 4098 2061 4152 lib.
2097 4115 2113 4152 ι
2140 4141 2154 4165 ,

551 4185 674 4241 cap.
712 4172 800 4241 Μ,
835 4183 988 4244 parte
1015 4191 1054 4242 ι,
1077 4179 1296 4233 natione
1326 4176 1650 4251 Hispanum,
1677 4184 1949 4243 Marianus
1974 4189 2157 4245 Victo-

551 4267 666 4321 rius
699 4268 750 4321 in
791 4282 1114 4339 argumento
1143 4273 1389 4342 epistola:
1430 4277 1502 4332 45
1545 4277 1986 4351 Hieronymiauze
2015 4283 2155 4351 Dal-

551 4370 765 4426 matam,
796 4361 989 4417 Sixtus
1012 4364 1273 4421 Senensis
1301 4369 1353 4424 in
1382 4368 1715 4429 Bibliotheca
1750 4374 1843 4430 lib.
1878 4392 1931 4431 tv
1960 4377 2155 4433 Roma-

549 4472 675 4509 num
700 4454 964 4512 fecerunt.
1000 4459 1107 4514 Sed
1148 4475 1341 4517 omnes
1372 4465 1424 4517 in
1453 4480 1638 4522 errore
1666 4470 1910 4535 versari;
1952 4472 2156 4527 civem-

552 4562 659 4617 que
687 4549 1065 4616 Aquileiensem
1097 4550 1267 4609 fuisse
1287 4596 1302 4621 ,
1335 4556 1513 4625 posito
1559 4558 1721 4613 etiam
1768 4562 1992 4631 pignore
2018 4578 2152 4617 con-

2183 3270 2230 3333 C
2260 3270 2430 3325 minus
2456 3279 2557 3326 tres
2579 3272 2802 3328 charitas
2819 3274 3047 3348 jungat,
3070 3290 3223 3344 quam
3254 3276 3383 3331 duos
3404 3284 3595 3333 natura
3621 3280 3853 3334 sociavit.

2260 3361 2327 3417 Hi
2379 3364 2488 3418 duo
2541 3373 2670 3419 sunt
2696 3364 3026 3423 Chromatius
3073 3378 3128 3423 et
3158 3367 3451 3434 Eusebius,-
3504 3386 3640 3440 quos
3669 3382 3857 3426 natura

2258 3471 2527 3526 germanos
2574 3458 2770 3513 iterum
2800 3468 2961 3514 vocat
3006 3460 3056 3514 in
3090 3461 3319 3530 epistola
3354 3462 3421 3528 8,
3454 3462 3592 3517 alias
3638 3464 3741 3527 42,
3786 3463 3854 3518 ad

2260 3545 2501 3603 Nicetam
2531 3550 2933 3619 Aquileiensem
2973 3554 3368 3609 subdiaconum
3413 3556 3618 3625 scripta
3651 3573 3665 3610 :
3702 3555 3853 3621 Ecce,

2261 3640 2476 3710 inquit,
2502 3642 2676 3697 beatus
2703 3641 3036 3701 Chromatius
3067 3664 3183 3701 cum
3225 3658 3402 3702 sancto
3451 3648 3675 3703 Eusebio
3701 3690 3718 3715 ,
3753 3667 3855 3703 non

2259 3734 2375 3804 plus
2396 3744 2615 3804 natura,
2642 3753 2795 3807 quam
2821 3754 3021 3793 morum
3048 3741 3343 3810 wqualitate
3363 3782 3378 3806 ,
3404 3756 3643 3812 germano
3673 3783 3687 3807 ,
3718 3743 3858 3795 litte-

2258 3828 2400 3881 rario
2432 3845 2511 3883 me
2534 3832 2825 3899 provocavit
2874 3832 3069 3901 ofﬁcio.
3116 3832 3232 3887 Non
3288 3848 3420 3903 ergo
3443 3834 3654 3900 Jovini,
3689 3843 3748 3887 ut
3787 3836 3855 3889 ad

2260 3920 2402 3976 diem
2429 3922 2502 3975 22
2529 3922 2675 3978 Junii
2701 3925 2919 3995 scripsit
2945 3926 3211 3982 Baronius
3233 3970 3246 3992 ,
3276 3926 3372 3983 sed
3401 3928 3608 3982 Eusebii
3633 3944 3854 3998 germa-

2260 4028 2361 4066 nus
2392 4024 2512 4068 erat
2565 4014 2931 4072 Chromatius:
2964 4020 3066 4088 .cui
3120 4028 3300 4074 tamen
3355 4031 3543 4077 noster
3586 4022 3855 4077 Henricus

2262 4107 2555 4173 Palladius,
2588 4109 2682 4164 lib.
2715 4127 2768 4164 ix
2791 4151 2806 4176 ,
2836 4127 2958 4182 pag.
2997 4112 3103 4169 158
3124 4154 3138 4179 ,
3168 4130 3334 4169 unum
3356 4113 3602 4170 Iovinum
3625 4117 3853 4185 conjun-

2260 4202 2356 4255 xit.
2390 4202 2567 4257 Alium
2600 4203 2818 4259 fratrem
2839 4246 2853 4270 ,
2887 4206 3064 4261 adhuc
3085 4223 3416 4279 anonymum
3436 4252 3451 4274 ,
3482 4211 3669 4265 habuit
3691 4209 3853 4265 Chro-

2258 4296 2448 4349 matius
2471 4338 2485 4361 ,
2517 4297 2674 4367 cujus
2697 4297 3069 4354 fortitudinem
3105 4302 3155 4356 in
3199 4301 3345 4356 illius
3373 4302 3725 4370 dormitione,
3755 4307 3851 4359 im-

2261 4401 2429 4454 pense
2483 4389 2668 4444 laudat
2721 4390 3086 4464 Hieronymus
3144 4395 3303 4464 epist.
3356 4395 3456 4463 55,
3508 4397 3645 4450 alias
3675 4397 3748 4459 5,
3783 4398 3849 4452 ad

2260 4478 2608 4535 Heliodorum
2638 4482 2737 4552 (a).
2772 4485 2897 4539 Haec
2925 4500 3047 4541 cum
3077 4487 3273 4557 scripta
3300 4487 3461 4543 fuerit
3517 4493 3582 4543 A.
3614 4490 3677 4544 D.
3704 4490 3808 4545 596
3833 4532 3847 4555 ,

2258 4583 2318 4628 ut
2350 4583 2535 4643 postea
2565 4578 2874 4645 constabit,
2933 4580 3057 4635 hinc
3101 4579 3509 4635 Tillemontium
3569 4594 3713 4637 torno
3752 4598 3807 4636 χι
3833 4624 3847 4647 ,

554 4639 846 4696 tenderim.
883 4642 1016 4698 Nam
1048 4644 1313 4715 Aquileiae
1361 4663 1581 4721 semper
1610 4652 1784 4719 vixit,
1844 4655 1932 4710 ubi
1962 4657 2010 4711 ei
2043 4674 2150 4711 mu-
2178 4655 2230 4714 D
2258 4639 2380 4736 pag.
2412 4667 2550 4731 536,
2581 4639 2951 4724 Martianaaum
2984 4672 3035 4725 in
3064 4671 3237 4738 Notis,
3265 4680 3320 4728 et
3348 4672 3678 4727 Hadrianum
3711 4674 3851 4728 Bail-

553 4741 713 4801 trem,
747 4750 984 4802 sorores,
1024 4746 1078 4791 ct
1130 4740 1316 4808 fratres
1359 4741 1524 4799 fuisse
1565 4745 1747 4814 prodit
1779 4747 1926 4802 illius
1957 4764 2151 4804 neces-

551 4825 726 4879 sarius
757 4837 814 4881 et
839 4843 1025 4882 rerum
1052 4829 1483 4899 Aquileiensium
1529 4837 1889 4905 peritissimus
1937 4854 2154 4897 sanctus

554 4917 920 4989 Hieronymus
947 4921 1110 4991 epist.
1141 4924 1196 4986 7,
1224 4925 1356 4979 alias
1376 4925 1467 4991 45,
1494 4928 1561 4982 ad
1593 4929 1768 4999 ipsum
1798 4928 2150 4987 Chromatium

549 5008 727 5064 adhuc
756 5013 1171 5084 presbyterum,
1210 5018 1516 5091 pariterque
1546 5023 1611 5077 ad
1639 5022 1890 5079 Joviuum
1914 5067 1928 5091 ,
1958 5036 2013 5082 et
2046 5027 2151 5081 Eu-

551 5102 760 5157 sebium
782 5145 797 5170 ,
824 5102 1109 5161 Chromatii
1138 5124 1458 5178 germanum
1479 5117 1818 5184 conscripta,
1872 5119 1922 5172 in
1956 5136 2060 5188 qua
2092 5136 2152 5178 sc

547 5194 618 5249 ad
647 5205 755 5251 tres
783 5196 944 5252 simul
974 5214 1134 5255 unam
1170 5212 1379 5259 tantum
1407 5208 1689 5276 epistolam
1748 5211 1964 5266 mittere
1995 5214 2147 5266 affir-

548 5298 689 5352 mat,
725 5299 1015 5361 propterea
1041 5296 1185 5364 quod
1222 5298 1450 5355 invicem
1485 5302 1555 5354 ita
1588 5317 1647 5357 se
1686 5316 1865 5359 ament
1890 5348 1903 5371 ,
1957 5316 2013 5359 ut
2045 5324 2147 5361 non

615 5451 691 5531 (α)
724 5453 876 5531 Hunc
897 5454 1059 5531 alium
1087 5454 1370 5531 C_hromatii
1393 5464 1605 5531 fratrem
1627 5462 1799 5513 adhuc
1822 5478 2136 5531 anonymum

543 5523 695 5596 solus
745 5525 1084 5596 clarissimus
1116 5523 1451 5583 Fontaninus
1500 5530 1759 5596 intrusit;
1792 5535 1878 5585 cui
1913 5523 2019 5586 non
2051 5549 2138 5588 as-

542 5594 776 5668 s_entitur
806 5595 1119 5668 Bernardus
1148 5597 1311 5652 Maria
1364 5600 1432 5654 de
1480 5601 1684 5656 Rubcis
1707 5643 1720 5662 ,
1747 5594 1861 5668 qui
1918 5609 2134 5659 unicum

545 5664 827 5743 Eusebium
851 5664 1139 5743 (.‘hromatii
1174 5669 1393 5724 fratrem
1427 5674 1666 5739 agnovit.
1705 5664 1970 5728 Videntur
2020 5678 2137 5743 ejus

542 5733 851 5813 Dissertatio
884 5734 961 5788 Dc
995 5737 1213 5813 Rufino.
1240 5755 1362 5809 cap.
1394 5733 1612 5813 “Lupag.
1644 5745 1710 5810 15
1738 5754 1793 5798 cl
1826 5744 1914 5799 Μ.

614 5806 691 5871 (ἰν)
726 5792 791 5855 In
821 5807 918 5857 hac
945 5792 1105 5873 priori
1135 5792 1389 5882 Apologia
1410 5857 1423 5877 ,
1444 5792 1615 5885 ‘q'ttzlllgn
1651 5802 1734 5870 hic
1774 5817 1901 5872 citat
1934 5804 2133 5875 Fonta-

2258 4759 2424 4813 letum
2456 4760 2511 4813 in
2544 4760 2679 4815 Vitis
2717 4762 3038 4817 Sanctorum
3071 4763 3158 4818 die
3188 4764 3224 4816 Ξ).
3270 4764 3589 4819 Decembris
3632 4779 3850 4819 errasse

2256 4858 2503 4920 Oportet,
2560 4851 2687 4904 dum
2740 4851 3022 4906 Chromatii
3055 4836 3313 4921 fratrem,
3373 4854 3443 4910 de
3494 4871 3602 4924 quo
3634 4866 3848 4910 mortuo

2255 4941 2620 5014 Hieronymus
2648 4944 2905 5013 loquitur,
2956 4945 3236 5001 Eusebium
3281 4948 3502 5015 dicunt,
3549 4950 3643 5019 qui
3666 4958 3845 5005 tamen

2260 5032 2513 5089 Eusebius
2548 5038 2705 5107 110
2732 5038 3097 5107 quadriennio
3124 5041 3298 5095 serius
3318 5042 3499 5097 adhuc
3542 5054 3661 5098 erat
3690 5047 3741 5098 in
3773 5046 3849 5099 vi-

2258 5124 2340 5178 vis
2363 5165 2378 5191 ,
2406 5126 2701 5195 episcOpali
2733 5126 2992 5197 dignitate
3036 5128 3265 5200 insignis
3289 5174 3303 5197 ,
3337 5133 3563 5200 perinde
3609 5148 3673 5189 ac
3702 5133 3851 5188 Jovi-

2254 5233 2352 5269 nus
2379 5226 2434 5271 et
2461 5216 2788 5273 Chromatius
2810 5261 2824 5285 ,
2876 5231 3012 5275 teste
3043 5221 3238 5276 Rufino
3277 5225 3329 5279 in
3384 5226 3549 5294 priori
3585 5228 3848 5298 Apologia

2255 5312 2319 5364 A.
2357 5310 2417 5364 D.
2434 5310 2538 5367 400
2562 5324 2778 5368 exarata
2806 5314 2904 5386 (ὁ).
2931 5314 3156 5370 Matrem
3177 5316 3390 5372 viduam
3415 5328 3472 5374 et
3496 5334 3718 5376 sorores
3742 5324 3850 5376 vir-

2246 5468 2524 5541 ninus,et
2558 5470 2625 5524 ad
2655 5486 2857 5525 annum
2899 5473 3136 5541 pertinet
3162 5473 3267 5528 400
3296 5484 3389 5528 aut
3414 5474 3514 5529 401
3541 5517 3555 5538 ,
3588 5476 3845 5531 utietiam

2248 5539 2323 5613 [)e
2355 5538 2558 5595 Rubeis
2580 5544 2852 5613 consentit
2875 5538 3189 5607 ,'tnetnorat
3211 5546 3435 5599 littlinus
3465 5547 3845 5613 Chromatium,

2244 5607 2484 5688 Iovinum
2527 5624 2579 5665 ct
2612 5612 2926 5677 Eusebium,
2962 5616 3053 5688 qui
3084 5630 3217 5688 cuin
3246 5628 3365 5670 ante
3399 5635 3563 5671 minos
3596 5661 3611 5683 ,
3649 5629 3706 5673 ut
3734 5607 3848 5688 ipse

2246 5681 2337 5759 ait,
2366 5686 2471 5759 fere
2488 5686 2717 5759 triginta,
2742 5694 2927 5759 essent
2955 5681 3054 5759 sub
3084 5685 3374 5759 Valeriano
3396 5681 3653 5759 episcopo
3677 5681 3847 5758 Aqui-

2247 5751 2431 5817 leiensi
2465 5755 2597 5829 alter
2623 5756 2919 5829 presbyter,
2938 5751 3497 5829 alterarchidiaconus
3516 5802 3530 5827 ,
3560 5751 3699 5815 a'lius
3730 5751 3844 5829 ἅῐιιτ

2246 5837 2404 5876 conus
2426 5864 2439 5887 ,
2465 5826 2815 5895 CpirCOpalus
2838 5826 3034 5883 deinde
3069 5826 3275 5885 honore
3317 5830 3419 5899 ipsi
3449 5826 3665 5904 quoque
3696 5826 3839 5887 aneti
