4270 6176
433 231 539 288 577

1551 236 1737 295 JUSTI
1775 236 2148 296 FONTANINI
2188 240 2651 301 DILUCIDATIO.

3635 252 3743 309 578

429 350 589 422 gines
618 349 919 406 Chromatio
962 349 1161 407 ibidem
1214 351 1418 419 fuisse,
1478 369 1581 411 nos
1629 355 1790 412 docet
1844 356 2033 413 eadem
2063 359 2116 419 Α
2141 374 2170 413 a
2189 358 2469 415 Valeriano
2484 378 2730 429 vacuam,
2749 364 3077 420 Chromatius
3100 375 3284 422 noster
3307 366 3535 438 implere
3555 383 3742 440 cmpe-

429 442 666 512 epistola
693 444 762 498 45
788 484 803 507 ,
839 442 891 496 111
924 458 1028 513 qua
1055 443 1422 512 Hieronymus
1471 445 1687 502 salvere
1715 461 1810 502 eas
1832 448 1990 518 jubet
2020 490 2035 512 ,

427 533 517 590 bis
550 535 762 601 verbis,
786 536 1123 592 sororissure
1147 552 1355 601 curam,
1390 538 1581 594 iisdem
1609 539 2035 594 commendans:

430 625 654 680 Matrem
687 643 1009 682 communem
1031 671 1045 694 ,
1079 644 1196 700 qua:
1221 647 1337 683 cum
1380 631 1519 686 vobis
1558 632 1826 686 sanctitate
1870 633 2033 687 socie-

430 728 534 786 tur,
570 720 623 773 in
644 736 704 773 eo
726 734 816 773 vos
847 722 1121 789 prazveuit,
1178 722 1301 791 quia
1331 722 1457 777 tales
1487 723 1694 793 genuit,
1750 724 1896 792 cujus
1926 739 2039 777 rere

427 822 602 865 venter
644 828 832 865 aureus
860 821 1026 882 potest
1053 813 1189 879 dici,
1235 830 1294 868 eo
1339 814 1626 869 salutamus
1658 815 1853 869 honore
1883 856 1896 880 ,
1937 832 2036 885 quo

428 905 630 959 nostis:
679 922 783 959 una
810 922 1009 976 quoque
1035 908 1390 976 suscipiendas
1418 909 1617 962 cunctis
1658 925 1858 962 sorores
1882 951 1896 975 ,
1925 926 2038 977 qua:

429 1013 610 1052 sexum
632 998 796 1052 vicere
825 1015 943 1052 cum
971 1002 1162 1055 swculo
1186 1018 1205 1055 :
1230 1017 1345 1072 qua:
1364 1002 1475 1056 oleo
1506 1003 1574 1056 ad
1623 1003 1887 1071 lampades
1930 1002 2038 1057 lar-

427 1091 562 1160 giter
586 1102 904 1161 praeparato,
927 1095 1104 1162 sponsi
1130 1096 1473 1165 opperiuntur
1488 1096 1783 1151 adventum.
1821 1096 1865 1149 0
1892 1096 2038 1149 beata

434 1181 654 1247 domus,
686 1184 740 1238 in
764 1201 865 1255 qua
892 1196 1122 1239 moratur
1144 1186 1297 1240 Anna
1326 1188 1509 1255 vidua,
1559 1188 1785 1260 virgines
1813 1188 2036 1259 prophe-

429 1272 605 1338 tisstc,
639 1274 877 1344 geminus
898 1274 1114 1330 Samuel
1144 1279 1367 1331 nutritus
1394 1279 1446 1331 in
1474 1276 1663 1349 templo
1687 1279 1706 1331 !
1735 1277 1831 1332 Hic
1878 1278 2036 1348 gemi-

426 1380 524 1417 nus
556 1365 772 1420 Samuel
798 1376 924 1421 sunt
953 1366 1280 1422 Chromatius
1300 1378 1355 1424 et
1387 1368 1662 1424 Eusebius.
1690 1369 1765 1424 Ne
1795 1370 1936 1424 ulltts
1967 1370 2035 1425 de

430 1460 605 1528 patria
634 1459 920 1514 dubitandi
954 1461 1106 1516 locus
1146 1463 1415 1534 supersit,
1462 1462 1826 1535 Hieronymus
1870 1464 2034 1533 Aqui-

427 1550 617 1618 leiam,
650 1554 870 1609 illorum
903 1555 1093 1610 urbem
1141 1557 1372 1625 patriam
1398 1557 1674 1625 appellat:
1730 1574 1818 1628 per
1858 1574 1945 1610 vos
1969 1556 2031 1609 ab

428 1646 555 1700 urbe
606 1656 775 1701 vestra
824 1649 1006 1701 Ariani
1036 1650 1293 1717 quondam
1320 1650 1576 1721 dogmatis
1606 1651 1746 1704 virus
1773 1651 2035 1705 exclusum

2143 454 2233 517 rit,
2256 454 2364 523 jatu
2399 458 2557 512 nobis
2586 458 2939 529 quaerendum
2964 467 3077 525 est;
3109 459 3235 514 inde
3266 460 3412 515 enim
3446 462 3744 517 recentium

2144 544 2530 603 historicorum
2563 549 2745 620 lapsus
2772 551 3213 620 castigabuutur,
3245 551 3472 606 Joannis
3513 552 3742 609 Candidi

2143 637 2236 692 lib.
2273 654 2332 703 tt,
2366 640 2455 695 101.
2491 639 2546 706 9,
2574 641 2820 695 Panvinii
2856 643 2907 696 iu
2939 640 3213 698 Chronico
3265 659 3386 714 pag.
3428 645 3520 712 55,
3554 645 3749 701 Wolﬁ-

2140 730 2299 799 gangi
2331 730 2478 784 Lazii
2503 730 3033 787 Commentariorum
3060 734 3177 787 Lib.
3208 749 3303 800 xu,
3333 744 3471 789 sect.
3530 736 3586 802 5,
3617 752 3739 806 cap.

2139 821 2193 885 8,
2231 837 2353 892 pag.
2398 822 2556 890 10H,
2592 824 2824 880 Leandri
2850 826 3059 881 Alberti
3092 826 3143 880 in
3162 826 3544 897 Descriptione
3569 828 3741 882 Italiae

2140 913 2235 968 101.
2278 915 2463 981 459,2
2494 915 2626 972 edit.
2660 916 2704 979 I,
2756 919 2879 971 anni
2918 918 3075 985 1550,
3114 919 3335 975 Henrici
3359 920 3588 974 Palladii
3639 920 3736 976 lib.

2138 1022 2253 1073 vnt,
2284 1022 2403 1077 pag.
2438 1008 2563 1075 129,
2596 1008 2832 1078 Philippi
2854 1008 3090 1064 Ferrarii
3129 1010 3181 1064 in
3217 1010 3477 1081 Catalogo
3516 1010 3744 1067 Sancto-

2140 1117 2257 1154 rum
2292 1117 2417 1171 pag.
2453 1102 2579 1166 755,
2612 1111 2665 1157 01
2694 1102 2974 1158 Godelridi
3002 1103 3293 1159 Hermanni
3329 1105 3379 1158 in
3436 1105 3549 1158 Vita
3609 1107 3737 1159 Am-

2140 1193 2303 1247 brosii
2336 1193 2431 1247 lib.
2465 1210 2517 1259 v,
2547 1210 2666 1264 cap.
2698 1194 2784 1248 12.
2818 1195 2879 1249 lli
2911 1197 3264 1252 enimomnes
3291 1196 3419 1251 tlttm
3449 1195 3738 1251 Chromatii

2137 1299 2515 1341 successorem
2547 1287 2790 1341 Stabilire
2822 1298 3109 1354 conantur,
3138 1290 3190 1343 in
3226 1290 3491 1343 immanes
3522 1303 3742 1343 errores

2135 1378 2361 1444 abeunt,
2397 1378 2540 1433 alius
2564 1379 2701 1434 duos
2734 1378 3175 1446 Fortunatiauos,
3209 1381 3547 1450 totidemque
3587 1379 3743 1434 Vale-

2135 1473 2311 1526 rianos
2340 1474 2679 1543 conﬁngens,
2702 1474 2839 1529 alius
2876 1476 3015 1529 inter
3034 1474 3372 1528 Valerianum
3392 1485 3445 1529 et
3492 1474 3742 1527 Chroma—

2138 1568 2285 1633 tium,
2340 1568 2655 1632 Benedicto,
2713 1568 2851 1621 alius
2879 1566 3162 1631 Januario,
3200 1568 3376 1622 locum
3428 1567 3735 1636 assignans.

2136 1659 2307 1714 Porro
2342 1660 2679 1713 Valerianum
2710 1661 2763 1713 in
2796 1661 2925 1714 sede
2946 1660 3281 1730 Aquileiensi
3314 1661 3381 1716 A.
3402 1660 3465 1714 1).
3497 1660 3623 1729 566,
3660 1661 3733 1714 uti

425 1748 518 1793 est.
554 1738 680 1794 iltec
710 1741 939 1808 docent,
987 1757 1083 1796 cur
1126 1741 1491 1814 Hieronymus
1524 1744 1575 1797 in
1607 1741 1879 1797 Chronico
1922 1743 2029 1797 Eu-

2138 1754 2238 1822 iam
2264 1752 2397 1819 dixi,
2428 1752 2811 1806 Fortunatiano
2829 1752 3135 1815 snﬁ'ectum,
3161 1754 3480 1823 Anonymus
3503 1751 3743 1806 'l‘rivisa-

426 1832 657 1887 sebiano
682 1834 752 1887 ab
778 1850 838 1889 se
866 1844 1058 1900 aucto,
1102 1835 1426 1907 Olympiade
1473 1836 1619 1903 280,
1670 1839 1736 1892 A.
1785 1838 1851 1891 D.
1887 1838 2024 1903 576,

426 1925 517 1995 qui
545 1926 845 1996 respondet
868 1942 1016 1982 anno
1043 1929 1248 1998 vulgari
1278 1930 1382 1984 574
1403 1971 1418 1995 ,
1452 1929 1553 1984 hoc
1599 1930 1797 2000 insigni
1828 1940 1881 1984 et
1915 1946 2027 1985 me-

428 2018 693 2073 morando
727 2020 999 2089 praeconio
1046 2028 1246 2076 nostrae
1276 2020 1540 2076 Ecclesia:
1594 2022 1843 2076 alumnos
1869 2038 2029 2077 orna-

427 2111 566 2165 verit
598 2128 612 2165 :
640 2111 986 2179 Aquileienses
1023 2114 1199 2168 clerici
1248 2115 1394 2185 quasi
1425 2116 1612 2170 chorus
1638 2116 1901 2171 beatorum
1931 2116 2027 2171 ha-

426 2201 628 2257 bentur.
664 2202 1023 2270 Chromatius,
1070 2207 1194 2275 qui,
1248 2216 1306 2260 Ill.
1334 2222 1494 2277 supra
1542 2209 1592 2261 in
1633 2209 2028 2264 Fortunatiano

426 2297 635 2352 dictum
661 2308 781 2365 est,
813 2307 867 2354 et
900 2300 1097 2355 iterum
1125 2300 1298 2355 dicam
1320 2343 1334 2368 ,
1359 2301 1425 2356 A.
1461 2302 1522 2357 1).
1558 2302 1655 2358 571
1696 2303 1875 2358 adhuc
1906 2303 2029 2358 Dia-

425 2402 598 2444 conus
629 2389 729 2463 (a),
759 2390 1009 2461 Ruﬁnum
1026 2402 1152 2449 tunc
1174 2408 1371 2449 recens
1396 2411 1494 2465 per
1513 2396 1743 2467 gratiam
1773 2397 2027 2468 baptismi

427 2498 812 2559 regeneratum
838 2531 853 2558 ,
889 2490 1140 2547 doctrina
1165 2494 1431 2549 catholica
1464 2493 1839 2562 instruxerat,
1883 2503 2030 2566 post-

429 2581 650 2636 modum
687 2581 951 2637 Valeriani
980 2585 1221 2655 episcopi
1274 2587 1562 2659 presbyter
1594 2589 1656 2641 A.
1694 2588 1755 2641 1).
1806 2588 1906 2642 581
1968 2588 2019 2640 10

431 2674 669 2729 concilio
722 2674 923 2730 ibidem
948 2690 1168 2731 causam
1200 2677 1321 2732 Filii
1350 2678 1445 2733 Dei
1481 2688 1692 2732 contra
1724 2677 2026 2733 Palladium

429 2768 694 2823 Arianum
727 2777 953 2825 strenue
981 2772 1285 2840 peroravit;
1311 2787 1543 2842 eumque
1571 2773 1750 2825 omnia
1797 2786 2027 2841 negasse

429 2862 705 2929 ostendit,
751 2880 865 2933 qua:
913 2862 1071 2920 Fides
1109 2864 1379 2920 Catholica
1436 2866 1726 2935 proﬁtetur.
1780 2866 2029 2934 Cumque

428 2957 705 3013 Palladius
744 2959 1007 3015 auditores
1060 2959 1220 3014 laicos
1279 2960 1639 3030 appellasset,
1701 2959 2030 3014 Chromatius

430 3051 671 3109 hominis
699 3052 1083 3108 confidentiam
1115 3053 1299 3123 paucis
1325 3052 1530 3109 retudit
1559 3071 1572 3107 :
1600 3053 1741 3107 salva
1763 3094 1777 3119 ,
1831 3052 2028 3123 inquit,

2133 1861 2234 1901 nus
2266 1856 2321 1900 et
2367 1845 2641 1900 Dandulus
2670 1844 2795 1898 libri
2840 1844 2997 1914 primi
3050 1844 3230 1914 capite
3260 1845 3328 1899 15
3358 1858 3425 1899 ex
3459 1844 3753 1899 veteribus.

2131 1939 2358 2006 tabulis,
2380 1954 2550 1992 annos
2584 1954 2671 1992 xtx
2714 1936 2921 1993 sedisse
2954 1945 3247 1991 testantur.
3301 1936 3447 1991 Obiit
3469 1952 3600 2006 ergo
3630 1937 3735 1990 sub

2132 2035 2297 2089 ﬁnem
2331 2034 2396 2088 A.
2434 2034 2493 2087 D.
2520 2032 2646 2098 586,
2678 2032 2837 2102 eique
2869 2032 3090 2085 ineunte
3124 2028 3187 2083 A.
3221 2030 3284 2083 1).
3314 2028 3420 2083 587
3471 2030 3740 2084 successit

2132 2126 2484 2181 Chromatius.
2513 2125 2736 2196 Antiqui
2786 2123 3294 2194 Martyrologiorum
3343 2122 3595 2187 codices,
3643 2124 3737 2193 qui

2141 2220 2409 2275 Valeriani
2434 2220 2791 2275 emortualem
2842 2218 2988 2273 diem
3040 2216 3328 2287 proferunt
3378 2232 3432 2269 vt
3486 2215 3736 2271 kalendas

2134 2314 2450 2381 Decembris,
2483 2313 2535 2368 111
2558 2322 2705 2368 sunt.

2208 2412 2257 2464 1.
2274 2408 2618 2464 Atrebatensis
2648 2416 2796 2462 tomo
2812 2405 2854 2461 11
2871 2405 3046 2462 Martii
3062 2403 3401 2459 Bollandiani
3416 2418 3537 2474 pag.
3555 2402 3646 2459 59.

2201 2502 2255 2554 2.
2298 2502 2352 2555 5.
2396 2500 2846 2572 Aquisgranensis,
2882 2508 2938 2553 01
2964 2498 3259 2567 Augiensis.

2204 2596 2258 2648 4.
2298 2594 2617 2649 Baluzianus
2646 2596 2697 2648 in
2729 2591 3021 2662 Spicilcgio
3053 2590 3391 2645 Dacberiano
3420 2601 3567 2645 tomo
3588 2587 3731 2657 XIII,

2134 2704 2255 2759 pag.
2292 2689 2380 2753 15,
2411 2688 2438 2760 §
2465 2686 2521 2740 6.

2204 2784 2257 2839 5.
2284 2781 2599 2836 Barberinus
2630 2790 2777 2834 tomo
2802 2777 2845 2831 11
2873 2775 3047 2831 Martii
3090 2774 3455 2840 Bollandiani,
3480 2788 3607 2846 pag.
3636 2774 3727 2830 50.

2206 2876 2258 2931 6.
2300 2874 2605 2928 Blumanius
2628 2871 2853 2926 ibidem.

2208 2968 2261 3021 7.
2304 2966 2482 3023 Sancti
2507 2964 2716 3036 Cyriaci
2762 2971 2908 3019 tomo
2937 2960 3005 3016 111
3036 2959 3314 3015 Februarii
3368 2958 3731 3023 Bollandiani,

2138 3076 2257 3132 pag.
2288 3059 2417 3124 282,
2437 3059 2543 3114 001.
2570 3058 2626 3112 2.

429 3146 859 3201 condemnatione
897 3144 1227 3199 sacerdotali.
1266 3144 1403 3199 Vide
1448 3155 1567 3199 aeta
1619 3144 1835 3201 concilii
1889 3142 2030 3212 apud
2060 3138 2105 3199 C
2209 3154 2263 3208 8,
2313 3150 2629 3207 Gelloncnsis
2666 3150 2722 3203 in
2750 3148 3042 3219 Spicilegio
3076 3155 3225 3201 tomo
3247 3145 3391 3211 XIII,
3446 3160 3570 3215 pag.
3599 3144 3731 3199 418.

430 3239 781 3295 Ambrosium
825 3249 971 3294 tomo
1004 3239 1043 3293 Il
1065 3281 1079 3303 ,
1110 3254 1230 3310 pag.
1261 3239 1395 3302 798.
1437 3238 1561 3309 §45
1589 3249 1642 3294 et
1698 3254 1817 3309 pag.
1877 3237 1983 3292 800
2017 3279 2030 3299 ,

432 3330 461 3401 ς
496 3332 588 3387 51.
622 3330 715 3385 His
746 3330 1050 3386 refutantur
1090 3333 1458 3387 sarcinatores
1494 3332 1989 3403 Siagdebnrgenses
2015 3371 2029 3396 ,

436 3424 533 3493 qui
556 3422 910 3477 Chromatium
937 3423 1004 3479 A.
1037 3424 1100 3477 D.
1137 3422 1243 3479 555
1270 3423 1525 3479 ﬂoruisse
1574 3426 1948 3493 scripserunt,
1979 3432 2035 3477 et

443 3512 783 3568 Valerianum
812 3516 1217 3584 Aquileiensem
1247 3531 1368 3570 cum
1404 3515 1647 3586 ejusdem
1676 3516 1910 3570 nominis
1931 3513 2034 3569 Ca-

434 3607 779 3679 lagurritano
807 3609 1053 3663 antistite
1073 3650 1089 3675 ,
1121 3624 1283 3678 quem
1315 3609 1500 3663 laudat
1550 3608 1876 3662 Prudentius
1906 3622 2036 3661 cou-

432 3701 637 3755 ﬁarunt
667 3700 927 3755 Centuria
971 3717 1044 3765 tv,
1099 3717 1221 3771 cap.
1273 3701 1360 3755 10.
1400 3701 1480 3756 Ad
1523 3700 1806 3755 Chromatii
1836 3716 2032 3756 nomen

433 3793 576 3862 quod
612 3794 843 3859 attinet,
872 3794 1011 3863 apud
1038 3794 1264 3849 Latinos
1310 3803 1365 3848 et
1405 3794 1629 3850 Graecos
1656 3796 1913 3849 occurrit.
1948 3794 2038 3849 Li-

435 3889 635 3944 bauius
681 3889 746 3943 ad
792 3889 1143 3945 Chromatium
1173 3890 1463 3961 quemdam
1494 3891 1685 3945 scribit
1713 3890 2031 3960 epistolam,

442 3981 679 4035 nondum
702 3982 906 4037 editam
930 4025 945 4048 ,
964 3999 993 4037 a
1014 3999 1101 4038 me
1128 3984 1258 4038 olim
1283 3983 1475 4038 Latine
1506 3986 1658 4055 ιιι
1692 3996 2033 4036 conversam.

438 4074 765 4130 Chromatius
792 4118 805 4140 ,
842 4078 1133 4146 praefectus
1173 4076 1341 4142 Urbi,
1392 4087 1727 4132 memoratur
1780 4076 1834 4130 in
1888 4075 2036 4129 Actis

438 4168 628 4224 Sancti
673 4170 982 4224 Sebastiani
1025 4170 1112 4224 die
1146 4186 1215 4224 xx
1246 4169 1494 4224 Januarii
1538 4170 1680 4239 apud
1716 4169 2032 4223 Bollandutn

441 4272 590 4320 tomo
620 4264 693 4329 11,
744 4279 867 4333 pag.
899 4264 1025 4319 271.
1064 4263 1209 4317 10101·
1250 4279 1339 4317 xiv
1392 4264 1680 4331 episcopos
1741 4262 2037 4331 provincia:

438 4356 765 4422 Palestinre,
797 4358 887 4426 qui
933 4358 996 4411 A.
1035 4356 1097 4410 1).
1129 4356 1238 4410 415
1291 4356 1342 4409 10
1380 4356 1613 4411 concilio
1658 4355 2038 4425 Diospolilano

441 4448 718 4518 Pelagium
767 4447 1107 4504 Catholicum
1160 4449 1678 4517 pronuntiaverunt,
1736 4464 1875 4503 unus
1942 4449 2040 4502 fuit

441 4543 664 4597 incertae
693 4542 839 4599 sedis
868 4542 1195 4597 Chrontatius
1225 4543 1365 4612 apud
1388 4543 1689 4610 Baluzium,
1716 4559 1836 4613 pag.
1867 4542 1993 4599 561.

513 4634 573 4689 II.
609 4636 787 4703 Quoto
808 4634 1008 4691 Christi
1040 4650 1182 4690 anno
1235 4636 1556 4691 cathedram
1603 4638 2028 4707 Aquileiensem,

441 4774 627 4832 fuere:
665 4789 871 4843 eosque
896 4781 1184 4844 propterea
1216 4772 1305 4828 hic
1332 4773 1631 4845 honoriﬁce
1660 4774 1902 4842 appellat
1929 4774 2037 4845 opi-

441 4848 736 4899 natissimos
755 4856 802 4899 et
852 4845 1240 4913 probatissimos
1269 4848 1321 4898 in
1352 4844 1590 4899 Ecclesia
1617 4847 1713 4899 Dei
1744 4844 2032 4913 episcopos.

444 4917 524 4971 Ex
562 4920 662 4970 bac
701 4927 878 4971 autem
935 4917 1306 4984 appellatione
1362 4918 1586 4970 minime
1636 4919 1904 4985 sequitur,
1960 4918 2035 4969 uti

444 4988 782 5043 Fomaninus
813 4989 1131 5053 arbitratur,
1156 4988 1299 5057 quod
1324 5002 1469 5040 anno
1496 4986 1601 5043 400
1623 4999 1711 5039 aut
1740 4990 1835 5042 101
1871 5029 1885 5051 ,
1932 5002 2038 5054 quo

442 5060 513 5114 ita
547 5064 615 5113 de
643 5060 707 5114 iis
738 5060 1015 5114 scribebat
1039 5059 1263 5111 liuﬁuus
1291 5099 1305 5120 ,
1338 5074 1527 5113 eorum
1552 5059 1771 5128 singuli,
1810 5060 2041 5125 ideoque

440 5133 607 5185 etiam
643 5129 931 5196 Eusebius,
985 5130 1165 5183 adhuc
1211 5142 1396 5185 essent
1442 5131 1493 5183 iu
1526 5129 1691 5191 vivis;
1740 5145 1858 5182 cum
1888 5144 2039 5197 requie

441 5202 561 5257 11ωο
590 5202 836 5256 scribere
882 5201 1177 5270 potuisset,
1209 5201 1417 5254 etiamsi
1457 5216 1649 5255 omnes
1675 5201 1784 5268 jam
1818 5200 2041 5253 fuissent

441 5288 509 5326 eo
538 5282 783 5341 tempore
816 5274 920 5327 vita
952 5271 1119 5325 functi
1148 5290 1159 5325 :
1211 5281 1267 5325 et
1296 5272 1418 5326 ideo
1482 5272 1617 5325 nihil
1677 5272 1801 5325 inde
1851 5281 2037 5325 contra

441 5343 849 5399 Tillemontium
873 5386 886 5407 ,
920 5344 1293 5398 Martianaaum
1312 5385 1325 5407 ,
1348 5343 1732 5407 etBailletum,
1762 5344 1850 5410 qui
1876 5341 2040 5396 Chro-

443 5416 589 5468 matii
621 5416 875 5478 fratrem,
908 5416 977 5470 de
1020 5415 1179 5483 cujus
1219 5414 1528 5467 dormitione
1560 5414 1921 5484 Hieronymus
1954 5413 2036 5465 lo-

444 5485 626 5554 quitur
656 5487 705 5539 iu
754 5488 976 5554 epistola
1010 5502 1131 5555 qua:
1155 5485 1221 5539 ad
1253 5500 1451 5538 annum
1488 5487 1729 5554 pertinet
1759 5483 1864 5538 596
1888 5526 1902 5548 ,
1948 5499 2030 5535 re-

444 5558 688 5611 ctissime
720 5556 997 5609 Eusebium
1018 5566 1293 5610 asserunt.
1351 5556 1481 5609 Vide
1514 5556 1813 5609 Articulum
1843 5556 2036 5624 Apolo-

444 5630 543 5702 giw
566 5628 781 5702 111ρὶ01,
816 5627 881 5681 ad
906 5644 1067 5702 quem
1093 5628 1711 5702 10811101110111011111118,
1763 5629 1905 5702 inter
1936 5626 2032 5679 Ve-

448 5698 611 5771 terum
632 5698 948 5752 Testimonia
968 5740 985 5771 ,γ
1006 5709 1272 5771 1101011081
1302 5698 1669 5771 Ρνιιεριιὶοηεηι
1694 5700 1994 5771 attulimus.

523 5767 633 5825 llac
663 5776 845 5826 autem
874 5767 1046 5838 posita
1076 5769 1355 5839 opinione,
1412 5767 1540 5827 situ:
1586 5771 1795 5827 scilicet
1829 5769 2036 5824 liusrbii

2066 4526 2114 4586 D

2207 3246 2260 3300 9.
2305 3243 2743 3314 llieronymianus
2795 3238 2995 3294 ibidem
3027 3237 3289 3303 tomolV,
3341 3251 3463 3307 pag.
3500 3235 3628 3301 684,
3681 3246 3736 3291 01

2137 3348 2285 3393 10100
2311 3336 2379 3392 111
2404 3335 2689 3391 Februarii
2719 3333 3092 3397 Bollandiani,
3120 3347 3242 3402 pag.
3268 3330 3395 3397 282,
3425 3330 3534 3385 col.
3558 3330 3613 3395 2,
3646 3330 3734 3384 ubi

2143 3431 2447 3485 Valentinus
2480 3444 2575 3497 pro
2606 3427 2913 3481 Valerianus
2936 3424 3156 3493 legitur.

2211 3524 2299 3579 10.
2344 3522 2607 3577 Ltetiensis
2661 3530 2811 3574 101110
2870 3519 2912 3573 II
2962 3517 3137 3572 Martii
3197 3515 3559 3580 Bollandiani,
3610 3529 3729 3585 pag.

2138 3615 2298 3766 391i.
2341 3710 2587 3764 Lucensis
2615 3706 2755 3776 apud
2788 3702 3217 3763 Florentiuium,
3245 3716 3363 3770 pag.
3390 3700 3517 3755 999.

2214 3806 2300 3859 12.
2347 3803 2529 3859 Sancti
2555 3800 2831 3855 Maximini
2861 3808 3009 3852 tomo
3055 3795 3121 3850 111
3172 3794 3456 3849 Februarii
3508 3791 3731 3846 Bollan-

2139 3898 2312 3962 diani,
2346 3912 2466 3966 pag.
2500 3894 2627 3957 282,
2657 3894 2766 3948 col.
2789 3892 2841 3945 2.

2212 3991 2296 4045 15.
2348 3988 2546 4042 Ilabaui
2571 3985 2745 4040 Mauri
2788 3982 2930 4051 apud
2976 3981 3252 4036 Cauisium
3288 3991 3435 4033 tomo
3470 3978 3556 4042 Vl,
3607 3992 3729 4048 pag.

2140 4083 2262 4145 594,
2300 4080 2389 4135 ubi
2416 4090 2615 4144 tamen,
2653 4088 2711 4132 ut
2737 4078 2888 4142 alibi,
2914 4091 3101 4131 errore
3132 4073 3366 4130 Librarii
3420 4072 3733 4126 Valentinus

2143 4190 2240 4246 pro
2276 4174 2555 4227 Valeriano
2584 4172 2801 4243 legitur.

2214 4269 2299 4321 14.
2346 4267 2810 4339 Sangermancnsis
2844 4266 2894 4317 111
2918 4263 3213 4333 Spirilegio
3240 4273 3387 4316 101110
3411 4260 3550 4327 XIII,
3610 4273 3732 4329 pag.

2144 4362 2232 4425 15,
2264 4361 2291 4429 §
2321 4360 2373 4415 6.

2217 4456 2306 4508 15.
2350 4453 2773 4522 Sanremigianus
2807 4451 3031 4505 ibidem.

2214 4545 2299 4599 16.
2340 4543 2684 4599 Tornacensis
2725 4554 2871 4598 101110
2898 4544 2935 4597 II
2988 4541 3167 4597 Martii
3210 4537 3573 4603 Bollandiani,
3613 4550 3734 4606 pag.

2142 4636 2233 4693 59.

2141 4789 2313 4844 usque
2359 4774 2425 4827 ad
2481 4788 2679 4827 annttm
2736 4772 2928 4826 saltem
2980 4770 3098 4834 100,
3142 4770 3454 4844 productio,
3512 4778 3741 4844 necesse

2143 4841 2330 4900 habuit
2359 4845 2698 4899 Fontaninus
2727 4844 3037 4912 excogitare
3060 4884 3073 4903 ,
3108 4856 3171 4895 ac
3220 4843 3385 4895 veluti
3430 4841 3634 4907 scripto
3660 4841 3738 4906 gi-

2140 4932 2309 4987 gnere
2343 4917 2563 4971 terlitttn
2607 4916 2844 4984 aliquem
2899 4913 3187 4987 Chromatii
3240 4912 3461 4966 fratrem
3516 4924 3742 4987 prorsus

2145 4981 2386 5058 ignotum
2413 5030 2426 5051 ,
2457 5000 2508 5040 01
2543 4981 3211 5058 111111011101110101111111100
3244 4999 3558 5058 ananymum
3584 4981 3737 5058 (1100-

2144 5053 2237 5123 re;
2270 5061 2337 5112 de
2362 5060 2517 5125 cujus
2549 5053 2891 5121 dormitione,
2924 5057 3105 5122 potius
3135 5071 3299 5123 quam
3326 5054 3565 5115 Ettscbii,
3602 5053 3741 5105 scri~

2144 5131 2313 5199 pserit
2344 5130 2706 5201 Hieronymus
2737 5128 3024 5201 aun07596.
3071 5128 3176 5181 Sed
3231 5127 3345 5201 lure
3400 5126 3568 5201 gratis
3616 5140 3736 5201 om:

2150 5198 2280 5253 11100
2308 5202 2390 5252 vir
2418 5198 2748 5268 c.t-te'roqnin
2775 5200 3182 5255 eruditissimus
3206 5240 3219 5262 ,
3238 5198 3417 5265 deque
3443 5198 3545 5250 hoc
3567 5198 3738 5268 saneti

2146 5269 2432 5325 Chromatii
2462 5266 2834 5340 Aquileiensis
2860 5272 3100 5339 episeopi
3136 5278 3462 5337 argumento
3506 5266 3743 5340 meritis-

2144 5342 2457 5416 simns,‘nti
2488 5338 2660 5397 citato
2689 5344 2941 5416 superius
2967 5338 3086 5397 loco
3117 5342 3288 5416 iusius
3313 5338 3659 5416 ‘Ilqlill-Iieis.‘

2220 5413 2297 5487 (α)
2328 5414 2423 5469 "lc
2452 5430 2664 5487 Quoque
2687 5409 2995 5470 Fointanino
3025 5412 3352 5469 contradicit
3379 5411 3453 5463 De
3494 5409 3692 5487 linbeis
3724 5420 3737 5467 ;

2144 5486 2237 5554 qui
2268 5495 2514 5539 sanctum
2558 5485 2910 5539 Chromatium
2936 5487 3048 5554 jam
3087 5487 3469 5554 presbyterum
3497 5485 3697 5556 asserit
3727 5515 3740 5536 ,

2144 5552 2269 5610 dum
2304 5557 2527 5610 Ruﬁnus
2553 5573 2695 5611 anno
2725 5559 2822 5611 571
2853 5552 3105 5629 1101572(
3120 5555 3446 5629 baptismum
3482 5552 3745 5629 Aquileia:

2144 5631 2415 5698 suscepit;
2447 5631 2536 5696 qui
2567 5630 2731 5683 etiam
2767 5645 2795 5681 a
2848 5638 3037 5681 sancto
3070 5622 3367 5698 Chi-amatio
3415 5622 3748 5698 baptismum

2144 5690 2425 5767 accepisse
2467 5690 2732 5752 Ruﬁnum
2760 5698 3061 5753 contendit.
3092 5694 3359 5748 Videatur
3405 5695 3597 5749 eadem
3628 5690 3758 5745 Dis-

2144 5772 2355 5823 sertatio
2377 5770 2599 5835 ibidem,
2623 5785 2743 5840 pag.
2772 5770 2829 5821 1|
2855 5776 2911 5821 et
2946 5768 3029 5819 12.
