4270 6176
512 251 614 317 Ξῗη

581 374 665 426 17.
718 373 998 430 Vaticanus
1023 375 1241 430 ibidem.

579 466 665 519 ts.
713 465 982 520 Usuardus
1038 465 1327 540 Rosweydi
1399 467 1542 540 apud
1592 468 1912 539 Sollcrium,
1972 485 2094 543 pag.

509 558 633 614 702.

575 651 674 709 'I‘ot
703 662 942 710 veterum
978 649 1280 707 tabularum
1313 669 1617 710 consensus
1659 657 1866 710 erroris
1918 655 2100 726 arguit.

507 734 612 799 Usu
632 744 730 800 trdi
760 747 999 801 codicem
1029 747 1438 804 Bruxellensem
1465 749 1608 820 apud
1638 749 1952 812 Sollerium,
1975 764 2097 820 pag.

502 840 624 911 711,
657 841 742 895 ubi
771 841 938 910 pridie
960 841 1065 898 kal.
1102 841 1396 901 Decembris
1420 843 1535 898 haec
1556 845 1911 915 legunturzin
1936 844 2099 916 Aqui-

499 933 599 987 leia
628 933 880 1004 depositio
913 936 1077 988 sancti
1115 934 1380 990 Valeriani
1429 937 1663 1007 episcopi
1684 947 1731 992 et
1762 937 2099 1007 confessoris.

499 1023 580 1079 An
609 1034 687 1079 tot
710 1025 903 1081 diebus
933 1031 1088 1101 112
1113 1037 1234 1099 post
1261 1030 1468 1084 obitum
1511 1029 1710 1102 deponi
1767 1044 1873 1084 non
1909 1038 2101 1101 potue-

492 1118 566 1171 rit
597 1118 971 1189 :iiritpttet'enl.
1027 1123 1150 1175 Dies
1193 1121 1556 1190 depositionis
1615 1122 1847 1176 fortasse
1899 1123 2104 1177 rectius

502 1215 641 1283 apud
678 1217 971 1272 Barunium
1021 1219 1266 1288 signatur
1314 1235 1346 1272 v
1388 1218 1637 1274 kalendas
1689 1216 2099 1286 Decembris,cx

502 1305 886 1379 Martyrologio
915 1312 1090 1364 sancti
1143 1311 1377 1382 (Iyriaci.
1421 1311 1566 1366 Idem
1624 1309 1890 1366 Baronius
1920 1314 1982 1364 Λ.
2040 1311 2103 1365 D.

503 1390 630 1464 388,
665 1397 799 1471 §8i,
823 1417 944 1456 cum
965 1403 1332 1468 Ambrosium,
1359 1402 1593 1460 Maximo
1616 1419 1714 1474 per
1737 1399 2107 1460 Theodosium

504 1503 801 1561 prostrato,
837 1495 1101 1568 Aquileia:
1141 1498 1495 1551 constitutum
1539 1497 1777 1566 legisset.
1804 1497 1932 1551 illuc
1984 1512 2110 1566 pro-

501 1583 704 1640 fectum
739 1589 946 1655 putavit
978 1606 1039 1642 ex
1070 1606 1227 1654 more,
1260 1590 1327 1644 ad
1359 1591 1478 1642 novi
1504 1591 1811 1644 creationem
1840 1590 2106 1656 antistitis,

503 1694 640 1744 cum,
665 1681 907 1751 defuncto
927 1693 1102 1736 sancto
1125 1682 1428 1747 Valeriano,
1451 1685 1566 1753 ejus
1593 1684 1812 1738 civitatis
1840 1684 2110 1754 episcopo,

1469 260 1556 318 DE
1596 260 1653 319 S.
1696 262 2103 326 CHRONATIO
2145 265 2359 328 EPISC.
2406 266 2842 335 AQOILIEIENSI

2125 384 2173 449 Α
2204 379 2514 448 Mediolani,
2566 393 2621 436 ut
2674 385 2752 446 ait
2795 383 3072 449 Paulinus,
3113 382 3406 455 Aquileiam
3454 386 3796 454 properavit;

3694 271 3802 329 380

2199 474 2334 532 alias
2365 477 2417 536 in
2443 478 2706 536 alterutra
2734 478 2894 542 urbe,
2924 494 3033 539 non
3079 479 3299 541 litteris,
3326 478 3421 534 sed
3472 494 3680 544 coram,
3733 480 3804 542 de

2202 568 2484 638 rescripto,
2539 569 2593 628 in
2641 567 2984 626 Christianos
3020 570 3309 628 Mediolani
3360 571 3604 640 vulgato,
3661 571 3804 640 apud

2199 658 2499 729 Augustum
2530 662 2951 730 expostulasset.
3004 663 3374 720 Consolantur
3401 675 3658 718 auctores
3696 664 3806 720 Ad—

2201 752 2493 810 ntonilionis
2540 769 2637 822 pro
2663 754 2851 813 ordine
2907 755 3270 824 Epistolarum
3303 757 3476 811 sancti
3527 755 3803 814 Ambrosii

2202 837 2347 912 §lt|,
2381 855 2433 901 et
2472 843 2667 917 Pagius
2692 843 2760 902 A.
2793 845 2857 900 D.
2881 845 3059 916 58a,§
3094 846 3156 900 l2
3182 863 3196 911 ;
3225 862 3348 902 cum
3396 857 3600 914 autem,
3636 857 3694 903 ut
3726 847 3808 905 vi-

2203 935 2400 1000 dimus,
2433 935 2742 994 Valerianus
2778 939 2981 996 obiecit
3035 939 3122 994 die
3163 938 3232 998 9.6
3276 939 3460 996 Nuvea
3487 939 3625 1005 bris,
3679 941 3808 1002 hinc

2204 1038 2500 1094 constaret,
2526 1030 2874 1089 Ambrosium
2899 1043 3037 1092 ante,
3095 1047 3200 1092 nun
3245 1044 3359 1103 post
3398 1033 3606 1094 obitum
3645 1033 3805 1088 Vale-

2206 1121 2338 1176 riaui
2357 1122 2652 1196 Aquileiam
2696 1123 3021 1193 profectum,
3067 1123 3298 1194 ideoque
3323 1125 3485 1180 aliam
3505 1127 3806 1184 ubeausam

2206 1229 2364 1281 quam
2390 1215 2459 1270 ob
2482 1214 2838 1272 Chromatium
2873 1217 3163 1274 Valeriano
3219 1219 3656 1290 subrogandum;
3713 1221 3808 1288 qui

2212 1307 2450 1363 amulum
2470 1324 2536 1363 ex
2571 1309 2669 1364 hac
2695 1312 2800 1364 vita
2837 1317 3187 1381 migraverat.
3221 1311 3292 1368 At
3318 1323 3521 1382 quanto
3549 1313 3720 1383 magis
3749 1312 3805 1368 in

2211 1402 2553 1459 Ambrosiam
2613 1405 2823 1460 itineris
2853 1419 3014 1458 causa
3057 1406 3138 1458 vir
3171 1405 3439 1463 maximus
3470 1405 3577 1458 t'alli
3624 1405 3808 1462 dicen-

2209 1495 2310 1549 dus
2341 1505 2443 1558 est,
2475 1495 2519 1548 si
2556 1495 2773 1550 biennio
2823 1498 3007 1560 citius,
3074 1496 3386 1552 Valerianus
3448 1497 3605 1568 113
3661 1498 3804 1552 dicm

2212 1596 2517 1643 extremum
2540 1587 2772 1655 obierat,
2801 1588 3255 1658 quemadmodum
3299 1588 3638 1644 Venetorum
3690 1604 3808 1646 mo-

2216 1680 2487 1734 numentis
2521 1681 2793 1753 proditum
2819 1682 2945 1736 est?
3002 1683 3166 1738 [lecte
3196 1696 3324 1751 ergo
3363 1690 3614 1736 auctores
3657 1695 3810 1736 novre

503 1774 555 1825 in.
586 1775 759 1827 locum
790 1774 934 1829 illius
967 1786 1039 1831 est
1067 1779 1378 1850 suliroyatus
1408 1789 1614 1831 sanctus
1640 1777 1994 1833 Chromatius.
2039 1778 2116 1834 lla
2154 1775 2194 1833 Β
2223 1771 2476 1828 editionis
2498 1775 2731 1842 Operum
2761 1773 2933 1827 saneti
2963 1773 3255 1835 Ambrosii,
3283 1773 3333 1827 in
3367 1772 3483 1842 ejus
3515 1771 3658 1838 Vita,
3688 1787 3808 1843 eap.

504 1863 793 1923 Baronius.
832 1867 1006 1924 Verba
1049 1870 1259 1925 Paulini
1290 1871 1527 1936 diaconi,
1561 1887 1679 1925 eam
1720 1872 2112 1941 profectionem

504 1971 658 2012 narra
670 1959 774 2014 mis
794 1960 845 2014 in
861 1960 978 2018 Vita
1000 1963 1298 2027 Ambrosii,
1314 1964 1540 2032 capﬂﬂ,
1557 1963 1672 2018 hzec
1687 1973 1830 2018 sunt:
1850 1964 2115 2020 Exstincto

509 2047 758 2110 Maximo,
795 2054 961 2123 posito
992 2054 1286 2108 Theodosio
1314 2057 1627 2126 imperatore
1655 2051 1962 2122 Mediolani,
1993 2059 2114 2112 Am-

506 2143 676 2195 broxio
702 2161 816 2198 vero
849 2146 1091 2219 episcopo
1126 2147 1398 2215 Aquileitc,
1423 2151 1474 2202 in
1501 2150 1735 2218 partibus
1781 2149 2012 2204 Orientis
2061 2150 2114 2204 in

504 2236 724 2303 quodam
753 2237 988 2304 castello,
1021 2255 1051 2292 a
1087 2238 1384 2293 christianis
1411 2241 1533 2295 viris
1579 2241 1862 2312 Synagoga
1903 2239 2116 2314 Iudico-

505 2342 639 2383 rum.
670 2339 714 2379 et
747 2326 894 2381 lucus
951 2329 1461 2395 Valentinianorum,
1504 2333 1744 2386 incendio
1792 2342 2114 2388 concremata

506 2430 649 2483 sunt,
665 2430 931 2492 prapterea
952 2423 1090 2491 quod
1107 2422 1302 2489 Judazi,
1331 2424 1406 2480 vel
1430 2424 1782 2480 Valentiniani
1809 2427 2113 2484 insultarent

507 2515 771 2566 monachis
802 2513 1121 2569 Christianis.
1155 2516 1259 2572 Sed
1290 2515 1567 2572 Candidus
1597 2518 1692 2574 lib.
1726 2535 1759 2573 ll
1779 2559 1795 2585 ,
1830 2518 1924 2574 fol.
1956 2535 2034 2584 ut,
2055 2518 2111 2585 2,

507 2615 563 2660 et
588 2607 866 2663 Palladius
893 2608 987 2667 lib.
1020 2626 1094 2674 Ix,
1126 2626 1250 2681 pag.
1283 2611 1410 2675 156,
1442 2622 1499 2666 ιιι
1529 2612 1893 2666 Ambrosiam
1927 2613 2113 2666 itineri

511 2714 734 2754 causam
780 2709 1172 2769 prietexerent,
1200 2703 1472 2767 ejusmodi
1508 2703 1817 2758 incendium
1852 2705 2114 2774 Aquileiae

505 2793 805 2863 contigisse
831 2796 1124 2850 commenti
1159 2805 1307 2858 sunt.
1327 2811 1634 2866 quanquam
1664 2795 1922 2851 Paulinus
1943 2797 2113 2852 diser-

509 2886 576 2938 tis
600 2887 782 2941 verbis
809 2887 860 2940 in
888 2889 1120 2959 partibus
1147 2886 1374 2941 Orientis
1402 2888 1450 2942 id
1479 2889 1731 2943 evenisse
1788 2887 2109 2953 tradiderat,

509 2994 703 3046 nempe
735 2979 800 3034 ad
832 2991 1070 3035 castrum
1103 2981 1436 3047 Callinicum,
1462 2981 1606 3052 quod
1644 2998 1750 3038 non
1783 2983 1835 3038 in
1876 2982 2108 3046 Venetia,

505 3073 598 3126 sed
633 3073 681 3125 in
714 3071 1084 3140 Mesopotamia
1138 3075 1291 3129 stetit
1319 3073 1387 3128 ad
1447 3074 1622 3143 ripam
1681 3075 1988 3144 Euphratis.
2045 3090 2111 3129 ex

2218 1867 2308 1931 98,
2332 1879 2550 1921 causam
2577 1866 2845 1935 ejusmodi
2875 1865 3088 1921 itineris
3140 1866 3398 1934 ignorari,
3435 1880 3614 1936 neque
3643 1865 3811 1920 ullum

2216 1958 2586 2014 testimonium
2617 1958 3263 2013 astruendtnBaronianae
3286 1959 3571 2014 sententia:
3610 1961 3816 2027 proter-

2217 2053 2286 2114 ri,
2316 2051 2594 2104 dixerunt.
2626 2050 2680 2104 Si
2716 2050 3108 2106 Ambrosiusin
3124 2051 3458 2110 Pannoniam
3473 2050 3578 2106 iter
3601 2050 3812 2118 habuit,

2217 2141 2504 2200 Auentium
2528 2144 2884 2198 Sirmicnsem
2922 2143 3240 2212 episcopum
3260 2141 3639 2204 ordinaturus,
3677 2151 3816 2200 teste

2216 2233 2442 2289 Paulino
2468 2249 2587 2304 cap.
2625 2236 2710 2301 11,
2751 2251 2855 2288 non
2878 2234 3038 2289 video
3067 2250 3167 2288 cur
3190 2234 3330 2288 idem
3361 2243 3655 2294 accuratus
3686 2237 3815 2290 Am-

2219 2329 2382 2386 brosii
2411 2332 2652 2383 notarius
2686 2344 2904 2382 causam
2939 2329 3304 2400 Aquileiensis
3330 2331 3544 2386 itineris
3578 2331 3814 2388 reticere

2215 2423 2514 2487 debuisset,
2555 2423 2599 2479 si
2631 2424 2730 2477 hoc
2776 2422 3060 2482 Cltrotnatii
3116 2421 3515 2488 ordinationem
3559 2435 3811 2493 Spectas-

2216 2525 2296 2568 set
2334 2513 2428 2588 (a).

2290 2607 2377 2662 Ill.
2426 2607 2545 2664 Fuit
2579 2607 2911 2661 Chromatius
2945 2608 3088 2664 inter
3116 2606 3501 2671 Occidentales
3531 2608 3817 2679 episc0pos

2215 2705 2506 2757 sanctitate
2538 2715 2586 2755 et
2613 2702 2863 2758 doctrita
2896 2702 3313 2768 celeberrimus,
3348 2710 3405 2758 ut
3433 2702 3672 2757 laudesa
3697 2703 3814 2760 lau-

2215 2795 2357 2849 datis
2392 2797 2522 2852 ιξΓίδ
2554 2796 2604 2848 in
2658 2797 2829 2866 ipsum
2860 2796 3077 2854 collatae
3120 2794 3298 2862 palam
3345 2803 3654 2861 teSIantur;
3701 2811 3816 2852 rna-

2213 2890 2336 2955 gnis
2377 2889 2522 2944 enim
2569 2887 2828 2942 amicitiis
2869 2886 3050 2944 ﬂoruit
3087 2906 3096 2938 :
3145 2886 3367 2941 Joannis
3419 2887 3772 2958 Chrysostomi
3798 2930 3814 2955 ,

2223 2980 2558 3052 Hieronymi,
2592 2980 2880 3045 Ambrosii,
2914 2979 3219 3040 Heliodori,
3255 2978 3454 3050 Ruﬁni.
3490 2979 3818 3040 Ambrosius

2215 3073 2434 3142 quidem
2482 3077 2543 3126 A.
2579 3073 2637 3132 Ι).
2671 3073 2775 3128 589
2804 3089 2832 3126 a
2867 3071 3163 3133 Chromatio
3196 3081 3438 3142 rogatus,
3472 3079 3532 3132 ut
3557 3071 3758 3141 aliquid
3786 3085 3818 3128 e

511 3163 796 3217 Ammiano
825 3167 911 3218 lib.
953 3182 1106 3232 mn,
1137 3182 1258 3234 cap.
1289 3169 1344 3230 5,
1379 3174 1434 3220 et
1456 3181 1522 3226 ex
1552 3165 1819 3235 Procopio
1847 3165 1915 3220 de
1955 3161 2110 3224 Bello
2140 3156 2184 3216 C
2219 3163 2390 3222 sacris
2429 3164 2712 3219 eodicibus
2752 3165 3030 3233 epistulari
3077 3165 3445 3224 iamiliaritatc
3476 3164 3811 3233 disputatum

513 3255 738 3308 Persico
769 3255 866 3309 lib.
892 3272 932 3322 ι,
959 3271 1074 3324 cap.
1113 3257 1210 3320 18,
1243 3257 1338 3315 lib.
1372 3272 1430 3322 ιι,
1461 3271 1579 3326 cap.
1615 3256 1670 3310 11
1714 3267 1767 3310 et
1811 3257 1904 3320 ‘21,
1957 3265 2010 3311 ct
2059 3257 2113 3311 in

514 3347 746 3402 Historia
776 3364 995 3409 arcana,
1022 3366 1144 3418 cap.
1172 3354 1203 3402 5
1235 3351 1289 3404 in
1320 3351 1445 3404 line.
1473 3351 1586 3405 lloc
1631 3360 1903 3404 nostrates
1934 3347 2112 3408 Histo-

513 3441 608 3494 rici
642 3441 854 3496 discere
879 3443 1044 3496 etiam
1099 3445 1488 3513 potuissentcx
1510 3444 1786 3498 Ambrosii
1837 3443 1994 3514 epist.
2046 3445 2115 3501 40

517 3535 764 3607 Aqui/cite
798 3539 1027 3606 scripta,
1051 3539 1100 3590 in
1132 3555 1234 3608 qua
1264 3537 1345 3592 vir
1373 3548 1593 3593 sanctus
1639 3556 1763 3598 cum
1805 3539 2115 3600 Theodosio

515 3631 846 3697 eXpostolal,
881 3642 1166 3700 prOptcrea
1211 3632 1351 3694 quod
1379 3632 1723 3702 Syuagogam
1755 3632 1822 3685 ab
1854 3633 2113 3702 episcopo

513 3724 754 3778 Callinici
789 3725 1224 3790 instaurandum,
1251 3737 1304 3781 et
1335 3743 1362 3779 a
1391 3726 2113 3796 tuonachislimitasdavidas,

511 3814 696 3870 edicto
727 3817 1020 3871 sanxisset.
1050 3816 1335 3872 Maximum
1360 3830 1648 3891 tyrannum
1689 3818 1756 3873 ad
1791 3822 2008 3875 tertium
2040 3820 2108 3874 ab

511 3907 758 3976 Aquileia
789 3908 1023 3975 lapidem
1059 3913 1124 3964 A.
1159 3912 1217 3963 1).
1262 3913 1387 3976 388,
1417 3928 1447 3964 v
1471 3911 1576 3966 kal.
1630 3915 1902 3982 Augustas
1935 3913 2115 3968 devic-

515 4008 626 4051 tum
659 4008 888 4053 testatur
919 4001 1127 4056 Idacius
1160 4001 1213 4056 in
1246 4003 1425 4057 Fastis
1453 4005 1754 4060 Lahbeanis
1784 4015 1930 4070 tumo
1961 4005 2005 4060 ll
2029 4005 2115 4060 Bi-

517 4091 809 4144 bliotheca:
841 4107 997 4157 mss.,
1031 4093 1223 4162 quibus
1251 4095 1450 4163 potius,
1484 4112 1642 4164 quam
1672 4096 2116 4161 Socrati,eittero

514 4184 792 4253 scriptori,
817 4185 1148 4240 credendum
1177 4197 1282 4250 est,
1303 4189 1393 4256 qui
1414 4188 1507 4243 lib.
1527 4205 1578 4257 ν,
1604 4203 1725 4258 cap.
1756 4188 1840 4255 M,
1863 4205 1983 4246 eam
2006 4193 2112 4245 cla-

513 4277 634 4329 dem
667 4276 843 4343 rejicit
872 4276 923 4329 in
952 4293 1002 4330 VI
1035 4276 1145 4331 kal.
1170 4277 1538 4349 Septembres.
1569 4278 1713 4335 Fuso
1742 4280 1916 4348 hoste,
1963 4299 2114 4354 quem

517 4369 661 4436 prius
689 4368 971 4440 ignominia
999 4370 1278 4435 servitutis,
1306 4388 1460 4442 quam
1486 4370 1665 4426 hostili
1694 4389 1938 4429 mucrone
1986 4391 2110 4430 cono

511 4461 727 4528 fossam,
747 4461 1196 4532 aitilicronymus
1223 4463 1273 4516 in
1299 4464 1584 4532 epitaphio
1607 4465 2107 4536 Nepotiani,Theo-

2217 3273 2340 3314 cum
2372 3276 2435 3310 νυ
2478 3259 2947 3319 communicaret,
2999 3256 3284 3311 ItiStoriam
3331 3258 3550 3314 Balaam
3585 3256 3818 3327 pseudo-

2219 3349 2499 3420 prupltetre
2549 3367 2612 3406 ex
2671 3351 2810 3404 libro
2856 3348 3225 3404 Numerorum
3283 3351 3681 3419 interpretatus
3734 3357 3819 3404 est

2219 3443 2445 3509 epistola
2479 3444 2547 3498 50
2573 3485 2585 3501 .
2633 3443 2769 3497 alias
2797 3458 3017 3512 quoque
3049 3458 3108 3496 se
3135 3441 3447 3496 additurum
3496 3441 3774 3510 pollicitus
3796 3483 3813 3508 ,

2216 3550 2352 3607 quas
2383 3535 2540 3592 nobis
2571 3535 2767 3604 injuria
2809 3548 3114 3603 temporum
3150 3535 3397 3588 abstulit.
3434 3534 3536 3589 Adi
3572 3536 3816 3589 Atiniam".

2218 3631 2404 3686 tionem
2433 3646 2528 3703 pro
2554 3631 2750 3686 ordine
2783 3631 3153 3697 Epistolarum
3187 3630 3486 3695 Ambro~ii,
3513 3629 3540 3701 §
3565 3629 3615 3693 5,
3637 3638 3691 3684 et
3723 3629 3818 3686 Vi-

2219 3735 2323 3776 tam
2357 3738 2475 3793 cap.
2512 3723 2634 3778 108.
2655 3723 2900 3778 Subinde
2925 3723 3302 3788 Chromatium,
3341 3722 3505 3778 fratre
3532 3722 3814 3787 orbatum,

2216 3817 2372 3887 Cujus
2401 3833 2598 3873 nmueu
2652 3820 2948 3887 ignoratur,
3000 3833 3258 3887 magnum
3300 3818 3612 3874 christiana:
3652 3814 3812 3870 forti-

2218 3911 2420 3966 tudinis
2439 3913 2770 3983 eXcrnplum,
2811 3914 3042 3968 adversa
3077 3913 3280 3966 invicto
3305 3913 3483 3970 animo
3513 3911 3807 3976 subeundi,

2217 4003 2436 4064 dedisse
2463 4006 2863 4074 comperimus;
2913 4022 3035 4060 nam
3078 4005 3422 4077 Hieronymus
3457 4005 3811 4076 Epitaphium

2180 4095 2525 4161 ‘Nepotiani,
2571 4097 2714 4166 quod
2759 4108 2844 4151 est
2890 4098 3119 4167 epistola
3155 4098 3255 4163 55,
3304 4099 3439 4152 alias
3481 4099 3537 4163 5,
3583 4110 3708 4156 tunc
3743 4113 3810 4152 ex

2217 4189 2373 4261 Syria
2415 4189 2482 4243 ad
2521 4188 2860 4244 Heliodorum.
2893 4191 3189 4248 Altinatem
3223 4192 3539 4264 episcopum
3572 4190 3772 4258 scripta
3794 4231 3810 4256 ,

2217 4283 2417 4338 clausit
2447 4284 2530 4336 his
2560 4284 2740 4338 verbis
2769 4301 2781 4337 :
2815 4282 3112 4358 Jungamur
3140 4284 3350 4354 spiritu,
3386 4283 3704 4352 stringamur
3731 4281 3812 4356 af-

2217 4377 2374 4446 fectu,
2403 4389 2450 4433 et
2480 4379 2834 4448 fortitudinem
2863 4378 3065 4440 mentis,
3091 4393 3246 4448 quam
3275 4377 3451 4436 beatus
3479 4386 3618 4449 papa
3646 4375 3811 4430 Chro-

2217 4472 2405 4526 matius
2430 4471 2650 4527 ostendit
2678 4472 2727 4525 in
2770 4472 3079 4530 dormitione
3114 4470 3381 4534 Germani,
3416 4487 3507 4526 nos
3550 4470 3812 4527 imitemur

511 4553 698 4608 dosius
747 4554 1008 4622 Aquileia
1058 4556 1297 4610 subs'itit
1349 4557 1681 4628 aliquandiu,
1730 4560 1947 4620 Maximi
1994 4569 2112 4616 acta
2139 4547 2192 4608 Ῑ)
2218 4567 2270 4618 in
2300 4565 2428 4636 filio.
2461 4566 2607 4626 lianc
2641 4565 2931 4637 epistolam
2965 4565 3031 4620 Λ.
3071 4565 3130 4620 1).
3173 4565 3487 4640 59611313111
3518 4579 3581 4618 ex
3616 4562 3810 4617 subse-

512 4644 892 4717 abrogaturus.
927 4648 1057 4701 Nam
1084 4648 1190 4702 Lex
1221 4651 1253 4704 6
1281 4651 1365 4704 ιιι.
1400 4653 1465 4704 14
1487 4653 1579 4705 lib.
1613 4668 1688 4705 xv
1706 4651 1920 4707 Codicis
1938 4653 2113 4708 Theo-

514 4739 749 4804 dosiani,
783 4740 982 4794 ibidem
1013 4740 1138 4793 data
1171 4757 1222 4795 vr
1253 4741 1358 4795 kal.
1389 4744 1673 4809 Octobres,
1699 4745 1806 4813 agit
1837 4745 1898 4797 de
1951 4746 2112 4798 hono-

510 4830 654 4884 ribus
682 4850 714 4885 a
746 4832 978 4887 Maximo
1008 4835 1230 4894 collatis.
1266 4836 1599 4909 abmgandis.
1618 4838 1737 4892 Mox
1771 4848 1893 4908 post
1920 4839 2112 4893 sexde—

511 4923 615 4974 cim
639 4921 760 4976 dies
787 4925 836 4976 ei
871 4924 1105 4980 similem
1135 4928 1615 4982 sanxitMediolani
1638 4945 1685 4983 \‘l
1706 4929 1822 4984 idus
1846 4929 2113 4986 Octobres

513 5013 755 5080 ejusdem
779 5017 907 5070 anui
934 5015 1060 5082 588,
1097 5017 1146 5071 in
1172 5034 1275 5087 qua
1313 5020 1447 5074 urbe
1478 5036 1532 5074 ιιι
1565 5037 1734 5076 nonas
1763 5020 1950 5087 Maias,
1973 5034 2028 5078 et
2057 5040 2108 5077 vt

511 5106 544 5160 lt
564 5106 619 5159 ιι.
653 5106 987 5163 Decembres
1017 5111 1147 5165 anni
1181 5110 1516 5183 insequentis
1541 5115 1646 5170 589
1663 5116 1839 5170 adhuc
1854 5119 2106 5187 degebat,

511 5201 726 5270 quando
751 5201 894 5271 leges
920 5203 984 5256 17
1003 5214 1057 5258 et
1089 5207 1154 5258 19
1183 5205 1249 5260 de
1280 5205 1555 5261 Hazreticis
1581 5208 1665 5261 tit.
1702 5208 1769 5262 15
1797 5210 1892 5262 lib.
1928 5212 2111 5266 rivul-

507 5295 674 5363 gavit.
699 5295 840 5364 Ergo
860 5296 1226 5352 Theodosium
1257 5300 1344 5354 die
1366 5300 1438 5354 ‘26
1453 5301 1791 5371 Septembris
1819 5305 2106 5372 Aquileia},

510 5389 676 5444 cttlie
711 5389 776 5442 10
802 5390 1052 5445 Octobris
1081 5392 1144 5447 A.
1198 5393 1258 5445 Ι).
1314 5394 1419 5448 588
1463 5394 1749 5448 Mediolani
1801 5406 2103 5452 morantem

513 5481 809 5537 habemus:
843 5501 1022 5554 eoque
1053 5486 1228 5552 spatio
1259 5487 1522 5556 temporis
1553 5489 1840 5558 interiecto
1874 5491 2103 5544 Ambro-

505 5577 641 5639 sius,
675 5578 921 5632 exstincto
947 5577 1200 5644 Maximo,
1235 5580 1402 5648 posito
1453 5579 1739 5634 Theodosia
1794 5581 2104 5652 imperatore

579 5717 860 5791 ‘_Ba_ronii
905 5719 1316 5791 conjecturam,
1350 5736 1508 5786 quam
1553 5721 1643 5778 hic
1688 5738 1793 5776 non
1837 5724 2103 5791 approbat

511 5786 854 5843 clarissimus
898 5786 1262 5858 Fontaninus,
1295 5791 1536 5852 defendit
1577 5786 1883 5863 iternardus
1912 5786 2100 5862 Maria

2215 4662 2509 4730 quentibus
2552 4661 2732 4716 verbis
2768 4661 2927 4716 docet
2978 4661 3173 4716 Petrus
3202 4659 3535 4720 Franciscus
3580 4656 3810 4714 Chime-

2217 4755 2322 4807 tius
2373 4755 2422 4807 in
2470 4749 2696 4808 Paulino
2736 4756 3008 4808 illustrato
3060 4764 3213 4824 parte
3260 4770 3324 4816 ιι,
3367 4769 3490 4822 cap.
3528 4754 3633 4807 1οε
3676 4752 3810 4805 Ecce

2214 4847 2302 4901 tibi
2343 4864 2481 4900 anno
2529 4847 2789 4919 prwtcrito
2837 4863 2899 4901 ex
2943 4847 3142 4902 ultimis
3189 4845 3408 4901 Caucasi
3454 4845 3670 4915 rupibus
3713 4845 3809 4898 im-

2213 4940 2356 4996 missi
2397 4940 2447 4994 in
2474 4956 2564 4993 nos
2594 4955 2695 4992 non
2729 4941 2841 5009 jam
2876 4939 3100 5004 Arabica,
3132 4939 3221 4998 sed
3263 4939 3638 5011 Septentrionis
3673 4939 3806 5004 lupi,

2215 5042 2386 5088 tantas
2429 5033 2564 5087 brevi
2606 5033 2900 5102 prouincias
2947 5043 3329 5101 parcurrerunt.
3376 5032 3502 5086 Ha‘c
3547 5031 3650 5086 fuit
3683 5031 3809 5084 Ala-

2209 5127 2308 5181 rici
2344 5126 2490 5193 regis
2513 5126 2814 5182 Gothorum
2841 5126 2892 5179 in
2915 5126 3196 5182 Orientalc
3220 5127 3517 5193 imperium
3550 5126 3804 5197 irruptio,

2215 5221 2524 5288 proditione
2559 5219 2739 5274 Ruﬁni
2769 5220 3013 5290 Patricii,
3056 5220 3283 5292 Olybrio
3311 5229 3366 5274 et
3406 5219 3646 5274 Probino
3676 5232 3807 5280 con-

2211 5312 2420 5368 sulibus
2453 5313 2515 5367 A.
2560 5313 2623 5366 D.
2667 5314 2791 5369 595.
2825 5313 2956 5380 Qum.
2991 5313 3153 5368 modo
3193 5313 3441 5368 adductis
3486 5310 3806 5382 Hieronymi

2213 5405 2398 5457 verbis
2455 5403 2808 5473 prtrcednut.
2872 5403 3140 5470 epoeham
3201 5405 3376 5473 magis
3437 5403 3806 5458 conﬁrmant:

2220 5495 2436 5567 Viginti,
2460 5507 2505 5551 et
2536 5514 2592 5550 eo
2622 5495 2845 5562 (ML-"lius
2877 5497 2997 5549 anni
3019 5507 3160 5565 sunt,
3192 5497 3330 5566 quod
3357 5497 3491 5548 inter
3514 5493 3807 5549 Constanti-

2211 5587 2442 5658 nopolim
2477 5601 2523 5643 et
2562 5591 2714 5661 Alpes
2739 5587 2912 5644 Iulias
2940 5589 3171 5659 quotidie
3203 5589 3463 5642 Romanus
3491 5587 3701 5658 sanguis
3733 5588 3810 5656 ef-

2212 5727 2290 5781 De
2320 5727 2526 5782 Rubeis
2569 5745 2716 5782 nutu.
2748 5726 2782 5781 5
2831 5725 3024 5795 capitis
3065 5723 3133 5780 18
3163 5724 3590 5786 Dissertationum
3633 5721 3811 5785 Varia:

2210 5797 2561 5865 Eruditiouis,
2585 5808 2721 5863 etc.,
2749 5813 2912 5872 quem
2945 5795 3082 5854 infra
3107 5795 3317 5852 damus.
