4172 6182
417 270 516 324 581

1495 267 1687 332 "381'!
1727 267 2101 330 FONTAMNI
2145 265 2606 334 DILUCIDATIO.

3605 261 3711 325 589

412 388 675 459 funditur.
711 387 891 454 Immit
925 388 1130 468 primos
1161 389 1486 458 Quadorum,
1525 402 1579 446 et
1613 391 2009 452 Marcomanno-
2043 395 2093 462 Α
2123 407 2285 447 mone
2319 392 2640 449 transferret
2668 435 2680 456 ,
2719 391 3131 462 Paraleomrna
3179 387 3472 441 (Ihrmnatio
3513 385 3716 441 direxit

411 498 528 534 rum
551 481 803 540 incursus
822 482 874 536 in
901 493 1140 537 nostrain
1165 483 1478 548 Venetiam,
1509 486 1768 556 perruptis
1792 484 2012 555 Alpibus

410 571 444 625 Ι
453 573 610 638 rdiis;
642 577 776 628 unde
807 584 932 629 tunc
968 573 1205 646 Aquileia
1235 576 1460 642 obsessa,
1495 587 1541 638 et
1571 575 1895 648 Opitergium
1925 594 2014 631 exa-

411 657 574 719 cisum
619 675 716 738 est,
773 675 912 722 teste
959 668 1250 723 Ammiano
1281 670 1374 723 lib.
1431 686 1582 735 xxix,
1629 685 1751 740 cap.
1783 664 1836 726 ὅ.
1888 671 2012 726 Ηωε

409 755 676 824 Gratiano
725 758 972 830 Augusm
1024 777 1083 815 tu
1119 771 1175 816 et
1223 762 1442 834 Equitio
1488 763 1802 818 consulibus
1836 766 1898 818 A.
1942 763 2006 818 Ῐ).

405 848 515 908 ’574
545 851 850 922 contigisse
892 854 1275 910 animadvertit
1301 855 1571 912 Henricus
1592 854 1848 913 Valesius
1874 874 1888 913 :
1919 872 2012 912 eo-

405 945 646 1013 demque
695 946 910 1001 excidio
966 948 1136 1010 Italia:
1194 951 1545 1018 imminente,
1599 951 2009 1006 Valentinianus

406 1037 598 1098 senior
632 1036 927 1108 Liquentiae
967 1052 1186 1118 pontem
1223 1042 1275 1097 in
1319 1059 1453 1112 agro
1480 1043 1799 1116 Opitergina
1844 1060 2009 1116 repu-

402 1131 637 1187 randum
668 1144 966 1189 curaverat
997 1138 1059 1189 A.
1092 1136 1156 1190 D.
1187 1136 1316 1205 570,
1348 1137 1467 1207 lege
1495 1136 1550 1202 9.,
1585 1139 1669 1192 tit.
1708 1139 1794 1204 10,
1825 1138 1920 1193 lib.
1955 1155 2008 1193 χι

405 1224 622 1284 Codicis
653 1227 1042 1294 Theodosiani.

477 1319 567 1376 iV.
612 1320 999 1391 llierOuymus,
1029 1320 1326 1376 Chromatio
1361 1332 1418 1378 et
1453 1323 1760 1394 Heliodoro,
1795 1324 2009 1395 episco-

405 1411 514 1481 pis,
544 1411 743 1475 librum
781 1411 1135 1467 Chaldaicum
1178 1414 1364 1468 Tollite
1403 1415 1596 1472 Latine
1633 1417 1808 1483 reddi,
1842 1417 1909 1471 ab
1947 1434 2007 1473 se

405 1504 781 1576 ﬂagitantibus
806 1547 820 1570 ,
855 1507 1016 1559 unius
1043 1505 1151 1562 diei
1185 1507 1369 1562 labore
1400 1509 1606 1577 paruit,
1641 1508 1865 1564 homine
1890 1509 2007 1580 ejus

403 1597 603 1666 lingute
627 1597 806 1666 perito
825 1596 928 1651 sibi
959 1597 1178 1652 Librum
1199 1599 1451 1654 hebraice
1471 1600 1738 1667 dictante,
1756 1613 1809 1654 ut
1839 1603 2000 1674 epist.

407 1688 510 1743 110
535 1691 596 1743 Δ.
627 1691 691 1744 1).
719 1690 825 1745 590
849 1691 1050 1759 scripta
1076 1705 1175 1744 nos
1205 1691 1404 1746 docet:
1440 1691 1649 1760 Mirari,
1683 1694 1876 1764 inquit,
1901 1710 2003 1748 non

2117 487 2179 538 A.
2217 485 2276 540 D.
2310 486 2436 551 597,
2473 487 2524 539 in
2562 484 2718 554 cujus
2755 484 2875 542 libri
2915 483 3183 536 vestibulo
3212 481 3392 550 elogio
3423 477 3716 548 magniﬁco

2115 577 2269 631 illum
2311 578 2608 644 extollens,
2652 584 2811 631 vocat
2837 575 3194 648 episcOporum
3231 572 3606 626 sanctissimum
3635 579 3714 622 at-

2113 687 2210 741 que
2246 669 2616 723 doctissimum.
2651 671 2838 723 Sixtus
2879 667 3140 722 Senensis
3173 666 3295 720 huic
3326 664 3508 734 elogio
3539 663 3606 716 ab
3649 678 3710 718 se

2113 764 2344 819 recitato
2389 764 2440 816 in
2481 763 2624 818 libro
2668 779 2717 816 IV
2749 762 3104 816 Bibliotheca:
3127 759 3240 830 ,fde
3271 773 3371 813 suo
3416 755 3565 812 addit
3594 757 3712 811 haec

2113 855 2319 912 verba:
2350 854 2490 923 quod
2529 870 2649 908 raro
2693 854 2985 907 invenitur:
3021 867 3136 905 :‘evo
3184 861 3366 904 tamen
3409 849 3554 903 Sitti
3596 845 3710 902 for-

2113 957 2278 1010 tasse,
2309 962 2415 1002 non
2446 946 2752 1002 Chromatii.
2788 947 3150 1018 Hieronymus
3181 946 3232 998 in
3263 945 3404 999 libro
3435 959 3473 998 ιι
3506 943 3710 1010 Apolo-

2111 1041 2211 1112 gizn
2240 1045 2288 1099 1,
2315 1057 2474 1111 quam
2503 1041 2564 1095 A.
2598 1042 2656 1094 D.
2688 1040 2796 1096 400
2824 1041 3081 1110 scriptam
3110 1040 3450 1102 docebimus,
3483 1037 3708 1092 easdem

2111 1151 2391 1189 sacrorum
2433 1133 2766 1188 voluminum
2810 1133 2878 1187 ab
2916 1147 2976 1188 se
3013 1131 3180 1187 factas
3219 1129 3710 1200 interpretationes

2111 1231 2181 1284 ita
2212 1239 2612 1286 commemorat
2641 1227 2738 1283 :In
2756 1229 2886 1282 libro
2903 1226 3234 1297 Temporum,
3261 1226 3314 1278 id
3337 1233 3408 1278 est
3428 1223 3709 1292 Paralipo-

2110 1342 2316 1392 menon,
2359 1323 2426 1377 ad
2453 1334 2684 1376 sanctum
2735 1321 3092 1377 Chromatium
3139 1318 3540 1392 prmfatiuncula
3584 1334 3708 1371 usus

2109 1434 2244 1470 sum.
2295 1416 2357 1469 Et
2399 1416 2560 1484 paulo
2607 1423 2765 1482 post:
2805 1415 3105 1470 Salomonis
3149 1413 3308 1468 etiam
3355 1412 3535 1477 libros,
3580 1425 3709 1482 quos

2109 1508 2231 1560 olim
2259 1507 2449 1564 additis
2475 1500 2631 1559 obelis
2646 1517 2690 1560 et
2713 1507 2970 1560 asteriscis
3001 1507 3055 1558 in
3074 1504 3321 1558 Latinum
3352 1513 3619 1567 verteram,
3645 1518 3708 1560 ea:

2118 1598 2366 1655 Hebraico
2419 1605 2768 1672 transferens,
2828 1610 2873 1654 et
2923 1601 3163 1653 dedicans
3213 1599 3404 1652 sanctis
3452 1595 3707 1668 episcopis

2109 1694 2408 1750 Chromatio
2457 1706 2502 1750 et
2552 1694 2860 1748 Heliodoro.
2911 1692 3001 1747 Har
3044 1693 3270 1763 singulm
3320 1689 3702 1760 praefationes,

401 1783 581 1836 desino
608 1783 891 1836 e.rm:tionis
921 1792 1100 1840 vestrae
1141 1784 1458 1842 instantiam.
1504 1783 1727 1856 Exigitis
1759 1787 1912 1850 enim,
1950 1796 2003 1843 ut
2036 1795 2081 1854 Β
2109 1788 2299 1844 iisdem
2321 1789 2473 1842 libris
2494 1786 3028 1860 pr:clix:n,similiter
3051 1795 3265 1840 exstant
3293 1800 3412 1837 cum
3440 1782 3706 1853 Hierony-

402 1873 613 1928 Librum
642 1873 887 1929 Chuldteo
907 1891 1140 1930 sermone
1167 1877 1520 1946 conscriptum
1549 1879 1616 1932 ad
1640 1876 2005 1950 Latinumstg-

395 1968 509 2021 lum
533 1966 756 2023 lt'tthttm.
791 1968 853 2022 Et
876 1977 999 2036 post
1023 1985 1192 2040 pauca
1220 1987 1231 2022 :
1265 1969 1424 2046 114
1447 1968 1570 2024 Feci
1594 1972 1720 2026 satis
1744 1971 2001 2026 desiderio

397 2073 561 2124 vestro
591 2103 606 2132 ,
657 2078 758 2113 non
809 2069 977 2114 tamen
1033 2079 1144 2115 meo
1185 2064 1382 2116 studio.
1437 2064 1676 2135 Arguunt
1727 2065 1862 2117 enim
1909 2081 2001 2118 nos

402 2153 742 2219 Hebrteorum
767 2156 965 2219 studia,
983 2165 1028 2209 et
1054 2157 1310 2226 imputant
1341 2156 1506 2223 nobis,
1531 2168 1709 2210 contra
1733 2174 1886 2210 suum
1915 2175 1999 2211 ca-

399 2263 581 2300 nonem
608 2246 808 2300 Latinis
835 2249 1046 2304 auribus
1068 2249 1171 2306 ista
1202 2252 1499 2321 transferre.
1535 2249 1642 2306 Sed
1669 2250 1851 2304 melius
1893 2267 2002 2312 esse

387 2339 640 2404 judicans
672 2339 1065 2406 Pharisazorum
1097 2343 1370 2414 displicere
1388 2343 1618 2413 judicio,
1657 2357 1701 2398 et
1735 2347 2002 2413 episcopo-

329 2438 332 2440 '
396 2432 854 2503 rientjussionibus
878 2433 1155 2498 deservire,
1183 2435 1346 2487 institi
1376 2444 1429 2492 ut
1458 2437 1621 2498 potui.
1647 2435 1886 2492 Tandem
1917 2436 2001 2492 his

397 2523 584 2576 verbis
626 2523 878 2592 epistolae
922 2525 1086 2578 linem
1135 2525 1408 2591 imponit:
1447 2525 1779 2581 Orationibus
1821 2528 1998 2582 vestris

396 2616 677 2672 nter-cedam
707 2616 864 2687 hujus
915 2618 1088 2688 aperis
1122 2619 1493 2687 compensabo,
1529 2636 1646 2674 cum
1675 2629 1879 2691 gratum
1908 2638 1993 2674 vo-

399 2709 475 2761 bis
503 2710 753 2786 didicero,
789 2727 890 2778 me,
920 2712 1058 2778 quod
1087 2712 1263 2781 jubere
1291 2712 1411 2765 estis
1444 2711 1663 2780 dignati,
1695 2715 1994 2786 complesse.

397 2800 477 2864 Ad
513 2803 629 2856 haec
666 2803 1053 2876 Hieronymus,
1085 2815 1318 2876 utroque
1359 2807 1594 2874 prmsule
1626 2806 1900 2870 hortante,
1945 2816 2000 2864 et

395 2896 655 2961 pecunias
679 2896 917 2952 librariis
948 2898 1274 2966 erogandas,
1297 2910 1354 2952 ut
1385 2899 1674 2952 rmnnullos
1700 2900 1998 2968 praphetas
2028 2891 2038 2898 ’

397 2989 805 3052 commentariis
838 2991 1168 3052 illustraret,
1223 2991 1527 3046 liberaliter
1567 2992 1989 3061 suppeditante,

397 3085 758 3150 valetudinem
800 3097 1054 3150 causatus
1078 3127 1093 3152 ,
1131 3087 1462 3152 Proverbia,
1500 3089 1896 3154 Ecclesiasten,
1942 3098 1996 3144 et

2108 1880 2301 1934 mizinis
2329 1881 2576 1949 epistolis
2608 1880 2903 1934 secundum
2935 1881 3179 1934 ordinem
3217 1877 3438 1930 Mariani
3475 1875 3700 1930 Victorii

2109 1974 2233 2040 107,
2269 1977 2392 2041 110,
2429 1975 2544 2030 115.
2586 1974 2826 2046 Denique
2861 1971 3046 2028 Sixtus
3077 1971 3117 2024 Υ
3152 1969 3394 2041 pentil‘cx
3429 1969 3704 2023 maximus

2105 2067 2157 2120 in
2190 2065 2508 2137 praefatione
2539 2064 2864 2128 Bibliorum,
2905 2061 3092 2115 Roma:
3121 2060 3397 2114 editorum
3432 2058 3570 2128 typis
3602 2055 3704 2109 Va-

2106 2161 2302 2216 ticanis
2329 2159 2392 2214 A.
2431 2161 2490 2213 D.
2527 2158 2684 2222 1590,
2719 2157 3071 2212 Chromatium
3101 2153 3252 2226 ponit
3273 2155 3416 2207 inter
3441 2150 3704 2204 sanctissi-

2106 2271 2212 2309 mos
2251 2253 2543 2326 episcopos,
2598 2252 2687 2321 qui
2738 2251 3128 2324 Hieronymum
3181 2247 3246 2302 de
3293 2245 3700 2318 Scripturarum

2103 2347 2236 2404 locis
2263 2347 2676 2403 consuluerunt.

2173 2439 2238 2494 ν.
2269 2441 2469 2498 Doctor
2497 2439 2767 2492 marimus
2803 2439 2854 2489 in
2885 2436 3048 2506 epist.
3076 2434 3166 2500 42,
3198 2434 3335 2488 alias
3366 2433 3457 2498 66,
3491 2432 3556 2487 ad
3593 2433 3702 2487 Ru-

2102 2533 2262 2600 finuut
2293 2534 2490 2601 scripta
2530 2535 2589 2582 Α.
2642 2531 2704 2582 Ι).
2750 2529 2854 2584 599
2882 2531 2965 2583 sic
3005 2527 3246 2597 loquitur
3287 2525 3354 2580 de
3381 2524 3702 2580 Pauliniano

2102 2625 2268 2678 fratre
2312 2641 2429 2689 suo,
2462 2639 2620 2692 quem
2670 2624 2720 2676 in
2765 2622 3088 2676 Dalmatiam
3113 2618 3463 2674 transfretare
3495 2632 3702 2687 praece-

2101 2727 2256 2786 perat
2299 2735 2311 2776 ;
2364 2714 2555 2768 Frater
2598 2732 2738 2768 meus
2779 2713 3128 2768 Paulinianus
3169 2714 3383 2766 necdum
3435 2714 3497 2765 de
3532 2713 3702 2783 patria

2099 2825 2331 2864 reversus
2354 2819 2427 2862 est
2452 2826 2470 2864 :
2495 2819 2543 2864 et
2569 2817 2690 2878 puto
2713 2808 2853 2878 quod
2879 2825 2992 2860 eum
3025 2807 3275 2878 Aquileia:
3297 2807 3438 2876 apud
3466 2815 3701 2859 sanctum

2100 2924 2287 2976 papam
2303 2906 2650 2960 Chromatium
2666 2903 3114 2958 viderileuﬁnus
3129 2903 3384 2964 hiennnio
3399 2903 3560 2956 citius
3575 2917 3700 2955 cum

2099 2998 2322 3052 Melania
2342 3014 2407 3052 ex
2433 2997 2653 3052 Oriente
2682 3011 2953 3060 reversus,
2983 2995 3246 3064 Aquileiae
3282 2993 3423 3062 apud
3451 2992 3700 3044 Clu-oma-

2096 3093 2221 3144 lium
2251 3091 2448 3146 morari
2474 3090 2840 3155 intellexerat,
2859 3097 3144 3160 postquam
3164 3085 3414 3156 Origenis
3434 3085 3604 3138 libros
3622 3081 3686 3134 de

391 3177 614 3234 Cantica
635 3221 650 3241 .
683 3180 865 3234 triduo
893 3181 960 3234 ab
993 3197 1052 3236 se
1084 3179 1275 3236 Latine
1317 3183 1583 3252 explicata
1611 3225 1624 3248 ,
1669 3184 1734 3238 ad
1768 3184 1988 3240 eosdem
2019 3179 2062 3240 C
2101 3183 2258 3255 115
2277 3181 2552 3253 Principiis
2569 3183 2804 3235 ltotnana
2821 3182 3039 3234 civitate
3057 3175 3689 3244 donasset;muleipsum

393 3273 694 3327 transmisit
729 3293 742 3326 :
775 3271 977 3343 lungat
1014 3274 1266 3344 epistola,
1314 3276 1491 3344 inquit
1538 3276 1589 3328 in
1639 3276 1955 3344 prml'atione
1981 3321 1996 3341 ,

390 3380 515 3432 quos
561 3366 741 3436 jungit
789 3366 1174 3432 sacerdotium;
1220 3368 1374 3418 immo
1424 3367 1600 3420 charta
1653 3386 1754 3426 non
1802 3370 1996 3432 dividat

389 3471 515 3520 quos
541 3453 733 3509 Christi
762 3459 914 3509 nectit
942 3473 1108 3512 amor.
1130 3456 1539 3514 Commentarios
1565 3461 1613 3512 in
1638 3459 1789 3521 Osee.
1818 3465 1990 3524 Amos,

388 3545 723 3612 Zachariam,
757 3547 1096 3609 Malachiam.
1132 3567 1260 3618 quos
1297 3552 1510 3620 poscitis
1533 3596 1545 3610 ,
1577 3555 1917 3617 scripsissem,
1953 3557 1997 3609 si

389 3643 616 3694 licuisset
663 3659 770 3710 prta
811 3643 1122 3700 valetudine.
1172 3643 1379 3697 Mittitis
1425 3646 1614 3698 solatia
1657 3658 1995 3714 sumptuum:

390 3735 619 3796 notarios
647 3746 848 3792 nostros
876 3749 921 3792 et
951 3737 1188 3798 librarios
1218 3739 1543 3802 sustentatis,
1577 3749 1629 3792 ut
1668 3740 1809 3794 vobis
1837 3743 1992 3809 potis-

386 3827 574 3880 simum
613 3839 846 3881 nostrum
891 3829 1106 3882 desudet
1147 3831 1430 3900 ingenium.
1472 3829 1542 3883 Et
1586 3848 1700 3885 erce
1741 3850 1802 3886 ex
1833 3835 1995 3895 latere

385 3922 622 3989 frequens
652 3921 801 3973 turba
829 3921 1032 3974 diversa
1061 3923 1422 3992 poscentium;
1457 3924 1606 3989 quasi
1660 3936 1750 3978 aut
1791 3942 1992 3997 aequum

389 4014 474 4074 sit,
508 4028 587 4066 me
610 4053 622 4073 ,
652 4011 791 4066 vobis
832 4014 1197 4079 esurientibus,
1231 4016 1350 4069 aliis
1391 4015 1662 4081 laborare;
1699 4027 1789 4072 aut
1828 4019 1879 4071 in
1909 4036 1990 4072 ra-

388 4105 527 4158 tione
572 4106 679 4158 dati
720 4115 768 4160 et
795 4108 1012 4176 accepti,
1058 4109 1317 4175 cuiquam.
1352 4120 1539 4179 prtcter
1586 4127 1692 4171 vos,
1739 4110 1991 4168 obnoxius

384 4198 503 4252 sint.
538 4198 720 4268 Itaque
747 4199 901 4270 longa
929 4200 1265 4270 mgrotatione
1293 4204 1515 4270 fractus,
1552 4219 1613 4255 ne
1649 4206 1851 4271 penitus
1893 4206 1990 4258 hoc

383 4305 521 4343 anno
552 4290 834 4356 reticerem,
867 4300 915 4345 et
940 4293 1081 4362 apud
1125 4309 1212 4346 vos
1241 4303 1412 4350 mutus
1440 4310 1618 4361 essent,
1666 4295 1826 4347 tridui
1858 4311 1987 4364 opus

383 4383 581 4438 nomini
634 4394 799 4440 uestro
854 4387 1181 4449 consecravi,
1234 4386 1710 4455 interpretationem
1756 4389 1988 4448 videlicet

382 4477 539 4529 trium
588 4475 888 4532 Salomonis
931 4479 1268 4532 voluminum.
1326 4478 1420 4532 His
1474 4478 1694 4532 vixdum
1750 4482 1987 4548 peractis

2104 3279 2242 3330 inter
2261 3286 2314 3330 et
2341 3276 2724 3347 Hieronymum
2757 3289 2945 3344 graves
2978 3273 3282 3326 simultates
3311 3280 3518 3323 coorta:
3549 3277 3698 3322 sunt.

2099 3369 2356 3424 Testatur
2384 3370 2754 3439 Hieronymus
2775 3367 2828 3422 in
2851 3367 3109 3436 Apologia
3131 3374 3325 3419 contra
3351 3363 3605 3416 Ruﬁnum
3639 3359 3702 3414 li-

2101 3465 2199 3518 bro
2226 3480 2262 3517 ll
2287 3464 2660 3528 Chromatium,
2680 3479 2838 3532 quem
2872 3472 2986 3532 post
3016 3462 3365 3514 Anz-stasium
3390 3457 3699 3512 Romanum

2102 3555 2441 3622 pontiﬁcem,
2476 3556 2686 3623 ttragnis
2713 3554 2956 3607 Orientis
2987 3563 3043 3606 et
3069 3551 3375 3604 Occidentis
3407 3557 3689 3616 riietropo-

2099 3648 2232 3710 litis,
2265 3645 2575 3713 Theopltilo
2618 3645 3014 3708 Alexandrino,
3047 3655 3101 3698 et
3153 3643 3389 3696 Venerio
3436 3639 3699 3693 Mediola-

2099 3739 2252 3790 ncnsi
2285 3735 2590 3804 conjungit,
2634 3737 2685 3788 in
2716 3751 2829 3788 sua:
2867 3735 3246 3798 ιιιειιομωιιιοε
3277 3742 3553 3787 conventu
3602 3747 3699 3800 po-

2093 3830 2243 3900 pttlis
2289 3829 2394 3881 sibi
2425 3828 2686 3894 subjectis
2714 3825 2970 3893 Origenis
3025 3841 3243 3879 errores
3290 3823 3690 3877 denuntiasse:

2096 3919 2260 3986 Ergo,
2299 3918 2488 3987 inquit,
2523 3918 2657 3970 beati
2697 3917 2927 3984 episcopi
2957 3916 3298 3979 Anastasius,
3353 3912 3692 3984 Theophilus,

2095 4025 2137 4064 et
2183 4010 2451 4074 Venerius,
2499 4020 2548 4062 et
2579 4007 2932 4070 Chromatius,
2975 4018 3021 4061 et
3077 4007 3245 4060 omnis
3283 4017 3385 4058 tam
3438 4005 3691 4066 Orientis,

2094 4121 2249 4175 quam
2280 4103 2577 4156 Occidentis
2618 4100 3002 4154 Catholicorum
3031 4099 3280 4171 synodus.
3313 4099 3400 4166 qui
3433 4099 3547 4169 pari
3582 4113 3693 4151 sen-

2093 4196 2272 4262 tentia,
2306 4198 2430 4266 quia
2459 4196 2572 4265 pari
2611 4197 2824 4267 spiritu.
2865 4195 3011 4247 illum
3042 4193 3345 4247 hatreticum
3382 4192 3694 4244 denuntiant

2092 4291 2320 4361 populis,
2349 4295 2487 4356 fures
2521 4288 2768 4342 librorum
2792 4288 2933 4341 illius
2953 4286 3241 4359 judicandi
3271 4284 3430 4337 sunt?
3456 4283 3692 4337 Anasta-

2093 4386 2209 4436 sius
2252 4383 2498 4452 pontifex
2532 4383 2585 4436 in
2615 4381 2848 4451 epistola
2878 4381 2943 4436 ad
2983 4381 3250 4434 Joannem
3300 4375 3691 4446 Hierosolymi-

2093 4484 2275 4528 tanum
2305 4475 2447 4543 apud
2476 4475 2774 4530 Baronium
2806 4476 2872 4528 Α.
2911 4475 2972 4526 D.
3002 4471 3131 4536 405,
3165 4470 3193 4542 §
3221 4470 3292 4525 96
3318 4480 3373 4524 et
3402 4485 3555 4540 seqq.
3584 4468 3683 4530 ait,

378 4571 445 4621 Α.
483 4567 544 4621 D.
571 4567 677 4633 392
706 4571 1165 4625 commentarium
1210 4572 1261 4624 in
1309 4571 1552 4634 Abacuc,
1584 4571 1797 4625 duobus
1832 4572 1984 4628 libris
2016 4559 2062 4617 ί)
2093 4587 2150 4623 se
2179 4570 2524 4638 Origeuianre
2568 4568 2920 4622 damnationis
2965 4567 3240 4634 epistolam
3287 4563 3538 4634 fratribus
3580 4562 3690 4615 suis

378 4659 699 4718 distinctum
727 4661 1024 4718 Chromatio
1049 4661 1302 4726 donavit,
1321 4678 1482 4731 quem
1515 4665 1568 4717 in
1592 4664 1823 4734 prologo
1850 4665 1944 4722 lib.
1968 4681 1984 4721 ι

377 4755 738 4823 episcoporum
787 4757 1139 4810 doctissimum
1183 4765 1365 4811 vocat.
1411 4756 1470 4811 In
1516 4758 1742 4829 prologo
1795 4768 1980 4814 alitem

376 4850 472 4904 lib.
512 4867 549 4906 tt
580 4868 730 4925 papa:
759 4853 1063 4907 venerabilis
1092 4855 1370 4924 pra-conio
1402 4853 1777 4918 Commendat,
1822 4868 1977 4907 emn-

375 4943 612 5015 demque
639 4963 846 5000 carnem
881 4948 1068 5004 virtute
1119 4964 1394 5016 superasse
1439 4957 1688 5006 testatur.
1734 4945 1979 5003 Subinde

367 5047 615 5105 regatus.
653 5048 708 5092 ut
732 5048 966 5094 caeteros
987 5039 1286 5108 Scriptura:
1315 5041 1486 5096 libros
1514 5057 1580 5095 ex
1604 5040 1840 5095 l-lebrzro
1858 5055 1976 5094 ser-

444 5217 521 5288 (a)
560 5217 910 5288 Nequaquam
953 5218 1006 5272 in
1048 5218 1319 5276 Anastasii
1350 5219 1582 5288 epistola
1626 5216 1767 5286 apud
1801 5216 1967 5270 Baro-

372 5289 520 5342 nium
553 5290 672 5343 loco
697 5290 863 5342 cittto
894 5291 1008 5344 haec
1031 5291 1192 5343 verba
1215 5291 1488 5359 leguntur.
1513 5289 1964 5343 Animadvertch

371 5361 552 5426 potius
596 5360 875 5418 dcbniéset
907 5363 977 5413 cl.
1014 5361 1230 5428 przesul.
1285 5373 1443 5428 prout.
1488 5361 1691 5414 discrzo
1745 5360 1866 5411 facit
1908 5360 1959 5410 in

369 5431 468 5485 hac
497 5432 688 5492 eadem
721 5447 817 5485 sua
858 5430 1000 5486 Hist.
1035 5429 1277 5486 Litterar.
1301 5432 1472 5502 Aquil.
1504 5433 1678 5502 lib.rv,
1711 5430 1958 5502 ρεψλιὶ),

368 5519 519 5557 num.
555 5503 618 5568 *2,
649 5505 1036 5571 interpolatatn
1067 5502 1235 5559 fuisse
1269 5500 1373 5558 hoc
1397 5506 1498 5556 loci
1531 5520 1557 5555 a
1590 5501 1797 5556 Joanne
1830 5500 1966 5571 Garg

369 5578 546 5639 nerio,
583 5574 714 5627 licet
740 5570 948 5644 alisque
974 5575 1079 5630 ulla
1110 5574 1416 5644 decipiendi
1448 5574 1724 5627 voluntate
1747 5615 1760 5635 ,
1790 5570 1968 5626 sancti

368 5637 540 5705 Papa!
579 5637 876 5710 Epistolani
933 5645 998 5698 ad
1039 5637 1303 5699 Joannem
1366 5637 1962 5714 Hierosolymilanuut;

367 5717 509 5782 tundo
545 5715 1122 5788 nonpulliporperam
1159 5717 1421 5787 pra-diota
1459 5717 1645 5781 verba,
1677 5730 1799 5788 quae
1839 5731 1967 5788 sup-

365 5785 860 5860 pit-Incuti'gratia
909 5785 1220 5848 Garnerius
1272 5785 1517 5856 inseruit,
1575 5801 1669 5857 pro
1707 5785 1966 5860 genuinis

2100 4664 2316 4720 Venerio
2344 4676 2389 4719 et
2422 4663 2720 4717 Chromatio
2747 4660 3018 4731 scripsisse
3049 4659 3150 4731 (α).
3188 4659 3262 4712 De
3285 4658 3385 4712 hac
3419 4655 3686 4724 Epistula,

2085 4758 2265 4827 deque
2296 4757 2392 4810 illo
2419 4754 2725 4810 Chromatii
2755 4763 3031 4808 conventu
3058 4750 3372 4806 accuratius
3400 4761 3555 4816 agam
3588 4745 3684 4799 lib.

2044 4869 2136 4917 -ν,
2179 4869 2299 4919 cap.
2348 4851 2434 4905 l9.
2487 4850 2774 4919 Nunquam
2819 4856 3004 4902 tamen
3045 4845 3380 4900 Chromatius
3423 4857 3453 4895 a
3499 4839 3684 4894 Ruﬁni

2080 4944 2465 4999 C(tllilltllllittite
2493 4952 2548 4996 et
2576 4957 2762 4996 amwre
2795 4939 3072 5004 discessit,
3104 4937 3312 5007 ipsique
3353 4935 3687 5004 llieronymo

2081 5036 2162 5090 sic
2221 5035 2473 5100 adlnesit,
2529 5043 2587 5087 ut
2639 5049 2860 5102 semper
2913 5034 3197 5100 utriusque
3254 5028 3680 5094 :unantissimus,

2073 5213 2246 5268 sancti
2297 5211 2566 5279 pontiﬁcis
2616 5223 2968 5281 acceperunt.
3013 5213 3284 5267 Cteterum
3324 5213 3468 5265 nulla
3507 5213 3676 5276 hujus

2074 5281 2826 5357 transmissa:_Dantnntionis
2880 5283 3140 5357 Origeuis,
3190 5284 3334 5337 nulla
3385 5281 3674 5357 Chromalii

2076 5357 2282 5409 κιρ-11110
2336 5356 2385 5406 in
2436 5355 2536 5406 hac
2587 5356 2838 5421 epistola,
2888 5355 3062 5425 neque
3095 5358 3234 5424 apud
3288 5355 3672 5425 (Iorrstantium

2075 5426 2330 5497 Epistola’
2366 5426 2717 5478 Romanorum
2767 5421 3075 5492 Pontiﬁcum
3114 5421 3219 5480 col.
3253 5426 3357 5480 718
3392 5425 3534 5497 tulit.
3572 5421 3669 5473 Ρσι-

2075 5495 2198 5553 rrs..
2231 5513 2405 5566 neque
2437 5500 2576 5549 inter
2598 5501 2770 5565 Opera
2801 5499 2859 5553 S.
2889 5499 3204 5567 Hieronymi
3231 5497 3363 5550 edit.
3391 5495 3667 5545 Veronen—

2053 5569 2151 5624 'sis
2187 5568 2452 5622 Dominit-i
2478 5567 2731 5622 Vallarsii
2761 5582 2907 5622 tomo
2936 5586 2990 5631 tt,
3023 5572 3130 5624 col.
3162 5568 3286 5622 580.
3322 5579 3493 5631 neque
3525 5571 3664 5614 inter

2067 5641 2246 5708 Opera
2274 5641 2446 5694 Ruﬁni
2479 5641 2845 5709 Aquileivnsis
2876 5642 2943 5692 ab
2976 5641 3168 5692 eodem
3217 5636 3480 5688 Vallarsio
3519 5635 3661 5709 edita

2066 5704 2172 5766 col.
2226 5711 2350 5766 Ml.
2409 5704 2704 5774 Videbatur
2754 5713 3040 5776 utrobique
3091 5709 3373 5762 Editorum
3430 5704 3660 5758 erudita!

2069 5782 2440 5836 Annolationes
2469 5784 2533 5835 ad
2565 5782 2707 5836 hunc
2730 5783 2982 5836 eumdem
3018 5781 3216 5834 locum.
