4270 6176
536 293 642 353 383

1489 295 1578 353 DE
1615 295 1671 354 S.
1714 292 2118 352 CHROMATIO
2156 290 2372 352 EPISC.
2415 292 2881 363 AQUILEIENSL

3715 287 3821 349 384

528 432 745 504 utrique
773 446 959 500 carus,
995 440 1176 489 tantos
1210 433 1360 489 viros
1402 432 1454 488 in
1486 431 1845 488 cbristianam
1887 445 2122 487 concor—
2147 433 2202 493 Λ
2224 431 2295 486 sis
2321 430 2506 501 feralis
2561 430 2706 485 exitii
2752 429 3033 484 remedium
3073 442 3333 499 quierens,
3366 443 3459 498 per
3503 428 3643 497 quod
3671 442 3823 500 tegrte

533 523 679 579 diam
712 523 965 595 redigere
994 540 1091 595 pro
1128 524 1278 579 virili
1307 524 1609 590 studuerit;
1645 541 1767 580 nam
1797 536 1851 582 et
1882 539 2126 580 commo-

535 615 654 671 nuit
686 614 1095 686 Hieronymum,
1130 624 1189 669 ut
1217 615 1427 671 acerba:
1456 616 1796 672 contentioni
1830 616 1989 670 ﬁnem
2021 616 2124 671 im-

531 717 783 777 poneret,
833 708 1196 780 Ruﬁnumque
1244 708 1529 781 Aquileiae,
1581 719 1639 765 ut
1681 709 1814 775 dixi,
1871 709 2016 779 apud
2064 723 2122 764 se

529 802 919 870 diversantem,
945 803 1011 858 ad
1037 804 1143 859 alia
1172 805 1438 870 traduxit,
1461 804 1673 875 jussum
1700 803 1994 860 Historiam
2019 802 2123 859 Ec-

529 896 895 953 clesiasticam
925 898 1147 954 Eusebii
1179 896 1551 955 Cassareensis
1579 899 1789 954 Latinis
1816 898 1999 955 verbis
2025 912 2120 953 ac-

529 991 901 1047 commodare.
937 992 1175 1047 Primum
1200 993 1327 1048 illud
1353 993 1421 1049 de
1449 1008 1507 1048 se
1532 993 1733 1049 {aletur
1758 994 2121 1065 Hieronymus

528 1082 582 1138 in
615 1083 873 1155 Apologia
904 1085 960 1152 2,
985 1084 1109 1141 libri
1132 1101 1209 1149 ut,
1241 1086 1327 1141 ubi
1352 1087 1429 1140 ait
1459 1104 1471 1139 :
1507 1085 1707 1140 Testem
1734 1087 1913 1140 invoco
1938 1084 2119 1139 Jesum

527 1176 856 1231 conscientia:
882 1193 1031 1243 meat,
1056 1180 1144 1246 qui
1176 1186 1223 1232 et
1248 1178 1341 1232 has
1364 1179 1585 1246 litteras,
1611 1188 1657 1233 et
1682 1188 1821 1232 tuam
1847 1180 2120 1246 epistolam

515 1267 851 1338 judicaturus
888 1279 984 1333 est,
1028 1286 1107 1324 me
1144 1272 1211 1324 ad
1250 1272 1701 1325 commonitionem
1750 1272 1919 1325 sancti
1971 1286 2122 1340 papa:

527 1356 818 1413 Chromatii
836 1361 1060 1414 voluisse
1079 1363 1305 1425 reticere,
1336 1371 1383 1416 et
1414 1363 1567 1429 ﬁnem
1590 1362 1760 1430 facere
1773 1362 2116 1415 simultatum.

530 1448 759 1504 Ruﬁnus
815 1450 867 1505 in
917 1452 1238 1520 praefatione
1281 1454 1608 1509 Eusebiana:
1660 1453 1917 1509 Historiae
1960 1453 2027 1509 ab
2064 1468 2123 1509 se

528 1539 735 1595 Latinis
776 1542 1025 1611 reddita),
1063 1544 1326 1615 librisque
1363 1545 1577 1600 duobus
1626 1554 1824 1609 auctae,
1872 1543 2123 1599 Chroma-

527 1632 657 1686 tium
698 1632 1007 1703 Ponti/icem
1046 1637 1354 1704 maximum,
1401 1638 1477 1691 uti
1509 1653 1635 1692 eum
1691 1637 1916 1691 honoris
1959 1651 2121 1691 causa

526 1726 771 1780 nominat
799 1728 899 1797 (a),
928 1729 1009 1784 sic
1039 1730 1336 1800 alloquitur
1363 1748 1375 1784 :
1402 1729 1703 1785 Peritorum
1736 1732 1895 1803 116
1939 1731 2121 1785 dicunt

2225 537 2416 579 mentes
2449 524 2511 578 ab
2546 524 2835 599 ingruentis
2866 523 2989 577 mali
3019 524 3323 595 contagione
3361 522 3655 589 subtracta;
3710 538 3821 576 me-

2224 618 2442 673 lioribus
2475 627 2745 688 occupata:
2772 616 2959 673 sludiis
2987 625 3303 683 tenerentur,
3340 616 3577 690 injungis
3610 616 3735 670 mihi
3765 625 3822 670 ut

2224 710 2643 765 Ecclesiasticam
2696 709 3012 775 Historiam,
3064 724 3218 778 quam
3282 707 3378 762 Vir
3441 709 3822 763 eruditissimus

2225 804 2479 860 Eusebius
2526 804 2868 860 Cazsareensis
2906 802 3088 860 (ἐι-(εσυ
3113 820 3349 859 sermone
3389 804 3722 876 conscripsit,
3766 804 3820 859 in

2225 896 2464 951 Latinum
2492 908 2704 953 vertam.
2734 898 2964 965 Gothos,
2983 897 3126 953 duce
3156 896 3373 952 Alarico
3404 906 3457 952 et
3480 897 3818 968 Radagaiso,

2223 1005 2320 1059 per
2350 1000 2567 1047 nostras
2591 992 2758 1062 Alpes
2787 991 2983 1059 Julias,
3017 1008 3153 1063 quas
3195 991 3425 1048 Ruﬁnus
3450 993 3685 1048 claustra
3707 992 3825 1047 Ita-

2222 1083 2328 1147 liw,
2361 1092 2411 1136 et
2438 1082 2779 1152 Nicephorus
2810 1083 3076 1139 Gallistus
3105 1082 3201 1137 lib.
3235 1098 3331 1147 xu,
3365 1097 3483 1152 cap.
3517 1081 3609 1149 59,
3642 1082 3820 1136 Italia’

2222 1186 2398 1248 portas
2429 1175 2727 1246 appellant,
2758 1176 2823 1230 A.
2873 1177 2933 1230 D.
2982 1176 3089 1232 400
3122 1177 3355 1246 primum
3398 1176 3683 1246 irrupisse,
3713 1178 3817 1231 viri

2222 1266 2369 1320 docti
2418 1268 2791 1327 consentiunt.
2837 1266 3091 1321 Norisius
3140 1268 3191 1322 in
3238 1268 3475 1322 llistoria
3529 1268 3819 1338 Pelagiana

2222 1359 2315 1415 lib.
2348 1376 2387 1426 ι,
2417 1376 2540 1430 cap.
2573 1360 2628 1423 2,
2663 1360 2862 1430 Pagius
2891 1359 2958 1415 A.
3006 1361 3069 1415 D.
3094 1360 3225 1427 400,
3260 1361 3287 1431 §
3320 1360 3413 1427 25,
3439 1372 3494 1416 et
3521 1361 3819 1418 Tillemon-

2225 1453 2329 1508 tius
2381 1452 2432 1506 in
2486 1452 2725 1508 [listoria
2774 1453 3169 1523 lmperatorum
3222 1462 3371 1508 tomo
3407 1453 3473 1518 V,
3526 1468 3645 1523 pag.
3690 1452 3815 1519 5%,

2222 1546 2348 1601 805.
2380 1544 2541 1600 Tunc
2566 1545 2827 1613 Aquileia,
2859 1547 3027 1599 totius
3058 1544 3303 1600 Venetia:
3338 1554 3525 1617 caput,
3573 1546 3818 1600 obsidio-

2224 1656 2348 1695 nem
2379 1640 2718 1695 barbaricam
2753 1640 2920 1695 subiit
2951 1658 2964 1693 :
2996 1655 3122 1694 nam
3158 1640 3523 1711 Hieronymus
3553 1640 3814 1710 Apologia

2224 1748 2282 1788 tu
2318 1732 2369 1785 in
2414 1730 2693 1798 Ruﬁnum,
2725 1731 2932 1787 ibidem
2972 1741 3097 1786 tunc
3139 1743 3475 1797 morantem,
3506 1740 3551 1785 et
3596 1741 3815 1799 tantum,

524 1834 633 1872 esse
660 1819 997 1886 medicorum,
1029 1822 1115 1875 ubi
1161 1823 1427 1878 imminere
1461 1823 1673 1878 urbibus
1708 1827 1787 1877 uel
1817 1824 2117 1897 regionibus
2149 1819 2197 1878 B
2224 1826 2423 1897 inquit,
2455 1825 2705 1881 Romanae
2744 1826 2884 1880 urbis
2909 1827 3163 1895 judicium
3208 1828 3368 1899 fugis,
3402 1835 3458 1880 ut
3483 1827 3648 1896 magis
3676 1826 3818 1879 obsi-

522 1913 786 1983 generales
816 1912 1037 1967 viderint
1068 1916 1297 1983 morbos,
1332 1917 1601 1987 providere
1642 1918 1845 1988 aliquid
1890 1918 2117 1972 medica-

526 2006 682 2057 menti
708 2005 785 2058 vel
812 2006 987 2074 poculi
1014 2023 1197 2078 genus,
1222 2025 1323 2078 quo
1351 2010 1646 2080 prwmuniti
1666 2009 1902 2065 homines
1921 2010 1985 2064 ab
2014 2012 2113 2063 im-

520 2098 735 2152 minenti
766 2098 1116 2169 defenduntur
1162 2102 1340 2155 exitio.
1392 2102 1545 2167 Quod
1591 2113 1643 2156 tu
1688 2119 1911 2173 quoque,
1966 2119 2118 2157 vene-

523 2191 688 2244 rande
708 2200 854 2261 pater
876 2191 1165 2259 Chromati,
1198 2195 1467 2249 medicina:
1496 2212 1745 2263 exequens
1780 2212 1962 2269 genus,
1992 2205 2120 2251 tem-

522 2298 666 2353 pore,
700 2300 800 2353 quo
842 2284 1071 2355 diruptis
1112 2283 1287 2341 Italia:
1334 2288 1576 2342 claustris
1622 2288 1685 2341 ab
1739 2288 1948 2342 Alarico
1989 2290 2119 2344 duce

522 2376 829 2441 Gothorum,
862 2395 917 2433 se
957 2378 1172 2450 pestifer
1192 2379 1397 2435 morbus
1419 2380 1634 2451 infudit,
1658 2398 1833 2453 agros,
1857 2392 2116 2448 armenta,

518 2470 651 2524 uiros
680 2470 830 2541 longe
855 2472 1055 2539 lateque
1079 2473 1316 2540 vastavit,
1343 2474 1551 2544 papulis
1576 2474 1718 2527 tibia
1742 2472 1854 2528 Deo
1879 2476 2117 2529 commis-

587 2605 665 2683 (α)
707 2608 831 2683 lltec
883 2612 1179 2681 appellatio
1209 2611 1481 2683 Pontiﬁcis
1521 2614 1757 2681 maximi,
1806 2613 2104 2669 Chromatio

513 2680 771 2754 episcopo
800 2680 1140 2753 Aquileiensi
1172 2680 1396 2751 tributa,
1427 2680 1796 2754 proculdubio
1850 2702 1876 2737 a
1926 2686 2105 2740 Ruﬁni

515 2751 722 2823 calamo
752 2751 881 2807 non‘
906 2754 1161 2823 prodivit.
1211 2751 1444 2823 idecque
1472 2772 1576 2810 non
1619 2758 1689 2809 ita
1722 2773 1843 2811 eum
1875 2756 2105 2811 Ruﬁnus

516 2822 726 2876 honoris
768 2822 926 2879 causa
954 2828 1255 2890 nominavit,
1286 2822 1365 2881 ttti
1389 2830 1588 2883 asserit
1626 2828 1979 2882 Fontaniiius.
2014 2829 2103 2884 Vi-

513 2891 710 2964 dentur
730 2896 1022 2951 clarissimi
1051 2897 1302 2953 Vallarsii
1332 2899 1399 2952 ad
1428 2898 1571 2953 hunc
1587 2900 1764 2954 locum
1797 2900 2097 2964 Annotatio,

514 2962 619 3039 col.
653 2966 781 3030 9.09,
810 2966 989 3022 Ruﬁni
1033 2967 1265 3037 Operum
1298 2971 1369 3025 ab
1398 2971 1515 3039 ipso
1559 2971 1854 3036 editorum,
1888 2962 2098 3027 necnon

509 3034 845 3106 subsequens
871 3039 976 3094 alia
1001 3034 1107 3095 col.
1138 3040 1264 3095 211.

548 3105 664 3188 .Λο
688 3105 749 3188 ca
780 3125 909 3164 vero
931 3126 1051 3181 quae
1086 3112 1383 3188 V‘allarsius
1408 3114 1841 3188 aniiotatcuatis
1889 3114 1975 3188 hic
2021 3115 2099 3169 lo-

511 3180 615 3253 cis,
643 3180 846 3235 addere
872 3180 1089 3252 quoque
1112 3183 1290 3251 juvat,
1324 3185 1375 3238 in
1409 3183 1703 3239 Tabulario
1732 3186 1959 3253 insignis
1988 3189 2101 3240 col-

2226 1920 2432 1974 dionem
2464 1919 2807 1985 barbaricam,
2849 1936 3001 1988 quam
3045 1930 3243 1990 pacata:
3282 1919 3422 1972 urbis
3462 1919 3586 1973 relis
3612 1928 3817 1971 senten—

2224 2014 2347 2066 tiam
2379 2014 2651 2067 sustinere.
2684 2012 3012 2067 Pestiferam
3054 2013 3329 2078 morbum,
3364 2020 3495 2066 tunc
3537 2027 3565 2065 a
3627 2010 3820 2065 Gothis

2226 2106 2278 2159 in
2311 2104 2594 2159 Venetiam
2631 2113 2874 2159 nostram
2908 2104 3209 2171 invectum,
3234 2104 3536 2175 qui'primo
3566 2114 3818 2170 armenta,

2224 2208 2279 2256 et
2321 2212 2510 2269 postea
2539 2200 2697 2264 viros,
2726 2209 2865 2255 teste
2916 2198 3131 2264 Ruﬁno,
3163 2200 3315 2272 longe
3344 2200 3546 2269 lateque
3574 2200 3815 2263 vastavit,

2224 2290 2312 2346 hic
2346 2300 2527 2345 noster
2548 2304 2724 2344 annus
2752 2290 3024 2345 infaustus
3056 2290 3196 2345 1715
3218 2290 3480 2361 graphice
3508 2304 3816 2360 repraesen-

2224 2393 2302 2439 tat
2330 2384 2430 2456 (ὁ),
2460 2384 2586 2439 dum
2619 2385 2781 2439 boum
2813 2385 2930 2439 lues
2955 2400 3021 2439 ex
3045 2383 3331 2439 Pannonia
3373 2384 3426 2439 in
3458 2384 3666 2439 Italiam
3700 2384 3813 2438 cla-

2222 2476 2381 2531 dibus
2409 2477 2688 2544 obrutam,
2719 2493 2779 2533 se
2809 2476 3032 2543 infudit,
3056 2476 3247 2533 eadem
3285 2477 3598 2533 calamitate
3636 2477 3690 2533 in
3719 2479 3815 2532 ιιο⁴

2206 2632 2327 2671 rum
2358 2615 2604 2685 dignitati
2650 2616 2928 2681 debitam,
2971 2616 3355 2681 adsciverunt,
3404 2629 3620 2685 quaque
3667 2630 3810 2671 non-

2209 2688 2346 2742 nulli
2392 2689 2675 2742 christiaui
2723 2704 2942 2757 quoque
2989 2689 3262 2758 principes
3296 2701 3648 2742 successores
3694 2702 3807 2743 non

2208 2758 2602 2829 inlrequenter,
2644 2760 2957 2829 paganismo
2998 2761 3238 2829 vigente,
3292 2758 3419 2814 licet
3444 2758 3533 2813 vel
3566 2758 3698 2829 ipsis
3730 2760 3811 2813 fa-

2206 2829 2312 2884 cile
2335 2830 2537 2893 invitis,
2563 2845 2592 2883 a
2626 2830 2847 2900 paganis
2871 2831 3172 2897 praesertim
3196 2830 3433 2885 subditis
3450 2829 3809 2885 donatiluere

2209 2902 2275 2955 ad
2321 2916 2522 2955 annum
2564 2904 2789 2957 circiter
2824 2901 2950 2962 582,
2995 2901 3074 2955 uti
3115 2917 3183 2956 ex
3220 2900 3455 2955 Baronio
3507 2900 3573 2954 ad
3602 2916 3804 2955 annum

2209 2972 2338 3033 512,
2372 2972 2534 3039 Pagio
2569 2972 2787 3032 ibidem;
2823 2974 2896 3027 De
2926 2973 2973 3026 la
3002 2973 3184 3027 Bastie
3209 2982 3355 3025 tomo
3379 2971 3499 3034 XV,
3528 2970 3806 3027 Memoires

2208 3045 2272 3096 de
2298 3042 2609 3099 Littérature
2648 3045 2711 3098 de
2746 3044 3059 3098 l’Académie
3088 3045 3175 3098 des
3221 3041 3572 3114 Inscriptions
3610 3053 3657 3096 et
3681 3042 3804 3097 Bel-

2208 3114 2527 3182 les-Lettres,
2556 3125 2691 3178 etc.,
2722 3124 2887 3184 atque
2913 3131 2978 3169 ex
3006 3115 3129 3169 aliis
3155 3130 3374 3184 quoque
3402 3113 3802 3184 intelligimus;

2208 3185 2347 3240 hanc
2388 3187 2627 3257 inquam,
2674 3186 2948 3256 Pontiﬁcis
2991 3187 3207 3239 maximi
3232 3201 3442 3257 puram
3474 3194 3663 3255 putam
3712 3200 3807 3255 ap-

510 3244 1383 3327 legiatreecclesize'Civitatensis,
1420 3254 1578 3323 hujus
1597 3244 1875 3311 Utinensis
1900 3256 2102 3313 ditece-
2128 3244 2172 3306 C
2206 3244 2558 3327 pellation'em
2593 3244 2844 3312 tiondtim'
2863 3266 2993 3311 tunc
3015 3261 3081 3311 ad
3112 3244 3491 3311 Christianum
3516 3270 3672 3309 usum
3698 3244 3807 3311 tra-

510 3320 587 3373 sis
618 3334 683 3374 ex
713 3322 1049 3389 Aquileiensi
1091 3334 1331 3389 exortae,
1380 3320 1598 3381 exstare
1642 3327 1888 3382 codicem
1939 3346 2103 3382 inem-

512 3389 840 3471 branaceum
892 3394 1159 3471 _Vallarsio
1203 3397 1302 3466 ipsi
1344 3398 1471 3471 dum
1527 3398 1822 3471 Ruﬁniaate
1872 3399 2097 3471 editioni

510 3463 1155 3535 incutnberetiignotum,
1190 3463 1245 3522 et
1274 3469 1484 3533 smculi,
1515 3477 1574 3522 ut
1603 3469 1839 3534 videtur,
1872 3486 1967 3532 xu.
2000 3470 2101 3525 Ec-

508 3533 810 3612 clesiasticre
851 3533 1061 3592 Eusebii
1105 3539 1353 3594 Histeria:
1398 3558 1429 3593 a
1483 3539 1678 3609 Ruﬁno
1728 3542 2021 3612 presbytero
2047 3544 2099 3596 in

511 3602 754 3686 Latinum
781 3624 1066 3686 sermonem
1104 3627 1258 3666 verste
1277 3628 1297 3678 ;
1337 3627 1499 3686 quem
1525 3602 1902 3686 libentissitnef
1929 3629 2101 3683 nuper

510 3675 765 3755 vidimus,
784 3680 984 3755 favore
1013 3692 1070 3755 et
1099 3675 1493 3755 operdegiegii
1528 3684 1776 3755 canonici
1808 3675 2099 3739 'l‘abula'rio

512 3749 795 3817 priepositi
843 3749 1196 3808 Michaelis‘a
1251 3749 1449 3810 Turre'
1483 3771 1512 3809 e
1553 3754 1852 3809 Comitibus
1902 3756 2099 3811 Vallis-

511 3822 745 3885 Saxinze,
780 3838 938 3889 quem
984 3824 1206 3879 honoris
1235 3840 1396 3881 causa
1442 3828 1527 3881 hic
1571 3827 1906 3881 nominatum
1950 3830 2095 3882 volu-

513 3906 652 3971 mus,
680 3895 879 3971 quique
918 3899 1093 3952 codex
1121 3897 1349 3971 eductus
1370 3913 1436 3952 eo
1463 3899 1665 3952 s:rculo
1695 3914 1815 3971 non
1847 3900 2096 3971 iuverisi-

511 3965 712 4043 militer
742 3966 1015 4043 diceretur
1035 3984 1099 4043 ex
1124 3970 1242 4043 alio
1260 3971 1636 4024 vetustissimo
1666 3969 1908 4043 ejusdem
1933 3970 2100 4039 Aqui-

509 4031 732 4111 leiensis
762 4034 894 4088 olim
938 4039 1198 4111 regionis,
1233 4041 1283 4091 in
1327 4056 1430 4111 qua
1463 4048 1612 4094 certe
1658 4031 1758 4094 sub
1802 4031 2099 4094 Chromatio

510 4104 769 4171 epise0po
799 4119 972 4181 annos
999 4104 1203 4178 aliquot
1233 4104 1371 4164 vixi't
1401 4110 1651 4175 Ruﬁnus,
1680 4119 1733 4164 et
1781 4111 1831 4165 in
1871 4127 1996 4181 qua,
2044 4125 2099 4165 et

510 4187 611 4251 pro
641 4189 769 4251 qua,
798 4176 1041 4251 ejusdem
1072 4176 1355 4235 Chromatii
1376 4182 1557 4251 jussu,
1589 4176 1903 4236 versionem
1950 4182 2095 4237 illam

508 4244 836 4321 adornavit:
871 4249 973 4302 nisi
1006 4251 1183 4318 potius
1233 4254 1333 4304 hac
1376 4244 1505 4321 ipsa
1547 4244 1616 4307 de
1658 4268 1821 4307 causa
1867 4252 2097 4308 eductus

508 4318 1158 4395 fortassecenseatnrex
1188 4322 1378 4377 eodem
1412 4318 1573 4379 etiam
1620 4323 1798 4395 Ruﬁni
1844 4335 2097 4395 autogra-

507 4385 617 4454 pho
642 4387 969 4462 codice,rqui
988 4392 1163 4447 adhuc
1182 4404 1459 4462 superstes
1484 4408 1609 4449 tunc
1624 4394 1806 4460 fuerit,
1834 4406 1926 4450 aut
1946 4385 2095 4452 carie

503 4472 575 4510 ex
602 4472 713 4511 uno
731 4461 981 4536 e_p_rimis
1011 4464 1154 4518 illius
1175 4461 1538 4535 Ap’ographis,
1564 4466 1653 4536 qui
1682 4482 1711 4520 a
1735 4466 1931 4521 Ruﬁno
1955 4469 2092 4534 ipso,

505 4537 669 4609 atque
700 4545 727 4582 a
761 4530 1056 4588 Chromatio
1086 4551 1183 4605 per
1214 4530 1933 4609 universamamplissimam
1961 4530 2094 4593 diuaé

505 4607 719 4694 cresim,-
745 4610 1135 4694 prosuscepti
1190 4610 1391 4694 laboris
1440 4611 1707 4694 instituto,
1739 4607 1919 4663 diffusi
1967 4619 2092 4664 tunc
2126 4636 2175 4694 ι)

504 4668 834 4751 fuerunt—lu
870 4678 971 4731 hoc
995 4668 1156 4747 porro
1202 4681 1415 4745 codice,
1448 4682 1536 4751 qui
1578 4668 1763 4734 multa:
1809 4691 2093 4749 propterea

506 4747 867 4821 auctoritatis,
903 4757 1193 4821 utcumque
1224 4767 1283 4805 se
1316 4768 1402 4806 res
1432 4747 1647 4815 habeat,
1676 4747 2006 4818 esse’pot’est
2032 4768 2095 4805 ac

504 4813 688 4879 debet,
720 4819 789 4870 ita
819 4813 1144 4889 simpliciter
1172 4822 1348 4878 Ruﬁni
1374 4813 1711 4889 Prtefatio'ad
1740 4813 2093 4876 Chromatium

504 4890 821 4966 enuntiatur
841 4889 1073 4966 :_1ncipit
1098 4892 1357 4966 Prologus
1385 4894 1565 4964 Ruﬁni
1587 4894 1867 4964 presbyteri
1890 4896 1941 4966 in
1970 4893 2095 4947 His-

504 4956 637 5036 toria
666 4956 1029 5036 Ecclesiaslica
1070 4966 1138 5036 ad
1164 4956 1519 5019 Chromatium
1551 4956 1868 5036 episcopum.
1912 4965 2092 5034 Lange

503 5031 1083 5109 igiturabcstanod
1144 5036 1369 5091 Ruﬁnus
1418 5031 1635 5107 reapse,
1670 5031 1736 5091 in
1776 5031 2093 5109 Ifrrefatione

505 5098 813 5180 ls'usebiana'
848 5098 1117 5180 Historia),
1150 5098 1743 5163 Chromatium-dinem
1783 5098 2091 5177 Pon'liﬁcent

502 5176 823 5251 υιααξξιζιμυζῃ
863 5185 915 5229 et
963 5176 1065 5251 hoc
1117 5180 1329 5234 honoris
1387 5198 1572 5247 causa,
1632 5176 2091 5251 quemadmoiluut

496 5242 733 5297 credidit
754 5243 1106 5305 Fontaniuus.

578 5314 783 5392 lirteter
810 5335 969 5392 quam
1005 5322 1146 5390 quod
1170 5324 1605 5379 animadvertere
1638 5324 1861 5392 insuper
1890 5322 2089 5388 placet,

498 5385 679 5464 Ruﬁni
704 5385 1067 5464 Aquileiensis
1089 5404 1270 5460 aetate,
1302 5410 1365 5449 ac
1397 5396 1697 5464 praesertim
1722 5385 1866 5446 anno
1886 5385 2089 5449 Christi

496 5457 604 5534 βου
630 5475 725 5515 seu
753 5462 929 5534 primo
951 5475 1045 5518 aut
1070 5457 1309 5519 secundo
1350 5457 1511 5534 supra
1539 5466 1666 5529 400,
1698 5479 1805 5533 quo
1846 5473 2091 5532 tempore

495 5530 615 5584 haec
655 5534 720 5585 ad
769 5533 1123 5589 Chromatium
1184 5530 1432 5591 Ruﬁnus
1466 5530 1757 5599 scribebat,
1813 5530 2083 5602 Pontiﬁcis

498 5607 710 5678 maximi
738 5606 1042 5661 absolutam
1069 5622 1133 5661 ac
1188 5610 1475 5663 litteralem
1503 5609 1949 5678 appellationem,
1980 5621 2083 5674 qua

498 5674 743 5753 Romana
788 5687 940 5731 vetus
977 5680 1255 5753 gentilitas
1294 5674 1552 5753 utebatur
1572 5674 1639 5735 ad
1687 5694 1959 5753 summum
1987 5678 2085 5733 Sa-

502 5750 723 5823 crorum
792 5764 1013 5823 suorum
1050 5750 1425 5823 gliierarcbam,
1468 5751 1847 5823 indicandum.
1922 5764 2083 5823 (Nam

499 5810 711 5869 Ethnici
746 5827 932 5882 postea
962 5812 1318 5891 Imperatores.
1348 5812 1471 5885 sibi,
1503 5818 1662 5880 veluti
1694 5810 1963 5893 suprema:
1991 5816 2083 5876 eo-

2204 3328 2420 3383 ductam
2447 3329 2639 3395 fuisse,
2674 3328 2837 3382 veluti
2881 3328 3109 3382 nimium
3137 3327 3374 3382 fortasse
3400 3327 3801 3381 idololatricum

2204 3400 2411 3454 cultum
2458 3400 2636 3454 adhuc
2673 3400 2943 3464 olentem,
2988 3398 3217 3469 ideoque
3264 3413 3366 3453 nec
3415 3400 3518 3468 ipsi
3559 3399 3803 3452 Romano

2204 3472 2463 3540 episcOpo
2484 3471 2827 3536 attributum,
2859 3471 2960 3526 etsi
2986 3471 3097 3540 jam
3120 3471 3245 3525 inde
3276 3487 3381 3523 non
3415 3471 3603 3539 paucis
3631 3473 3803 3523 hono-

2205 3542 2629 3597 riﬁcentissimis
2660 3542 2853 3607 titulis,
2886 3557 2949 3595 ac
2982 3556 3205 3610 prorsus
3228 3540 3404 3596 eidem
3448 3541 3803 3610 appellationi

2203 3614 2493 3677 similibus,
2538 3615 2749 3681 sibique
2780 3622 2983 3666 tantum
3020 3613 3411 3683 peettliaribus,
3454 3612 3599 3666 idem
3644 3628 3805 3681 apes--

2205 3685 2383 3738 lolica:
2416 3687 2605 3754 prima:
2628 3685 2774 3740 sedis
2803 3686 3093 3753 episcopus
3118 3684 3397 3753 gauderet.

2275 3752 2461 3826 Neque
2493 3771 2654 3827 porro
2681 3752 2975 3827 quidquam
3000 3752 3247 3827 moratur
3271 3752 3545 3822 Pontiﬁcis
3580 3753 3797 3827 maximi

2205 3825 2415 3893 titulus,
2445 3825 2553 3897 quo
2585 3828 2756 3881 sancti
2788 3826 3074 3896 Zephyrini
3110 3841 3259 3895 papa:
3282 3826 3521 3897 edictum
3559 3839 3653 3879 seu
3701 3825 3799 3897 dc-

2203 3894 2697 3968 cretuinquoddain
2725 3894 3043 3967 insignitum
3072 3894 3699 3951 exltibuitTertullianus
3719 3894 3798 3947 De

2204 3966 2488 4034 Pudicitia,
2520 3986 2637 4039 cap.
2668 3972 2718 4032 l,
2745 3966 2887 4023 anno
2908 3968 3041 4033 216,
3073 3977 3130 4021 ιιι
3158 3968 3423 4023 Baronius
3442 3968 3622 4021 habet.
3646 3968 3799 4039 llunc

2202 4041 2349 4094 enim
2402 4038 2611 4095 titulum
2644 4042 2821 4109 (venia
2868 4054 2897 4092 a
2943 4040 3181 4093 Barouio
3227 4039 3427 4110 petita,
3461 4039 3552 4106 qui
3596 4038 3798 4110 ibidem

2203 4126 2353 4164 nutu.
2384 4113 2416 4165 8
2450 4112 2616 4166 vellet
2645 4128 2830 4166 verum
2858 4120 2908 4163 et
2932 4109 3379 4180 genuinumesse
3412 4111 3621 4163 titulum
3654 4109 3797 4163 illius

2200 4182 2439 4249 decreti,
2470 4184 2644 4237 eidem
2674 4198 2704 4237 τι
2730 4183 2935 4237 decreti
2980 4190 3205 4236 auctore
3248 4182 3598 4250 praepositum
3628 4196 3642 4246 ;
3674 4197 3800 4233 nce-

2201 4268 2309 4307 non
2342 4255 2495 4309 venia
2527 4270 2743 4324 quoque
2778 4268 3115 4307 summorum
3166 4262 3288 4323 post
3318 4253 3613 4306 Baronium
3653 4254 3801 4304 viro-

2201 4340 2345 4389 rum,
2375 4327 2467 4395 qui
2500 4342 2653 4379 nsum
2687 4325 2926 4395 ejusdem
2953 4324 3094 4378 tituli
3120 4324 3229 4391 jam
3264 4324 3541 4377 inductum
3575 4338 3640 4377 eo
3664 4333 3797 4376 tem-

2200 4409 2332 4465 pore
2380 4394 2433 4451 in
2495 4394 2735 4452 Ecclesia
2794 4412 2861 4451 ex
2912 4394 3012 4449 hac
3052 4395 3377 4449 Tertulliani
3429 4395 3795 4465 appellatione

2200 4470 2505 4538 autumant)
2535 4486 2547 4521 :
2581 4468 2746 4531 hunc,
2780 4466 3020 4535 inquam,
3048 4466 3259 4538 titulum
3283 4465 3649 4520 Tertullianus
3676 4466 3791 4534 ipse

2199 4536 2323 4591 data
2354 4536 2519 4607 opera
2569 4556 2595 4591 a
2642 4539 2944 4609 gentilitate
2989 4537 3310 4606 desumpsit,
3350 4538 3648 4609 etibidem
3691 4550 3794 4604 pro

2200 4609 2364 4663 animi
2394 4612 2474 4665 sui
2500 4607 2858 4679 malignitate,
2893 4624 2996 4662 non
3024 4610 3206 4676 utique
3246 4607 3493 4669 honoris,
3533 4608 3629 4661 sed
3660 4622 3788 4679 con-

2201 4682 2440 4735 tumeliae
2467 4691 2628 4749 atque
2646 4678 2951 4743 irrisionis,
2978 4680 3142 4733 immo
3170 4679 3387 4733 invidia:
3416 4695 3481 4732 ex
3506 4693 3571 4733 eo
3604 4678 3789 4733 Ponti-

2200 4750 2286 4804 ﬁci
2338 4753 2600 4806 iacienda:
2653 4766 2815 4805 causa
2864 4750 3141 4814 adhibuit;
3212 4750 3375 4804 homo
3443 4765 3638 4817 nempe
3678 4752 3788 4818 jam

2198 4821 2433 4877 Montani
2480 4833 2643 4878 δρυιίῐξ
2686 4821 2935 4876 addictus
2960 4862 2974 4882 ,
3026 4823 3381 4889 Romanoque
3418 4821 3678 4890 episcopo
3712 4822 3790 4873 iii-

2198 4893 2400 4959 fensns,
2434 4899 2507 4948 uti
2556 4894 2817 4964 Rigaltius
2862 4894 3065 4960 aliique
3104 4893 3169 4947 ad
3205 4893 3346 4964 hinc
3384 4891 3586 4955 locum,
3619 4901 3674 4945 et
3712 4893 3789 4943 nti

2195 4966 2417 5019 cuilibet
2459 4963 2681 5035 quoque
2718 4972 3031 5018 contextum
3083 4963 3446 5035 perpendenti
3490 4964 3650 5017 facile
3693 4978 3784 5030 pa-

2198 5046 2311 5091 tere
2341 5033 2553 5104 potest:
2588 5033 2661 5090 ita
2686 5045 2743 5089 ut
2766 5050 2831 5089 ex
2864 5035 2967 5089 hoc
2995 5036 3159 5090 unico
3190 5049 3356 5103 super
3388 5033 3490 5087 hac
3528 5052 3587 5089 re
3622 5035 3792 5087 totius

2196 5110 2535 5179 antiquitatis
2569 5110 2635 5163 ad
2682 5108 2950 5179 integrum
3006 5106 3198 5179 saltent
3227 5112 3490 5179 quartum
3531 5107 3789 5179 steculunt

2198 5175 2493 5234 loco—nihil
2535 5180 2655 5234 erui
2695 5176 2868 5247 possit
2898 5192 2997 5246 pro
3044 5175 3316 5245 Pontiﬁcis
3344 5176 3561 5230 maximi
3601 5177 3787 5246 appel-

2195 5251 2396 5307 latione
2434 5253 2489 5307 in
2540 5248 3005 5305 Christianismum
3049 5263 3113 5302 ea
3151 5249 3263 5317 jam
3314 5257 3639 5317 tempestate
3684 5260 3792 5301 tra-

2193 5322 2373 5377 ducta.

2266 5393 2376 5448 llac
2397 5394 2578 5462 itaque
2600 5393 2839 5461 inspecta
2869 5405 3080 5461 quoque
3105 5389 3334 5453 ratione,
3361 5404 3428 5443 eo
3452 5390 3636 5445 minus
3666 5406 3793 5460 pro-

2193 5464 2376 5519 habile
2426 5468 2648 5519 videtur
2698 5465 2949 5533 Ruﬁnum
3016 5462 3392 5533 presbyterum
3445 5477 3793 5533 nuncupasse

2193 5534 2547 5590 Chromatium
2577 5536 2891 5605 episcopum
2911 5532 3313 5605 Aquileiensepi
3338 5530 3647 5601 Pontiﬁceni
3680 5551 3791 5586 ma-

2192 5609 2409 5675 ximum,
2445 5618 2501 5663 et
2528 5602 2630 5662 hoe
2674 5602 2887 5660 honoris
2916 5620 3096 5669 causa,
3148 5614 3207 5656 ut
3248 5602 3592 5659 Fontaninus
3624 5613 3787 5659 autu-

2193 5680 2380 5733 mavit.

2262 5750 2337 5821 (b)
2378 5750 2539 5805 Anno
2586 5749 2750 5819 igitur
2793 5746 2932 5821 1715
2974 5745 3113 5821 hanc
3143 5743 3212 5821 de
3250 5753 3430 5800 sancto
3481 5745 3790 5821 Cltromatio

2192 5813 2633 5876 ltieubiatloneui
2675 5818 2943 5873 esarabat
2974 5813 3317 5872 Fontanintts
3358 5826 3552 5873 noster
3583 5835 3595 5871 :
3632 5819 3788 5875 ideo-
