4172 6182
364 308 470 364 585

1447 303 1635 364 JUb'fl
1677 302 2047 363 FONTANINI
2088 302 2548 364 DlLUClD.\TlO.

3556 302 3661 363 586

362 418 535 473 mines
562 432 659 486 per
689 417 966 471 Austriam
1004 417 1157 489 117
1190 416 1564 489 reliquamque
1608 420 1957 476 Germaniam
1987 424 2037 486 Λ
2066 429 2172 487 tur,
2218 422 2286 475 ita
2316 421 2571 476 .Emilius
2598 421 2891 477 Beneventi
2925 421 3241 491 cpiscopus,
3284 419 3581 492 Cythcgins
3610 430 3664 475 ct

362 510 675 579 ingruente,
726 516 782 561 et
828 509 1018 577 procul
1064 524 1163 563 nos
1210 509 1536 575 minitante;
1589 512 1794 565 utinam
1849 526 1956 566 non

360 606 559 673 prope!
593 602 706 657 Nec
735 602 915 657 solum
944 603 1315 659 Eusebianam
1365 602 1675 671 historiam,
1703 603 1798 659 sed
1840 602 1959 659 Ori-

358 699 515 768 genis
548 696 803 752 homilias
847 696 942 762 26,
994 697 1047 751 in
1099 696 1357 765 Josuem,
1412 711 1510 752 seu
1554 696 1740 751 .lcsum
1787 697 1955 751 ﬁlium

357 792 529 857 Nave,
574 792 846 873 latinitate
889 792 1139 858 donatas,
1172 791 1490 857 Chromatio,
1520 790 1615 862 qui
1655 790 1706 845 id
1756 791 1959 847 laboris

357 887 429 943 ab
462 902 532 942 eo
564 885 927 956 ﬂagitaverat,
963 885 1195 940 ltuﬁnus
1226 886 1452 957 prologo
1483 884 1837 953 nuncupavit,
1866 882 1959 954 qui

356 978 497 1033 taiso
541 977 936 1048 Hieronymum
987 988 1266 1033 auctorem
1317 977 1541 1048 prmlert
1598 976 1739 1039 inter
1790 992 1959 1047 opera

354 1071 610 1141 Origenis
636 1069 895 1125 editionis
925 1070 1159 1135 Erasmi,
1194 1069 1423 1125 Basileac
1452 1071 1593 1139 apud
1624 1068 1957 1125 Frobenium

358 1165 523 1227 1557,
559 1173 709 1217 tomo
741 1161 782 1229 l,
816 1176 939 1231 pag.
972 1162 1098 1218 518.
1132 1161 1361 1217 Ruﬁnus
1385 1161 1473 1216 his
1498 1160 1678 1216 verbis
1708 1158 1959 1213 Chroma-

356 1258 489 1310 tium
520 1256 725 1312 ibidem
757 1256 1094 1325 alloquitur:
1124 1256 1259 1323 Quia
1281 1273 1400 1328 ergo
1422 1264 1469 1310 et
1497 1263 1573 1322 tu,
1603 1270 1633 1308 o
1662 1256 1731 1308 mi
1758 1270 1961 1323 semper

352 1351 661 1405 venerabilis
687 1359 833 1420 pater
862 1347 1151 1414 Chromati,
1184 1349 1417 1421 injungis
1443 1358 1487 1402 et
1516 1348 1756 1418 prwcipis
1788 1347 1956 1414 nobis,

354 1454 412 1499 ut
461 1442 663 1514 aliquid
692 1441 760 1496 ad
788 1441 1184 1511 wdiﬁcationem
1231 1451 1279 1494 et
1332 1440 1767 1494 constructionem
1797 1439 1959 1493 divini

358 1534 679 1590 tabernaculi
706 1550 769 1588 ea:
798 1533 1097 1589 ercorum
1127 1533 1310 1604 apibus
1337 1542 1385 1586 et
1420 1534 1583 1603 copiis
1606 1535 1957 1603 conferamus,

352 1626 714 1681 oratiunculas
741 1625 812 1680 26
842 1625 894 1677 in
919 1624 1101 1679 Jesum
1152 1624 1322 1691 Nave,
1370 1641 1499 1695 quas
1530 1641 1593 1678 ea:
1624 1635 1854 1693 tempore
1904 1626 1957 1679 in

354 1719 592 1775 Ecclesia
607 1720 868 1791 peroravit
890 1719 1237 1773 Adamantius
1267 1736 1451 1784 senex,
1484 1734 1548 1773 ea:
1564 1718 1743 1774 Graeco
1774 1718 1960 1775 Latine

2062 515 2404 571 Gaudentius
2446 516 2632 585 legati,
2664 530 2765 569 una
2801 529 2922 569 cum
2960 514 3335 569 Valentiniano
3364 524 3418 569 et
3445 512 3664 567 Bonifa-

2060 609 2147 663 cio
2169 608 2525 679 presbyteris,
2561 618 2764 677 praeter
2797 606 2988 677 synodi
3022 605 3383 661 Occidentalis
3422 619 3666 660 commo-

2063 702 2342 767 nitorium,
2396 701 2636 756 tulerunt
2683 699 3216 769 ConstantinOpolim
3260 698 3328 753 ad
3368 698 3661 753 Arcadium

2061 793 2365 863 Augustum
2400 795 2465 847 A.
2498 792 2562 846 1).
2597 792 2724 858 406,
2754 801 2809 847 et
2840 793 3035 846 litteras
3063 790 3385 861 imperatoris
3416 789 3663 857 Honorii,

2062 883 2354 940 Innocentii
2398 896 2445 939 et
2485 884 2740 939 Italorum
2765 886 3146 955 episwporum,
3177 883 3460 939 Chromatii
3506 883 3666 953 Aqui-

2062 978 2292 1043 t'eiensis,
2343 988 2390 1032 et
2443 977 2653 1032 Venerii
2705 976 3139 1043 Mediolanensis,
3187 988 3353 1047 atque.
3404 976 3663 1043 aliorum,

2062 1078 2202 1127 teste
2232 1071 2430 1127 eodem
2461 1071 2723 1134 Palladio,
2756 1086 2878 1141 cap.
2909 1071 2965 1137 4,
2998 1087 3120 1141 pag.
3152 1072 3243 1126 51.
3286 1071 3364 1125 Ex
3394 1070 3479 1126 his
3505 1071 3666 1125 colli-

2061 1163 2243 1231 gimus
2278 1164 2657 1231 Chromatium,
2697 1179 2803 1218 non
2834 1164 3008 1219 solum
3032 1164 3100 1218 ad
3124 1164 3449 1230 llouorium,
3477 1164 3574 1219 sed
3597 1162 3666 1218 ad

2062 1254 2359 1310 Arcadium
2383 1272 2601 1326 quoque
2632 1256 2846 1311 litteras
2877 1255 3098 1311 dedisse
3128 1256 3180 1311 in
3214 1271 3376 1311 causa
3402 1256 3669 1327 Chrysos-

2068 1346 2235 1409 tomi;
2276 1347 2435 1417 118
2463 1357 2627 1416 atque
2669 1344 2796 1401 hinc
2843 1356 2990 1416 patet
3019 1346 3206 1417 quanti
3238 1347 3456 1402 habitus
3479 1347 3665 1417 fuerit,

2064 1445 2177 1491 tum
2214 1446 2272 1491 ut
2297 1439 2380 1491 vir
2409 1439 2699 1492 sanctitate
2722 1448 2776 1493 et
2804 1438 3051 1494 doctrina
3083 1440 3434 1510 conspicuus,
3463 1449 3581 1497 tum
3609 1450 3669 1497 ut

2062 1533 2441 1603 Aquileiensis
2472 1534 2846 1603 metropolita.

2135 1624 2246 1681 Vll.
2281 1625 2550 1681 Baronius
2578 1625 2644 1680 A.
2676 1626 2737 1681 D.
2768 1625 2899 1693 405,
2927 1626 2955 1698 §
2988 1627 3075 1693 17,
3098 1643 3168 1683 ex
3195 1628 3572 1700 Cltrysostomi
3594 1628 3663 1684 ad

2063 1719 2435 1786 Chromatium,
2474 1720 2792 1784 Venerium,
2824 1728 2880 1774 et
2924 1720 3285 1777 Gaudentium
3325 1722 3668 1787 Brixianam,

354 1816 450 1869 tibi
471 1832 566 1885 pro
596 1816 783 1869 virium
810 1831 1041 1869 mearum
1071 1815 1323 1886 parvitate
1343 1814 1588 1869 disserui.
1615 1814 1735 1870 Jam
1754 1815 1821 1869 ad
1850 1814 1955 1868 alia
1985 1814 2034 1875 B
2062 1810 2283 1877 litteris,
2317 1829 2441 1883 qua:
2470 1812 3081 1883 supersunt,observat,
3111 1814 3330 1869 eosdem
3354 1816 3668 1885 episcopos,

356 1910 744 1981 procedamus.

428 2002 515 2057 Vl.
555 2001 795 2058 Joannes
824 2002 1254 2074 Chrysosmmus
1290 2006 1358 2059 A.
1388 2005 1451 2059 D.
1473 2003 1579 2059 404
1610 2002 1790 2059 esede
1811 2001 1954 2059 Con-

357 2093 846 2163 stantinOpolitaua
879 2094 1046 2165 impie
1073 2095 1356 2164 detrusus,
1386 2106 1442 2152 et
1462 2096 1686 2151 exulare
1712 2105 1955 2160 coactus,

360 2188 430 2242 ab
460 2188 779 2244 Innocentio
808 2188 1058 2245 Romano
1080 2190 1357 2259 pontiﬁce,
1378 2190 1780 2260 prtecipuisque
1804 2189 1960 2244 Occi-

358 2279 538 2336 dentis
578 2282 941 2352 metropolitis
982 2297 1142 2353 Opem
1192 2282 1514 2353 implorans,
1546 2292 1747 2352 praeter
1776 2282 1957 2338 Vene-

358 2371 500 2428 rium
532 2373 1015 2440 Mediolanensem,
1043 2372 1396 2427 Chromatium
1427 2376 1592 2429 etiam
1638 2373 1959 2443 Aquileien-

358 2479 477 2521 sem
522 2466 836 2536 episcopum
890 2466 958 2521 de
1006 2466 1122 2522 suis
1170 2467 1428 2523 aerumnis
1467 2468 1757 2523 certiorem
1805 2466 1955 2533 fecit,

356 2560 589 2630 singulis
618 2576 779 2615 uuam
812 2561 1167 2630 eamdemque
1189 2562 1475 2631 epistolam
1498 2562 1769 2627 scribens,
1796 2578 1955 2631 quam

356 2652 633 2709 Palladius
678 2653 1170 2724 Helenopolitanus
1214 2654 1409 2709 recitat
1453 2655 1507 2708 in
1540 2653 1663 2709 Vita
1694 2653 1959 2724 Chrysos-

359 2745 516 2811 tomi,
547 2760 666 2816 cap.
692 2746 748 2811 2,
783 2762 906 2815 pag.
938 2746 1028 2814 10,
1053 2746 1157 2813 22;
1180 2745 1381 2817 quippe
1402 2747 1701 2815 antiquitus
1723 2746 1777 2801 in
1804 2760 1957 2802 more

358 2840 597 2909 positum
639 2839 762 2907 fuit,
798 2848 855 2894 ut
896 2848 1023 2910 post
1051 2854 1320 2895 summum
1355 2840 1666 2910 pontiﬁcem
1699 2837 1956 2910 praecipui

358 2932 477 3000 ejus
505 2931 871 3001 metrOpolitzc
894 2930 963 2986 de
988 2932 1197 3002 magnis
1220 2930 1487 2987 Ecclesiae
1512 2931 1743 3001 negotiis
1760 2930 1959 2985 edoce-

359 3031 570 3085 rentur,
618 3022 1075 3093 quemadmodum
1120 3039 1188 3077 ex
1239 3022 1341 3077 huc
1389 3022 1531 3078 facto
1578 3022 1956 3093 Cltrysostomi

354 3117 597 3171 ostendit
626 3117 989 3188 Hieronymus
1013 3116 1293 3173 Aleander
1317 3117 1505 3187 junior
1530 3118 1595 3171 de
1618 3116 1955 3187 Regioaibus

2062 1920 2172 1960 non
2202 1906 2436 1977 paciﬁcis
2466 1914 2700 1971 tantum,
2748 1906 2843 1961 sed
2891 1906 3056 1961 etiam
3110 1908 3346 1977 formatis
3387 1923 3510 1963 cum
3549 1908 3671 1963 viro

2063 2013 2262 2069 magno
2292 2000 2745 2053 communicasse.
2783 1998 2875 2051 lla:
2906 2006 3089 2053 tamen
3129 2000 3475 2055 interierunt.
3510 1999 3668 2070 Epis-

2064 2093 2232 2147 tolam
2289 2090 2673 2163 Chrysostomi
2717 2090 2785 2145 ad
2832 2090 3206 2161 Chromatium,
3240 2110 3364 2163 qua)
3406 2104 3491 2149 est
3542 2094 3668 2163 105,

2060 2183 2326 2253 integram
2356 2186 2461 2239 huc
2481 2199 2551 2239 ex
2568 2193 2714 2239 tomo
2734 2182 2820 2249 lV,
2839 2182 3234 2253 Opusculorum
3259 2200 3382 2256 pag.
3400 2184 3527 2252 784,
3552 2186 3668 2241 edi-

2065 2277 2228 2331 tionis
2259 2276 2555 2331 Frontonis
2600 2274 2779 2330 Ducaei
2809 2274 2963 2329 lubet
2993 2278 3315 2344 transferre,
3349 2285 3670 2347 promerea-

2062 2367 2204 2437 quod
2236 2368 2408 2422 virum
2454 2368 2865 2423 sanctissimum
2914 2366 3147 2424 miriﬁce
3188 2378 3439 2424 exornet.
3472 2367 3670 2423 Claris-

2060 2462 2191 2515 sima
2216 2462 2460 2530 lerventis
2488 2471 2589 2515 tua:
2611 2479 2673 2515 ac
2700 2463 2914 2518 siucercc
2942 2462 3213 2517 charitatis
3239 2462 3359 2516 tuba
3374 2465 3442 2516 ad
3469 2479 3562 2517 nos
3582 2480 3671 2516 us-

2060 2572 2157 2625 que
2179 2572 2363 2609 sonum
2386 2572 2538 2609 suum
2571 2555 2783 2622 diffudit
2803 2598 2817 2621 ,
2860 2574 3103 2627 magnunt
3137 2557 3383 2626 quiddam
3410 2573 3472 2610 ac
3488 2557 3672 2610 diutis-

2060 2648 2187 2703 sime
2217 2650 2414 2703 durans
2452 2666 2516 2703 επ
2545 2660 2686 2703 tanto
2715 2650 2915 2703 itineris
2954 2651 3227 2705 intervallo
3256 2651 3485 2722 spirans,
3517 2660 3671 2721 atque

2060 2748 2128 2795 ad
2173 2752 2423 2797 extremos
2462 2759 2624 2813 usque
2665 2753 2817 2797 terra:
2849 2744 2979 2813 ﬁnes
3021 2746 3342 2817 pertingens.
3382 2746 3496 2800 Nec
3553 2763 3667 2812 nos,

2060 2832 2179 2888 licet
2207 2833 2402 2904 alioqui
2450 2843 2554 2887 tam
2601 2835 2751 2905 longe
2787 2836 3059 2907 disjuncti,
3102 2838 3273 2890 minus
3309 2855 3462 2906 quam
3503 2839 3542 2890 ii
3582 2837 3668 2907 qui

2060 2929 2268 2981 adsunt.
2294 2928 2786 2981 vehementissimam
2808 2938 2960 2998 atque
2979 2928 3095 3000 igne
3110 2928 3317 2997 plenam
3331 2930 3661 2997 charitatem,

2057 3020 2411 3090 sinceramque
2450 3030 2497 3074 et
2538 3021 2733 3091 ingenti
2776 3020 3011 3075 libertate
3053 3031 3100 3075 et
3148 3022 3348 3089 ﬁducia
3399 3027 3666 3094 perfusam

2060 3109 2312 3182 linguam,
2340 3122 2493 3181 atque
2519 3112 2908 3166 adamantinam
2933 3113 3310 3168 contentionem
3342 3114 3668 3184 exploratam

355 3211 748 3267 suburbicariis
774 3211 995 3267 dissert,
1019 3211 1075 3277 2,
1101 3226 1223 3281 cap,
1253 3212 1307 3278 5,
1344 3226 1465 3281 pag,
1495 3211 1617 3267 1'50,
1647 3210 1762 3265 Hoc
1788 3210 1952 3265 etiam
1981 3204 2026 3267 C
2060 3202 2307 3256 habemus
2326 3220 2345 3257 :
2364 3220 2519 3272 eoque
2545 3204 2771 3270 nomine,
2805 3215 2972 3259 vestro
3000 3205 3153 3258 etiam
3181 3214 3484 3277 conspectu,
3515 3216 3669 3277 atque

357 3301 605 3357 ﬁrmatur
632 3303 887 3373 exemplo
930 3301 1275 3368 Thcodoriti,
1317 3303 1408 3372 qui
1441 3306 1759 3372 episcopatu
1789 3300 1957 3370 depo-

356 3395 515 3461 situs,
548 3393 615 3449 ad
642 3402 897 3449 sanctum
922 3394 1160 3449 Leonem
1193 3393 1447 3462 Magnum
1471 3393 1763 3463 appellavit
1791 3392 1953 3462 epist.

362 3486 485 3553 115,
520 3486 839 3557 litterasque
885 3502 950 3542 ea
990 3486 1059 3541 de
1085 3501 1145 3541 re
1175 3486 1329 3541 illum
1374 3486 1663 3555 scripsisse
1705 3484 1772 3539 ad
1809 3484 1958 3553 epis-

358 3594 527 3649 copos
573 3578 894 3646 Mediolani,
944 3579 1219 3649 Aquileiae,
1248 3590 1303 3634 et
1342 3578 1640 3644 Ravenna),
1676 3587 1955 3647 tamquam

360 3674 427 3729 ad
454 3676 762 3746 praecipuos
786 3672 1099 3729 Occidentis
1124 3673 1517 3743 metropolitas,
1545 3671 1706 3727 docet
1724 3670 1956 3740 epistola

362 3767 488 3835 112,
523 3767 590 3822 ad
620 3767 881 3822 domuum
913 3767 1336 3823 Antiochenum.
1370 3766 1641 3834 Quantum
1674 3764 1815 3835 apud
1848 3766 1954 3818 Au-

358 3867 549 3930 gustos
610 3857 984 3930 Ghrysostomi
1042 3873 1262 3914 causam
1319 3857 1605 3912 Chromatii
1666 3854 1958 3910 auctoritas

357 3951 585 4022 juverit,
634 3950 904 4007 llonorius
950 3950 1249 4021 imperator
1278 3958 1509 4005 testatus
1539 3956 1625 4003 est
1662 3947 1717 4002 in
1758 3946 1958 4002 litteris

361 4043 433 4097 ad
478 4042 763 4097 Arcadium
796 4044 1045 4109 fratrem,
1076 4042 1161 4098 cui
1190 4041 1625 4097 Occidentalium
1667 4040 1957 4110 episcopo-

360 4153 482 4193 rum
512 4139 837 4192 sententiam
861 4136 1293 4207 signiﬁcaturus,
1320 4136 1453 4191 duas
1477 4152 1589 4208 prae
1613 4135 1826 4190 cancris
1854 4135 1958 4190 sibi

358 4230 598 4300 scriptas
651 4229 849 4283 direxit
903 4229 1190 4298 epistolas,
1240 4228 1500 4283 nimirum
1550 4227 1852 4283 Innocentii
1904 4235 1961 4282 et

362 4320 649 4377 Chromatii
682 4320 825 4390 apud
856 4319 1180 4383 Palladium,
1204 4334 1328 4388 cap.
1361 4320 1415 4384 5,
1448 4334 1566 4389 pag.
1599 4318 1692 4385 50,
1724 4319 1813 4373 ubi
1838 4318 1913 4374 ait
1942 4335 1955 4371 :

366 4414 620 4481 Quaenam
634 4413 701 4466 sit
718 4412 1199 4467 Uccidentaliumde
1208 4410 1414 4466 Joanne
1434 4412 1674 4483 episcopo
1686 4412 1957 4476 sententia,

362 4523 425 4559 ex
444 4504 679 4559 omnibus
705 4504 955 4575 epistolis,
983 4519 1098 4572 qute
1119 4503 1189 4557 ad
1209 4521 1286 4557 me
1308 4504 1513 4575 scripta:
1532 4512 1671 4570 sunt,
1693 4504 1822 4557 duas
1838 4502 1960 4557 sub-

2060 3312 2337 3368 congressu
2364 3298 2471 3368 frui
2493 3314 2802 3371 magnopere
2822 3298 3039 3353 nobisin
3065 3300 3193 3353 votis
3224 3309 3373 3354 esset.
3403 3300 3665 3367 Quoniam

2060 3400 2233 3445 autem
2262 3392 2315 3444 id
2335 3409 2538 3463 quoque
2564 3392 2707 3447 nobis
2732 3409 2789 3447 ea
2814 3392 3064 3460 solitudo,
3086 3411 3188 3464 qua
3224 3412 3382 3462 nunc,
3406 3404 3667 3467 tamquam

2059 3484 2412 3555 compedibus,
2442 3487 2661 3539 restricti
2690 3502 2888 3551 sumus,
2917 3486 3139 3555 eripuit;
3181 3487 3377 3541 idcirco
3400 3488 3667 3543 dominum

2059 3592 2231 3630 meum
2257 3577 2737 3631 revereudissimum
2767 3577 3120 3648 presbyterum
3142 3580 3299 3645 nacti,
3327 3580 3668 3649 cupiditatem

2060 3678 2311 3734 nostram,
2354 3678 2407 3721 ut
2446 3667 2581 3734 licet,
2625 3668 2908 3738 explemus,
2944 3669 3224 3724 scribentes
3262 3681 3309 3724 ct
3351 3673 3662 3739 salutantes,

2059 3759 2201 3814 vobis
2225 3776 2424 3830 quoque
2449 3776 2543 3831 pro
2569 3776 2627 3814 eo
2647 3762 2845 3825 studio,
2872 3760 3011 3830 quod
3034 3770 3139 3815 toto
3167 3762 3262 3815 hoc
3286 3772 3389 3814 tam
3416 3763 3666 3817 diuturno

2059 3862 2290 3923 tentpore
2316 3868 2501 3923 magna
2524 3868 2643 3906 cum
2670 3853 2831 3906 animi
2852 3854 3182 3909 contentione
3211 3854 3668 3924 prwstitistis,am-

2060 3946 2323 4017 plissimas
2365 3946 2560 4016 gratias
2609 3956 2836 4018 agentes.
2870 3944 2944 3999 Ac
2988 3960 3077 4000 vos
3105 3947 3258 4000 etiam
3297 3962 3563 4016 rogamus,
3609 3955 3666 4001 ut

2060 4055 2174 4091 cum
2196 4038 2307 4108 ipse
2344 4047 2642 4104 revertetur,
2670 4039 2978 4108 insuperque
3007 4038 3183 4106 etiam,
3214 4039 3259 4093 si
3281 4038 3540 4093 tabellarii
3583 4056 3668 4094 oc-

2061 4140 2295 4195 currant,
2335 4132 2422 4201 qui
2443 4130 2510 4184 ad
2533 4131 2667 4184 hanc
2694 4128 3024 4183 solitudinem
3045 4130 3270 4195 veniant,
3302 4131 3366 4185 de
3386 4140 3553 4184 vestra
3576 4145 3666 4183 va-

2062 4222 2291 4276 letudine
2334 4224 2403 4275 ad
2425 4239 2517 4276 nos
2542 4222 2799 4276 scribatis.
2826 4222 2941 4276 Scis
2968 4223 3107 4276 enim
3132 4232 3377 4292 quantam
3420 4222 3541 4276 hinc
3582 4238 3669 4275 i0-

2062 4317 2311 4385 luptatem
2360 4316 2650 4385 percepturi
2701 4332 2900 4379 sumus,
2954 4332 3072 4369 cum
3129 4316 3192 4369 de
3239 4316 3504 4369 hominum
3560 4326 3665 4369 tam

2062 4408 2303 4462 ardenter
2330 4425 2423 4462 nos
2464 4409 2750 4463 amantium
2785 4410 3076 4463 valetudine
3101 4410 3325 4463 crebrius
3355 4409 3423 4463 ad
3452 4426 3543 4464 nos
3572 4408 3673 4463 ali-

2063 4502 2187 4572 quid
2213 4500 2473 4566 a/feretur.
2510 4500 2623 4556 lluc
2644 4516 2819 4572 usque
2838 4499 3280 4572 Chrysostomus.

357 4598 514 4669 junxi
532 4597 766 4669 ejusdem
787 4612 903 4651 cum
925 4597 1594 4661 cceterissententite,unam
1618 4585 2040 4661 Romani,al-D
2139 4594 2276 4650 Vlll.
2335 4595 2432 4649 llic
2479 4594 2630 4651 locus
2671 4595 2912 4665 postulat
2982 4605 3041 4649 ut
3082 4610 3147 4651 ea
3196 4594 3499 4650 refutemus
3547 4610 3669 4665 quae

365 4700 529 4742 terum
558 4688 900 4758 Aquileiensis
941 4688 1191 4759 cpiscOpi.
1220 4688 1375 4743 Sicut
1405 4703 1537 4743 vero
1582 4687 1817 4744 Sabinus
1850 4687 1961 4743 Me-

364 4779 703 4835 diolanensis
724 4779 1010 4845 diaconus,
1040 4789 1095 4833 et
1117 4779 1219 4834 sub
1246 4779 1481 4834 Datnaso
1504 4779 1713 4850 legatus
1744 4781 1964 4835 concilii

366 4868 598 4924 Romani
650 4870 703 4925 in
751 4870 1074 4941 gravissimo
1104 4869 1318 4939 negotio
1370 4869 1799 4926 conﬁrmationis
1837 4871 1964 4926 ﬁdei

366 4962 626 5029 Nicaeum,
655 4971 711 5018 et
740 4962 1049 5019 Divinitatis
1076 4963 1310 5034 Spiritus
1335 4964 1547 5033 Sancti,
1579 4976 1777 5037 praeter
1806 4981 1970 5038 syno-

367 5053 540 5119 dicas,
568 5054 799 5110 aliorum
830 5054 1046 5111 litteras
1071 5070 1315 5126 quoque,
1335 5064 1391 5111 et
1427 5057 1766 5128 potissimum
1794 5059 1969 5114 sancti

370 5144 649 5201 Valeriani
667 5144 1039 5216 Aquileiensis
1056 5146 1443 5216 metropolitae,
1466 5148 1752 5202 Chromatii
1778 5148 1969 5204 deces-

369 5237 538 5304 soris,
569 5238 690 5293 tulit
718 5238 786 5294 ad
817 5248 1066 5294 sanctum
1098 5238 1361 5294 Basiliam
1409 5240 1682 5311 Magnum,
1715 5250 1773 5294 ut
1805 5240 1968 5311 hujus

370 5330 599 5401 epistola
630 5330 757 5398 524,
790 5331 857 5387 ad
889 5331 1143 5387 eumdem
1182 5331 1530 5388 Valerianum
1572 5334 1773 5403 scripta
1802 5342 1969 5390 testa-

371 5482 479 5538 que
523 5469 723 5525 mirum
754 5484 862 5524 non
911 5470 1001 5535 sit,
1032 5469 1075 5523 si
1110 5468 1198 5524 hic
1249 5470 1318 5524 ab
1355 5470 1549 5525 eodem
1592 5469 1967 5527 eruditissimo

371 5542 515 5604 viro,
557 5550 613 5595 et
644 5541 724 5597 rei
751 5540 1213 5611 Bibliograpbicae
1245 5541 1598 5609 peritissimo,
1632 5557 1741 5595 non
1772 5558 1967 5598 recen-

374 5621 604 5682 seantur
633 5622 744 5666 tum
777 5626 943 5682 opera
966 5651 983 5677 ,
1013 5621 1125 5666 tum
1160 5626 1386 5680 operum
1430 5612 1703 5668 editiones
1749 5615 1968 5680 amplis-

376 5681 552 5745 simce,
580 5698 701 5751 quae
724 5681 913 5752 postea
938 5684 1260 5752 prodierunt
1294 5697 1464 5753 usque
1492 5683 1559 5737 ad
1583 5684 1967 5751 annuml756,

378 5767 489 5826 quo
516 5754 663 5808 diem
694 5755 890 5809 clausit
914 5770 1229 5821 supremum
1262 5770 1328 5808 xv
1360 5753 1470 5810 kal.
1504 5754 1697 5820 Maias,
1721 5767 1775 5811 et
1798 5771 1969 5826 usque

378 5822 447 5883 ad
518 5839 722 5882 annum
778 5826 939 5893 1742,
996 5842 1105 5898 quo
1167 5826 1387 5884 domum
1443 5826 1715 5898 publicam
1787 5822 1968 5886 lucem

2063 4688 2232 4745 David
2271 4688 2589 4745 Blondellus
2618 4691 2670 4744 in
2700 4690 2957 4745 Tractatu
3000 4689 3274 4747 llistorico
3302 4691 3372 4746 de
3395 4691 3663 4755 Primatu,

2065 4795 2191 4852 pag.
2220 4779 2349 4847 262,
2378 4780 2506 4847 266,
2535 4780 2663 4849 285,
2702 4781 2843 4838 1265
2870 4796 2942 4837 ex
2976 4783 3240 4838 hactenus
3277 4782 3439 4837 dictis
3466 4782 3519 4837 in
3549 4798 3671 4838 scc-

2067 4881 2138 4926 tze
2177 4886 2289 4926 sua:
2336 4886 2452 4927 rem
2498 4870 2751 4927 derivare
2793 4872 3020 4927 studuit.
3067 4872 3203 4928 Cum
3244 4872 3672 4945 Chrysostomus

2070 4972 2271 5034 praeter
2304 4963 2682 5019 Innocentium
2711 4963 2754 5033 1,
2788 4964 3094 5022 Romanum
3128 4966 3465 5036 pontiﬁcem,
3494 4966 3674 5023 Vene-

2071 5057 2212 5112 rium
2257 5056 2745 5125 Mediolanensem,
2800 5067 2857 5114 et
2896 5058 3254 5114 Chromatium
3292 5060 3673 5132 Aquileiensem

2070 5150 2139 5206 de
2170 5152 2351 5221 iniqua
2389 5164 2485 5206 sua
2527 5150 2837 5221 dejectione
2882 5152 3153 5221 docuerit,
3199 5154 3329 5210 hinc
3358 5154 3676 5211 Blondellus

2069 5241 2136 5297 ad
2169 5257 2361 5298 omnes
2398 5257 2520 5298 cum
2568 5257 2723 5313 aeque
2750 5243 3079 5314 appellasse,
3129 5260 3309 5315 neque
3347 5245 3534 5301 sedem
3562 5245 3674 5298 Ro-

2070 5351 2310 5403 manam,
2366 5345 2426 5393 ut
2470 5350 2741 5392 summum
2789 5336 3049 5393 Ecclesia:
3098 5338 3335 5394 tribunal
3381 5336 3675 5408 agnovisse

2077 5473 2288 5544 aspexit
2310 5475 2602 5545 posthuma
2619 5475 2765 5532 illius
2783 5475 3031 5531 Historia
3070 5473 3676 5545 LitterariaiAquileien-

2074 5546 2167 5618 sis.
2203 5544 2323 5602 llae
2366 5547 2435 5602 de
2474 5562 2637 5602 causa
2684 5563 2859 5618 neque
2887 5549 3079 5604 videre
3112 5544 3675 5618 pOtuit__Fontaninus

2076 5614 2476 5674 Vallarsianam
2504 5617 2685 5673 Ruﬁni
2705 5614 3005 5675 editionem
3035 5614 3162 5672 anni
3195 5614 3355 5682 1715,
3389 5616 3442 5669 in
3470 5630 3575 5685 qua
3599 5615 3679 5669 ci-

2078 5694 2191 5741 tato
2221 5692 2472 5758 superius
2504 5690 2624 5745 loco
2646 5689 2965 5759 exploditur
2994 5688 3088 5742 illa
3119 5684 3497 5759 imperitor’um
3514 5684 3681 5759 Ama-

2078 5755 2365 5815 nucnsium
2396 5761 2601 5815 additio
2633 5755 2906 5829 Pontiﬁcis
2948 5759 3162 5829 maximi
3181 5756 3251 5812 ad
3281 5771 3479 5813 nomen
3510 5755 3677 5819 Chro-

2080 5832 2222 5885 matii
2250 5832 2302 5887 in
2334 5832 2563 5903 l’rologo
2596 5827 2922 5887 Eusebi’ame
2953 5827 3233 5887 Historiae.
