4172 6182
487 235 585 291 591

1462 237 1550 293 DE
1588 239 1649 294 S.
1691 237 2100 295 CHROMATIU
2140 235 2358 297 EI’ISC.
2404 238 2845 311 AQUILEIENSI

3690 246 3795 302 592

486 364 593 420 quo
624 348 844 405 nomine
872 349 1038 407 etiam
1061 349 1291 421 reliquae
1329 351 1491 422 vulgo
1520 352 1915 420 inscribuntur,
1962 368 2085 423 per—
2112 357 2159 415 Λ
2188 354 2591 412 ordinaverant.
2624 358 2749 415 llaec
2776 358 2907 414 satis
2938 372 3210 432 superque
3242 375 3339 417 nos
3376 370 3630 429 monent,
3653 374 3711 417 ut
3740 365 3791 421 in

493 458 677 513 perant
710 451 914 499 tamen.

561 536 624 591 ll.
654 537 711 591 In
744 538 913 604 prima
943 536 1186 593 editione
1236 536 1500 606 Sichardi,
1550 538 1692 595 unde
1724 540 1945 613 reliquae
1975 558 2091 596 ma-

489 637 708 691 narunt,
741 626 1075 682 Chromatius
1119 628 1320 685 dicitur
1364 632 1638 701 episcOpus
1680 632 1947 688 Romanus
1988 634 2087 707 (a).

488 720 613 775 llaec.
644 720 864 775 Romani
888 722 1187 792 appellatio
1214 722 1480 779 hactenus
1511 726 1731 796 ingenia
1775 727 2088 783 criticorum

488 814 717 869 mirifice
767 815 946 869 torsit.
986 816 1201 871 Etenim
1231 817 1427 873 Sixtus
1476 819 1739 875 Senensis
1770 823 1823 876 in
1872 822 2010 877 libro
2038 838 2090 878 1v

483 905 843 973 Bibliothecaz,
868 908 937 964 ab
967 909 1101 964 urbe
1124 908 1318 976 Roma,
1342 911 1647 966 Cbromatii
1670 914 1865 982 patria,
1892 924 1951 967 ut
1973 915 2090 983 ipse

484 1000 703 1071 quidem
734 1009 907 1071 putat,
937 1001 1087 1056 illam
1118 1004 1543 1072 appellationem
1576 1005 1829 1060 arcessit.
1862 1005 1966 1061 Sed
1992 1006 2091 1060 Ba-

489 1094 680 1148 ronius
712 1092 778 1146 ad
804 1093 921 1147 dies
950 1092 1021 1146 22
1046 1092 1216 1159 Junii,
1245 1103 1300 1150 et
1325 1095 1360 1148 2
1382 1095 1722 1162 Decembris,
1761 1111 1996 1165 cumque
2024 1110 2092 1152 eo

489 1185 757 1241 Ilenricus
806 1186 1077 1241 Palladius
1104 1186 1200 1242 lib.
1257 1202 1311 1254 v,
1350 1204 1469 1258 pag.
1496 1190 1586 1255 74,
1639 1198 1693 1243 et
1714 1188 1808 1243 lib.
1857 1205 1932 1254 ιχ,
1967 1204 2090 1259 pag.

491 1279 615 1345 157,
649 1278 849 1349 aliique
879 1279 1101 1334 eosdem
1131 1279 1328 1347 secuti,
1359 1295 1424 1334 ex
1472 1280 1654 1335 Roma:
1697 1281 1961 1347 secundm,
1994 1296 2091 1337 seu

490 1370 764 1438 Romanis,
788 1371 872 1426 vel
896 1370 1225 1427 Romatiana:
1252 1372 1492 1427 civitatis
1532 1372 1727 1442 elogio,
1760 1372 1904 1442 quod
1927 1372 2091 1443 Aqui-

488 1465 604 1519 leia:
629 1463 930 1519 adhaesisse
961 1479 1071 1518 non
1100 1464 1400 1534 ambigunt,
1441 1463 1793 1533 cognomenti
1820 1463 2089 1535 originem

490 1556 734 1612 trahunt.
768 1557 842 1611 De
870 1557 977 1611 hoc
1004 1556 1137 1611 mihi
1183 1556 1531 1627 postmodum
1582 1557 1635 1611 in
1690 1556 1897 1612 Nicana
1945 1573 2094 1628 qua:-

490 1647 720 1702 rendum
748 1647 851 1701 erit
882 1646 978 1719 (ὁ).

2192 462 2411 503 recessu
2441 450 2695 505 vocabuli
2734 451 3010 522 quidpiam
3049 452 3194 508 aliud
3246 453 3421 509 latens
3471 454 3797 525 investigare

2192 537 2509 596 debeamus.
2542 541 2783 609 Gradus,
2839 542 3119 615 Istriaeque
3171 546 3467 616 provinci:c
3511 547 3794 618 civitates,

2191 638 2319 686 tunc
2347 633 2734 689 ecclesiasticae
2784 633 2911 690 huic
2948 634 3215 693 Gradensi
3268 640 3555 710 metropoli
3589 642 3796 696 contri-

2191 725 2367 793 butm,
2417 743 2526 782 non
2557 728 2702 783 veris
2732 729 2986 785 Romanis
3017 732 3251 799 nostris,
3281 742 3335 786 ut
3377 747 3446 788 ex
3473 749 3654 789 rerum
3687 735 3797 790 lla-

2193 819 2420 875 licarum
2464 822 2802 891 ignoratione
2845 824 3055 894 putavit
3101 826 3443 895 Quesnellus,
3473 828 3570 884 sed
3616 828 3798 887 Grazco

2194 909 2425 983 Imperio
2469 912 2766 980 suberant,
2819 917 2903 970 cui
2958 917 3118 987 paulo
3157 928 3284 973 ante
3329 918 3491 975 finem
3530 923 3717 978 saeculi
3768 926 3801 980 8

2193 1000 2405 1057 Istriam
2432 1004 2729 1059 etiamnum
2770 1008 3015 1075 paruisse
3034 1052 3048 1074 ,
3085 1009 3350 1064 habemus
3379 1028 3446 1067 ex
3473 1013 3701 1082 epistola
3732 1017 3801 1072 57

2193 1097 2395 1152 codicis
2424 1098 2686 1153 Carolini.
2715 1099 2911 1156 Libros
2943 1102 3087 1157 enim
3128 1106 3269 1176 typis
3313 1106 3583 1177 vulgatos,
3616 1110 3796 1179 potius

2192 1204 2353 1259 quam
2392 1206 2499 1244 non
2531 1191 2729 1259 editos,
2766 1203 2824 1246 ut
2854 1204 2981 1248 sunt
3020 1196 3264 1251 Annales
3288 1197 3510 1253 Andrea:
3538 1197 3797 1271 Danduli,

2195 1280 2440 1337 Leonino
2479 1284 2668 1338 critico
2714 1299 3006 1355 opponam.
3057 1284 3273 1361 Istriapt
3304 1288 3540 1359 denique
3576 1291 3801 1348 Carolus

2194 1373 2420 1445 Magnus
2445 1375 2549 1430 sibi
2572 1376 2812 1446 subegit,
2848 1385 2988 1433 teste
3028 1378 3307 1450 Eginardo
3338 1383 3394 1437 in
3426 1382 3544 1439 Vita
3574 1400 3696 1456 cap.
3732 1388 3799 1442 15

2193 1467 2339 1536 quod
2360 1466 2608 1523 Cointius
2632 1470 2698 1523 A.
2728 1468 2788 1523 D.
2822 1470 2927 1526 789
2950 1470 3267 1541 illigandum
3298 1485 3509 1533 censet.
3532 1477 3588 1531 Si
3618 1488 3800 1533 autem

2193 1558 2538 1615 Ravennates
2566 1559 2836 1630 imperiali
2862 1564 3098 1619 exarcbo
3125 1566 3424 1633 suberant,
3469 1578 3527 1623 ut
3558 1580 3706 1640 patet
3734 1587 3803 1626 ex

2197 1649 2389 1718 Paulo,
2420 1652 2605 1722 utique
2632 1651 2947 1709 Griecorttm
2989 1656 3240 1725 imperio,
3266 1674 3373 1714 non
3408 1660 3657 1716 Romanis
3691 1661 3806 1717 Au-

496 1740 650 1811 123
678 1739 761 1794 Ab
786 1740 872 1795 bis
913 1740 1071 1810 longe
1100 1740 1386 1796 discedens
1417 1741 1745 1799 Paschasius
1766 1743 2088 1812 Quesnellus
2119 1749 2167 1809 B
2194 1744 2363 1799 soniis
2384 1744 2662 1800 suberant.
2692 1746 2930 1816 ldipsum
2959 1746 3028 1803 de
3057 1748 3209 1804 lstris
3235 1760 3290 1805 et
3317 1750 3692 1809 Gradensibus
3718 1755 3805 1810 di-

487 1834 556 1887 ad
585 1834 876 1902 epistolam
908 1834 1013 1889 129
1044 1836 1217 1889 sancti
1248 1835 1451 1892 Leonis
1478 1836 1655 1906 Magni
1683 1838 1784 1907 ξι,
1806 1850 2095 1911 postquam

490 1926 749 1983 audacter
777 1928 833 1982 in
856 1929 1076 1983 dubium
1114 1938 1361 1984 vocasset
1413 1937 1663 1985 utrumne
1706 1931 1976 2000 ejusmodi
2008 1934 2094 1987 in-

488 2022 712 2092 scriptio
739 2020 1097 2075 Chromatium
1129 2032 1377 2076 nostrum
1414 2038 1540 2077 vere
1570 2032 1869 2092 spectaret,
1904 2025 2094 2080 subin-

489 2115 556 2170 de
583 2114 881 2172 Gradensis
912 2114 1174 2170 Ecclesiae
1204 2115 1635 2171 Patriarchatum
1662 2134 1728 2173 ex
1756 2118 2095 2189 Aquileiensi

488 2216 666 2262 ortum
707 2206 967 2262 memoria
997 2215 1251 2277 repetens
1271 2249 1286 2275 ,
1319 2206 1653 2264 Gradensem
1686 2208 2006 2274 antistitem.
2038 2221 2097 2267 ut

482 2303 551 2357 ab
582 2302 913 2373 Aquileiensi
947 2300 1320 2371 Longobardis
1361 2302 1611 2373 subjecto
1644 2303 2092 2374 distingueretur,

484 2394 774 2464 aliquando
829 2392 1123 2448 Romanum
1158 2394 1453 2449 vocitatum
1509 2395 1767 2451 affirmat.
1818 2397 1982 2453 Suam
2034 2398 2091 2454 in

482 2505 597 2545 rem
649 2488 857 2560 profert
900 2488 1064 2544 verba
1117 2488 1269 2543 Pauli
1297 2488 1516 2543 Diaconi
1566 2492 1645 2544 sic
1702 2488 1998 2545 scribentis
2039 2490 2094 2545 in

481 2582 623 2637 libro
646 2598 721 2647 tv,
752 2596 874 2652 cap.
900 2580 993 2648 34,
1014 2580 1083 2637 de
1109 2579 1290 2637 Gestis
1313 2580 1800 2652 Longobardorum
1831 2597 1846 2635 :
1875 2580 1943 2636 In
1961 2581 2095 2636 Cra—

480 2676 574 2729 dos
591 2691 793 2746 quoque
815 2674 1084 2728 ordinatus
1099 2683 1173 2727 est
1189 2671 1436 2726 Romanis
1451 2671 1809 2726 Candidianus
1844 2677 2057 2727 antistes
2075 2689 2092 2727 :

482 2786 658 2842 eoque
685 2768 942 2826 defuncto
960 2810 973 2834 ,
998 2768 1108 2833 ait,
1131 2766 1437 2822 ordinatum
1467 2765 1829 2835 patriarcham
1857 2766 2095 2837 Epipha-

482 2863 631 2918 nium
664 2861 730 2914 ab
755 2858 1031 2933 episcopis,
1082 2858 1173 2929 qui
1216 2866 1363 2912 erant
1400 2857 1494 2910 sub
1527 2856 1797 2912 Romanis.
1830 2856 2093 2913 Baronius

481 2955 550 3011 A.
579 2955 640 3009 D.
675 2954 801 3020 605,
834 2952 918 3023 §4
949 2951 1048 3005 hos
1076 2951 1225 3021 ipsos
1278 2950 1541 3004 Romanos
1563 2991 1578 3018 ,
1610 2949 1842 3021 perinde
1890 2966 1953 3006 ac
1993 2966 2091 3020 pro

482 3047 750 3103 catholicis
779 3045 1152 3117 accipiendos,
1178 3044 1530 3100 existimavit.
1559 3046 1627 3099 At
1659 3044 2005 3112 Quesnellus,
2036 3055 2092 3102 et

2199 1836 2430 1891 cendum
2460 1845 2564 1892 est.
2594 1838 2735 1909 Ergo
2774 1839 3000 1893 Rontani
3031 1841 3117 1895 isti
3145 1850 3273 1897 sunt
3312 1842 3498 1899 Graeci.
3534 1846 3647 1901 lloc
3685 1862 3794 1903 non

2197 1930 2373 1985 solum
2404 1930 2664 1985 discimus
2694 1946 2759 1984 ex
2800 1930 2971 1985 Paulo
3005 1931 3263 1999 Diacono,
3294 1935 3387 2005 qni
3435 1935 3600 1991 etiam
3627 1936 3679 1991 in
3710 1937 3805 1993 Hi-

2196 2022 2366 2077 storia
2394 2021 2631 2077 Miscella
2664 2021 2807 2077 idem
2827 2023 3150 2081 vocabulum
3183 2025 3500 2095 frequenter
3544 2040 3800 2101 usurpat,

2196 2112 2292 2167 sed
2324 2112 2655 2168 luculentius
2685 2130 2752 2169 ex
2783 2112 3134 2185 Liutprando
3156 2116 3209 2171 in
3252 2117 3525 2188 legatione
3554 2120 3623 2175 ad
3647 2120 3806 2177 Nice—

2198 2206 2428 2274 phorum
2482 2205 2742 2272 Phocam,
2797 2223 2920 2278 pag.
2976 2207 3078 2263 159
3123 2208 3381 2265 editionis
3410 2210 3800 2281 Planlinianm,

2192 2299 2353 2369 juxta
2374 2315 2569 2371 quem,
2606 2300 2959 2355 Romanorum
2992 2316 3187 2357 nomen
3219 2302 3438 2359 Graecos
3473 2304 3801 2376 Byzantinos

2196 2392 2302 2446 sibi
2324 2393 2602 2462 proprium
2647 2394 2845 2448 fecisse
2876 2394 2927 2448 in
2951 2404 3233 2465 comperto
3269 2405 3374 2451 est.
3429 2397 3542 2453 Hoc
3567 2414 3636 2453 ex
3676 2399 3801 2454 aliis

2197 2485 2361 2539 etiam
2406 2484 2717 2540 auctoribus
2775 2486 2945 2557 liquet
2993 2486 3135 2557 apud
3174 2486 3437 2560 Cangium
3479 2490 3534 2544 in
3566 2499 3799 2562 utroque

2195 2576 2496 2643 Glossario,
2526 2579 2639 2649 jqui
2672 2588 2850 2634 tamen
2894 2579 2946 2634 in
2977 2578 3168 2636 Graeco
3199 2590 3347 2639 tomo
3377 2582 3446 2653 ll,
3480 2600 3600 2657 pag.
3633 2586 3793 2655 1512,

2196 2688 2262 2727 ex
2312 2671 2537 2727 Novella
2582 2672 2650 2727 21
2696 2672 2989 2729 Justiniani
3039 2674 3315 2744 observat,
3364 2677 3526 2748 hujus
3570 2681 3799 2752 Augusti

2196 2773 2356 2819 actate
2398 2765 2489 2835 qui
2538 2764 2827 2836 Imperium
2859 2768 3153 2837 capessivit
3180 2772 3248 2825 A.
3283 2770 3346 2824 D.
3373 2769 3504 2837 527,
3564 2774 3799 2829 nondum

2196 2859 2417 2913 omnino
2458 2858 2775 2924 invaluisse,
2811 2869 2868 2914 ut
2913 2860 3090 2916 Graeci
3119 2862 3425 2934 Byzantini,
3455 2877 3672 2937 recepta
3702 2883 3799 2941 ap-

2196 2950 2510 3019 pellatione,
2546 2949 2704 3022 124
2731 2950 2955 3006 Romani
2984 2952 3317 3010 dicerentur.
3367 2957 3497 3012 Post
3539 2957 3801 3014 JuStinia-

2195 3056 2323 3095 num
2353 3040 2407 3095 id
2430 3044 2630 3111 passim
2672 3041 2903 3096 invaluit
2928 3042 3089 3111 adeo,
3118 3054 3179 3099 ut
3204 3046 3421 3102 tandem
3459 3050 3603 3119 apud
3634 3050 3798 3106 Occi-

483 3156 552 3197 ex
580 3157 648 3197 eo
695 3142 890 3210 Pagius
940 3140 1009 3194 Δ.
1050 3138 1116 3193 1).
1167 3137 1295 3202 396,
1325 3137 1353 3209 §
1383 3139 1415 3193 6
1436 3178 1451 3202 ,
1502 3137 1880 3193 Tillemontius
1925 3138 2088 3193 etiam
2119 3136 2164 3199 Ο
2197 3133 2441 3189 dentales
2468 3149 2665 3189 nomen
2684 3133 2911 3189 Romani
2929 3145 3077 3191 esset
3099 3139 3417 3207 opprobrio,
3442 3141 3613 3212 inquit
3642 3143 3799 3199 Liui-

484 3245 633 3290 tomo
662 3235 752 3301 Η,
786 3248 909 3305 pag.
934 3233 1062 3297 647,
1096 3247 1237 3285 veros
1273 3229 1536 3285 Romanos
1586 3231 1842 3285 Ausonios
1886 3232 2089 3288 intelli-

485 3338 648 3397 gunt;
679 3327 797 3382 sive
844 3323 1111 3395 Aquileia:
1142 3322 1345 3379 veteris
1390 3323 1630 3389 incolas,
1684 3322 1922 3379 Gradum
1961 3338 2088 3393 pro-

482 3419 674 3485 fectos,
706 3417 795 3489 qui
830 3425 1089 3487 parerent
1120 3414 1369 3469 Romanis
1400 3414 1679 3481 Ausoniis,
1729 3426 1839 3469 tum
1884 3415 2046 3470 etiam
2069 3456 2083 3479 ,

482 3513 608 3585 quia
639 3511 882 3583 episcopi
922 3510 999 3564 illi
1032 3519 1175 3563 erant
1203 3510 1298 3562 sub
1341 3508 1611 3563 Romanis.
1644 3507 1942 3576 Quominus
1972 3509 2087 3564 haec

481 3607 663 3662 omnia
692 3604 974 3660 verissima
1027 3606 1138 3658 sint
1175 3602 1504 3670 Quesnellus
1523 3601 1834 3671 neutiquam
1857 3602 2085 3657 dubitat.

481 3698 617 3755 Hinc
630 3699 746 3769 ipse
759 3697 985 3751 Romani
1008 3695 1476 3751 nomenclaturatn
1494 3704 1606 3765 post
1623 3696 1864 3749 sa'culttm
1882 3696 1910 3749 7
1927 3694 2088 3749 Chro-

480 3792 637 3845 matio
655 3799 843 3847 nostro
858 3787 1189 3860 Aquileiensi
1200 3802 1319 3858 ,per
1332 3786 1809 3843 anachronismum
1820 3831 1834 3856 ,
1852 3804 1881 3843 a
1895 3787 2088 3843 scribis

477 3885 865 3956 agglutinatam
891 3881 1053 3938 facile
1080 3882 1287 3947 credit;
1320 3881 1559 3950 scilicet,
1588 3882 1633 3937 si
1658 3898 1780 3937 eum
1810 3882 2084 3952 audimus,

481 3988 755 4048 tamquam
785 3992 992 4043 nomen,
1014 3975 1150 4047 quod
1181 3975 1396 4041 (scriba:
1429 3973 1530 4045 illi)
1562 3976 1900 4029 tontmunitcr
1928 3976 2089 4047 Aquis-

479 4067 755 4125 leiensibus
780 4070 865 4123 sui
891 4070 985 4124 aevi
1008 4068 1263 4139 cpisc0pis
1314 4068 1470 4122 tribui
1512 4080 1775 4121 noverant.
1810 4067 1885 4121 Ita
1916 4069 2087 4135 Ques-

481 4163 678 4231 nellus,
708 4178 777 4219 ex
801 4161 1013 4217 frivolis
1041 4161 1394 4232 conjecturis,
1445 4177 1513 4217 ne
1541 4161 1717 4217 dicam
1751 4163 1919 4217 meris
1940 4177 2107 4219 com»

481 4254 713 4323 tuentis,
763 4269 852 4310 res
902 4264 1084 4310 certas
1139 4253 1387 4324 proferre
1440 4254 1700 4321 studens;
1749 4265 2085 4313 cumtamen

479 4349 895 4422 Aquileienses,
947 4358 1043 4405 aut
1094 4349 1401 4406 Gradenses
1445 4349 1859 4419 metropolitas,
1912 4366 2088 4421 neque

480 4452 625 4510 ante,
654 4458 831 4513 neque
861 4452 972 4514 post
1003 4442 1297 4497 saxulum?
1326 4442 1468 4497 ullus
1492 4458 1747 4513 umquam
1779 4444 2087 4499 mortalium

2192 3226 2451 3297 prandus.
2486 3226 2794 3282 Jornandes
2826 3238 2935 3281 tum
2965 3228 3017 3283 in
3050 3229 3234 3285 libello
3262 3230 3332 3286 de
3358 3231 3543 3289 Rebus
3566 3235 3795 3306 Geticis,

2191 3329 2302 3376 tum
2330 3321 2383 3375 in
2410 3320 2519 3376 alio
2543 3320 2613 3376 de
2642 3320 2956 3391 Regnorum
2982 3324 3357 3392 successione,
3388 3337 3443 3381 et
3474 3327 3715 3385 Isidorus
3741 3332 3795 3387 in

2188 3412 2460 3469 Chronico
2474 3429 2583 3468 tera
2602 3411 2711 3468 446
2731 3412 2966 3484 Imperio
2985 3416 3289 3485 subjectos,
3315 3417 3601 3491 ipsumque
3618 3422 3797 3494 Impe-

2188 3508 2359 3575 rium,
2402 3508 2701 3579 generatim
2744 3506 3012 3563 Romanos
3041 3520 3096 3565 et
3124 3509 3437 3567 Romaniam
3463 3515 3794 3574 vocitarunt.

2190 3603 2304 3659 Hoc
2332 3603 2475 3659 idem
2501 3621 2568 3660 ex
2601 3603 2917 3660 Grmcorum
2966 3591 3186 3676 scriptis
3221 3608 3313 3662 alii
3359 3609 3700 3682 docuerunt,
3744 3623 3801 3671 et

2188 3696 2392 3751 dudum
2421 3696 2664 3753 Joannes
2698 3698 2939 3768 Baptista
2988 3698 3297 3756 Cotelerius
3342 3703 3395 3757 in
3428 3704 3796 3765 Monumentis

2188 3787 2447 3845 Ecclesiae
2470 3788 2677 3845 Graeca:
2706 3799 2850 3846 tomo
2880 3806 2919 3857 ι,
2954 3806 3077 3863 pag.
3112 3792 3237 3848 752.
3264 3794 3444 3863 Quare
3482 3796 3657 3853 Graeci
3685 3799 3795 3855 lm-

2190 3880 2322 3949 perii
2352 3881 2535 3935 sedem
2590 3881 3154 3954 Consmntinopolim,
3208 3894 3263 3942 et
3312 3903 3496 3943 novam
3542 3890 3791 3960 Romam,

2187 3984 2426 4043 etcaput
2452 3973 2726 4028 Romaniw
2764 3973 3038 4031 dixerunt.
3090 3976 3261 4033 Immo
3308 3991 3363 4034 et
3400 3982 3549 4052 regio
3582 3982 3789 4053 Italica,

2188 4064 2277 4119 ubi
2300 4065 2438 4119 aula:
2470 4066 2782 4136 Byzantina:
2812 4066 3054 4133 exarchi,
3091 4080 3213 4139 post
3244 4069 3449 4127 Gothos
3472 4088 3569 4143 per
3589 4073 3791 4131 Narsc.

2190 4171 2296 4215 tem
2328 4160 2622 4215 Patricium
2645 4160 2931 4215 Justiniani
2958 4162 3190 4231 Augusti
3208 4164 3403 4220 ducem
3421 4169 3645 4225 omnino
3664 4186 3791 4225 exa~

2187 4262 2329 4319 clos,
2358 4251 2800 4320 dominabantur,
2833 4253 2959 4308 inde
2984 4253 3277 4322 Romaniut,
3309 4258 3470 4328 vulgo
3493 4258 3790 4333 Romagna,

2190 4346 2613 4417 appellationem
2649 4344 2920 4411 obtinuit;
2944 4354 3137 4402 contra
3156 4362 3314 4417 quam
3333 4348 3572 4406 Blondus
3594 4353 3793 4425 aliique

2191 4439 2524 4510 posteriores
2574 4448 2866 4509 nugantur.
2896 4438 3065 4495 David
3106 4440 3423 4499 Blondellus
3452 4445 3508 4500 itt
3537 4446 3674 4503 libro
3721 4450 3792 4505 de

478 4536 740 4591 Romanos
767 4535 1003 4600 dixerit;
1036 4535 1224 4606 illique
1254 4534 1525 4605 episcopi,
1556 4549 1584 4588 a
1612 4535 1811 4604 quibus
1839 4535 2082 4592 Graden-
2110 4522 2164 4583 1)
2190 4531 2455 4597 l’rimatu,
2486 4546 2609 4601 pag.
2655 4530 2779 4599 559,
2810 4530 2965 4585 Pauli
2992 4532 3215 4589 Diaconi
3238 4536 3505 4606 episcopos
3532 4540 3622 4606 qui
3644 4553 3792 4595 erant

476 4647 592 4688 sem
615 4629 981 4702 patriarcham
1008 4627 1173 4685 Gradi
1198 4627 1503 4682 ordinatum
1538 4636 1727 4682 narrat
1776 4628 2043 4684 Diaconus
2062 4671 2076 4696 ,

479 4740 633 4797 aeque
654 4733 839 4781 essent
868 4722 968 4779 sub
991 4720 1240 4777 Romanis
1257 4736 1319 4776 ac
1345 4719 1553 4775 Gradus
1579 4722 1715 4791 ipsa,
1738 4730 1876 4777 teste
1890 4722 2080 4778 eodem

479 4817 740 4875 Diacono.
788 4818 1054 4878 Romanus
1095 4831 1228 4886 ergo
1277 4830 1346 4870 ex
1381 4813 1484 4869 hoc
1531 4816 1709 4885 capite
1764 4830 1870 4869 non
1912 4814 2085 4886 magis

479 4911 785 4983 patriarcha
811 4909 1109 4968 Gradensis
1126 4952 1142 4979 ,
1170 4924 1333 4982 quam
1357 4910 1542 4966 caeteri
1570 4910 1813 4981 episcopi
1842 4910 1932 4979 qui
1958 4925 2083 4966 eum

477 5053 812 5109 continuatio
840 5062 895 5108 et
937 5054 1052 5122 ipse
1080 5062 1166 5109 est
1212 5051 1603 5108 Commentarii
1652 5050 1706 5105 in
1759 5049 2068 5105 Matthaeum

477 5125 683 5193 absque
702 5125 811 5180 ullo
829 5139 923 5179 seu
946 5125 1172 5180 exordio
1189 5139 1284 5180 seu
1296 5124 1669 5193 conclusione,
1686 5137 1805 5188 «lure
1818 5122 2068 5176 eumdem

475 5192 868 5252 constituerent
897 5196 1225 5264 peculiarem
1248 5194 1538 5264 quemdam
1555 5192 1856 5248 Tractatum
1886 5194 2071 5264 singu-

476 5268 578 5323 lari
606 5266 978 5336 appellatione
999 5266 1335 5336 donandum.

551 5335 793 5411 (a)’Vide
821 5338 1037 5411 titulum
1068 5337 1249 5411 hujus
1273 5335 1532 5411 editionis
1555 5350 1658 5411 una
1688 5350 1811 5389 cum
1838 5336 2070 5411 epistola

474 5406 871 5476 nuncupaloria
900 5407 1125 5464 Joannis
1144 5406 1417 5471 Sichardi,
1450 5407 1699 5476 absoluta
1726 5406 2070 5476 praefatione,

474 5475 881 5555 postveterum
901 5480 1289 5555 Testimonia_et
1323 5477 1591 5555 Lectiones
1624 5475 1907 5546 Proprias,
1930 5484 2036 5531 etc.

547 5552 627 5625 (b)
654 5553 808 5621 Quod
832 5552 919 5608 hic
942 5551 1044 5625 sibi
1084 5551 1156 5607 cl.
1207 5548 1548 5625 [antaninus
1585 5562 2078 5625 quiererehpropo-

471 5616 899 5693 suérat,'postea
925 5622 1048 5677 aliis
1096 5618 1327 5676 eruditis
1358 5618 1635 5693 laboribus
1668 5616 1991 5693 impeditus,
2014 5633 2077 5693 ac

470 5688 897 5750 morte'd'emum
925 5690 1541 5763 prtcventus,perlicere
1567 5690 1841 5763 nequivit;
1870 5690 1993 5763 quia
2009 5688 2078 5746 ad

470 5763 712 5822 Nicelam
728 5760 1041 5836 episcopum
1060 5762 1463 5834 Aquileiensem
1480 5776 1578 5818 sua
1595 5760 1877 5817 Litteraria
1898 5760 2080 5817 Histo-

2188 4625 2281 4678 sub
2306 4625 2576 4687 Romanis,
2600 4639 2696 4680 eos
2728 4624 2818 4694 qui
2846 4624 3029 4680 Gra’co
3075 4625 3304 4699 Imperio
3332 4631 3599 4701 parebant,
3632 4649 3791 4691 secus

2185 4735 2248 4774 ac
2292 4718 2641 4785 Quesnellus,
2695 4719 2910 4789 egregie
2939 4720 3254 4791 explicavit.
3294 4723 3402 4779 Sed
3441 4727 3787 4796 postmodum

2186 4828 2309 4883 pag.
2340 4811 2469 4878 612,
2499 4825 2622 4866 cum
2652 4810 2863 4865 Blondo
2890 4826 3102 4882 errans,
3128 4813 3432 4872 Ravennati
3456 4820 3791 4883 .exarcbatui

2189 4905 2463 4961 Romania:
2482 4918 2678 4959 nomen
2709 4902 2938 4958 inditum
2968 4905 3213 4976 tradidit,
3238 4908 3384 4979 quod
3410 4908 3464 4963 in
3492 4909 3581 4980 jus
3599 4910 3789 4969 Eccle-

2171 5050 2252 5103 ria
2278 5046 2620 5118 Aquileiensis
2644 5060 2751 5118 non
2782 5047 3053 5118 pervenit.
3088 5047 3450 5105 Nihilominus
3479 5066 3545 5106 ex
3566 5050 3785 5106 schedia

2175 5116 2529 5192 ipsius,quas_
2573 5116 2810 5175 vidimus
2866 5120 2919 5174 in
2973 5118 3311 5192 Bibliotheca
3352 5119 3549 5192 Oppidi
3599 5122 3783 5177 Sancti

2176 5190 2415 5245 Danielis
2444 5189 2532 5243 ubi
2562 5204 2667 5261 non
2702 5205 2870 5258 pauca
2917 5204 3051 5243 mss.
3095 5190 3165 5261 cl.
3211 5189 3461 5261 praesulis
3487 5207 3784 5248 asservan-

2177 5272 2287 5324 tur,
2309 5275 2534 5330 quaeque
2553 5260 2618 5313 ad
2643 5276 2779 5329 Opus
2796 5261 3089 5317 Litteraria:
3118 5260 3367 5333 Historias
3391 5263 3783 5333 perficiendum

2178 5333 2511 5405 pertinuisse
2535 5335 3035 5405 noscuntur,satis
3062 5332 3408 5403 conjicimus,
3460 5336 3637 5405 ipsum
3680 5337 3779 5389 ad-

2177 5403 2402 5459 haesisse
2440 5404 2814 5476 communiori
2865 5404 3230 5476 litteratorum
3286 5403 3604 5476 sententia},
3656 5423 3782 5476 qua:

2181 5476 2413 5529 Baronio
2439 5474 2491 5527 in
2524 5474 2625 5528 hac
2665 5487 2818 5545 parte
2864 5474 3091 5531 minime
3122 5475 3288 5531 favet.
3321 5475 3480 5541 Vide,
3514 5478 3559 5531 si
3610 5474 3779 5543 lubet,

2178 5562 2299 5617 qua:
2328 5546 2395 5601 de
2418 5545 2521 5600 hac
2554 5559 2614 5600 re
2636 5545 3119 5602 late'disseruimus
3142 5562 3265 5617 cap.
3301 5548 3336 5603 5
3367 5556 3423 5602 et
3450 5548 3483 5602 6
3509 5546 3778 5602 Disserta-

2182 5618 2335 5672 tionis
2388 5625 2624 5699 nostrae,
2652 5632 2819 5699 quam
2849 5617 3122 5699 edidimus
3149 5632 3278 5699 cuni
3329 5617 3609 5699 Opusculis
3663 5635 3780 5688 qua:

2180 5698 2462 5817 ῗιὲἵῧνδιιηε
2516 5687 2682 5742 sancti
2719 5687 2919 5743 Niccta:
2960 5688 3305 5757 Aquileiensis
3344 5687 3599 5761 episcopi,
3640 5687 3781 5750 anno
