4172 6182
305 226 411 286 595

1394 228 1583 288 JUSTI
1622 226 1994 286 FONTANINI
2034 232 2491 291 DlLUClDATlO.

3493 248 3599 305 594

309 345 397 401 size
420 345 702 410 Romanae,
754 345 985 415 Pippino
1029 354 1082 401 et
1121 345 1284 401 Carlo
1332 346 1527 416 Magno
1568 346 1902 412 auctoribus,
1933 358 1981 414 Α
2010 349 2147 402 tinus
2177 350 2389 417 Lipsius
2416 350 2577 405 etiam
2608 351 2878 419 apposuit.
2905 350 3035 406 Cum
3069 353 3270 411 frustra
3314 356 3432 412 hanc
3462 358 3608 416 inter

308 439 625 493 transiisset.
680 438 792 494 Hoc
844 440 983 493 idem
1028 441 1324 509 scripserat
1371 456 1491 509 pag.
1560 440 1699 505 125,
1732 441 1903 495 semel

309 539 462 598 atque
493 530 689 585 iterum
721 530 940 599 lapsus;
974 547 1095 585 nam
1131 533 1280 586 locus
1310 547 1376 585 cx
1408 531 1576 585 Paulo
1612 532 1902 598 adductus,

308 618 497 688 aliique
529 636 655 675 mox
694 620 1030 689 adducendi,
1086 632 1328 693 tempora
1381 622 1609 692 Pippino
1646 632 1701 678 et
1744 622 1903 678 Carlo

308 713 420 782 ipso
446 714 755 784 antiquiora
805 714 1093 770 manifeste
1144 715 1470 783 respiciunt.
1516 715 1574 769 In
1624 713 1906 768 codicibus

307 822 435 862 mss.
481 807 745 861 Palatinis
770 806 923 861 Pauli
973 807 1197 862 Diaconi
1242 807 1382 861 libro
1412 822 1484 871 tv,
1520 820 1641 876 cap.
1675 805 1767 870 47,
1803 805 1907 859 Ra-

311 910 572 955 vennates
628 899 892 955 Romanos
936 900 1065 965 dici,
1110 900 1317 969 absque
1361 901 1577 967 c0pula,
1630 898 1910 953 annotavit

310 993 474 1049 Janus
512 993 784 1049 Gruterus
814 995 881 1048 ad
913 995 1156 1049 historiae
1185 1002 1429 1063 augusta:
1460 994 1753 1061 scriptores
1791 992 1911 1045 lati-

309 1102 402 1142 nos
433 1098 579 1143 tomo
604 1088 669 1151 ll,
722 1103 841 1159 pag.
881 1090 1004 1151 l70.
1033 1089 1084 1142 in
1116 1087 1244 1152 (ine,
1274 1088 1361 1141 ubi
1390 1098 1568 1141 tamen
1600 1088 1653 1141 in
1678 1086 1911 1156 vulgatis

312 1180 466 1234 Pauli
496 1182 830 1237 editionibus
862 1183 1059 1253 legitur
1085 1199 1203 1236 cum
1231 1182 1614 1236 Ravennatibus
1642 1192 1688 1235 et
1716 1180 1909 1234 Roma-

312 1278 405 1340 nis,
425 1292 706 1346 perperam
741 1277 1022 1345 interjecta
1054 1277 1429 1347 copuln.ldem
1453 1275 1654 1329 Paulus
1679 1276 1817 1329 libro
1835 1291 1910 1340 γι,

310 1383 425 1439 cap.
446 1368 539 1432 46,
567 1367 888 1433 Faroaldus,
910 1369 1107 1438 inquit,
1134 1369 1536 1441 Spoletanorum
1560 1367 1746 1421 ductor
1768 1366 1904 1422 Clas-

305 1480 428 1528 sem,
459 1463 835 1517 Ravennatium
863 1462 1154 1529 Civitatem,
1187 1464 1395 1516 invasit.
1427 1462 1534 1517 Sed
1574 1463 1732 1531 jussu
1779 1462 1912 1530 regis

305 1556 617 1623 Liutprandi
648 1556 829 1611 eadem
873 1556 1121 1610 Romanis
1152 1555 1358 1608 reddita
1405 1564 1517 1619 est;
1563 1569 1759 1621 nempe
1808 1550 1914 1604 Ra-

306 1651 603 1705 vennatibus
634 1654 879 1719 proxime
904 1651 1220 1704 nominatis.
1246 1648 1558 1705 Gradenses
1578 1647 1779 1717 pariter
1807 1661 1912 1701 non

2007 457 2170 511 opera
2215 442 2425 509 Albini,
2460 455 2825 514 cognomento
2872 445 3104 513 Alcuini,
3152 451 3297 519 typis
3347 466 3607 520 expressa

2006 537 2407 604 quaesivissem,
2434 539 2651 593 tandem
2679 540 2855 609 reperi
2889 542 2940 594 itt
2957 542 3145 597 codice
3175 543 3282 598 290
3312 562 3607 617 numquam

2006 630 2172 695 edito,
2199 631 2338 685 inter
2366 630 2643 687 Palatinos
2680 633 3026 689 bibliothecae
3053 636 3346 704 Vaticana),
3399 642 3489 709 qui
3529 642 3613 696 in-

2008 721 2264 776 scribitur
2295 741 2309 778 :
2338 723 2555 779 Albinus
2584 735 2763 779 contra
2792 727 3028 781 lta'resim
3056 728 3285 797 Felicis;
3315 740 3371 786 et
3401 734 3611 801 septin-

2008 815 2185 883 gentis
2215 816 2283 871 ab
2330 816 2455 871 hinc
2481 819 2638 872 annis
2679 832 2932 875 exaratus
2962 823 3194 877 videtur.
3221 824 3297 878 lbi
3328 826 3473 880 inter
3503 828 3608 882 alia

2010 907 2228 963 Patrum
2280 910 2573 966 latinorum
2607 914 2941 982 testimonia,
2986 915 3080 969 fol.
3118 917 3207 981 l2,
3240 918 3353 973 ha-c
3376 920 3615 975 recitan-

2012 1011 2098 1056 tur
2122 1004 2200 1071 (a)
2228 1022 2239 1056 :
2269 1003 2595 1060 Chromatius
2622 1024 2825 1078 quoque
2863 1021 3057 1064 sancta:
3100 1011 3348 1067 Romana:
3403 1016 3615 1069 antistes

2013 1094 2293 1164 Ecclesiae,
2343 1101 2396 1153 in
2445 1100 2662 1168 Libello,
2695 1120 2840 1171 quem
2888 1104 2952 1157 de
3010 1105 3135 1158 Octo
3194 1105 3614 1163 Beatitudinibus

2013 1189 2246 1258 scripsit,
2283 1191 2355 1241 ita
2382 1190 2509 1243 dicit
2536 1210 2547 1244 :
2582 1193 2635 1245 in
2662 1196 2905 1263 mysterio
2936 1196 3069 1249 enim
3100 1201 3340 1267 baptismi
3362 1212 3409 1251 et
3438 1197 3616 1254 Filius

2014 1279 2217 1332 videtur
2256 1281 2307 1332 in
2349 1297 2583 1350 corpore,
2621 1294 2666 1336 et
2697 1283 2932 1348 Spiritus
2966 1286 3193 1341 Sanctus
3234 1291 3287 1341 in
3328 1295 3493 1354 specie
3525 1308 3615 1345 co-

2016 1372 2203 1425 lumba:
2246 1373 2530 1439 descendit,
2561 1385 2610 1430 et
2658 1392 2756 1431 uox
2800 1376 2979 1431 Patris
3024 1378 3086 1432 de
3131 1382 3271 1434 caelis
3298 1384 3533 1447 auditur,
3559 1394 3617 1437 ut

2020 1462 2291 1517 Trinitatis
2321 1467 2496 1521 unitas
2524 1467 2839 1534 declaretur,
2869 1472 2990 1539 quia
3024 1489 3113 1524 nec
3142 1471 3304 1526 Pater
3330 1476 3441 1528 sine
3479 1474 3621 1530 Filio

2018 1557 2238 1625 intelligi
2254 1569 2439 1625 potest,
2458 1577 2548 1613 nec
2570 1559 2748 1615 Filius
2765 1564 2876 1616 sine
2900 1564 3102 1632 Spiritu
3133 1565 3331 1620 Sancto
3358 1569 3620 1638 ragnosci.

2027 1650 2160 1704 Vide
2189 1653 2345 1721 igitur
2371 1655 2523 1724 quale
2562 1654 2745 1709 Patris
2776 1658 2839 1709 de
2878 1654 3022 1711 Filio
3063 1661 3406 1713 testimonium
3438 1664 3504 1715 sit
3534 1663 3620 1715 di-

306 1746 479 1813 magis
525 1742 751 1797 Romani
781 1743 1020 1808 fuerunt,
1050 1759 1212 1813 quam
1264 1742 1638 1807 Ravennates,
1686 1756 1915 1811 quorum
1950 1741 1994 1799 Β
2023 1745 2335 1797 centiszhic
2383 1755 2459 1798 est
2507 1744 2678 1800 Filius
2730 1765 2891 1802 meus.
2946 1749 3089 1804 Suus
3142 1754 3336 1820 utique,
3380 1771 3481 1806 non
3531 1772 3626 1823 per

307 1837 563 1891 exarchis
587 1836 1056 1904 obtemperabant.
1091 1835 1217 1889 Hazc
1251 1851 1359 1889 non
1388 1834 1513 1889 ideo
1541 1853 1570 1888 a
1597 1850 1682 1888 me
1711 1832 1913 1901 scripta

308 1937 467 1993 sunt,
494 1928 638 1997 quod
666 1927 1025 1983 Chromatium
1058 1930 1162 1981 huc
1199 1942 1363 1982 sensu
1394 1927 1685 1981 Romanum
1711 1926 1913 1980 dictum

308 2020 473 2075 luisse
500 2022 759 2084 arbitrer,
794 2022 890 2077 sed
935 2037 1043 2090 quo
1067 2022 1389 2076 sententiam
1443 2021 1720 2089 Quesnelli
1763 2021 1916 2077 nullo

308 2114 470 2169 tuodo
519 2112 648 2168 ferri
692 2129 853 2183 posse
884 2115 1228 2169 convincam.
1273 2114 1560 2168 Enimvero
1592 2112 1767 2181 palam
1796 2122 1914 2178 est,

312 2205 667 2260 Chromatium
694 2206 879 2260 saeculi
904 2207 937 2261 4
964 2205 1285 2275 scriptorem
1305 2245 1320 2269 ,
1352 2221 1464 2274 prce
1489 2206 1610 2258 aliis
1627 2204 1729 2259 hoc
1754 2205 1920 2274 signi-

312 2298 474 2353 ficatu
499 2298 790 2352 Romanum
817 2298 921 2352 dici
952 2314 1061 2352 non
1089 2298 1347 2352 debuisse
1370 2313 1470 2367 qua
1501 2305 1659 2351 aetate
1687 2312 1794 2351 non
1828 2297 1919 2350 uni

313 2391 508 2457 Graeci,
541 2392 637 2446 sed
672 2392 898 2460 perinde
928 2407 1120 2446 omnes
1149 2390 1398 2445 Rauiano
1429 2392 1659 2461 imperio
1690 2391 1919 2461 subjecti

313 2499 408 2554 pro
434 2484 694 2538 Romanis
716 2486 1135 2552 reputabantur,
1159 2500 1370 2553 unaque
1385 2485 1627 2539 Ecclesia
1652 2484 1916 2551 Romana,

321 2577 588 2632 Romaniae
614 2578 934 2648 metropolis
966 2579 1265 2644 audiebat,
1314 2594 1377 2633 ex
1406 2580 1709 2634 Athanasio
1736 2579 1787 2633 in
1823 2579 1923 2633 Hi-

312 2672 477 2725 storia
500 2671 825 2726 Arianorum
857 2686 977 2741 pag.
1002 2669 1106 2725 564
1138 2673 1395 2741 tutiusque
1424 2673 1560 2725 orbis
1588 2672 1807 2725 Romani
1837 2688 1925 2725 ca-

312 2775 403 2838 put
421 2781 489 2819 ex
505 2766 736 2820 consilio
762 2765 1100 2835 Aquileiensi
1136 2769 1187 2818 in
1211 2764 1514 2834 appendice
1541 2764 1925 2820 Theodosiana

314 2857 456 2927 apud
501 2857 853 2912 Sirmondnm
903 2868 1052 2913 tumo
1100 2858 1121 2912 l
1170 2858 1443 2925 Operum,
1496 2873 1616 2926 pag.
1663 2857 1786 2911 745.
1837 2857 1927 2913 Sic

316 2949 654 3019 Epiphanius
682 2950 775 3004 lib.
808 2966 849 3016 ι,
882 2950 1084 3006 ἣξει-εεδί
1129 2950 1199 3005 69
1222 2950 1249 3021 §
1275 2951 1354 3013 ll,
1386 2949 1569 3005 Arium
1615 2950 1713 3015 ait,
1762 2966 1927 3020 prava

317 3044 561 3100 dcctrina
618 3058 716 3099 sua
754 3052 927 3101 πᾶσαν
952 3052 1044 3104 τήν
1084 3043 1360 3118 Ῥωμανίαν
1381 3086 1396 3111 ,
1428 3054 1587 3098 totam
1611 3042 1926 3097 Romaniam

2018 1835 2347 1905 adoptionem
2369 1838 2574 1904 gratias,
2608 1856 2766 1911 neque
2807 1860 2898 1907 per
2923 1843 3231 1911 religionem
3271 1856 3542 1910 creaturae,
3570 1856 3627 1903 ut

2020 1924 2249 1979 hteretici
2271 1928 2465 1994 volunt,
2500 1930 2587 1982 sed
2621 1930 2703 1982 sui
2745 1934 3058 2002 proprietate
3083 1937 3302 2003 generis,
3332 1948 3383 1991 et
3410 1942 3622 1994 veritate

2021 2030 2240 2073 naturas.
2280 2019 2438 2073 Multi
2467 2023 2603 2074 enim
2645 2035 2943 2077 sanctorum
2982 2025 3113 2079 Filii
3152 2026 3249 2080 Dei
3290 2030 3554 2094 dicuntur,
3581 2039 3631 2085 et

2020 2119 2160 2163 sunt.
2186 2110 2293 2165 Sed
2319 2112 2401 2164 hic
2423 2113 2533 2166 sine
2547 2115 2937 2183 comparatione
2965 2134 3099 2171 unus
3126 2116 3238 2172 Deo
3263 2118 3413 2173 Patri
3443 2120 3623 2178 Filius

2022 2202 2342 2271 unigenitus,
2375 2211 2422 2255 et
2446 2218 2598 2258 verus
2632 2215 2681 2259 et
2716 2208 2984 2275 proprius,
3014 2225 3116 2263 non
3148 2211 3360 2265 aliunde
3383 2230 3539 2283 quant
3565 2216 3631 2268 de

2028 2292 2185 2348 Patre
2218 2309 2405 2362 natus;
2436 2297 2560 2363 quia
2587 2307 2692 2351 tam
2720 2315 2867 2353 verus
2900 2300 3061 2355 Pater
3092 2312 3185 2368 est,
3216 2321 3369 2373 quam
3402 2322 3549 2360 verus
3580 2316 3630 2361 et

2023 2386 2168 2442 Deus
2200 2399 2295 2454 est,
2327 2392 2478 2443 sicuti
2518 2393 2675 2445 etiam
2699 2409 2844 2446 verus
2874 2391 2922 2444 F
2926 2394 3048 2448 ilius
3071 2404 3165 2454 est.
3194 2414 3349 2465 quam
3379 2416 3529 2453 verus
3553 2410 3629 2455 est

2022 2478 2299 2535 Dominus.
2334 2481 2576 2554 Perfecta
2606 2500 2727 2553 ergo
2781 2486 2912 2554 ﬁdes
2965 2495 3036 2539 est
3082 2487 3353 2545 Trinitatis
3397 2503 3627 2562 ostensa,

2024 2590 2138 2627 cum
2172 2586 2219 2626 et
2269 2573 2428 2627 Pater
2458 2575 2720 2629 Christum
2753 2575 3058 2641 Dominum,
3084 2596 3148 2632 ac
3182 2579 3349 2634 Deum
3373 2594 3627 2651 nostrum,

2026 2664 2229 2718 Filium
2247 2681 2398 2718 suum
2427 2683 2539 2720 esse
2568 2676 2803 2733 testatur,
2839 2678 2883 2721 et
2912 2667 3143 2738 Spiritus
3178 2671 3428 2734 Sanctus.
3462 2676 3517 2728 id
3556 2683 3636 2729 est

2026 2759 2355 2822 Paracletus,
2386 2762 2441 2813 in
2470 2769 2612 2813 tanta
2643 2759 2800 2813 Fidei
2830 2776 3155 2817 sacramento
3186 2764 3337 2818 Patri
3383 2766 3633 2835 Filioque

2027 2858 2390 2928 conjungitur,
2413 2866 2467 2909 ut
2493 2873 2667 2910 verum
2702 2854 2935 2922 Patrem,
2970 2874 3147 2911 verum
3193 2859 3416 2925 Filium,
3460 2880 3638 2916 verum

2027 2952 2181 3004 etiam
2215 2950 2475 3018 Spiritum
2519 2950 2795 3013 Sanctum,
2825 2950 3033 3005 credere
3081 2963 3183 3006 tres
3229 2952 3511 3020 Personas,
3542 2955 3637 3009 sed

2030 3059 2185 3095 unam
2238 3039 2573 3095 Divinitatem
2629 3039 2934 3108 Trinitatis,
2972 3060 3229 3111 unamque
3285 3046 3634 3100 substantiam

317 3151 635 3207 occupasse.
705 3138 966 3192 Similiter
1007 3136 1285 3193 Possidius
1332 3140 1386 3191 in
1445 3137 1565 3191 Vita
1613 3136 1922 3207 Augustini,
1951 3123 1996 3186 C
2031 3151 2133 3188 non
2177 3136 2485 3187 dubitemus.
2518 3132 2787 3188 illustrem
2842 3134 2986 3189 hunc
3018 3136 3194 3190 locum
3249 3153 3314 3191 co
3355 3138 3634 3196 lubentius

318 3248 435 3302 cap.
489 3234 583 3298 50,
608 3229 880 3287 Vandalus
910 3231 1149 3286 Africam
1205 3231 1621 3302 depopulantes,
1653 3229 1927 3283 Romaniae

317 3341 577 3379 eversores
628 3325 886 3396 appellat.
922 3324 1003 3379 Ex
1042 3324 1127 3379 his
1158 3332 1399 3389 constat,
1454 3323 1680 3377 Romani
1724 3338 1925 3393 cogno-

320 3430 590 3483 mentum,
621 3418 920 3474 Chromatio
946 3417 1167 3472 allixum
1187 3459 1202 3483 ,
1251 3416 1472 3471 aliunde
1520 3416 1926 3486 explicandum.

322 3517 612 3573 Sichardus
643 3518 695 3570 itt
728 3517 958 3586 epistola
987 3516 1383 3583 nnncupatoria
1410 3514 1477 3567 ad
1515 3514 1928 3583 Sigismundum

320 3612 595 3680 lslungum
622 3618 872 3675 testatur,
895 3607 1251 3663 Chromatium
1269 3604 1668 3677 perhonoriﬁce
1694 3604 1924 3668 laudari,

322 3712 379 3759 et
405 3702 525 3769 ejus
549 3703 734 3772 operis
765 3716 1009 3770 magnam
1054 3710 1261 3770 partem
1292 3698 1600 3767 percenseri
1628 3697 1697 3750 ah
1730 3696 1927 3749 Albino

324 3796 377 3850 in
412 3794 610 3850 Libello
637 3804 819 3848 contra
848 3792 1083 3847 hteresim
1120 3790 1335 3846 Felicis.
1386 3790 1543 3844 Folio
1593 3790 1788 3844 deinde
1833 3789 1925 3855 59,

322 3903 447 3958 pag.
475 3886 532 3953 2,
564 3886 634 3941 ad
663 3886 803 3939 hunc
853 3885 1030 3939 locum
1083 3882 1151 3937 de
1183 3883 1474 3937 Divinitate
1512 3881 1635 3936 Filii
1666 3882 1793 3946 Dei,
1826 3896 1928 3934 non

325 3996 416 4049 per
445 3978 773 4048 adoptionem
788 3976 987 4047 gratite,
1021 3992 1178 4045 neque
1208 3992 1298 4046 per
1326 3975 1629 4045 religionem
1646 3982 1920 4039 creaturte,

324 4070 419 4125 sed
470 4070 551 4122 sui
584 4069 891 4138 proprietate
940 4067 1160 4138 generis,
1204 4075 1250 4120 et
1300 4067 1511 4120 veritate
1555 4063 1925 4129 natura:,hazc

333 4160 492 4233 125
539 4161 594 4215 in
637 4160 762 4214 libri
792 4158 1039 4228 margine
1082 4157 1401 4211 adnotavit:
1428 4158 1618 4209 citatur
1662 4157 1744 4209 hic
1776 4156 1919 4209 locus

329 4256 393 4307 ab
420 4252 609 4307 Albino
636 4263 817 4305 contra
839 4249 1068 4304 Felicem
1095 4266 1158 4303 ex
1184 4247 1683 4303 ChromatiiLibello
1706 4248 1768 4301 de
1792 4247 1925 4301 Octo

332 4344 769 4400 Beatitudinibus.
797 4344 948 4399 Hanc
974 4352 1157 4399 notam
1185 4358 1299 4399 suae
1324 4352 1512 4413 postea
1535 4341 1759 4397 editioni
1783 4339 1931 4393 Mar—

2027 3227 2208 3290 attuli,
2242 3227 2387 3296 quod
2414 3227 2637 3281 totidem
2670 3225 2747 3297 (b)
2779 3227 2959 3281 verbis
2980 3227 3192 3295 legatur
3223 3229 3275 3282 in
3303 3232 3524 3285 homilia
3556 3232 3639 3287 ul-

2029 3322 2157 3376 tima
2190 3320 2375 3376 Sancti
2406 3319 2715 3386 Chromatii,
2746 3336 2869 3389 quae
2898 3330 2981 3375 est
3006 3321 3075 3376 de
3101 3321 3383 3391 Baptismo
3405 3324 3637 3395 Christi,

2032 3430 2154 3485 pag.
2179 3414 2285 3469 990
2338 3414 2594 3468 editiOnis
2619 3414 3023 3469 Anissonianae.
3047 3432 3149 3484 qua
3198 3428 3342 3471 utor.
3366 3419 3637 3476 Alcuinus

2031 3520 2185 3575 ergo,
2220 3504 2332 3573 qui,
2365 3519 2517 3557 more
2558 3518 2678 3563 suo,
2714 3502 2928 3573 poetice
2962 3504 3104 3573 loqui
3137 3507 3298 3571 solet,
3343 3520 3634 3578 postquam

2029 3595 2310 3649 laudasset
2376 3592 2668 3647 Alexandri
2737 3594 3325 3664 Constantinopolitani
3383 3602 3634 3670 episcopi

2028 3684 2236 3738 litteras
2252 3682 2318 3736 ad
2346 3681 2718 3736 Alexandrum
2747 3681 3178 3737 Alexandrinum
3209 3686 3509 3741 antistitem
3538 3705 3638 3756 pro

2031 3775 2136 3829 lide
2158 3774 2429 3828 catholica
2455 3774 2709 3841 scriptas,
2741 3772 2925 3825 statim
2976 3788 3086 3841 prae
3114 3775 3233 3827 aliis
3262 3774 3546 3845 Romanae,
3580 3780 3636 3834 id

2032 3878 2116 3925 est
2160 3867 2386 3930 Latinte,
2419 3867 2676 3920 Ecclesia:
2728 3866 2999 3928 Patribus,
3030 3865 3363 3937 Augustino,
3398 3870 3633 3940 Isidoro,

2031 3972 2086 4017 et
2114 3960 2317 4023 Leone,
2357 3959 2514 4031 126
2539 3957 2824 4013 Chromatii
2856 3959 3194 4027 Aquileiensis
3225 3962 3467 4030 episcopi
3504 3964 3637 4020 doc-

2032 4056 2232 4111 trinam
2279 4053 2445 4107 Felici
2478 4052 2791 4122 Urgelitano
2820 4067 3128 4122 opponens,
3162 4069 3268 4107 non
3305 4058 3511 4120 patrue,
3539 4069 3635 4114 aut

2030 4148 2204 4211 Sedis,
2233 4146 2329 4202 sed
2359 4145 2734 4200 Occitlentalis
2766 4159 2863 4199 seu
2890 4142 3095 4198 Latina:
3125 4145 3386 4201 Ecclesia:
3433 4166 3635 4205 nomen

2028 4241 2275 4297 indicare
2304 4240 2500 4300 voluit,
2526 4239 2778 4293 Romana:
2806 4238 3103 4291 Antistitem
3156 4237 3403 4295 Ecclesite
3443 4246 3635 4311 appel-

2033 4337 2215 4392 lando.
2243 4335 2382 4390 Hinc
2430 4334 2725 4389 Sichardus
2753 4333 3005 4388 eumdem
3049 4330 3408 4388 Chromatium
3435 4354 3500 4392 eo
3529 4337 3639 4392 Ro-

405 4484 484 4555 (a)
504 4478 1425 4555 ExstatnunclypiseditumAlbini
1443 4494 1542 4534 seu
1562 4478 1928 4555 Alcuiniopus
1955 4482 2011 4541 Ῑ)
2035 4477 2110 4555 uti
2136 4473 2456 4555 mysterium
2490 4471 2786 4555 “Trninitatis
2810 4481 2925 4555 est,
2962 4480 3022 4555 ut
3051 4475 3213 4554 etiam
3247 4478 3642 4555 vexare_th_eo-

335 4549 518 4609 contra
563 4554 802 4606 haeresim
843 4549 1036 4606 Felicis
1068 4561 1216 4606 tumo
1246 4565 1286 4613 ι,
1317 4549 1434 4603 Vol.
1463 4565 1502 4603 tl
1532 4565 1758 4615 operum
1782 4549 1931 4617 ejus-

334 4629 461 4681 dem
500 4624 682 4678 Albini
726 4640 819 4675 seu
846 4624 1083 4680 Alcuini.
1109 4622 1365 4677 editionis
1394 4622 1621 4675 Abbatis
1650 4618 1927 4684 Frobenii,

334 4699 650 4753 Βλιίςιιιιιιίυ
700 4694 861 4754 1777,
890 4694 946 4748 in
990 4694 1140 4751 lolio,
1165 4696 1265 4744 sul)
1322 4696 1423 4743 hoc
1474 4691 1669 4744 titulo:
1703 4690 1932 4743 Libellus

334 4771 583 4822 adtersus
620 4765 851 4835 llteresin
876 4763 1068 4819 Felicis
1110 4762 1381 4835 Episcopi.
1416 4763 1617 4835 Locum
1652 4773 1832 4815 autem
1866 4774 1933 4835 ex

335 4841 443 4894 hoc
498 4838 688 4893 codem
742 4834 943 4899 Libello
996 4837 1082 4888 hic
1122 4830 1167 4886 a'
1195 4833 1504 4886 Fontanino
1531 4835 1779 4891 relatum,
1809 4830 1937 4884 vide

336 4912 526 4968 etiam,
551 4925 596 4959 St
627 4908 794 4969 lubet,
832 4914 952 4974 post
977 4906 1335 4976 prtefationem
1373 4917 1612 4958 nosu-am
1652 4902 1795 4976 inter
1836 4900 1938 4953 Ve-

340 4992 508 5034 terum
555 4978 894 5031 Testimonia.
930 4974 1191 5029 Entotleut
1249 4977 1427 5029 locum
1494 4976 1561 5027 ab
1618 4974 1813 5026 Albino
1863 4986 1933 5024 ex

340 5051 644 5103 Cltromtttio
675 5049 1043 5116 desuntptunt,
1076 5047 1197 5100 vitle
1226 5061 1323 5099 suo
1356 5047 1475 5116 loco
1508 5045 1560 5097 in
1604 5047 1701 5096 hac
1752 5054 1936 5116 nostra

341 5123 585 5176 editiOoe
634 5112 883 5174 Tractatu
920 5119 979 5182 2,
1016 5133 1165 5173 num.
1192 5116 1247 5183 2,
1277 5115 1370 5186 qui
1399 5116 1606 5184 pridem
1640 5116 1783 5183 apud
1816 5112 1941 5167 Gal-

340 5195 590 5247 lantlium
622 5200 740 5245 erat
769 5189 1013 5243 Tractatu
1041 5190 1128 5243 18.

422 5264 500 5333 (b)
536 5262 765 5317 lllnstris
794 5263 882 5314 hic
904 5260 1191 5315 Chromatii
1215 5259 1369 5311 locus
1390 5257 1457 5311 ab
1479 5256 1708 5333 Aletrino
1742 5254 1946 5308 relatus

346 5329 695 5403 nequaquam
726 5335 920 5402 legitur
951 5334 1161 5403 totidem
1198 5344 1423 5403 prorsus
1452 5329 1638 5403 uerbis,
1672 5336 1834 5403 prout
1858 5339 1945 5403 as_~_

345 5394 486 5460 serit
518 5394 875 5461 F'untauin'us,
899 5404 954 5456 in
987 5402 1218 5455 Humilia
1241 5400 1419 5453 ultima
1449 5398 1573 5454 Slﬂt
1597 5399 1634 5451 ti
1662 5394 1946 5450 Chromatii

352 5478 615 5531 Edittonis
646 5476 1023 5537 Auissoutanw,
1060 5474 1110 5527 td
1143 5484 1224 5526 est
1266 5489 1316 5521 ιιι
1353 5469 1689 5523 Bibliotheca
1728 5469 1945 5520 Patrum

347 5549 728 5618 Lugdunensi;
779 5549 935 5599 sicuti
973 5560 1149 5618 neque
1193 5542 1623 5618 itt_Biblititltec_tt
1653 5538 1949 5618 novissima

346 5608 587 5675 Attitrese
614 5608 913 5681 Gallandii,
937 5608 1073 5686 qua!
1102 5615 1247 5668 hunc
1267 5616 1445 5666 locutu
1478 5611 1711 5686 lidclitc-r
1732 5608 1954 5686 ex_Lug-

347 5693 584 5747 duuensi
618 5681 1118 5756 descripsit.'Adeo
1147 5690 1295 5740 enim
1348 5685 1637 5757 utrobique
1677 5683 1764 5733 hic
1807 5681 1955 5757 locus

348 5774 650 5835 Corruptus
680 5752 932 5826 habetur,
976 5761 1029 5813 in
1069 5773 1127 5813 re
1166 5758 1424 5811 nimirum
1455 5752 1638 5825 magni
1670 5752 1933 5808 momenti

816 5856 1097 5916 PATBOL.
1148 5850 1297 5912 XX.

2038 4542 2283 4616 legor-inn
2321 4545 2533 4616 ingenia
2564 4542 2725 4616 facile
2756 4545 2955 4616 possit,
2977 4543 3075 4595 etsi
3106 4560 3213 4616 non
3240 4560 3339 4611 pro
3366 4545 3635 4603 Catholica

2036 4611 2142 4670 ﬁde
2169 4611 2463 4669 asserenda
2496 4611 2912 4685 tanti‘mysterii
2937 4612 3219 4683 (qnmjam
3253 4617 3478 4669 inlinitis
3515 4633 3639 4685 pro-

2040 4688 2326 4755 pemodum
2374 4685 2595 4737 fulcitur
2640 4682 2861 4757 Patrum
2915 4682 3284 4757 testimoniis),
3337 4696 3483 4740 certe
3516 4682 3638 4757 ipro

2040 4752 2186 4811 recta
2218 4764 2401 4810 tuente
2424 4755 2804 4822 cognoscenda
2838 4755 3009 4805 sancti
3034 4752 3473 4821 Chromatiuqua:
3503 4752 3637 4810 ιιῖηι-

2043 4828 2172 4881 nihil
2209 4828 2295 4880 ltic
2338 4827 2644 4879 aberrarea
2680 4834 2824 4876 recta
2856 4824 2958 4875 lide
2986 4824 3217 4885 videtur,
3250 4830 3293 4877 si
3328 4829 3641 4883 xei-Insue-

2043 4913 2186 4959 tnus,
2214 4912 2333 4965 quze
2359 4896 2515 4949 nobis
2550 4898 2599 4946 in
2634 4904 2865 4965 utraque
2914 4893 3240 4965 bibliotheca
3280 4896 3637 4953 exhztn-niur.

2115 4963 2241 5021 Nos
2276 4970 2456 5033 itaque
2502 4966 2677 5018 locum
2720 4964 2861 5016 hunc
2910 4963 2963 5016 in
3018 4967 3117 5016 hac
3167 4978 3347 5017 nostra
3397 4969 3640 5025 editione

2045 5040 2368 5108 proferimus
2419 5050 2533 5089 sua:
2580 5034 2874 5108 integritati
2918 5035 3234 5108 restitutum
3292 5034 3539 5092 Tractatu
3578 5041 3640 5107 2,

2048 5105 2174 5163 itum
2230 5108 2285 5170 2,
2331 5118 2489 5175 prout
2538 5120 2603 5159 ex
2661 5105 3201 5175 Cltromatiiralamo
3243 5110 3427 5172 procul
3478 5105 3648 5165 dubio

2048 5174 2451 5249 prodivit;’ope
2493 5174 2793 5249 praesertim
2839 5174 2921 5249 (ut
2960 5174 3167 5249 ibidem
3204 5177 3255 5228 in
3289 5184 3646 5235 annotatione

2049 5244 2253 5305 dictum
2286 5244 2408 5319 fuit)
2437 5248 2597 5316 hujus
2626 5244 2871 5313 ejusdem
2909 5246 3085 5319 loci‘a
3129 5246 3436 5303 Fnttt.tttitto
3490 5251 3645 5303 relati

2049 5337 2120 5377 ex
2153 5322 2355 5373 Codice
2381 5317 2660 5381 VatiCano,
2682 5331 2891 5369 necnon
2917 5317 3157 5370 adhibita
3190 5323 3355 5370 etiam
3393 5321 3646 5372 ladtttoue

2048 5395 2220 5462 prima
2255 5390 2551 5445 Basileensi
2584 5387 2870 5462 Chrotttatii
2907 5387 3252 5462 [528,atntte
3280 5390 3448 5462 altera
3482 5391 3643 5462 {569,

2053 5457 2198 5517 inter
2231 5462 2567 5514 Mortuntrnta
2591 5459 2699 5514 SS.
2722 5458 2937 5511 Patrum
2968 5457 3469 5529 Urthodoxographa
3485 5458 3653 5512 Joan-

2056 5536 2139 5587 nis
2177 5533 2509 5603 Grynmihet
2551 5540 2823 5603 accersth
2870 5545 3086 5597 qunque
3127 5532 3319 5581 eodem
3370 5545 3490 5603 Ipsg
3532 5530 3656 5603 1960

2056 5620 2215 5674 quem
2247 5598 2390 5657 inter
2421 5601 2734 5674 Testimonia
2771 5599 3013 5653 Veterum
3043 5605 3324 5654 attulimus
3350 5614 3419 5652 ex
3447 5598 3658 5656 Frobe—

2060 5673 2221 5731 niana
2255 5676 2471 5732 Alcuini
2495 5673 2755 5728 editione.

3151 5834 3225 5894 13
