4344 6174
641 179 749 238 599
1592 173 1682 229 DE
1723 172 1780 230 S.
1821 167 2227 226 CHROMATIO
2266 165 2484 225 EPISC.
2527 165 2966 238 AQUILEIENSI
3833 170 3935 229 400

642 299 943 354 Senensem
974 296 1198 364 gradum
1229 291 1578 347 faciamus.ls
1598 291 1649 344 in
1676 288 2010 344 Bibliotheca
2030 288 2227 342 Sancta
2257 287 2310 346 Α
2335 288 2497 341 omnis
2537 288 2688 341 homo
2725 287 2970 341 mendax.
3027 282 3156 340 Noli
3209 300 3330 356 ergo
3375 287 3595 359 jurare,
3622 300 3686 339 ne
3716 284 3934 358 incipias

638 389 924 444 Chromatii
955 387 1212 441 nonnulla
1255 386 1373 439 loca
1407 399 1528 438 cum
1573 393 1819 437 veterum
1861 381 2080 434 Patrum
2113 395 2236 432 sett-
2340 381 2593 448 pejerare.

634 487 822 540 tentiis
875 484 1187 545 conferens,
1238 497 1358 551 quze
1409 492 1670 550 perceptu
1695 477 1940 531 difﬁcilia
1973 476 2234 530 videban-
2413 471 2474 524 V.
2499 472 2787 540 [lucusque
2807 472 2950 529 dicta
2974 489 3060 528 me
3089 481 3334 540 monent,
3360 488 3430 528 ne
3457 473 3526 527 ab
3549 474 3929 530 limrelicorum

631 588 741 640 tnr,
779 579 1080 630 luculenter
1123 575 1398 643 explanat.
1436 573 1566 628 Tale
1595 582 1679 626 est
1704 571 1982 640 Opusculo
2011 585 2067 632 ιι,
2105 584 2227 638 pag.
2335 563 2879 636 Magdeburgensium
2937 567 3224 621 calumniis
3272 577 3520 622 sanctum
3571 565 3927 622 Chromatium

630 670 736 726 98-1
796 669 916 740 (a),
967 670 1036 724 de
1066 670 1183 736 lege
1214 669 1470 738 cciijngii,
1529 666 1620 719 ubi
1652 675 1939 733 postquam
1977 662 2225 722 dixisset,
2333 657 2609 712 vindicare
2657 659 2971 714 obliviscar.
3034 659 3165 729 Ejus
3211 660 3355 713 enim
3406 659 3688 727 antiquam
3715 669 3768 715 et
3796 675 3927 716 vere

625 779 734 819 non
791 765 959 818 licere
1010 763 1289 817 dimittere
1348 775 1570 814 uxorem
1620 759 1814 825 absque
1871 753 2226 826 fornicationis
2329 748 2694 804 Christianam
2735 751 3063 817 doctrinam,
3108 761 3296 821 utpote
3340 767 3561 806 suorum
3610 751 3923 823 dogmatum

624 872 806 920 causa,
840 857 910 908 ita
941 853 1218 922 subjungit
1246 870 1262 906 :
1298 852 1404 907 Sed
1424 852 1556 905 sicut
1603 865 1819 903 uxorem
1842 859 1980 900 caste
2008 863 2069 898 ac
2096 859 2224 916 pure
2328 843 2554 897 novitati
2583 845 2984 909 adversantem,
3015 844 3302 900 traducere
3325 859 3433 900 non
3455 854 3582 899 sunt
3602 847 3765 900 veriti
3784 847 3922 902 duce

619 949 867 1002 viventem
913 947 1170 998 dimittere
1213 948 1291 1015 fus
1315 961 1417 998 non
1451 953 1556 1002 est:
1598 943 1673 995 ita
1702 956 1902 1009 quoque
1929 938 2222 990 adulteram
2325 935 2564 1006 Illyrico,
2617 936 2685 991 de
2726 953 2835 1005 quo
2881 937 3155 1007 proditum
3198 947 3313 1001 est,
3343 937 3475 991 nihil
3509 953 3761 1007 umquam
3791 938 3920 994 boni

617 1040 876 1094 dimittere
923 1030 1228 1111 permissum
1281 1045 1386 1098 est,
1418 1037 1541 1105 quia
1583 1035 1698 1101 ipsa
1751 1032 1924 1086 mariti
1961 1028 2218 1084 consortio
2323 1028 2541 1094 let-isse,
2594 1031 2698 1084 nisi
2746 1047 2909 1096 quum
2939 1047 3004 1086 ex
3037 1033 3140 1085 hac
3173 1029 3280 1085 vita
3313 1029 3564 1098 migravit
3591 1030 3657 1084 ad
3685 1029 3914 1087 inferos.

615 1135 740 1204 fecit
770 1149 824 1186 se
849 1133 1117 1200 indignam
1144 1172 1157 1196 ,
1181 1145 1296 1200 quae
1327 1132 1378 1180 in
1415 1143 1606 1194 corpus
1634 1142 1783 1178 suum
1811 1122 2090 1195 peccando,
2123 1119 2217 1173 Dei
2321 1120 2506 1191 Itaque
2550 1123 2807 1177 Centuria
2839 1139 2914 1190 ιν,
2946 1139 3066 1194 cap,
3107 1123 3193 1189 ιο,
3222 1123 3285 1176 de
3321 1121 3635 1194 quibusdam
3663 1123 3916 1178 άοεινξηω

612 1226 860 1296 templum
884 1241 1009 1277 ausa
1029 1235 1100 1276 est
1128 1222 1342 1276 violare.
1375 1221 1640 1285 Dupinius
1665 1229 1810 1271 tomo
1830 1220 1995 1269 tertio
2013 1213 2214 1266 Biblio-

609 1319 787 1372 thecna
822 1315 1027 1370 smculo
1076 1331 1106 1366 v
1157 1320 1308 1381 putat
1337 1311 1693 1364 Chromatium
1727 1309 1813 1362 llic
1859 1306 1924 1360 de
1973 1302 2210 1358 divortio

605 1411 678 1464 ita
715 1410 882 1479 loqui,
907 1424 969 1463 ac
1000 1408 1045 1461 si
1077 1422 1274 1460 novum
1306 1404 1736 1462 matrimonium,
1781 1398 2003 1453 dimissa
2033 1409 2207 1450 uxore

605 1502 880 1564 adultera,
927 1499 1172 1554 contrahi
1228 1513 1389 1567 posse
1421 1496 1784 1550 existimaret.
1824 1487 2205 1544 Tillemontius

601 1604 784 1648 tamen
809 1603 958 1646 tonio
993 1592 1078 1652 XI,
1110 1600 1234 1644 nuta
1267 1590 1322 1652 Ξ,
1357 1595 1421 1641 ad
1451 1587 1679 1642 Chrom.
1712 1601 1835 1653 pag.
1864 1584 1988 1649 647,
2019 1581 2201 1636 verbis

2317 1215 2551 1286 partibus
2609 1216 2928 1270 incommode
2981 1226 3029 1270 et
3083 1217 3374 1288 periculose
3396 1230 3520 1270 eum
3564 1217 3708 1284 loqui
3743 1216 3913 1271 blate-

2315 1321 2454 1375 rant,
2487 1312 2626 1382 quod
2654 1313 2707 1364 in
2739 1311 2976 1382 operibus
3018 1313 3200 1364 mereri
3222 1309 3452 1364 homines
3469 1310 3736 1382 justitiam
3773 1311 3910 1380 σθεν-

2313 1414 2435 1457 mat.
2464 1403 2591 1458 H200
2631 1415 2810 1458 tamen
2841 1404 3057 1459 abunde
3098 1403 3358 1458 discussit
3394 1404 3666 1458 Robertus
3696 1403 3904 1458 Bellar-

2309 1497 2490 1549 minus
2545 1496 2597 1550 in
2653 1505 2800 1551 tonio
2862 1495 2928 1550 IV
2984 1496 3537 1563 Controversiarum,
3600 1496 3697 1552 lib.
3753 1511 3784 1549 v
3838 1495 3906 1552 de

2304 1586 2704 1642 Justilicatione
2775 1603 2894 1655 cap.
2955 1588 3011 1643 2.
3078 1589 3257 1654 Quare
3319 1606 3390 1644 ne
3444 1599 3623 1644 actum
3695 1603 3899 1658 again,

600 1684 972 1754 Evangelistai
1023 1683 1394 1737 Chromatium
1446 1679 1578 1733 nihil
1637 1678 1842 1732 addere
1898 1676 2195 1737 ob~ervat,
2229 1673 2435 1734 Billuc
2477 1681 2633 1736 mitto
2683 1682 2965 1736 lectorem.
3024 1681 3194 1751 Egre
3249 1684 3412 1738 etiam
3457 1683 3677 1750 rerum,
3737 1681 3901 1737 ωηο-

592 1780 698 1833 hac
747 1779 1048 1848 (lineatione
1097 1777 1340 1830 nondum
1373 1776 1606 1828 fortasse
1652 1782 1779 1826 tunc
1813 1772 2068 1825 excitata.
2098 1767 2198 1821 Rei

592 1873 818 1941 propius
845 1871 1002 1942 13o
1031 1870 1242 1923 accedit
1261 1869 1446 1922 Sixtus
1477 1867 1570 1918 lib.
1605 1880 1678 1928 vr,
1702 1872 1888 1916 annot.
1914 1862 2004 1923 8|,
2030 1859 2196 1913 Chro-

593 1966 753 2018 matio
779 1965 1068 2033 plerosque
1099 1975 1348 2016 veterum
1380 1960 1603 2013 Patrum
1635 1957 1923 2012 Concipere
1945 1952 2193 2006 animad-

591 2069 814 2111 vertens
841 2097 856 2123 ,
919 2055 1182 2110 Hilarium
1211 2096 1226 2120 ,
1279 2052 1735 2122 Chrysostontum
1791 2048 2150 2116 Augustinum
2176 2085 2190 2109 ,

586 2149 966 2219 Euthymiunt,
996 2159 1047 2201 et
1079 2144 1544 2215 Theoiihylactuiu
1576 2160 1588 2196 :
1621 2143 1711 2210 qui
1738 2145 1944 2194 maritis
1970 2139 2187 2206 quidem

585 2239 894 2294 concedunt
921 2247 976 2292 et
1002 2237 1292 2306 aliquando
1325 2235 1674 2302 praecipiunt,
1708 2244 1764 2285 ut
1794 2244 1992 2285 uxores
2028 2229 2187 2282 adul-

582 2343 754 2394 teras,
803 2329 1076 2399 principue
1121 2327 1524 2383 correctionem
1567 2333 1951 2394 aSpernantes,
1997 2321 2188 2391 procul

583 2426 809 2494 cjiciant
849 2439 914 2477 ac
944 2423 1258 2490 repudient;
1309 2421 1402 2476 sed
1445 2435 1640 2474 novam
1671 2419 1872 2472 ducere
1897 2417 2185 2486 conjugetn

580 2532 683 2571 nec
737 2519 1013 2580 suadent,
1083 2529 1184 2568 nec
1236 2517 1581 2582 permittunt.
1637 2509 1968 2564 Chromatius
2019 2507 2184 2577 paulo

576 2610 717 2664 infra
745 2609 959 2662 videtur
979 2606 1369 2675 Jusjurandum
1399 2622 1505 2658 non
1535 2604 1844 2672 approbare
1872 2601 1946 2669 (b)
1979 2617 1993 2654 :
2021 2601 2179 2666 unde,

573 2703 773 2770 inqttit,
817 2704 1006 2774 jurare
1035 2717 1128 2753 nos
1162 2714 1374 2768 prorsus
1397 2714 1500 2750 non
1547 2695 1802 2749 convenit.
1851 2693 1994 2758 Quid
2039 2695 2178 2746 enim

2301 1774 2515 1825 matiam
2547 1774 2764 1826 nimium
2795 1774 3039 1828 extollere
3083 1784 3129 1828 et
3181 1791 3366 1846 urgere
3396 1777 3740 1829 voluntariam
3766 1793 3896 1847 pau-

2299 1874 2569 1935 pet-tatem,
2614 1865 2768 1935 quasi
2813 1882 2904 1935 per
2929 1882 3042 1919 eam
3079 1865 3287 1921 divitias
3340 1867 3552 1921 caelestis
3606 1869 3747 1937 regni
3776 1883 3896 1922 con-

2295 1972 2593 2027 sequamur,
2641 1957 2727 2010 ubi
2759 1967 2807 2011 et
2850 1974 3096 2029 pauperes
3127 1958 3316 2029 spiritu
3357 1975 3442 2013 eos
3483 1961 3889 2031 interpretatur,

2292 2050 2380 2117 qui
2428 2049 2567 2101 ultro
2618 2049 2764 2102 bonis
2815 2048 2995 2102 δινουιὶ
3040 2049 3387 2114 renunciant,
3463 2059 3512 2103 et
3579 2049 3892 2104 substantias

2292 2156 2414 2193 suas
2461 2150 2695 2211 crogant.
2751 2140 2856 2195 Sed
2914 2140 3165 2195 Chrislus
3219 2141 3481 2196 Dominus
3541 2141 3646 2196 hoc
3705 2143 3888 2210 ipsum

2296 2233 2448 2304 131
2494 2233 2845 2288 commendat
2881 2233 3026 2300 apud
3073 2232 3385 2287 Mattliteutn
3435 2247 3555 2304 cap.
3616 2249 3707 2287 xix
3746 2251 3758 2286 :
3829 2233 3891 2288 Si

2289 2328 2362 2379 vis
2406 2330 2663 2396 perfectus
2711 2343 2855 2392 esse,
2909 2327 3074 2389 vade,
3130 2329 3291 2381 vende
3331 2329 3505 2382 omnia
3546 2344 3662 2398 qua:
3691 2327 3886 2396 habes,

2289 2425 2336 2471 et
2362 2418 2429 2470 da
2459 2419 2773 2489 pauperibus
2797 2459 2812 2482 ,
2842 2429 2888 2472 et
2915 2419 3126 2472 habebis
3152 2419 3458 2474 thesaurum
3499 2421 3552 2472 in
3596 2422 3760 2490 melo.
3780 2419 3889 2474 lbi-

2286 2509 2409 2563 dem
2456 2510 2613 2563 aiunt
2654 2509 2941 2580 Apostoli:
2974 2508 3109 2565 Ecce
3151 2528 3245 2565 nos
3271 2511 3574 2582 reliquimus
3604 2511 3802 2578 omnia,
3833 2519 3885 2566 et

2283 2603 2443 2655 secuti
2481 2619 2662 2655 sumus
2689 2614 2758 2656 te.
2792 2602 3000 2658 Verum
3036 2603 3261 2671 quidem
3292 2614 3377 2659 est
3403 2645 3417 2670 ,
3448 2605 3627 2658 locum
3655 2620 3780 2674 cap.
3812 2621 3882 2663 γε

2282 2691 2431 2746 Beati
2470 2710 2721 2764 pauperes
2749 2695 2939 2764 spiritu
2964 2736 2978 2758 ,
3012 2696 3260 2764 quoniam
3301 2696 3535 2766 ipsorum
3564 2706 3639 2751 est
3665 2714 3882 2770 regnum

568 2795 848 2862 unicuique
893 2801 1128 2846 nostrum
1146 2795 1332 2862 jurare
1370 2805 1573 2842 necesse
1591 2796 1689 2852 est,
1719 2802 1836 2838 eum
1855 2785 2001 2839 nobis
2035 2801 2177 2838 men-
2281 2787 2525 2838 caelorum
2552 2829 2565 2851 ,
2595 2802 2626 2841 a
2656 2787 2867 2841 sanctis
2899 2788 3155 2843 Patribus
3188 2789 3240 2843 iit
3264 2790 3427 2844 alitun
3456 2805 3678 2846 sensum
3709 2791 3880 2846 etiam

569 2888 657 2941 tiri
683 2889 890 2941 omnino
921 2903 1024 2938 non
1059 2886 1229 2947 liceat,
1273 2899 1491 2952 quorum
1521 2881 1671 2934 verba
1700 2881 1774 2934 ita
1803 2895 1924 2933 vera
1947 2895 2168 2946 semper,

564 2981 639 3032 ita
677 2977 859 3031 debent
892 2993 1000 3029 esse
1031 2975 1359 3044 ﬁdelissima,
1385 2983 1440 3026 ut
1473 2989 1565 3040 pro
1583 2973 1886 3040 juramento
1940 2969 2168 3023 habean-

2280 2880 2466 2946 trahi,
2515 2895 2712 2949 nempe
2752 2881 2804 2935 in
2847 2881 3186 2937 huniilitates
3229 2883 3458 2952 Spiritus
3487 2925 3501 2949 ,
3542 2894 3656 2938 uta
3686 2893 3878 2940 sancto

2274 2971 2583 3042 Augustino
2614 2973 2666 3026 in
2698 2974 2836 3043 psal.
2873 2989 3018 3028 Lxxn
3046 2989 3168 3045 cap.
3201 2975 3270 3030 24
3296 3016 3310 3041 ,
3347 2985 3403 3031 et
3435 2976 3618 3032 Serm.
3649 2977 3720 3032 55
3748 2991 3871 3048 cap.

568 3071 692 3123 lur?
720 3068 787 3122 Et
808 3069 1003 3121 idcirco
1036 3065 1290 3119 Dominus
1315 3081 1414 3118 non
1439 3065 1608 3117 solum
1635 3061 1996 3130 pejerare,sed
2018 3062 2173 3114 etiam
2198 3055 2243 3118 C
2279 3060 2304 3113 1
2338 3065 2391 3118 in
2418 3065 2754 3119 Matthteum.
2792 3065 2898 3122 Sed
2932 3067 3274 3138 frequentius
3302 3067 3373 3125 de
3399 3069 3708 3125 voluntaria
3742 3087 3875 3140 pau-

556 3169 742 3236 jurare
782 3179 875 3216 nos
918 3160 1176 3230 prohibet,
1199 3177 1263 3214 ne
1300 3169 1419 3212 tunc
1447 3170 1648 3212 tantum
1693 3157 1960 3211 rideamur
1991 3173 2166 3211 rerum

566 3257 742 3309 dicere
771 3271 928 3322 quum
951 3257 1191 3326 juramus
1218 3268 1236 3316 ,'
1269 3268 1354 3313 ne,
1395 3268 1522 3320 quos
1567 3267 1766 3303 veraces
1794 3251 1847 3302 in
1880 3250 2021 3302 omni
2051 3266 2162 3302 ser-

563 3362 714 3399 mone
737 3361 845 3398 esse
865 3343 1158 3404 constituit,
1176 3352 1482 3412 putaremus
1511 3342 1621 3394 sine
1639 3344 1938 3413 juramento
1965 3341 2164 3393 licitum

563 3455 670 3492 esse
703 3437 931 3490 mentiri.
987 3433 1278 3487 Juramenti
1331 3435 1465 3486 enim
1521 3435 1630 3487 ha'c
1688 3449 1844 3485 causa
1893 3439 1998 3496 est,
2042 3433 2163 3500 quia

565 3531 732 3584 omnis
773 3531 862 3600 qui
901 3531 1070 3599 jurat,
1109 3529 1177 3581 ad
1225 3527 1322 3585 hac
1353 3530 1522 3598 jurat,
1585 3536 1640 3579 ut
1686 3524 1821 3596 quod
1863 3541 2036 3578 rerum
2086 3535 2162 3578 est

561 3628 808 3696 loquatur
868 3642 880 3675 :
940 3633 990 3676 et
1034 3621 1151 3675 ideo
1210 3621 1465 3674 Dominus
1521 3621 1653 3673 inter
1697 3617 2054 3688 juramentum
2116 3631 2163 3674 et

561 3716 823 3788 loquelam
864 3725 1093 3770 nostram
1140 3714 1339 3767 nullam
1369 3714 1476 3766 vult
1525 3728 1632 3765 esse
1669 3711 1991 3771 distantiam,
2040 3711 2162 3782 quia

554 3812 684 3866 sicut
735 3812 789 3863 in
835 3813 1138 3882 juramento
1189 3808 1388 3861 nullam
1438 3807 1673 3860 convenit
1702 3823 1810 3860 esse
1857 3806 2156 3875 perﬁdiam,-

549 3905 624 3956 ita
667 3917 870 3969 quoque
914 3901 969 3952 in
1012 3899 1181 3952 verbis
1227 3900 1427 3952 nullum
1456 3898 1605 3952 debet
1658 3914 1762 3950 esse
1807 3896 2153 3965 mendacium,

550 3995 673 4064 quia
692 4002 985 4061 utrumque,
1017 3997 1064 4041 et
1085 3991 1394 4058 perjurium,
1416 3996 1464 4040 et
1494 3987 1851 4051 mendacium,
1888 3988 2155 4060 diviniju-

551 4085 676 4137 dicii
723 4100 872 4151 paena
921 4083 1220 4134 damnatur.
1258 4081 1331 4133 lta
1380 4079 1710 4132 Chromatius
1744 4096 1762 4132 :
1798 4081 1954 4145 cujus
1987 4081 2150 4135 verba

550 4175 809 4244 expendit
838 4174 1026 4228 Sixtus
1055 4173 1152 4228 lib.
1174 4188 1248 4237 vt,
1282 4180 1528 4225 annotat.
1559 4172 1790 4230 ‘26.cont
1821 4173 1940 4226 aliis
1968 4174 2051 4228 his
2077 4174 2151 4228 si-

555 4265 774 4320 milibus
811 4275 1126 4316 sanctorum
1164 4262 1384 4316 Patrum
1425 4264 1736 4328 sententiis,
1766 4264 2149 4320 arbitrantium

549 4373 655 4412 non
684 4358 851 4409 licere
873 4355 1081 4422 absque
1105 4355 1654 4420 necessitatejurare,
1683 4356 1798 4410 sive
1819 4358 1982 4410 etiam
2001 4357 2144 4426 juri~

2273 3167 2485 3227 perlate
2516 3158 2565 3212 id
2615 3159 2916 3214 secundum
2949 3161 3185 3215 litteram
3215 3163 3398 3218 caeteri
3445 3174 3771 3231 exponunt,
3813 3173 3875 3220 ut

2269 3260 2492 3306 sanctus
2535 3251 2902 3325 Hieronymus
2928 3295 2942 3317 ,
2979 3255 3154 3318 beati,
3190 3256 3407 3326 inquit,
3441 3273 3696 3326 pauperes
3726 3298 3742 3322 ,
3782 3258 3875 3327 qui

2269 3356 2484 3415 propter
2516 3345 2777 3410 Spiritum
2817 3358 3057 3402 sanctum
3083 3389 3097 3414 ,
3131 3349 3392 3403 voluntate
3429 3362 3550 3404 sunt
3592 3367 3866 3422 pauperes.

2265 3439 2565 3509 Gregorius
2585 3439 2864 3509 Nyssenus
2889 3440 2957 3494 de
2981 3441 3420 3497 Beatitudinibus
3445 3443 3679 3513 loquens
3705 3445 3863 3501 Orat.

2267 3531 2472 3596 i,tomo
2497 3531 2516 3585 l
2537 3532 2774 3601 Operuni
2793 3548 2912 3603 pag.
2933 3533 3032 3588 ’771
3051 3533 3311 3588 editionis
3334 3534 3662 3591 Parisiensis
3688 3537 3862 3595 1638:

2273 3623 2363 3678 Vis
2388 3665 2402 3687 ,
2432 3625 2529 3690 ait,
2564 3625 2849 3696 intelligere
2873 3626 2988 3696 quis
3022 3642 3222 3696 pauper
3247 3627 3435 3696 spiritu
3464 3628 3532 3680 sit
3551 3629 3578 3680 .9
3609 3627 3710 3692 Qui
3740 3643 3861 3682 cor-

2263 3720 2492 3790 porulem
2551 3721 2874 3790 opulentiam
2934 3721 3122 3775 anima:
3169 3721 3364 3775 divitiis
3411 3732 3715 3792 permutat;
3765 3723 3862 3792 qui

2259 3822 2469 3884 pmpter
2497 3813 2737 3882 spiritum
2765 3830 2952 3883 egenus
2979 3825 3084 3879 est;
3103 3815 3191 3884 qui
3213 3823 3443 3868 terrenas
3468 3815 3676 3869 diuitias
3699 3816 3860 3870 veluti

2257 3906 2518 3976 quoddam
2551 3923 2681 3960 onus
2712 3907 2952 3970 excussit,
2970 3916 3018 3959 et
3046 3907 3254 3975 abjecit.
3286 3906 3520 3963 Basilius
3547 3906 3769 3976 Magnus
3797 3910 3854 3964 in

2257 3998 2460 4066 Regula
2486 3998 2550 4051 ad
2571 3998 2886 4058 Monachos,
2910 3998 3574 4068 litterrogatione125,ex
3598 4002 3855 4057 versione

2256 4089 2437 4142 Rufini
2469 4131 2484 4156 ,
2532 4090 2728 4144 eodem
2773 4089 2939 4145 modo
2978 4090 3291 4146 Matthaeum
3321 4091 3603 4147 declarat:
3637 4091 3710 4146 Hi
3733 4103 3853 4148 sunt

2255 4198 2511 4253 pauperes
2548 4183 2736 4249 spiritu
2764 4223 2778 4247 ,
2811 4183 2901 4251 qui
2933 4198 3037 4235 non
3066 4183 3174 4236 alia
3199 4183 3378 4253 aliqua
3408 4200 3568 4238 causa
3595 4201 3849 4256 pauperes

2250 4283 2402 4334 sunt,
2433 4275 2532 4327 nisi
2564 4284 2773 4342 propter
2803 4274 3095 4329 doctrinam
3123 4274 3356 4339 Domini,
3384 4278 3637 4332 dicentis:
3674 4277 3842 4344 Vade,

2251 4366 2412 4418 vende
2437 4367 2611 4419 onmia
2635 4383 2748 4434 qua:
2773 4369 2945 4434 habes,
2973 4379 3022 4422 et
3049 4369 3116 4421 da
3139 4370 3478 4438 pauperibus.
3508 4373 3842 4441 Augustinus

542 4447 782 4517 jurando
809 4459 1149 4507 assuescere,
1182 4445 1435 4514 idemque
1465 4457 1816 4501 contemnere
1845 4447 1939 4518 (c).
1961 4452 2144 4517 Appo-
2171 4441 2225 4501 D
2251 4475 2470 4529 quoque
2508 4471 2698 4515 contra
2739 4461 3072 4517 Petilianum
3111 4464 3208 4518 lib.
3243 4480 3280 4518 ιι
3307 4506 3321 4530 ,
3351 4480 3473 4535 cap.
3505 4466 3608 4522 104
3635 4509 3649 4532 ,
3683 4467 3846 4525 docet

543 4539 652 4592 "ite
684 4537 1008 4594 Ambrosius
1036 4536 1089 4590 in
1127 4536 1520 4592 Exhortatioue
1545 4539 1879 4608 Virginitatis
1909 4556 2028 4611 cap.
2055 4543 2140 4609 11,

547 4647 650 4684 non
677 4629 970 4702 jurandum
999 4629 1191 4698 facile;
1217 4630 1338 4700 quia
1367 4630 1666 4701 plerumque
1695 4633 1843 4686 multi
1875 4651 2026 4688 casus
2055 4653 2143 4689 ac-

542 4723 741 4785 cidunt,
765 4731 818 4774 ut
846 4738 946 4774 non
966 4724 1224 4791 possimus
1246 4722 1458 4792 implere
1480 4724 1619 4789 quod
1630 4725 2004 4795 jurarerimus.
2037 4727 2140 4792 Qui

536 4823 706 4866 autem
738 4831 839 4867 non
858 4817 1031 4884 jurat,
1056 4813 1230 4880 utique
1259 4831 1363 4866 non
1389 4818 1607 4885 pejerut.
1646 4816 1747 4881 Qui
1782 4823 2132 4890 autemjurat,

529 4906 810 4974 aliquando
858 4922 1056 4959 necesse
1102 4916 1176 4960 est
1219 4916 1274 4959 ut
1325 4908 1519 4960 incidat
1568 4909 1622 4961 in
1666 4911 1978 4980 perjurium,
2009 4917 2133 4984 quia

606 5105 684 5178 (a)
708 5105 762 5159 Id
781 5113 863 5178 est
892 5105 945 5157 in
965 5104 1063 5158 hac
1091 5113 1273 5178 nostra
1297 5105 1540 5162 editione
1563 5104 1743 5162 Tract.
1772 5109 1863 5178 10,
1893 5127 2042 5168 num.
2068 5116 2118 5170 1.

608 5177 683 5246 (b)
720 5175 875 5238 lliid.,
909 5191 1056 5228 ιιιιιιι.
1084 5174 1139 5228 2.

608 5247 682 5316 (c)
740 5246 897 5316 Vices
931 5246 1015 5298 hic
1073 5246 1372 5313 rependere
1428 5249 1580 5314 juvat
1639 5251 1757 5304 viro
1809 5253 2118 5312 clarissimo

531 5315 1478 5392 Frain-i~c_o_Floriomeiropolitanm
1498 5319 1779 5392 Utiticnsis
1803 5327 2113 5392 pra-posito,

528 5392 617 5458 qui
646 5391 744 5441 hoc
775 5387 1057 5458 Chromatii
1084 5390 1252 5440 ηομες-ι
1285 5399 1429 5440 testu
1453 5405 1487 5441 u
1523 5405 1584 5440 us
1607 5389 1711 5442 fuit
1744 5387 1815 5444 ad
1836 5387 2110 5448 illustrari;

523 5457 654 5531 dum
689 5458 918 5531 simili-ui
952 5457 1168 5531 dicendi
1193 5459 1408 5531 modum
1437 5463 1502 5512 de
1525 5460 1826 5513 Juratnenti
1859 5479 1977 5531 usu,
2015 5482 2108 5520 seu

522 5529 707 5598 potius
746 5527 814 5598 de
863 5525 1162 5581 Jurameuti
1194 5528 1548 5596 abSIinenIia,
1587 5532 1637 5582 in
1691 5525 1978 5587 Bacliiariti
2006 5552 2104 5591 suo

522 5597 883 5671 “9”lele
914 5612 1056 5671 anno
1087 5598 1510 5671 Πάνδημος-ἱρὴ
1541 5611 1787 5671 annotat.
1822 5605 1873 5657 1.
1900 5603 2106 5671 Accipe

510 5667 674 5737 igitur
723 5667 986 5720 Bacliiarii
1039 5668 1211 5724 verba
1258 5667 1312 5722 in
1369 5669 1508 5726 libro
1545 5670 1614 5726 ad
1670 5673 1993 5732 Januarium
2027 5667 2106 5733 De

2246 4553 2614 4606 voluntariam
2647 4564 3022 4623 paupertatem
3056 4556 3124 4610 ad
3155 4557 3548 4624 perfectionem
3575 4559 3842 4617 Christia-

2247 4657 2371 4696 nam
2415 4642 2688 4710 pertinere
2712 4687 2725 4711 ,
2769 4645 3131 4717 eamdemque
3173 4649 3392 4703 extollit
3425 4650 3524 4704 lib.
3555 4665 3586 4703 v
3614 4665 3737 4722 cap.
3771 4653 3838 4709 18

2244 4732 2310 4786 de
2342 4731 2576 4790 Civitate
2609 4737 2725 4790 Dei.
2759 4739 2908 4792 Alios
2932 4738 3122 4794 Patres
3153 4740 3204 4794 in
3234 4741 3480 4796 eamdem
3509 4745 3835 4801 sententiam

2245 4837 2736 4896 cocuntcs,pr:eter
2765 4829 2887 4895 hos,
2917 4832 3167 4897 congerit
3198 4833 3562 4889 Bellarminus
3597 4845 3744 4892 tomo
3767 4837 3837 4893 IV

2239 4919 2770 4990 Controversiarum,
2801 4925 2938 4980 libro
2965 4925 3091 4981 nde
3119 4926 3398 4982 Monacbis
3418 4942 3545 5000 cap.
3577 4929 3669 4995 20,
3689 4931 3832 4986 inter

2232 5121 2580 5198 Reparatione
2597 5122 2754 5196 Lapsi
2782 5141 2930 5179 num.
2963 5127 3049 5190 17,
3073 5127 3306 5198 ibidem:
3337 5143 3457 5198 qua:
3478 5131 3642 5185 etiam
3672 5131 3827 5187 addi-

2231 5196 2454 5265 tamenti
2486 5197 2606 5265 loco
2633 5212 2755 5250 esse
2787 5207 3039 5265 poterunt
3071 5199 3136 5252 ad
3160 5214 3222 5251 ea
3245 5196 3569 5254 Sanctorum
3602 5201 3826 5260 Patrum

2227 5263 2426 5335 similia
2487 5264 2678 5329 Dicta,
2720 5263 2839 5335 quae
2878 5267 3064 5321 Sixtus
3090 5268 3354 5324 Senensis
3398 5270 3559 5325 affert
3618 5272 3670 5324 in
3720 5288 3824 5330 sua

2221 5329 2542 5407 Bibliotheca
2595 5329 2787 5390 Saucia
2817 5338 2903 5390 hic
2942 5354 2968 5388 a
3021 5337 3329 5395 Fontauino
3375 5341 3560 5396 citata.
3597 5359 3616 5393 ι
3655 5343 3818 5407 Ecce,

2222 5401 2418 5481 frater,
2440 5406 2563 5481 quia
2589 5409 2742 5460 nobis
2762 5407 2980 5481 iurandi
3010 5408 3226 5481 licentia
3254 5412 3595 5477 prohibetur,
3619 5414 3662 5466 si
3685 5401 3820 5481 quid

2220 5472 2521 5546 int'elicitati
2569 5493 2703 5530 mea:
2749 5472 2950 5541 credis,
2983 5479 3230 5546 Spondeo
3256 5472 3822 5539 'secutidutn'miseri-

2214 5543 2456 5625 eoi-diam
2495 5547 2730 5625 Domini,
2763 5548 2925 5617 hujus
2975 5543 3062 5604 nie
3118 5550 3327 5607 laboris
3377 5568 3544 5622 quem
3585 5555 3816 5625 suadeo,

2214 5615 2355 5670 velle
2384 5631 2506 5672 esse
2537 5615 2880 5689 participem.
2915 5637 2933 5670 ι
