4210 6190
467 288 567 346 ιο1

1566 286 1755 344 JUSTI
1793 283 2168 342 FONTANINI
2203 285 2667 344 DlLUClDATlO.

3652 290 3761 347 40!

467 421 608 478 quos
636 415 694 462 et
725 405 1080 461 Chromatium
1107 406 1366 478 appellat.
1408 403 1774 473 Quamobrem
1803 403 2058 458 Nicolaus
2083 411 2138 470 Α
2161 404 2300 456 sario
2331 414 2418 457 tuo
2455 406 2588 458 cito:
2617 405 2690 459 ait
2717 446 2730 470 ,
2773 421 2825 458 se
2866 405 3109 459 accedere
3137 406 3368 476 Opinioni
3400 421 3578 458 eorum
3608 444 3624 470 ,
3671 406 3762 474 qui

465 499 704 570 Zegerus
731 501 1150 570 explicationem
1179 501 1248 556 de
1279 500 1571 553 voluntaria
1602 508 1907 568 paupertate
1933 497 2053 568 jure

460 604 575 660 pra
594 592 810 645 czeteris
827 594 1114 660 approbat,
1141 601 1251 645 tum
1280 593 1403 662 quia
1430 589 1607 645 Lucas
1630 606 1704 657 vr,
1724 589 2051 658 ‘20,Spiritus

461 681 788 736 vocabulum
844 698 952 737 non
999 683 1240 752 adjecit,
1290 692 1399 736 tum
1448 683 1571 752 quia
1627 693 1710 736 est
1759 681 2049 750 utrobique

459 778 674 846 πτωχοὶ
697 817 711 836 ,
747 775 890 844 quod
923 778 1139 844 prOprie
1164 775 1426 829 mendicos
1457 776 1725 844 designat.
1755 775 1939 844 Itaque
1970 785 2050 830 te-

457 881 609 921 mete
639 865 890 921 Erasmus
916 867 1115 922 Bedam
1143 868 1389 938 aliosque
1411 869 1479 923 de
1503 869 1805 921 voluntaria
1829 883 2048 937 pauper-

454 964 563 1012 tate
585 1000 600 1025 ,
628 973 734 1012 non
767 961 1000 1013 coactius
1022 970 1068 1014 et
1096 960 1317 1014 alienius
1347 973 1399 1013 ut
1429 962 1545 1029 ipse
1573 962 1668 1025 ait,
1698 960 1794 1015 sed
1827 959 2046 1030 proprie

452 1047 582 1103 illud
612 1050 1036 1120 interpretantes
1061 1092 1076 1116 ,
1109 1050 1419 1120 redarguit,
1449 1063 1502 1105 et
1528 1050 1597 1106 de
1627 1052 1917 1104 humilitate
1947 1067 2043 1106 seu

450 1143 720 1197 modestia
772 1152 980 1197 tantum
1028 1143 1443 1214 intelligendum
1503 1143 1756 1197 afﬁrmat.
1812 1143 2044 1198 Proinde

450 1231 738 1287 Chromatii
776 1233 1024 1290 doctrina
1061 1234 1403 1306 Evangelicaa
1440 1239 1662 1289 omnino
1702 1234 1996 1304 resp0ndet
2022 1276 2037 1302 ,

446 1341 624 1396 neque
647 1327 748 1380 alia
767 1326 834 1382 ab
861 1342 921 1383 ea
942 1336 1044 1392 est,
1065 1343 1226 1396 quam
1261 1341 1479 1396 semper
1507 1327 1760 1381 Ecclesiae
1784 1325 2038 1380 doctores

443 1431 516 1471 ex
545 1432 641 1472 ore
668 1417 877 1472 Domini
911 1418 1086 1472 nostri
1110 1417 1236 1473 Jesu
1266 1416 1473 1472 Christi
1505 1433 1608 1472 una
1635 1433 1772 1472 voce
1797 1418 2036 1472 tradide-

442 1518 594 1564 runt.
627 1509 881 1580 Ejusdem
918 1519 1044 1565 sunt
1071 1509 1294 1564 iurl'nris
1321 1551 1335 1573 ,
1369 1526 1487 1579 qu:e
1518 1509 1754 1564 subinde
1785 1510 1836 1564 in
1867 1508 2034 1563 Chro-

439 1605 657 1657 matium
708 1604 950 1660 haeretici
1003 1604 1497 1674 Magdeburgenses
1549 1604 1856 1670 effutiunt,
1907 1603 2032 1674 quia

381 1759 388 1768 η
438 1698 637 1768 gradus
664 1697 1053 1751 Beatitudinum
1072 1739 1085 1764 ,
1108 1714 1233 1768 quos
1263 1697 1600 1768 Evangelicos
1628 1707 1796 1759 t'ocal,
1825 1715 2032 1768 compa-

2157 495 2504 550 adversariuin
2521 497 2557 551 S
2567 497 3025 567 pirilumsanctum
3045 513 3152 551 esse
3167 498 3472 550 docuerunt.
3491 494 3761 550 Snblestae

2153 585 2276 641 ﬁdei
2298 603 2547 651 censura,
2575 605 2680 642 non
2707 588 2857 657 prius
2879 599 3061 644 tamen
3086 589 3608 656 excipienda,quam
3637 602 3759 654 per-

2155 681 2337 747 pensis
2371 679 2502 748 ipsis
2537 681 2724 735 verbis
2749 683 3032 734 Chromatii
3063 697 3126 734 ex
3156 680 3360 748 Opusc.
3391 697 3451 746 ιι,
3487 679 3756 750 pag.982,

2152 774 2257 825 col.
2274 773 2310 824 2
2334 771 2434 841 (d).
2455 773 2938 840 Esplicatnrusille
2961 774 3163 827 dictum
3181 773 3420 827 Mattlnri
3439 774 3571 834 v,25
3590 793 3600 825 :
3622 770 3752 826 Esto

2150 864 2467 916 consentiens
2489 863 2784 916 adversario
2817 873 2902 916 tuo
2931 864 3068 928 cito,
3108 865 3231 916 dum
3255 881 3307 917 es
3330 866 3382 916 in
3406 865 3484 916 ria
3512 880 3628 916 cum
3651 880 3709 916 eo
3732 907 3747 928 ,

2148 972 2212 1008 ne
2234 961 2369 1026 forte
2409 957 2584 1008 tradat
2606 968 2651 1010 te
2667 958 2995 1010 adversarius
3007 958 3177 1025 judtci
3203 999 3217 1020 ,
3247 969 3292 1011 et
3307 957 3476 1026 judea:
3505 959 3675 1010 tradat
3703 967 3751 1011 te

2147 1048 2408 1113 ministro,
2440 1060 2485 1102 et
2514 1050 2570 1101 in
2600 1065 2856 1101 carcerem
2881 1049 3141 1102 mittaris:
3174 1052 3357 1103 varias
3391 1051 3603 1119 profert
3624 1064 3754 1102 auc-

2145 1148 2324 1193 torum
2358 1143 2665 1195 sententias
2691 1143 2757 1196 de
2778 1155 2912 1195 voce
2943 1142 3299 1202 adversarius.
3332 1157 3492 1210 quem
3522 1143 3612 1196 alii
3647 1157 3749 1213 pro

2145 1233 2372 1288 inimico
2397 1233 2464 1287 ad
2497 1249 2682 1300 pacein
2713 1235 3026 1289 revocando
3051 1274 3067 1299 ,
3092 1235 3181 1287 alii
3214 1249 3313 1303 pro
3345 1235 3568 1288 diabolo
3598 1237 3745 1288 aeti-

2143 1327 2319 1395 piunt.
2353 1328 2562 1393 Quibus
2603 1326 2848 1380 recitatis
2871 1367 2886 1389 ,
2935 1325 3052 1380 haec
3093 1327 3272 1380 statim
3307 1327 3621 1395 subjungit:
3656 1327 3751 1379 alii

2140 1433 2257 1472 vero
2283 1458 2297 1484 ,
2329 1433 2548 1488 quorum
2583 1418 2798 1471 assertio
2827 1419 3030 1489 plenior
3058 1419 3183 1471 mihi
3214 1419 3412 1473 videtur
3437 1461 3451 1483 ,
3496 1419 3742 1472 adversa-

2093 1518 2098 1526 ‘
2138 1511 2270 1564 rium
2299 1509 2383 1563 hic
2417 1511 2672 1576 Spiritum
2701 1524 2935 1565 sanctum
2967 1513 3265 1565 existimant
3304 1512 3743 1584 intelligendum;

2135 1603 2224 1672 qui
2262 1602 2562 1655 adversatur
2601 1602 2736 1654 vitiis
2782 1613 2831 1656 et
2877 1603 3145 1655 desideriis
3194 1604 3366 1655 carnis
3396 1643 3410 1666 ,
3457 1603 3743 1656 secundum

2136 1695 2273 1764 quod
2311 1696 2602 1763 manifestat
2645 1694 2922 1765 Apostolus
2961 1694 3214 1749 dicendo:
3261 1712 3381 1748 caro
3423 1697 3744 1765 concupiscit

436 1799 518 1843 rat
545 1791 699 1844 scalte
726 1789 892 1843 Jacob
920 1832 933 1855 ,
958 1807 1049 1859 per
1070 1807 1223 1861 quant
1244 1792 1331 1860 qui
1359 1793 1636 1852 ascendat,
1663 1802 1863 1863 portant
1893 1793 2032 1845 iuve-
2062 1803 2108 1861 Β
2135 1785 2379 1839 adversus
2423 1788 2663 1857 spiritum
2690 1827 2702 1847 ,
2750 1799 2794 1839 et
2824 1787 3042 1856 spiritus
3071 1785 3316 1839 adversus
3348 1801 3596 1840 carnem:
3627 1786 3740 1839 haec

436 1883 544 1935 niat
589 1883 723 1937 cali.
773 1883 884 1938 Hac
925 1897 1154 1938 censura
1199 1883 1336 1937 nihil
1363 1885 1601 1954 ineptius
1648 1895 1702 1938 et
1738 1886 2026 1939 absurdius

431 1973 548 2030 dari
593 1989 658 2029 ex
705 1975 962 2044 subjectis
1005 1974 1291 2029 Chromatii
1340 1977 1522 2032 verbis
1565 1976 1768 2046 Opusc.
1809 1993 1866 2042 ι,
1903 1993 2022 2047 pag.

433 2064 561 2129 976,
588 2067 698 2120 col.
729 2069 754 2122 1
789 2067 864 2139 (a)
895 2068 1136 2138 patebit:
1163 2066 1394 2131 Gradus,
1429 2070 1621 2138 inquit,
1656 2068 1908 2136 quosdam
1935 2071 2026 2136 [ir-

432 2159 688 2213 missimos
728 2176 791 2214 ea:
836 2161 1092 2231 lapidibus
1138 2162 1377 2232 pretiosis
1422 2162 1598 2215 sternit
1643 2162 2025 2232 quodammodo

431 2248 689 2305 Dominus
721 2252 963 2306 Salvator
985 2295 999 2319 ,
1043 2270 1134 2324 per
1163 2270 1292 2322 quos
1328 2265 1520 2308 sancta:
1547 2256 1737 2309 animle
1767 2265 1814 2308 et
1843 2255 2024 2320 ﬁdeles

427 2359 607 2411 repere
632 2344 854 2412 possint,
884 2354 931 2398 et
957 2345 1234 2400 ascendere
1261 2346 1329 2397 ad
1363 2363 1619 2400 summum
1646 2348 1779 2400 illud
1808 2347 2020 2412 bonum,

428 2434 484 2488 id
501 2446 573 2488 est
592 2451 805 2506 regnum
826 2439 1094 2490 caelorum.
1123 2437 1351 2492 Breviter
1367 2440 1546 2510 igitur,
1571 2443 1760 2510 fratres
1778 2441 2026 2494 charissi-

429 2529 498 2580 mi
527 2569 540 2592 ,
588 2529 860 2595 qualitates
897 2530 1158 2602 graduum
1199 2531 1352 2599 cupio
1382 2531 1758 2586 demonstrare.
1783 2533 2022 2603 Singulis

427 2619 622 2675 deinde
654 2623 1092 2678 Beatitutlinibus
1126 2625 1395 2678 enarratis
1418 2665 1432 2688 ,
1467 2625 1538 2678 ita
1580 2625 1858 2679 cont-ludit
1899 2641 2020 2695 pag.

429 2713 554 2780 977,
577 2715 681 2768 col.
702 2718 721 2768 1
749 2714 855 2786 (b):
880 2714 1080 2771 Ostensi
1106 2727 1244 2780 sunt,
1262 2721 1475 2788 fratres,
1499 2729 1610 2771 octo
1636 2717 1827 2787 gradus
1849 2717 2022 2772 Evan-

428 2809 579 2881 gelici
605 2811 851 2863 exstructi
881 2827 945 2864 ea:
967 2810 1244 2878 lapidibus,
1269 2824 1323 2864 ut
1347 2810 1602 2873 dixeram,
1635 2812 1911 2877 pretiosis:
1940 2828 2019 2865 os-

428 2909 572 2955 tensa
610 2911 684 2954 est
723 2901 820 2955 illa
863 2903 1004 2955 scala
1048 2901 1270 2966 Jacobi,
1305 2906 1459 2974 cujus
1502 2919 1744 2956 cacumen
1791 2903 1854 2956 de
1887 2916 2022 2957 terra

428 2993 752 3064 pertingebat
782 2994 848 3046 ad
888 2994 1070 3048 etclam
1095 3036 1109 3058 ,
1144 3011 1235 3064 per
1260 3011 1411 3062 quam
1441 2994 1530 3063 qui
1557 2994 1788 3047 ascendit
1815 3037 1829 3059 ,
1865 2995 2019 3066 132

425 3094 627 3154 portam
654 3085 844 3138 invenit
873 3087 986 3139 cali
1012 3127 1026 3150 ,
1066 3101 1126 3137 ac
1151 3102 1241 3154 per
1270 3102 1380 3139 eam
1412 3086 1670 3158 ingressus
1699 3087 1809 3140 sine
1835 3090 1938 3156 ﬁne
1967 3092 2019 3140 in

2129 1882 2266 1934 enim
2293 1881 2389 1934 sibi
2420 1881 2641 1934 invicem
2666 1881 3026 1942 adversantur,
3053 1890 3109 1932 ut
3134 1897 3235 1932 non
3270 1895 3604 1948 quiscumque
3631 1878 3741 1931 vul-

2131 1973 2193 2026 tis
2222 1974 2313 2025 illa
2344 1974 2582 2041 faciatis;
2611 1974 2823 2043 spiritus
2850 1974 2981 2025 enim
3015 1972 3240 2025 coelestia
3283 1971 3544 2025 desiderat
3572 2012 3586 2033 ,
3613 1986 3738 2024 caro

2129 2075 2328 2120 terrena
2359 2067 2674 2137 concupiscit
2694 2083 2710 2126 ;
2733 2066 2946 2136 spiritus
2964 2063 3116 2116 donis
3136 2062 3496 2131 spiritualibus
3523 2061 3734 2133 gaudet,

2130 2179 2249 2218 caro
2280 2165 2417 2218 vitiis
2448 2164 2808 2232 corporalibus
2840 2165 3155 2229 oblectatur;
3196 2163 3333 2216 unde
3376 2173 3423 2218 et
3460 2162 3739 2234 Apostolus

2128 2258 2233 2310 ait:
2265 2255 2443 2310 Nolite
2475 2258 2780 2310 contristare
2823 2257 3078 2328 Spiritum
3108 2266 3342 2309 sanctum
3380 2253 3477 2309 Dei
3504 2296 3520 2321 ,
3556 2260 3607 2309 in
3635 2271 3738 2324 quo

2128 2351 2319 2422 signati
2349 2351 2469 2403 estis
2495 2350 2548 2402 in
2575 2351 2657 2402 die
2678 2351 3065 2421 redemptionis.
3104 2348 3260 2414 Huic,
3287 2349 3462 2411 credo,
3488 2349 3735 2401 adversa-

2126 2447 2205 2496 rio
2250 2444 2446 2514 peccati
2491 2453 2537 2495 et
2581 2445 2769 2495 erroris
2810 2443 3023 2495 humani
3065 2443 3304 2495 suadenti
3343 2457 3459 2512 qute
3493 2443 3642 2511 justa
3688 2451 3739 2494 et

2124 2548 2306 2591 sancta
2334 2547 2475 2601 sunt,
2508 2536 2721 2589 obedire
2752 2553 2843 2588 nos
2875 2534 3127 2588 Dominus
3157 2536 3397 2606 praecepit
3421 2575 3436 2600 ,
3467 2534 3590 2587 dum
3621 2550 3740 2586 cum

2122 2628 2213 2681 illo
2235 2643 2412 2680 sumus
2440 2627 2492 2680 in
2525 2626 2629 2689 via,
2663 2625 2718 2678 id
2740 2639 2814 2680 est
2839 2628 2891 2679 in
2920 2627 3166 2679 comitatu
3193 2631 3307 2679 vita:
3337 2627 3608 2694 prtesentis
3628 2665 3643 2688 ,
3675 2634 3734 2677 ut

2123 2732 2368 2775 cateruam
2396 2735 2573 2790 pacem
2603 2729 2650 2772 et
2674 2729 2970 2790 perpetuam
2999 2721 3292 2772 societatem
3317 2734 3433 2771 cum
3460 2734 3520 2771 eo
3541 2718 3731 2769 habere

2123 2817 2396 2883 possimus.
2437 2811 2514 2865 Ita
2562 2810 2892 2866 Chromatius
2921 2852 2936 2875 ,
2982 2814 3214 2864 aliorum
3263 2815 3622 2876 interpretum
3674 2810 3729 2862 in

2123 2905 2431 2973 hujusmodi
2456 2908 2820 2976 explicatione
2839 2906 3167 2960 sententiam
3198 2905 3516 2968 amplexus;
3544 2903 3594 2954 in
3621 2915 3728 2969 qua

2122 3000 2366 3069 proiecto
2412 2997 2546 3050 nihil
2599 3013 2702 3052 non
2754 2997 3088 3052 catholicum
3141 3005 3439 3061 reperitur.
3491 2991 3728 3045 Sanctus

2121 3091 2382 3145 Paulinus
2409 3091 2652 3144 Nolanus
2683 3093 2843 3159 epist.
2879 3090 2949 3144 56
2975 3130 2988 3148 ,
3019 3088 3152 3142 alias
3179 3088 3249 3141 ‘20
3276 3088 3340 3140 ad
3367 3087 3676 3140 Amantium
3711 3125 3727 3150 ,

423 3189 698 3250 conspectu
733 3177 942 3231 Domini
991 3179 1138 3233 laetus
1181 3180 1391 3232 astabit.
1440 3179 1573 3246 Quis
1619 3197 1724 3233 non
1770 3190 2015 3250 agnoscit
2041 3179 2086 3239 C
2124 3186 2237 3253 pari
2269 3186 2429 3238 mutlo
2459 3201 2521 3239 ac
2546 3183 2910 3248 Chromatius,
2943 3183 3121 3235 locum
3155 3181 3393 3234 M3llll:l'i
3423 3196 3482 3232 se
3509 3180 3725 3234 iurene-

422 3272 883 3340 sapientissimum
921 3272 1249 3341 Episc0pum
1298 3272 1478 3341 lingua
1516 3287 1642 3326 vere
1689 3272 2012 3343 Evattgvlica

425 3365 510 3419 hic
537 3365 725 3435 loqui?
762 3364 962 3418 Verum
986 3365 1214 3419 Sectatii
1247 3367 1439 3418 iterum
1471 3364 1767 3419 Chromatio
1791 3382 2015 3421 succen-

420 3465 568 3520 sent,
599 3457 724 3527 quia
755 3457 810 3510 in
840 3457 991 3512 dicto
1019 3460 1145 3511 illo:
1177 3459 1304 3511 recti
1329 3457 1685 3511 inhabitabant
1713 3471 1900 3512 terram
1920 3501 1933 3520 ,
1964 3470 2012 3512 et

421 3551 603 3605 Sancti
631 3550 934 3603 habitabant
956 3550 1008 3602 in
1037 3551 1380 3615 ea,intelltgit
1410 3549 1820 3619 terram,Corpas
1845 3549 2012 3604 Sanc-

418 3652 585 3697 torum
619 3645 1066 3713 transﬁguratum.
1097 3643 1230 3697 Nam
1263 3644 1539 3711 Opuscqu
1581 3658 1657 3704 ιι,
1694 3658 1811 3712 pag.
1861 3642 1966 3697 978
1993 3685 2007 3706 ,

418 3735 525 3789 col.
560 3734 596 3787 ‘2
621 3733 693 3805 (c)
715 3777 730 3798 ,
765 3734 1051 3788 declarans
1079 3736 1295 3801 quisint
1326 3735 1472 3787 mites
1500 3736 1638 3802 apud
1675 3735 2008 3799 Mattlneum,

415 3827 487 3882 ita
521 3827 775 3881 disserit:
807 3827 1131 3893 Huiusmodi
1170 3845 1290 3900 ergo
1314 3828 1459 3880 mites
1485 3869 1498 3886 .
1535 3825 1706 3879 beatos
1746 3826 1966 3880 ostendit
1995 3868 2008 3890 ,

417 3919 602 3989 quibus
634 3937 734 3974 non
763 3921 816 3973 in
835 3921 1080 3992 praesenti
1109 3921 1232 3985 vita,
1253 3920 1342 3973 sed
1365 3921 1418 3972 in
1438 3922 1610 3989 futura
1639 3920 2011 3990 possessionem

418 4021 573 4066 terra
600 4012 738 4066 illius
777 4014 946 4084 felicis
976 4014 1267 4084 repromisit
1296 4054 1309 4077 ,
1351 4013 1414 4066 de
1440 4031 1540 4082 qua
1567 4012 1765 4065 dictum
1793 4013 2009 4085 legimus

413 4105 469 4158 in
488 4107 719 4177 psalmo:
749 4106 1014 4161 Mansueti
1039 4118 1206 4160 autem
1237 4106 1568 4178 possidebunt
1600 4115 1812 4170 terram,
1842 4119 1888 4160 et
1917 4107 2010 4161 de-

415 4199 738 4254 lectabantur
774 4200 828 4253 in
866 4200 1196 4254 multitudine
1225 4201 1390 4271 pacis.
1417 4200 1485 4252 Et
1523 4204 1707 4255 iterum
1741 4218 1759 4255 :
1790 4201 1892 4266 Qui
1918 4219 2008 4256 ex-

413 4301 647 4363 spectant
678 4292 1082 4365 Dontinum,ipsi
1104 4295 1403 4348 litereditate
1430 4297 1764 4367 possidebunt
1787 4307 2008 4352 terram:

415 4384 478 4438 de
501 4403 604 4456 qua
640 4396 686 4439 et
714 4402 803 4456 per
831 4386 1159 4441 Salratorrm
1191 4388 1417 4458 Spiritus
1443 4400 1650 4443 sanctus
1683 4399 1894 4444 testatur
1926 4391 2008 4444 di-

413 4477 836 4543 cens:Quoniam
864 4479 988 4531 rerti
1016 4479 1316 4532 habitabant
1342 4481 1393 4533 in
1426 4489 1579 4544 terra,
1598 4492 1646 4534 et
1674 4484 1840 4535 sancti
1861 4484 2008 4535 habi-

2120 3278 2268 3330 xisse
2294 3277 2633 3330 demonstrat
2672 3277 2753 3328 his
2784 3265 2996 3329 verbis:
3036 3273 3213 3344 Neque
3237 3286 3428 3343 septem
3453 3271 3563 3324 dies
3597 3275 3711 3324 luco

2117 3379 2197 3422 tus
2242 3379 2412 3422 noster
2454 3370 2706 3432 excedat,
2753 3369 2798 3422 si
2843 3381 3219 3421 consentiamus
3265 3365 3419 3436 133
3463 3365 3518 3416 in
3563 3363 3721 3429 huius

2117 3465 2233 3518 vitte
2272 3465 2354 3516 via
2395 3464 2706 3517 Adet-sario
2744 3470 2937 3518 nortro.
2972 3461 3025 3514 id
3073 3472 3146 3513 est
3178 3460 3425 3530 Spiritui,
3458 3475 3518 3511 ac
3556 3457 3721 3511 Verbo

2117 3555 2236 3617 Dei,
2267 3555 2405 3625 quod
2435 3558 2579 3608 nobis
2613 3557 2939 3624 peccantibus
2971 3553 3298 3606 adversatur.

2192 3649 2259 3702 VI
2315 3649 2438 3702 Ha'c
2469 3663 2590 3716 quae
2624 3648 2760 3707 dixi,
2799 3648 3016 3713 planum
3046 3645 3282 3701 faciunt.
3317 3644 3382 3696 ad
3404 3644 3618 3711 regulas
3645 3645 3728 3695 in-

2118 3740 2423 3808 tegerrima:
2454 3738 2599 3802 ﬁdei,
2636 3749 2692 3791 et
2724 3737 2924 3804 spiritu
2960 3750 3084 3788 vere
3123 3734 3482 3800 Apostolico,
3532 3733 3718 3785 llomi-

2117 3833 2217 3886 lias
2235 3829 2522 3885 Chromatii
2553 3829 3094 3896 fnisseconscriptas.
3123 3827 3197 3879 De
3225 3825 3545 3879 earumdem
3571 3839 3597 3876 s
3623 3825 3718 3894 ylo

2117 3926 2297 3992 aliqua
2327 3924 2493 3977 etiam
2527 3924 2795 3976 dicamus.
2832 3921 2948 3974 Non
2994 3923 3166 3973 utitur
3196 3918 3516 3971 charactere
3541 3916 3717 3970 subli-

2113 4019 2185 4072 mi
2212 4063 2226 4086 ,
2261 4019 2358 4073 sed
2391 4019 2574 4084 plano,
2613 4017 2860 4087 proprio,
2887 4014 3106 4084 aequali,
3139 4013 3436 4076 concinna,
3463 4011 3720 4065 minime-

2115 4125 2218 4179 que
2247 4110 2488 4178 vulgari;
2525 4110 2614 4177 qui
2643 4109 2898 4160 nimirum
2931 4104 3184 4158 ctinvenit
3207 4105 3488 4172 episcopo,
3522 4101 3588 4154 ad
3622 4117 3722 4172 po-

2115 4205 2303 4272 pulum
2351 4218 2507 4256 suum
2537 4201 2701 4256 verba
2750 4198 2995 4254 facienti.
3058 4197 3242 4250 Diclio
3292 4206 3379 4251 est
3427 4195 3628 4248 selec1a
3667 4203 3726 4248 et

2114 4298 2320 4361 nitida;
2352 4296 2697 4350 ratiocinatio
2718 4336 2733 4358 ,
2766 4294 2847 4348 rei
2875 4293 2944 4346 de
2986 4305 3092 4358 qua
3121 4290 3320 4359 agitur,
3355 4288 3600 4342 maxime
3630 4301 3722 4341 ac-

2112 4391 2482 4456 commodata,
2513 4393 2584 4444 ita
2618 4400 2676 4444 ut
2707 4389 2828 4458 jure
2865 4397 2921 4442 et
2950 4387 3146 4442 merito
3179 4385 3382 4439 Natalis
3408 4380 3724 4436 Alexander

2111 4485 2169 4538 in
2199 4484 2402 4538 saeculo
2430 4497 2508 4545 ιν,
2537 4498 2659 4548 cap.
2691 4482 2749 4544 5,
2779 4479 3014 4533 articulo
3047 4479 3147 4541 55,
3190 4477 3394 4544 scripta
3427 4473 3721 4528 Chromatii

414 4568 594 4622 ταὺυητ
618 4570 668 4622 in
700 4586 780 4623 θα·
813 4569 920 4623 Ποε
950 4587 1068 4643 ergo
1094 4571 1242 4624 miles
1276 4571 1526 4626 Dominus
1555 4573 1726 4626 ὺεηιοδ
1755 4574 1999 4637 Ostendit,
2029 4575 2082 4634 D
2109 4578 2490 4649 elegantissima
2504 4576 2727 4629 dixerit.
2747 4573 3236 4627 Considerationes
3264 4568 3525 4634 perutiles
3555 4577 3714 4630 sunt;

411 4661 499 4730 qui
530 4661 789 4714 lenitatem
805 4662 1214 4715 mansuetudinis
1241 4663 1523 4717 Dominica'
1541 4675 1824 4735 sequentes,
1846 4666 2007 4720 beata:

411 4749 556 4804 illius
606 4759 755 4804 terra?
813 4751 1114 4805 hwreditate
1158 4763 1401 4823 perpetua
1453 4755 1697 4823 fruitione
1744 4757 2001 4820 fruentur.

414 4839 643 4896 Maxime
669 4853 838 4897 tamen
870 4843 933 4896 de
963 4853 1097 4897 terra
1129 4845 1293 4897 nostri
1318 4847 1549 4916 corporis
1577 4846 1883 4917 loquitur,in
1905 4865 2006 4919 qua

413 4933 597 4987 Sancti
629 4935 986 5007 transﬁgurati
1012 4936 1064 4987 in
1087 4937 1337 5007 gloriam,
1360 4939 1640 4991 secundum
1669 4940 1972 5010 Apostolum
1990 4982 2004 5007 ,

410 5035 606 5081 a’terna
655 5028 898 5097 felicitate
922 5028 1231 5101 regnabant.
1264 5028 1319 5082 lit
1351 5028 1452 5082 hac
1481 5033 1846 5093 enarratione,
1871 5033 2002 5101 quid

409 5133 438 5172 a
466 5134 592 5174 vera
624 5120 728 5175 ﬁdc
758 5130 810 5176 et
833 5121 1100 5192 religione
1130 5123 1366 5177 alienum
1399 5123 1682 5176 occurrit?
1719 5124 1826 5180 Sed
1857 5126 2003 5197 Mag-

407 5211 784 5284 dehurgenses
820 5212 1117 5268 Chromatio
1157 5216 1395 5270 nondum
1425 5225 1670 5284 parcunt.
1705 5217 1829 5271 Harc
1854 5220 1999 5273 enim

407 5305 643 5362 addunt:
680 5306 746 5362 In
775 5310 1092 5381 expositione
1121 5309 1246 5363 dicti
1269 5325 1287 5364 :
1316 5308 1444 5364 Esto
1469 5312 1782 5366 consentiens
1812 5313 1997 5376 adver-

481 5445 561 5515 (a)
585 5447 640 5502 Id
674 5456 758 5502 est
785 5447 1352 5518 intliacfnostra‘edit.
1387 5448 1565 5507 Tract.
1599 5452 1660 5506 de
1690 5453 1818 5509 Octo
1846 5454 2018 5510 Beati-

411 5519 529 5572 tud.
562 5536 706 5573 num.
745 5521 798 5574 1.

488 5589 563 5662 (b)
593 5589 732 5644 Ibid.
768 5605 915 5662 num.
941 5589 994 5646 9.

521 5661 572 5730 c)
607 5663 660 5730 In
696 5663 798 5716 hac
825 5661 974 5730 edit.
997 5661 1170 5717 Tract.
1198 5663 1253 5729 5,
1283 5676 1432 5718 num.
1463 5662 1520 5717 4.

521 5678 548 5714 c
607 5664 660 5714 In
696 5664 798 5716 hac
825 5664 960 5716 edit.
997 5664 1170 5717 Tract.
1198 5664 1253 5729 5,
1283 5676 1432 5718 num.
1463 5664 1512 5717 4.

490 5664 574 5804 id;
607 5729 666 5787 In
696 5732 797 5788 hac
823 5724 1167 5789 edithract.
1198 5733 1253 5798 8,
1285 5749 1435 5791 num.
1457 5733 1512 5789 3.

2108 4669 2508 4738 explicationes
2535 4668 2600 4718 ad
2633 4680 2811 4718 mores
2836 4662 3111 4732 pnucipue
3139 4660 3387 4721 dit-eone,
3419 4668 3471 4711 et
3507 4657 3720 4709 littera-

2107 4761 2208 4826 les,
2244 4763 2464 4830 quibus,
2501 4774 2614 4828 prae
2647 4755 2987 4825 allegoricis.
3008 4752 3282 4808 studuisse
3312 4748 3548 4802 videtur.
3581 4746 3718 4800 Ora—

2111 4855 2316 4908 tionem
2349 4853 2692 4906 Dominicam
2707 4851 3003 4917 explanat;
3031 4844 3394 4899 voluntariam
3427 4847 3719 4909 pauperta-

2111 4955 2240 5006 tem,
2275 4959 2521 4998 amorem
2558 4957 2684 5011 erga
2724 4941 3054 5010 proximum.
3089 4938 3529 5005 eleemosynam,
3567 4933 3717 5000 jeju-

2109 5040 2257 5094 nium
2306 5049 2650 5105 c1cterasque
2708 5036 2939 5088 virtutes
2991 5031 3367 5092 commendat,
3408 5027 3476 5082 de
3516 5026 3718 5095 quibus

2111 5133 2364 5188 Salvator
2396 5133 2446 5185 in
2479 5139 2664 5184 tnnnte
2695 5125 2974 5182 disseruit.
2996 5125 3053 5179 In
3079 5122 3272 5177 ultimo
3289 5120 3587 5188 Opusculo,
3617 5131 3718 5171 seu

2112 5224 2348 5279 Humilia
2411 5223 2477 5278 18
2522 5220 2594 5292 (ρ)
2639 5221 2878 5289 loquitur
2912 5218 2982 5273 de
3025 5216 3266 5270 efﬁcacia
3299 5210 3554 5281 baptismi
3582 5209 3714 5263 Jesu

2112 5315 2343 5375 ChriSti.
2380 5314 2549 5369 Primi
2578 5311 2837 5383 Opusculi
2889 5309 3138 5365 llomilite
3168 5307 3239 5378 (ι’)
3267 5348 3281 5371 ,
3316 5299 3713 5375 perspicuitate

2185 5453 2877 5528 (elﬂwcinnouraedij-
2913 5449 3304 5528 θειΤντῑςί-ἓε.
3367 5515 3379 5526 .

2294 5527 2464 5584 Unica
2494 5509 2590 5580 est
2621 5526 2774 5594 primi
2808 5523 3070 5596 Opusmili
3105 5518 3338 5596 Homilia
3367 5515 3419 5567 in
3451 5509 3707 5565 Biblioth.

2122 5587 2530 5669 PP'.'l.tigt-luu..
2549 5587 2667 5669 quae
2693 5595 2848 5669 liich
2849 5604 3104 5669 ructatum
3127 5605 3222 5645 seu
3253 5587 3555 5642 Sermonem
3579 5595 3713 5635 con-

2115 5667 2391 5744 stituitDe
2415 5670 2543 5724 Octo
2554 5667 2989 5724 Beatitudinibus.
