4210 6190
451 241 558 296 ωδ

1547 240 1736 298 ιυετι
1773 240 2143 299 FDNTANINI
2189 242 2651 301 DILUGIDATIO.

3644 196 3751 302 me

451 370 571 425 cap.
603 355 692 426 26,
730 363 784 408 et
811 370 927 424 cap.
959 355 992 408 6
1021 354 1446 409 Retractationis
1475 355 1527 410 in
1561 357 1726 410 Actus
1758 357 2046 428 Apostolo-
2077 362 2120 416 Α
2151 356 2389 411 Joannes
2437 357 2692 410 Albcrtus
2738 356 3017 411 Fabricius
3058 356 3108 408 in
3153 355 3352 411 Codice
3397 356 3754 426 Apocrypho-

451 462 593 511 rnm,
638 446 820 499 laudat
856 445 1302 517 Martyrologium
1349 449 1522 502 sancti
1569 447 1906 518 llieronymi.
1943 448 2047 502 Sed

447 535 648 591 Joanni
684 535 1002 592 Mabillonio
1031 538 1084 593 in
1117 538 1439 596 Pratlatione
1476 539 1542 593 ad
1571 542 1702 596 Acta
1735 550 2048 596 sanctorum

449 628 801 683 Benedictina
835 628 1038 683 saécnlo
1065 641 1138 694 tv,
1173 630 1324 698 parte
1357 643 1428 693 ιι,
1464 644 1584 699 pag.
1619 637 1818 694 Lxxxv,
1869 630 2043 684 inter-

448 729 562 773 tum
593 711 833 784 videtur,
859 735 924 774 an
952 719 1316 791 Hieronymus
1357 719 1791 792 Martyrologium
1824 720 2047 790 aliquod

444 810 750 880 scripserit.
783 810 1096 866 Cassiodori
1123 813 1345 880 quidem
1381 821 1436 866 et
1466 812 1625 866 Bedae
1651 813 1938 867 sententia:
1963 813 2052 867 ad-

444 901 690 972 stipulari
727 909 908 956 tameu
942 903 1216 967 videntur,
1247 912 1304 957 et
1330 904 1566 970 Litaniae,
1603 904 1834 959 collecta:
1876 920 1942 962 ea:
1983 905 2048 960 li-

447 996 540 1050 bro
567 1039 581 1062 ,
615 1014 767 1067 quem
807 999 981 1050 beatus
1011 997 1360 1070 Hieronymus
1398 1001 1461 1052 de
1488 1014 1780 1052 sanctorum
1809 1016 1898 1070 per
1922 1000 2047 1053 anni

445 1089 696 1142 circulum
727 1091 982 1143 natalitiis
1023 1093 1352 1162 conscripsit,
1413 1093 1554 1145 inter
1610 1092 1788 1159 Opera
1833 1091 2046 1145 Alcuini

445 1195 568 1250 pag.
595 1178 722 1242 280,
759 1181 883 1234 licet
908 1181 1094 1234 Sancti
1121 1183 1392 1244 nonnulli,
1422 1183 1752 1252 Ilieronymo
1780 1185 2050 1238 recentio-

443 1286 554 1336 res,
588 1270 789 1326 ibidem
820 1270 889 1324 ab
917 1273 1365 1342 exscriptoribus,
1400 1273 1470 1329 de
1499 1289 1670 1340 more,
1699 1274 1928 1330 fortasse
1953 1277 2046 1330 ad-

442 1361 545 1418 diti
576 1366 944 1430 reperiuntur.
978 1364 1228 1420 Valesius
1260 1367 1312 1420 in
1339 1366 1737 1422 Dissertatione
1763 1367 1830 1423 de
1854 1368 2048 1440 Marty-

442 1453 652 1525 rologio
701 1454 1012 1526 Bosweydi,
1042 1454 1527 1528 Hieronymianum
1570 1460 1867 1512 memorari
1896 1469 2048 1526 putat

445 1544 587 1614 apud
602 1544 920 1616 Gregorium
937 1547 1190 1617 Magnum
1205 1549 1302 1604 lib.
1316 1550 1573 1618 vn,epist.
1596 1549 1659 1603 21
1673 1589 1686 1602 .
1701 1549 1939 1606 Jacobus
1956 1549 2049 1606 Us-

440 1639 682 1693 seriusin
701 1638 1066 1710 Clironologia
1087 1655 1241 1695 sacra
1265 1657 1382 1712 cap.
1404 1643 1440 1695 2
1464 1645 1515 1696 in
1548 1644 1654 1698 line
1668 1658 1774 1696 non
1797 1644 2041 1714 ambigil,

2154 466 2294 509 rum,
2331 449 2619 520 Hamburgi
2656 450 2928 518 impresso
2956 450 3020 503 A.
3072 452 3130 502 ll.
3191 451 3348 513 1705,
3386 461 3530 503 tomo
3577 449 3756 517 primo

2154 543 2380 597 inseruit
2427 543 2646 597 easdem
2699 543 2982 609 epistolas,
3032 543 3173 598 notis
3221 543 3426 598 criticis
3467 540 3751 604 confixus,

2153 643 2473 703 exstantque
2516 637 2654 688 inter
2696 647 2860 703 opera
2908 635 3082 688 sancti
3130 629 3448 704 Hieronymi
3497 632 3758 686 editionis

2152 727 2410 784 Romanae
2439 724 2504 781 Α.
2553 726 2616 778 D.
2666 726 2827 789 15η,
2864 733 3014 778 tonio
3066 725 3153 786 IX.
3191 740 3314 794 pag.
3362 724 3490 787 398,
3523 733 3574 777 et
3609 733 3758 777 tomo

2155 819 2219 886 V,
2255 836 2375 890 pag.
2407 819 2536 886 444,
2568 819 2820 872 editionis
2851 819 3176 872 Parisiensis
3197 817 3424 871 Joannis
3456 815 3760 869 Martiantei

2150 913 2276 970 anni
2327 911 2464 967 1706
2510 911 2651 980 apud
2700 909 2990 964 Claudium
3037 909 3263 978 Rigaud.
3316 908 3540 962 Vossius
3587 907 3752 960 etiam

2153 1005 2270 1057 illas
2316 1001 2561 1072 explodit
2601 1001 2654 1055 in
2706 1001 2842 1054 libro
2886 1016 2921 1052 ιι
2954 1000 3020 1052 de
3069 999 3353 1053 llismricis
3387 997 3593 1051 Latinis
3625 1011 3750 1066 cap.

2155 1095 2240 1148 11.
2291 1092 2612 1148 Gravissimi
2647 1093 2745 1146 viri
2789 1092 3099 1146 Melchioris
3131 1092 3260 1144 Cani
3308 1090 3577 1144 .lndicium
3614 1103 3756 1156 prie-

2151 1195 2254 1240 stat
2286 1186 2472 1241 audire
2500 1202 2561 1238 cx
2593 1186 2728 1238 libro
2759 1201 2809 1238 χι
2847 1185 2914 1238 de
2960 1184 3120 1239 Locis
3148 1182 3493 1250 Tbe010gicis
3522 1195 3641 1248 cap.
3676 1179 3708 1234 6
3737 1197 3750 1234 :

2152 1280 2330 1352 Hujus
2361 1281 2558 1350 generis
2594 1278 2774 1346 fabula
2804 1280 2957 1332 etiam
2997 1278 3094 1332 illa
3141 1289 3215 1331 est
3259 1275 3457 1330 insulsa
3506 1291 3649 1344 mque
3695 1292 3756 1329 ac

2151 1371 2368 1425 barbara
2411 1370 2486 1425 De
2519 1370 2802 1425 Nativitate
2849 1369 2910 1424 S.
2960 1369 3149 1424 Maria:
3189 1370 3258 1422 ad
3303 1367 3657 1422 Chromatium
3709 1379 3760 1424 et

2151 1462 2495 1516 Heliodorum
2550 1463 2838 1533 episcopos.
2905 1461 3090 1516 Sixtus
3176 1460 3441 1514 Senensis
3509 1459 3651 1514 libro
3718 1473 3757 1512 ll

2151 1551 2499 1609 Bibliotheca:
2542 1553 2608 1608 de
2637 1553 2894 1609 Matthmo
2917 1567 3104 1623 agens,
3130 1559 3302 1606 totum
3337 1551 3602 1620 scriptum
3635 1547 3762 1603 Hie-

2149 1663 2381 1719 ronymo
2425 1647 2716 1718 bjudicat,
2767 1654 2823 1702 et
2870 1647 3135 1701 Baronius
3182 1646 3345 1700 etiam
3392 1645 3446 1696 in
3479 1641 3761 1712 Apparatu

438 1731 567 1800 quin
587 1729 1044 1802 l-lieronymus,ut
1066 1731 1405 1798 Cbronicon,
1424 1734 1496 1788 ita
1521 1742 1578 1788 et
1598 1734 2038 1804 Martyrologium
2075 1738 2118 1797 Β
2151 1737 2178 1811 §
2207 1737 2296 1794 44.
2329 1739 2567 1809 Denique
2594 1738 2952 1794 consolantur
2977 1737 3398 1807 Christopborus
3426 1749 3454 1790 a
3478 1735 3669 1790 Castro
3703 1735 3755 1789 in

437 1819 660 1876 Eusebii
711 1821 765 1878 in
794 1822 1037 1877 Latinam
1087 1823 1326 1894 linguam
1362 1826 1720 1890 transtulerit,
1768 1827 1911 1894 quod
1975 1827 2045 1884 ab

442 1911 692 1968 Usuardo
715 1955 729 1979 ,
777 1913 1002 1978 Adone,
1027 1915 1264 1987 aliisque
1295 1917 1495 1972 deinde
1524 1930 1769 1983 auctum,
1800 1921 2046 1976 retinue-

435 2005 505 2060 rit
533 2021 756 2074 semper
772 2007 860 2062 die
883 2008 953 2062 25
977 2009 1314 2076 Decembris,
1347 2011 1416 2064 ab
1439 2009 1586 2067 Orbe
1614 2012 1837 2068 condito
1867 2029 2042 2083 usque

436 2098 504 2152 ad
554 2098 806 2156 Natalem
853 2099 1084 2167 Christi,
1141 2117 1407 2158 annorum
1456 2119 1746 2160 numerum
1798 2104 1866 2159 ab
1921 2107 2042 2176 ipso

436 2191 676 2247 Eusebio
705 2193 960 2260 positum.
1011 2194 1144 2249 Inde
1187 2197 1237 2250 in
1270 2198 1579 2254 universam
1629 2197 2037 2256 Occidentalem

434 2284 736 2342 Ecelesiam
769 2283 1152 2358 Clu-onologite
1187 2289 1505 2344 Eusebiana:
1537 2307 1666 2346 usus
1696 2302 1784 2346 est
1839 2308 2037 2362 propa—

432 2389 620 2449 gatus,
656 2382 866 2450 absque
899 2382 1007 2436 ulla
1061 2392 1241 2437 tamen
1300 2385 1548 2440 veritatis
1601 2385 1885 2440 l-lebraicae
1923 2386 2038 2456 jac-

435 2486 590 2544 tura;
644 2494 768 2534 nam
801 2489 856 2535 et
906 2481 958 2534 in
1003 2481 1122 2550 ipso
1153 2479 1431 2538 Chronico
1481 2482 1752 2537 Eusebius
1782 2483 2036 2539 codicum

438 2569 831 2628 llebraicorum
883 2573 1154 2628 calculum
1200 2574 1366 2628 simul
1418 2589 1540 2630 cum
1590 2588 1692 2628 suo
1748 2574 2037 2644 diligenter

435 2673 819 2728 annotaverat,
851 2665 1161 2732 seriemque
1191 2680 1462 2722 annorum
1487 2666 1665 2721 Mundi
1697 2667 1764 2721 ab
1795 2667 2036 2724 Hebraeis

439 2769 534 2824 per
555 2757 949 2827 quinquaginta
1001 2757 1263 2816 Jubilteos
1306 2759 1609 2816 dimensam
1649 2769 2032 2830 proposuerat.

439 2846 528 2904 Sic
550 2847 720 2904 ferme
744 2847 1026 2906 Usserius.
1059 2850 1198 2906 Tres
1225 2862 1412 2908 autem
1437 2852 1805 2924 Martyrologii
1842 2853 2032 2910 lliero-

438 2941 679 3010 nymiani
722 2941 940 2998 codices
970 2958 1263 3013 superesse
1295 2944 1398 2999 viri
1426 2944 1570 3000 docti
1623 2945 2028 3011 observarunt;

435 3031 530 3087 sed
565 3044 744 3090 tamen
769 3045 892 3105 post
924 3035 1102 3104 ipsum
1145 3035 1537 3107 Hieronymum
1591 3040 1759 3090 aucti.
1792 3035 2032 3090 Primum

2150 1831 2385 1886 Historia
2417 1831 2662 1902 Deipara:
2692 1829 2928 1899 Virginis
2958 1845 3078 1898 pag.
3111 1827 3215 1883 704
3243 1826 3502 1882 editionis
3524 1823 3754 1895 Mogun-

2148 1925 2277 1978 tina:
2306 1923 2429 1977 anni
2461 1919 2638 1988 16l0;
2669 1930 2722 1976 et
2751 1918 3089 1991 Bosvveydus
3121 1920 3172 1974 in
3208 1919 3348 1988 Lege
3374 1918 3618 1972 Talionis
3653 1931 3750 1986 pro

2146 2016 2379 2071 Baronio
2425 2031 2541 2084 pag.
2602 2014 2704 2069 106
2750 2023 2937 2068 contra
2983 2012 3366 2067 Casaubonum
3413 2008 3653 2064 Exercit.
3706 2023 3750 2074 ι,

2144 2124 2263 2177 cap.
2298 2107 2383 2174 15,
2417 2122 2552 2176 opus
2577 2107 2750 2176 ipsum
2782 2107 2924 2161 inter
2953 2104 3196 2158 fabulosa
3228 2109 3477 2156 recenset
3501 2099 3745 2171 quidem,

2142 2202 2413 2256 diversum
2448 2209 2624 2255 tamen
2653 2198 2720 2252 ab
2748 2213 2816 2252 eo
2847 2205 3061 2267 putans,
3091 2193 3233 2263 quod
3266 2193 3334 2248 de
3368 2191 3560 2247 eodem
3591 2206 3752 2262 argu-

2143 2300 2327 2348 mento
2359 2291 2598 2346 hatretici
2625 2288 2925 2360 antiquitus
2951 2287 3335 2342 conlixerunt:
3377 2282 3519 2356 quod
3553 2295 3747 2352 parum

2142 2383 2328 2448 refert,
2388 2381 2685 2438 dummodo
2734 2382 3067 2451 llieronymo
3120 2394 3227 2432 non
3291 2375 3599 2438 tribuatur;
3660 2371 3750 2430 cui

2142 2491 2302 2529 nemo
2333 2490 2466 2528 sane
2509 2473 2718 2541 judicio
2750 2473 3011 2542 praeditus
3045 2472 3250 2525 tribuit.
3299 2468 3491 2522 Petrus
3522 2463 3743 2522 Waste-

2138 2569 2240 2622 lius
2292 2570 2343 2622 in
2379 2566 2638 2622 Vindiciis
2687 2565 2915 2620 Joannis
2967 2561 3442 2633 llicrosolymitani
3492 2570 3637 2614 torno
3681 2557 3745 2626 ll,

2136 2659 2275 2714 libro
2302 2675 2361 2724 tt,
2387 2674 2508 2728 pag.
2534 2657 2664 2723 M9,
2696 2657 2827 2720 425,
2861 2651 3141 2728 nonaginta
3163 2654 3459 2710 Cbromatii
3485 2651 3741 2707 liomilias

2137 2752 2280 2808 inter
2311 2767 2474 2818 Opera
2521 2750 2751 2806 Joannis
2781 2748 3154 2820 Chrysostomi
3199 2745 3494 2801 editionum
3525 2743 3744 2800 Latina-

2135 2861 2273 2910 rum,
2310 2843 2637 2898 Basileensis
2668 2840 2993 2906 Erasmicae,
3026 2851 3076 2892 et
3112 2837 3428 2894 Parisiensis
3450 2837 3741 2891 Cbevallo-

2137 2937 2336 3002 nianas,
2380 2935 2550 2990 latere
2596 2931 2897 2990 contendit.
2934 2930 3145 2986 Nullam
3198 2931 3412 2984 interim
3465 2925 3742 2996 probatio-

2137 3042 2258 3081 nem
2303 3025 2600 3083 Wastelins
2651 3023 2871 3079 adducit
2921 3037 2984 3078 ea
3035 3022 3357 3087 fortiorem,
3414 3035 3576 3092 quam
3631 3033 3738 3076 vox

437 3125 614 3182 laudat
643 3126 933 3184 Bollandus
963 3139 1108 3184 tomo
1139 3127 1419 3184 lJanuarii
1449 3144 1570 3199 pag.
1602 3127 1694 3183 46.
1728 3129 2022 3183 Secundum
2052 3119 2096 3181 C
2128 3130 2400 3176 contraCla
2447 3119 2571 3173 Chr-
2623 3118 2801 3175 eidem
2847 3115 3177 3187 ευρβθάἰιθιο
3235 3114 3386 3168 Hanc
3423 3113 3568 3166 enim
3616 3127 3728 3166 ""3

433 3219 768 3289 octingentis
796 3219 867 3278 ab
917 3220 1042 3274 hinc
1075 3221 1235 3278 annis
1267 3223 1532 3292 scriptum
1574 3222 1759 3292 judice
1788 3222 2032 3277 ltlabillo-

437 3308 531 3362 nio
579 3311 631 3363 in
665 3311 860 3365 itinere
888 3311 1076 3365 Italico
1128 3329 1246 3381 pag.
1285 3314 1406 3378 185,
1448 3313 1618 3369 edidit
1661 3312 2034 3369 Florentinius

435 3400 596 3457 Lucae
623 3404 689 3458 A.
716 3402 779 3458 D.
807 3403 966 3458 1666.
1004 3403 1235 3460 Tertium
1259 3419 1322 3459 ex
1347 3404 1536 3460 codice
1562 3405 1878 3460 Corbeicnsi
1911 3404 2028 3458 vul-

429 3497 579 3564 gavit
607 3493 786 3551 Lucas
816 3494 1115 3550 Dacberius
1160 3498 1212 3550 in
1263 3497 1560 3568 Spicilegio
1609 3507 1757 3551 tomo
1785 3497 1876 3562 1V,
1907 3511 2027 3567 pag.

434 3582 559 3640 6l7.
590 3584 708 3641 Hoc
741 3586 858 3642 loco
915 3602 1020 3642 non
1052 3598 1133 3644 est
1186 3588 1483 3651 silendum,
1535 3587 1603 3642 ab
1652 3591 1937 3658 Anonymo
1963 3586 2030 3642 de

433 3676 681 3732 Cursibus
711 3680 1108 3735 ecclesiasticis
1150 3683 1278 3753 (quo
1307 3685 1524 3738 nomine
1569 3691 1738 3738 statas
1768 3679 2031 3736 Ecclesia:

433 3784 646 3837 preces,
679 3787 800 3838 qua:
828 3771 931 3826 sub
965 3773 1229 3830 Breviarii
1255 3776 1478 3829 nomine
1511 3789 1606 3842 per
1634 3773 1880 3844 singulos
1911 3772 2029 3828 dies

430 3857 646 3916 decurri
669 3875 730 3916 ac
749 3862 971 3919 recitari
1001 3863 1220 3927 debent,
1271 3864 1507 3934 majores
1559 3863 1729 3918 nostri
1756 3863 2030 3932 signiﬁca-

434 3947 590 4022 runt)
621 3953 761 4022 apud
790 3953 1086 4012 Henrieutn
1113 3957 1502 4026 Spelmannutn
1541 3958 1593 4009 in
1627 3954 1884 4010 Conciliis
1916 3955 2031 4011 Bri-

433 4046 800 4104 tanniaetomo
833 4048 874 4110 Ι,
934 4064 1058 4119 pag.
1097 4050 1219 4116 1⁸77,
1269 4049 1564 4105 Chromatio
1617 4060 1672 4105 et
1728 4049 2022 4104 Heliodoro

430 4136 623 4191 (Im-sus
681 4138 959 4196 Orientalis
1010 4143 1275 4212 originem
1325 4143 1512 4196 tribui.
1571 4141 1898 4209 Holstenius,
1959 4141 2024 4196 ad

430 4242 588 4286 oram
616 4229 921 4298 Spelmanni
971 4233 1021 4287 in
1054 4234 1386 4289 Bibliotheca
1443 4235 1726 4304 Angelica,
1780 4233 2026 4304 ejusdem

437 4323 976 4393 Anooymicodiccm
1023 4334 1421 4394 ttongentorun‘t
1463 4342 1732 4380 annorum
1788 4341 1907 4380 esse
1961 4342 2025 4380 ex

436 4410 660 4468 Usserio
685 4416 988 4474 annotavit.
1036 4416 1402 4480 lllabillontus,
1461 4418 1510 4469 in
1543 4416 1932 4487 disquisitione
1959 4416 2028 4472 de

2134 3215 2379 3269 codicum
2430 3215 2578 3283 prius
2625 3211 2915 3281 adpielam,
2963 3210 3308 3280 postmodum
3363 3208 3734 3278 exscriptores

2133 3307 2200 3361 ab
2257 3306 2573 3361 Clir0inatio
2625 3306 2842 3362 homine
2897 3304 3090 3360 Latino
3147 3302 3212 3356 ad
3282 3301 3732 3371 Chrysostomum

2132 3398 2403 3463 Grzecum,
2449 3411 2621 3467 eoque
2674 3395 3053 3456 celebriorem,
3107 3392 3502 3462 designandum
3564 3391 3740 3462 appli-

2133 3499 2382 3546 cuerunt.
2419 3490 2556 3544 lliue
2585 3488 2994 3544 Cltromatianas
3027 3487 3277 3544 bomilias
3300 3485 3538 3554 imperiti
3561 3484 3738 3556 Chry—

2133 3591 2372 3635 sostomo
2450 3580 2772 3635 tribuerunt.
2839 3580 2963 3634 Haec
3028 3578 3379 3634 Wasteliante
3449 3576 3737 3632 sententiae

2134 3688 2289 3740 prora
2334 3684 2388 3726 et
2420 3672 2631 3740 puppis.
2676 3670 2782 3726 Sed
2831 3671 2912 3726 vir
2957 3672 3131 3725 bonus
3180 3683 3286 3722 non
3320 3667 3527 3732 oll‘ccit,
3571 3665 3737 3721 hasce

2134 3763 2382 3818 humilius
2418 3764 2470 3818 in
2504 3763 2810 3818 Matthazum
2839 3776 3024 3817 revera
3057 3774 3178 3814 esse
3203 3759 3569 3830 Clirysostomi,
3600 3772 3738 3826 quas

2136 3856 2323 3911 Latine
2354 3856 2584 3910 reddidit
2616 3855 2896 3911 Annianus
2923 3852 3194 3906 Diaconos
3222 3848 3541 3904 Celedensis
3573 3847 3733 3904 Pela-

2131 3950 2343 4020 gianus,
2391 3947 2569 4001 addita
2600 3945 2830 4015 epistola
2863 3945 2928 3998 ad
2957 3943 3241 3997 Orontium
3287 3941 3626 4010 episcopum,
3661 3939 3734 3994 ob

2133 4044 2378 4099 eamdem
2433 4042 2680 4097 haeresim
2714 4057 2778 4094 ex
2819 4040 2967 4096 Italia
3014 4039 3271 4108 ejectum,
3323 4042 3381 4090 et
3426 4033 3623 4088 deinde
3679 4031 3735 4087 in

2132 4137 2364 4194 concilio
2392 4135 2666 4204 Ephesino
2698 4134 3035 4189 damnatum.
3067 4130 3170 4185 Eas
3201 4130 3269 4182 ab
3297 4143 3356 4184 se
3379 4127 3735 4196 interpolatas

2133 4239 2315 4299 postea
2348 4229 2513 4284 edidit
2535 4228 2800 4295 Georgius
2823 4222 3240 4294 Trapezuntius.
3263 4221 3548 4275 Annianus
3572 4219 3734 4273 vertit

2132 4324 2294 4378 etiam
2323 4321 2696 4392 Chrysostonti
2720 4319 3006 4389 epistulam
3027 4318 3094 4371 ad
3119 4314 3452 4386 Neophytos,
3484 4323 3535 4367 et
3560 4312 3738 4365 homi-

2136 4416 2236 4470 lias
2266 4431 2336 4470 vn
2358 4414 2425 4468 de
2449 4413 2692 4468 laudibus
2719 4411 2871 4469 Pauli
2897 4428 2910 4477 ;
2942 4425 3078 4480 quas
3105 4408 3384 4478 Evangelo
3409 4406 3734 4477 presbytero

433 4504 598 4562 Cursu
621 4503 892 4562 Gallicana
926 4522 1045 4579 pag.
1079 4509 1184 4563 580
1210 4521 1486 4564 auctorem
1519 4524 1585 4564 ex
1619 4508 1762 4581 stylo
1786 4509 2023 4564 subodo-
2058 4503 2110 4562 D
2134 4511 2428 4581 Pelagiano
2483 4508 2700 4565 dicavit.
2750 4506 2886 4562 Vide
2938 4502 3242 4561 Fabricium
3296 4501 3350 4555 in
3397 4498 3736 4554 Bibliotheca

432 4606 604 4663 ratus,
638 4598 911 4654 Britouem
941 4609 1034 4654 aut
1076 4603 1295 4656 Scotum
1349 4602 1494 4663 facit,
1530 4598 1870 4671 Cursumque
1895 4617 2021 4657 cum

434 4688 648 4759 liturgia
678 4690 1019 4745 confundere
1050 4692 1366 4746 arbitratur.
1411 4693 1568 4764 136
1603 4695 1674 4747 lle
1705 4692 1806 4747 hoc
1848 4691 2024 4748 nostri

435 4781 734 4838 (Ihromatii
762 4783 938 4842 Cursu
982 4800 1246 4855 nusquam
1281 4787 1408 4840 alibi
1456 4787 1748 4857 quidquam
1807 4787 2025 4857 legitur.

509 4876 642 4932 Vlll.
677 4877 734 4932 In
765 4878 1016 4934 eumdem
1046 4881 1222 4934 locum
1257 4879 1510 4936 falsarum
1545 4880 1804 4936 mercium
1839 4880 2031 4936 referri

438 4970 635 5028 debent
660 4971 779 5026 alia:
799 4973 1045 5041 epismla:
1067 4973 1352 5028 Cltromatii
1371 4983 1425 5028 et
1446 4972 1719 5027 Heliodori
1748 4972 1814 5028 ad
1839 4973 2028 5028 lliero-

439 5078 682 5132 nymum,
715 5073 770 5122 et
797 5066 1110 5137 Hieronymi
1143 5065 1210 5120 ad
1255 5065 1496 5125 eosdem,
1523 5080 1750 5134 quarum
1791 5065 2027 5119 anetorio

439 5161 547 5208 tite
577 5155 738 5210 otiosi
788 5155 1037 5212 homines
1092 5157 1322 5226 pretium
1370 5155 1664 5211 conciliare
1708 5154 2032 5209 studuerunt

438 5244 728 5310 Opusculis
758 5244 836 5301 De
873 5255 988 5300 ortu
1035 5248 1140 5301 sive
1165 5249 1328 5317 stirpe
1361 5246 1568 5308 Μιινὶίε,
1610 5254 1658 5299 et
1697 5247 1759 5300 de
1803 5243 2035 5316 Infantia

437 5334 751 5402 Saluatoris,
775 5339 905 5396 olim
930 5356 956 5392 a
981 5338 1201 5394 Gelasio
1223 5339 1240 5393 l
1264 5337 1529 5394 Pontifice
1558 5338 1702 5392 inter
1722 5338 2034 5408 apocrypha

439 5429 650 5484 relatis.
699 5429 985 5488 Decretum
1038 5433 1182 5486 enim
1234 5432 1302 5487 de
1354 5431 1509 5486 libris
1555 5429 1886 5496 recipiendis
1937 5444 2035 5489 nos

440 5519 658 5576 Gelasio
700 5522 826 5578 alibi
878 5522 1303 5586 vindicarimus,
1355 5533 1406 5576 et
1444 5521 1716 5576 sincerum
1749 5520 2037 5576 edidimus.

513 5661 595 5729 (a)
640 5661 767 5715 “sic
801 5663 1176 5716 tantummodo
1209 5664 1350 5716 inter
1378 5659 1656 5731 Deperditn
1680 5659 1851 5713 sancti
1882 5659 2051 5731 Chro-

446 5735 599 5792 matii
635 5746 906 5792 memorat
938 5734 1292 5794 Fontaninus.
1322 5731 1432 5790 Nos
1458 5729 1606 5787 vero
1633 5731 1688 5790 in
1721 5741 1909 5786 nostro
1943 5729 2050 5787 Dc-

2133 4602 2318 4657 Gru'ca
2350 4609 2495 4654 tnmo
2515 4598 2633 4663 ’Vll,
2668 4612 2785 4667 pag.
2812 4597 2940 4651 645.

2360 4689 2512 4762 137
2564 4687 2792 4744 OPERA
2834 4683 3082 4742 SANCTI
3121 4677 3526 4737 CHROMATII.

2634 4782 2674 4836 l.
2693 4810 2761 4820 —
2783 4779 2909 4846 Qua:
2934 4785 3226 4846 supersunt.

2527 4873 2766 4928 Homiliac
2789 4887 2896 4926 ms
2921 4871 2972 4925 in
3004 4868 3335 4924 Matth-acum.

2708 4960 3154 5033 IL—Deperdita.

2211 5059 2461 5129 Epistolas
2507 5058 2574 5112 ad
2624 5063 2840 5113 sanctos
2893 5053 3261 5118 Ambrosium,
3312 5051 3741 5122 Hieronymum,

2137 5164 2193 5210 et
2221 5153 2482 5210 Joannem
2505 5149 2971 5220 Chrysostomum,
3019 5145 3311 5204 Ilonorium
3345 5153 3400 5200 et
3445 5139 3738 5198 Arcadium

2142 5247 2412 5314 Augustos
2441 5241 2516 5313 (a)
2529 5281 2541 5295 .
3713 5225 3729 5231 ’

2723 5333 2814 5389 ιιι.
2848 5363 2918 5373 -
2948 5332 3167 5403 Spurio.

2328 5489 2332 5492 ,
2363 5426 2622 5496 Epistolas
2656 5441 2694 5482 lt
2720 5424 2787 5482 ad
2818 5433 3065 5480 sanctum
3103 5423 3516 5490 Hieronymum.

2222 5521 2523 5593 (Hactenus
2552 5516 2898 5574 Fontaninus.
2918 5518 2935 5586 )

2161 5659 2479 5725 perditorum
2522 5656 2771 5710 elencbo.
2825 5670 2928 5708 non
2981 5653 3192 5725 levibus
3232 5663 3362 5701 sane
3403 5646 3755 5725 conjecturis,

2160 5717 2263 5784 alia
2292 5742 2509 5800 quoque
2535 5728 2787 5797 superius
2819 5724 3248 5780 memoravimus
3279 5733 3398 5791 pag.
3424 5717 3543 5788 97.;
