4344 6174
523 247 627 304 807

538 423 901 451 μ--υ

1463 241 1552 297 υΕ
1589 240 1647 296 S.
1682 238 2090 296 CHROMATIO
2128 237 2345 296 EPISC.
2389 237 2832 307 AQUILEIENSI

3723 239 3833 296 £08

906 417 3795 444 Μ

837 575 994 648 139
1066 584 1237 670 EX
1299 576 2093 667 MONUMENTIS
2168 569 2752 662 ECCLESI/E
2804 564 3620 687 AQUILEIENSIS

1720 761 2180 816 COMMENTARIO
2214 759 2632 812 ILLUSTRATIS

610 940 646 980 a
675 920 795 980 Fr.
827 918 1156 981 Bernardo
1184 920 1402 983 Maria
1428 918 1502 980 de
1530 917 1761 979 Rubeis
1794 914 2059 978 Ordinis
2094 913 2617 977 Prtedicatorum.
2657 912 3019 991 Argentince
3050 912 3183 987 (seu
3218 909 3526 993 Venetiis)
3564 910 3746 973 171.0.

2028 1096 2346 1112 ﬂ

1172 1292 1400 1349 CAPUT
1442 1292 1514 1348 Χ.

526 1414 735 1464 Mortem
759 1413 863 1460 obit
886 1410 1198 1467 Valerianus,
1220 1404 1423 1468 eligitur
1441 1406 1780 1468 Chromatius_:
1803 1416 1862 1451 an
1881 1403 2133 1468 ordinatus

592 1489 619 1523 a
648 1476 769 1523 Divo
796 1472 1088 1522 Ambrosio?
1115 1470 1229 1530 Ejus
1264 1466 1420 1531 patria
1446 1469 1723 1531 inquiritur.
1751 1466 2132 1531 Interpretatio-

586 1550 702 1587 nem
729 1536 1008 1596 PrOphetiae
1033 1529 1228 1581 Balaam
1254 1529 1447 1581 obtinet
1471 1534 1533 1596 ab
1558 1529 1820 1576 Ambrosio
1844 1529 2048 1596 :_eique,
2077 1532 2134 1596 et

587 1587 1136 1659 HeliodoroAltinensi
1168 1599 1417 1651 nuncupat
1459 1590 1797 1659 Hieronymus
1832 1587 2051 1659 plurium.
2076 1587 2129 1635 S.

587 1662 852 1719 Scripturre
872 1658 1105 1706 librorum
1118 1655 1321 1719 latinam
1342 1654 1662 1719 versionemL
1662 1659 1715 1699 et
1732 1654 2130 1719 commentarios.

586 1712 790 1770 Ruﬁnus
814 1735 873 1769 ex
908 1718 1148 1769 Orientali
1193 1717 1594 1777 peregrinatione
1630 1712 1829 1777 Romam
1856 1713 2020 1777 venit,
2050 1713 2131 1777 ubi

590 1785 747 1832 libros
772 1782 1005 1837 Origenis
1028 1781 1091 1827 de
1118 1773 1374 1837 Principiis
1398 1776 1549 1825 latine
1574 1775 1741 1837 vertit.
1768 1773 2032 1837 Dissidium
2057 1774 2135 1820 in-

590 1797 747 1832 llDl‘OS
772 1797 854 1831 Ut‘l
898 1797 1005 1829 eius
1028 1797 1091 1827 ue
1118 1797 1374 1837 rrlttcupus
1399 1797 1549 1825 tutum
1575 1797 1741 1823 verm.
1768 1797 2032 1821 υιδδιυιυιιι
2057 1797 2132 1820 ιιι-

586 1848 702 1906 cipit
721 1858 833 1906 cum
851 1797 1177 1906 ﬁieronymo;
1199 1846 1421 1906 petitque
1437 1837 1642 1906 .Ruiinus
1662 1836 1953 1906 Aquileiam.
1972 1835 2132 1906 ipsum

587 1862 626 1895 CI
666 1862 702 1894 ιι
721 1862 829 1893 cum
851 1862 1177 1904 lllCl‘Ullylllll;
1200 1862 1421 1902 pclltqllt'
1444 1862 1642 1884 uuuuua
1662 1862 1953 1896 nqutu‘laul.
1973 1862 2132 1895 1|.”qu

587 1862 891 1957 Ciiromatins
925 1904 984 1951 ad
1029 1904 1226 1950 latinam
1268 1900 1557 1949 Ense-hiante
1596 1899 1809 1947 historiae
1855 1900 2133 1944 versionem

587 1970 791 2017 inducit.
819 1968 981 2016 Prima
1014 1964 1192 2013 Alarici
1218 1962 1486 2011 Gothorum
1526 1959 1680 2023 Regis
1714 1961 1762 2007 in
1796 1958 1980 2007 Italiam
2004 1959 2133 2006 irru-

588 2034 710 2092 ptio.

595 2137 639 2192 I.
682 2137 923 2205 Tempus
948 2135 1182 2189 assecuti
1236 2146 1448 2197 sumus,
1482 2146 1589 2201 quo
1630 2129 1978 2196 Valerianus,
2031 2144 2133 2199 pro

526 2230 868 2301 Aquileiensi
893 2238 946 2283 et
973 2228 1225 2283 universa
1268 2226 1513 2281 Ecclesia
1541 2225 1957 2295 quamplurimis
1980 2224 2134 2278 labo-

530 2328 685 2383 ribus
730 2324 1045 2394 perfunctus
1094 2321 1432 2390 fractusque,
1493 2320 1775 2373 mortalem
1821 2316 1987 2371 vitam
2010 2332 2131 2371 cum

538 2427 743 2472 :eterna
771 2413 1145 2469 commutavit.
1176 2410 1518 2467 Sauctissimi
1577 2409 1824 2479 praesulis
1872 2409 2135 2463 memoria

526 2509 838 2563 celebratur
860 2505 950 2559 die
977 2505 1045 2557 27
1079 2504 1285 2558 mensis
1316 2502 1627 2556 novembris
1658 2502 1711 2554 in
1736 2500 1914 2554 Fastis
1945 2500 2135 2555 Eccle-

526 2602 648 2655 siae.
678 2601 892 2653 Annum
914 2598 1032 2667 ejus
1061 2596 1420 2651 emortualem
1446 2593 1695 2662 designat
1721 2592 2132 2646 trecentesimum

2152 1293 2203 1351 Α
2235 1305 2254 1338 ι
2290 1286 2455 1351 lium;
2490 1287 2747 1357 equidem
2797 1289 3090 1354 existimo,
3123 1288 3253 1344 illuc
3281 1304 3406 1345 esse
3438 1288 3738 1361 proiectum
3768 1307 3837 1348 ex

2239 1399 2259 1432 ‹
2299 1395 2452 1435 more
2502 1381 2568 1434 ad
2629 1382 2754 1435 novi
2812 1382 3150 1436 creationem
3204 1382 3502 1451 Autistitis,
3563 1399 3687 1440 cum
3737 1385 3835 1441 de-

2243 1490 2261 1523 ι
2300 1471 2487 1527 functo
2514 1472 2808 1528 Valeriano
2836 1474 2955 1544 ejus
2986 1475 3223 1529 civitatis
3252 1478 3529 1547 episcopo,
3564 1478 3617 1532 iu
3653 1479 3836 1534 locum

2244 1584 2263 1617 ‹
2292 1565 2411 1632 ejus
2438 1574 2520 1620 est
2545 1566 2871 1637 subrogatus
2898 1567 2957 1623 S.
2990 1566 3358 1625 Chromatius.
3403 1590 3422 1623 ι
3468 1570 3584 1626 Non
3614 1572 3834 1628 inanem

2237 1668 2370 1726 puto
2395 1658 2791 1728 conjecturam.

2306 1751 2510 1807 Morem
2535 1762 2808 1807 vetustum
2829 1754 3038 1809 servari
3065 1765 3386 1811 consuetum
3403 1756 3456 1810 in
3485 1757 3836 1812 ordinatione

2237 1843 2479 1912 episcopi
2511 1853 2623 1898 tum
2659 1845 3044 1915 Aquileiensis,
3077 1863 3201 1901 cum
3254 1847 3702 1915 Mediolanensis,
3742 1864 3838 1903 ex-

2237 1935 2388 1991 hibet
2412 1936 2667 2006 Pelagius
2700 1953 2836 2007 papa
2862 1955 2903 2001 r,
2939 1939 2989 1992 in
3033 1938 3339 2010 fragmento
3368 1957 3385 1995 ι
3416 1941 3662 2011 epistolae
3695 1955 3839 1995 anno

2236 2028 2341 2083 557
2391 2038 2484 2082 aut
2533 2028 2858 2099 insequente
2882 2030 2947 2085 ad
2974 2030 3258 2086 Narsetem
3286 2033 3446 2099 datae,
3477 2034 3620 2102 quod
3651 2033 3826 2089 Lucas

2236 2121 2550 2178 Holstenius
2577 2123 2770 2189 edidit,
2805 2122 2889 2178 his
2920 2124 3102 2179 verbis
3134 2142 3147 2178 :
3182 2125 3237 2178 Is
3269 2142 3378 2179 mos
3432 2126 3675 2196 antiquus
3718 2127 3837 2194 fuit,

2236 2225 2294 2269 ut
2345 2216 2467 2284 quia
2522 2232 2615 2279 pro
2674 2216 3050 2288 longinquitate
3093 2218 3171 2271 vel
3193 2217 3505 2288 difﬁcultate
3532 2217 3733 2271 itineris
3777 2217 3841 2271 ab
3892 2216 3900 2226 ’

2236 2309 2540 2380 Apostolico
2570 2326 2845 2364 onerosum
2870 2311 2975 2364 illis
3002 2314 3174 2379 fuerat
3197 2312 3452 2377 ordinari,
3482 2311 3584 2382 ipsi
3613 2328 3667 2365 se
3710 2312 3840 2365 invi-

2236 2419 2344 2456 cem
2368 2402 2426 2455 Μ
2429 2403 2770 2457 ediolanensis
2792 2413 2840 2456 et
2857 2404 3205 2474 Aquileiensis
3225 2404 3471 2457 ordinare
3491 2405 3726 2473 episcopi
3751 2404 3844 2457 de-

2235 2493 2462 2547 buissent
2492 2509 2511 2548 :
2536 2504 2590 2548 ut
2618 2506 2663 2548 et
2688 2495 2970 2548 ordinandi
2993 2495 3176 2550 electio
3204 2514 3236 2550 a
3265 2500 3504 2567 prtesenti
3536 2498 3838 2553 ordinatore

2237 2602 2302 2640 ea:
2327 2604 2581 2641 consensu
2611 2590 2916 2642 universalis
2938 2591 3021 2642 cui
3044 2590 3412 2660 praeﬁciendus
3442 2601 3550 2645 erat
3577 2591 3838 2661 Ecclesiae,

531 2690 897 2759 octogesimum
946 2698 1183 2742 octavum
1230 2685 1511 2740 Dandulus
1560 2685 1614 2738 in
1660 2681 1933 2738 Chronico
1968 2701 1980 2736 :
2033 2699 2139 2753 quo
2169 2684 2217 2742 B
2245 2683 2429 2736 melius
2453 2692 2499 2735 et
2528 2683 2738 2754 facilius
2788 2686 3038 2753 potuisset
3084 2686 3333 2754 agnosci;
3371 2696 3419 2739 et
3456 2686 3511 2739 in
3537 2703 3633 2739 sua
3658 2688 3746 2755 qui
3773 2688 3839 2740 ad

532 2786 697 2840 etiam
729 2781 1083 2837 Chromatium
1108 2779 1395 2834 suffectum
1423 2787 1608 2831 narrat
1630 2776 1716 2831 bis
1740 2776 1922 2831 verbis
1947 2775 2141 2830 :Chro-

531 2878 722 2930 matius
754 2875 1039 2945 Aquilegiw
1060 2875 1334 2945 episcopus
1383 2880 1715 2924 consecratur
1765 2886 1901 2923 anno
1930 2868 2141 2922 Domini

533 2965 663 3021 388.
690 2964 795 3017 Hic
824 2944 1100 3030 Hispranus
1142 2977 1343 3031 genere,
1392 2978 1425 3013 a
1460 2958 1735 3012 Valeriano
1763 2958 2141 3027 prmdecessore

532 3061 805 3123 diaconus,
830 3066 1009 3129 postea
1039 3055 1300 3125 presbyter
1324 3052 1616 3118 ordinatus,
1646 3052 2016 3120 cat/tolicisque
2034 3051 2143 3105 dis-

533 3153 743 3223 ciplinis
771 3151 1029 3214 eruditus,
1054 3147 1439 3201 colluudatione
1459 3146 1585 3199 cleri
1608 3155 1656 3199 et
1687 3145 1865 3214 populi
1887 3145 2017 3197 hanc
2056 3161 2139 3198 se-

537 3244 656 3297 dem
686 3242 923 3295 obtinuit.

610 3333 835 3388 Vetusta
888 3331 1275 3385 desiderantur
1316 3336 1670 3383 monumenta
1702 3368 1718 3394 ,
1767 3328 1964 3398 quibus
2024 3327 2142 3381 huic

539 3440 696 3483 certo
718 3424 1035 3480 conﬁrmari
1059 3432 1219 3493 queat
1265 3421 1642 3491 chronologia.
1696 3421 1801 3476 Sed
1852 3420 1953 3475 hoc
1998 3436 2141 3474 anno

540 3519 797 3584 cadente,
850 3519 934 3573 vel
988 3520 1149 3573 etiam
1198 3518 1423 3571 ineunte
1479 3531 1623 3569 anno
1653 3515 1779 3581 589,
1809 3515 2137 3570 diversatum

537 3628 663 3668 esse
690 3611 1039 3666 Ambrosium
1073 3610 1336 3680 Aquileia:
1361 3608 1651 3672 novimus;
1682 3608 1825 3662 unde
1866 3608 2141 3677 conjectu-

548 3722 607 3760 ra
643 3704 786 3759 sumi
837 3713 1037 3773 potest,
1085 3718 1203 3757 eam
1237 3701 1289 3755 in
1324 3703 1510 3756 urbem
1542 3701 1843 3771 profectum
1868 3714 1987 3755 esse
2018 3716 2143 3755 san—

542 3798 852 3854 ctissimum
884 3795 1183 3850 antistitem
1237 3794 1301 3847 ad
1354 3795 1480 3848 novi
1510 3794 1756 3863 episcopi
1782 3794 2137 3849 creationem.

544 3892 789 3946 Primum
816 3905 917 3943 nos
961 3890 1120 3943 docet
1167 3888 1425 3942 Paulinus
1458 3888 1512 3940 in
1539 3886 1813 3940 Ambrosii
1842 3887 1957 3940 Vita
1988 3903 2141 3941 num.

542 3983 608 4038 21
641 4000 654 4035 :
688 3980 962 4034 Exstincto
998 3979 1256 4042 Maximo,
1305 3978 1581 4047 inquiens,
1640 3979 1810 4046 posito
1853 3977 2141 4030 Theodosio

2241 2778 2599 2846 episcopatum
2632 2776 2987 2845 provehendus
3014 2787 3147 2841 erat,
3193 2794 3284 2831 nec
3330 2788 3499 2831 tamen
3550 2778 3838 2832 ordinatori

2240 2886 2334 2923 suo
2374 2870 2673 2925 subdendus
2725 2871 2911 2939 fuerat,
2966 2871 3299 2926 ordinaretur
3334 2871 3587 2927 Ecclesia.
3637 2874 3837 2928 Annon

2244 2978 2377 3018 vero
2406 2979 2523 3017 mos
2556 2964 2678 3028 iste,
2706 2980 2868 3032 quem
2899 2964 3150 3035 Pelagius
3178 2966 3429 3035 [integro
3459 2976 3578 3037 post
3614 2967 3839 3033 saeculo,

2242 3069 2307 3110 ac
2357 3054 2606 3121 dimidio,
2658 3057 2929 3121 antiquum
2982 3066 3167 3122 vocat,
3211 3055 3313 3111 hac
3341 3066 3504 3111 aetate
3534 3058 3837 3127 inceperit?

2242 3147 2549 3216 Aquileiam
2603 3147 2905 3218 proiectum
2958 3148 3309 3203 Ambrosium
3379 3148 3837 3219 scimuszneque

2246 3240 2604 3310 profectionis
2650 3241 2754 3293 alia
2784 3255 2946 3295 causa
2978 3242 3242 3305 occurrit,
3294 3240 3398 3295 nisi
3430 3241 3553 3297 novi
3586 3241 3842 3312 Episcopi

2244 3332 2466 3395 electio,
2494 3340 2549 3386 et
2581 3331 2872 3386 ordinatio.

2318 3423 2382 3477 II.
2427 3422 2635 3478 Novum
2692 3424 2992 3478 antistitem
3025 3424 3292 3495 Aquileiae
3322 3424 3726 3489 Chromatium,
3756 3441 3844 3499 ge-

2244 3532 2367 3570 nere
2394 3516 2687 3586 Hispanum
2707 3519 2948 3588 appellat
2978 3518 3275 3574 Dandulus.
3315 3521 3374 3575 D.
3395 3520 3757 3591 Hieronymus
3789 3524 3843 3575 in

2244 3610 2471 3677 epistola
2500 3610 2567 3665 ad
2598 3611 2773 3681 ipsum
2817 3611 3217 3676 Chromatium,
3275 3611 3549 3673 Jovinum.
3582 3622 3637 3668 et
3662 3615 3831 3667 Euse-

2244 3702 2393 3756 bium
2426 3704 2572 3768 data,
2600 3704 2679 3756 sic
2709 3718 2806 3757 eos
2833 3704 3164 3772 all0quitur:
3194 3704 3297 3758 Per
3323 3721 3408 3759 vos
3436 3706 3498 3758 ab
3524 3704 3648 3758 urbe
3673 3716 3844 3759 uestra

2245 3795 2429 3848 Ariani
2478 3795 2741 3865 quondam
2771 3795 3029 3865 dogmatis
3076 3798 3215 3849 virus
3263 3798 3529 3850 exclusum
3579 3806 3669 3850 est.
3699 3796 3845 3851 Urbs

2247 3888 2570 3957 intelligitur
2629 3888 2901 3957 Aquileia,
2964 3888 3051 3942 ubi
3105 3888 3374 3943 Valeriani
3419 3889 3662 3958 episcopi
3714 3898 3844 3943 tunc

2248 3979 2527 4052 Presbyter
2557 3993 2673 4037 erat
2697 3982 3064 4047 Chromatius,
3095 3984 3494 4037 archidiaconus
3512 3983 3761 4046 Jovinus,
3793 3993 3847 4038 et

540 4077 857 4142 imperatore
881 4070 1194 4131 Mediolani,
1222 4070 1492 4123 Ambrosio
1531 4084 1648 4121 vero
1676 4070 1918 4139 episcopo
1945 4069 2136 4121 consti-
2169 4064 2214 4124 C
2246 4075 2497 4128 diaconus
2527 4074 2817 4129 Eusebius.
2853 4074 3054 4130 Urbem
3086 4090 3238 4142 vero,
3265 4090 3361 4129 eos
3398 4076 3708 4145 alloquens,
3758 4091 3839 4128 ve-

542 4176 651 4219 tuto
678 4164 960 4232 Aquileia};
992 4162 1144 4216 dedit
1168 4162 1283 4229 ipse
1312 4158 1638 4212 Ambrosius
1669 4160 1733 4212 ad
1760 4158 2145 4227 imperatorem

543 4257 833 4327 epistolam
858 4256 935 4325 (in
960 4256 1196 4309 editione
1223 4251 1528 4307 Nourriana
1551 4252 1642 4322 χι.)
1668 4260 1727 4305 ut
1756 4252 1937 4321 ipsum
1966 4269 1993 4305 a
2019 4268 2148 4307 sen-

546 4350 718 4405 tentia
745 4358 1033 4404 revocaret
1056 4347 1123 4401 de
1146 4345 1431 4416 Syuagoga
1464 4344 1692 4414 quadam
1733 4344 2042 4400 Juda-orum
2080 4346 2149 4401 ab

545 4445 808 4512 episcopo
837 4441 1017 4495 Castri
1051 4437 1694 4493 Calliniciretediticanda
1717 4455 1731 4499 ;
1756 4437 1934 4506 deque
1963 4438 2149 4492 Mona-

550 4538 692 4603 chis,
723 4537 817 4607 qui
854 4534 1038 4589 fanum
1072 4533 1580 4588 Valentinianorum
1624 4532 2028 4596 haereticorum,
2080 4533 2147 4585 ab

550 4629 621 4682 iis
648 4627 979 4683 contumelia
1016 4626 1325 4695 provocati,
1357 4624 1736 4689 incenderant,
1770 4624 2038 4693 supplicio
2068 4624 2147 4678 af—

548 4719 818 4774 ﬁciendis.
871 4718 1035 4788 Atqui
1066 4727 1220 4772 certo
1241 4717 1543 4786 colligimus
1574 4731 1638 4770 ex
1682 4716 1868 4769 codice
1897 4715 2147 4769 Theodo-

547 4813 728 4876 siano,
785 4813 961 4882 ipsum
1013 4810 1316 4879 Angustum
1380 4807 1745 4863 Theodosium
1778 4807 2019 4862 nondum
2051 4807 2141 4861 dic

548 4902 621 4958 -I‘2
651 4902 760 4955 kal.
807 4902 1053 4957 octobris
1096 4902 1222 4954 anui
1251 4900 1358 4956 ’588
1385 4900 1709 4955 discessisse
1736 4898 1986 4969 Aquileia
2021 4918 2033 4951 :
2066 4900 2149 4969 ip—

547 5007 781 5061 sumque
804 4996 836 5047 6
863 4994 984 5046 idus
1013 4992 1260 5061 ejusdem
1286 4992 1618 5061 mensisjam
1648 4991 2017 5046 Mediolanum
2052 5007 2146 5045 ve-

548 5085 702 5139 nisse
728 5102 742 5151 ;
776 5100 880 5154 qua
911 5086 962 5139 in
998 5086 1131 5140 urbe
1155 5100 1325 5154 usque
1351 5085 1418 5138 ad
1447 5084 1645 5138 maium
1669 5085 2003 5153 insequentis
2018 5085 2146 5137 anni

547 5187 923 5232 commoratus
983 5186 1087 5231 est.
1137 5175 1324 5246 itaque
1374 5176 1694 5230 Ambrosius
1721 5190 1864 5229 anno
1919 5175 2147 5231 cadente

542 5269 673 5335 588,
706 5270 791 5324 vel
816 5270 1039 5325 ineunte
1068 5270 1369 5340 acincepto
1398 5270 1524 5336 589,
1561 5270 1816 5324 manebat
1838 5268 2103 5337 Aquileia:
2128 5285 2143 5323 :

539 5361 725 5431 ibique
757 5362 1046 5431 allegatam
1075 5363 1227 5417 dedit
1250 5363 1316 5417 ad
1343 5364 1733 5432 imperatorem
1766 5360 2141 5416 Theodosium

2250 4177 2410 4220 stram
2430 4175 2590 4220 vocat
2617 4184 2630 4218 :
2663 4166 2807 4236 quod
2830 4166 3002 4220 sacris
3050 4167 3369 4220 muneribus
3398 4167 3451 4220 in
3483 4167 3726 4237 ejusdem
3758 4182 3845 4220 ur-

2252 4256 2335 4311 bis
2368 4257 2611 4312 Ecelesia
2641 4257 3098 4326 defungebautur.
3130 4257 3329 4325 Quidni
3379 4259 3540 4311 etiam
3576 4258 3846 4329 signiﬁcet

2251 4349 2319 4402 lot
2340 4365 2432 4403 um
2456 4349 2730 4418 originis?
2760 4348 2817 4402 1η
2850 4349 3039 4403 eadem
3073 4350 3300 4417 epismla
3345 4352 3692 4404 commendat
3724 4350 3847 4403 Hie-

2250 4455 2512 4511 ronymus
2537 4440 2780 4501 d0mum,
2815 4441 3094 4505 familiam,
3125 4452 3377 4505 matrem,
3403 4456 3625 4497 sorores
3667 4441 3841 4497 Chro-

2251 4535 2425 4587 matii.
2455 4534 2557 4587 Eas
2592 4534 2755 4599 igitur
2778 4534 2915 4589 bene
2942 4543 3172 4589 noverat
3200 4535 3314 4600 ille,
3338 4550 3515 4605 neque
3537 4535 3659 4589 alibi
3680 4550 3842 4590 nosse

2251 4625 2488 4694 potuisse
2540 4625 2772 4687 videtur,
2828 4641 3123 4695 earumque
3161 4626 3236 4680 uti
3268 4626 3687 4693 consuetudine,
3736 4626 3842 4681 nisi

2249 4716 2530 4785 Aquileim,
2558 4726 2651 4769 aut
2674 4719 2938 4785 proximis
2967 4719 3018 4771 in
3047 4720 3201 4773 locis.

2319 4806 2616 4860 Chromatii
2643 4808 2871 4876 patriam
2896 4810 3166 4865 Marianus
3200 4810 3476 4866 Victorius
3496 4811 3675 4866 locum
3694 4821 3845 4881 putat

2249 4896 2561 4967 haudlonge
2584 4898 2832 4953 dissitum
2847 4898 3108 4955 Stridone
3123 4900 3439 4973 Hieronymi
3458 4902 3651 4972 patria.
3670 4902 3844 4958 Aliam

2250 4988 2471 5058 profero
2500 4990 2868 5059 conjecturam
2897 5007 2962 5045 ex
2989 4992 3171 5058 titulo,
3201 4994 3290 5062 qui
3322 4994 3620 5050 Chromatii
3664 4997 3846 5066 operi-

2250 5081 2353 5135 bus
2376 5081 2513 5135 infra
2537 5082 2885 5137 recensendis
2917 5084 3217 5153 prrciigitur
3244 5086 3295 5138 in
3320 5084 3593 5155 aliquibus
3646 5087 3848 5142 editio-

2251 5175 2410 5227 nibus
2443 5193 2454 5227 :
2492 5176 2862 5230 inscribuntur
2896 5190 3096 5241 nempe
3128 5178 3386 5245 opuscula
3421 5175 3711 5232 Chromatii
3740 5178 3846 5233 Ro-

2250 5267 2388 5319 mani
2420 5265 2686 5337 Episcopi.
2728 5267 3041 5337 Legendum
3076 5278 3271 5338 putant
3300 5270 3414 5329 alii.
3460 5267 3683 5323 Cumani
3714 5267 3845 5340 Epi-

2248 5359 2390 5428 scOpi
2421 5371 2815 5429 :quasruutque
2863 5361 3039 5415 locum
3074 5361 3125 5415 in
3161 5363 3330 5416 variis
3356 5361 3504 5416 orbis
3537 5363 3843 5433 provinciis

543 5453 862 5520 epistolam.
898 5453 1021 5507 Haec
1050 5454 1233 5508 animo
1265 5453 1612 5522 perpendens
1656 5452 1923 5505 Baronius
1950 5451 2016 5504 ad
2047 5466 2143 5504 an-
2171 5450 2219 5509 D
2244 5465 2310 5505 eo
2340 5451 2557 5505 nomine
2584 5453 2937 5521 appellatum,
2968 5453 3059 5506 tibi
3080 5451 3428 5508 Chromatius
3450 5454 3564 5519 ille,
3591 5470 3752 5521 quem
3778 5454 3845 5509 ab

540 5560 672 5597 num
705 5545 832 5606 588,
866 5544 1025 5615 ιω
1048 5561 1199 5598 num.
1227 5544 1317 5610 84,
1349 5545 1428 5597 sic
1459 5542 1534 5597 ait
1565 5561 1578 5596 :
1618 5561 1637 5595 ‹
1660 5542 1815 5608 Quod
1841 5551 2017 5595 autem
2045 5540 2141 5596 de-

547 5651 568 5687 σ
608 5639 878 5691 tineretur
927 5638 1250 5691 Ambrosius
1302 5637 1588 5706 Aquileite,
1648 5652 1769 5691 cum
1802 5636 2007 5690 nullum
2038 5637 2140 5695 hoc

541 5738 563 5773 α
595 5734 842 5796 tempore
876 5728 1136 5785 memoria
1160 5730 1249 5796 sit,
1285 5730 1356 5785 ibi
1384 5727 1717 5786 celebratum
1750 5728 1916 5785 fuisse
1957 5728 2139 5784 conci-

2247 5542 2873 5612 Aquileiensidiversum
2898 5554 3109 5616 putant,
3135 5546 3319 5601 sedem
3349 5556 3581 5602 teneret.
3610 5547 3845 5605 Baronio

2247 5636 2473 5706 perinde
2500 5648 2583 5697 est
2607 5635 2875 5691 Romanus
2898 5648 2951 5691 et
2977 5637 3326 5708 Aquileiensis
3354 5637 3683 5708 episcopus;
3715 5655 3847 5696 ceu-

2246 5734 2332 5783 set
2361 5728 2503 5783 enim
2536 5727 2587 5782 in
2616 5729 2758 5783 notis
2776 5724 2841 5784 ad
2856 5728 2998 5784 diem
3027 5727 3098 5780 Ἡ
3118 5725 3285 5795 Junii,
3312 5737 3364 5784 et
3389 5728 3423 5781 Ξ
3447 5729 3758 5788 decembris
3788 5732 3841 5786 in
