4344 6174
448 337 559 397 409

1273 339 1718 399 DILUCIDATIO
1753 340 2056 412 ALTERA,
2100 342 2455 403 BERNARDI
2494 345 2584 402 DE
2621 346 2894 406 RUBEIS.

3642 348 3751 406 “0

449 451 863 526 Martyrologio,
893 452 1092 510 dictam
1123 454 1415 526 aliquando
1436 456 1742 527 Aquileiam
1766 458 2043 515 civitatem
2071 466 2123 527 Α
2150 461 2275 515 mati
2317 477 2457 533 papa
2505 464 2831 532 venerabilis,
2862 465 2919 518 in
2945 463 3196 519 Habacuc
3238 465 3425 520 librum
3455 466 3746 524 scribimus.

451 545 752 604 Romanam
775 588 791 614 ,
831 555 924 602 aut
975 546 1388 615 Romacianam,
1430 560 1524 604 aut
1562 548 1998 607 Romdnicianam
2030 570 2045 608 :

450 656 617 713 quam
646 641 786 697 inira
818 647 1145 698 sententiam
1173 643 1508 714 rejiciemus.
1552 645 1803 701 Occurrit
1834 646 2049 702 demum

448 735 981 803 Portus-Romanus,
997 736 1066 792 de
1096 752 1205 808 quo
1225 737 1588 793 Pliniuslibro
1615 754 1696 806 III,
1710 739 1889 810 capite
1906 740 1974 795 i8
1997 740 2051 795 itt

448 825 704 891 Venetia,
717 824 930 881 decima
946 827 1167 898 regione
1184 829 1370 896 Italiae,
1389 829 1468 884 sic
1479 829 1641 885 habet
1660 846 1672 884 :
1688 829 1905 885 Colonia
1919 831 2052 887 Con-

443 919 653 987 cordia,
684 917 907 974 Flumen
923 930 971 974 et
997 918 1192 974 Portus
1207 921 1521 977 Romulium.
1553 922 1762 978 Dictum
1782 925 1946 980 etiam
1967 924 2049 980 le-

447 1013 629 1085 gimus
651 1011 871 1067 Portum
887 1012 1243 1077 Romulium,
1262 1013 1622 1086 quioppidum
1641 1016 1927 1089 est(hodie
1959 1017 2047 1072 in-

444 1105 583 1161 colis
610 1102 1023 1176 Porto—gruaro)
1047 1104 1115 1159 ad
1141 1105 1450 1161 Romatium
1473 1106 1699 1164 ﬂuvium
1739 1109 1926 1181 (vulgo
1949 1108 2045 1163 Li-

445 1196 615 1269 mino)
640 1196 781 1267 apud
795 1196 1161 1252 Concordiam
1179 1198 1370 1253 urbem
1387 1199 1851 1268 excisam.Quidni
1875 1200 2050 1256 Chro-

449 1290 651 1348 matius
667 1289 847 1345 dictus
860 1288 1025 1345 fuerit
1049 1289 1336 1356 Romanus,
1355 1289 1440 1345 vel
1468 1291 1650 1361 potius
1671 1290 1780 1345 dici
1797 1291 2049 1347 debuerit

447 1383 721 1440 Romatius
735 1392 790 1438 et
806 1381 1113 1436 Romatinus
1130 1382 1324 1451 patria,
1345 1383 1638 1453 episcopus
1653 1382 2047 1454 Aquileiensis?

526 1473 682 1546 151
712 1473 800 1528 Ill.
831 1473 1122 1531 Sacrarum
1157 1473 1563 1544 Scripturarum
1605 1475 1788 1531 studio
1815 1477 2048 1531 maxime

449 1564 835 1623 oblectabatur
879 1565 1248 1630 Chromatius,
1297 1580 1431 1635 quas
1480 1566 1595 1635 ipse
1639 1566 2048 1623 commentariis

443 1659 789 1718 illustravit:
832 1659 1082 1731 aliosque
1130 1659 1478 1715 doctissimos
1504 1660 1650 1715 viros
1698 1661 2044 1716 Ambrosium

446 1762 503 1810 et
525 1751 911 1825 Hieronymum
938 1753 1238 1817 consuluit,
1263 1752 1595 1822 adduxitque
1625 1759 1684 1807 ut
1709 1763 2049 1809 commenta-

2154 554 2273 627 Ipse
2312 552 2663 613 Chromatius
2707 557 3026 615 historicum
3073 568 3129 614 et
3177 559 3467 615 Iitteralem
3518 559 3753 630 petierat

2155 647 2317 718 hujus
2371 650 2674 719 prophetiae
2723 666 2970 718 sensum,
3000 652 3132 707 utin
3164 652 3288 707 libri
3330 653 3487 723 primi
3519 652 3751 723 Prologo

2155 751 2385 797 testatur
2424 742 2788 814 Hieronymus
2814 763 2827 797 :
2855 745 2899 798 A
2928 761 3008 799 me
3033 746 3302 809 violenter,
3336 746 3612 816 inquiens,
3640 745 3750 800 exi-

2152 835 2253 906 gis,
2284 844 2435 889 ut....
2466 835 2734 889 historiam
2765 836 2857 890 tibi
2886 837 3210 906 interpreter.
3246 836 3356 892 Hos
3385 837 3478 893 ille
3508 852 3638 892 suos
3659 851 3751 893 re-

2152 935 2343 983 censet
2364 928 2529 983 libros
2559 929 2738 999 capite
2770 929 2962 984 ultimo
3004 930 3073 985 de
3108 928 3250 984 Viris
3295 928 3623 996 lllustribus,
3655 928 3749 985 ubi

2151 1035 2316 1090 opera
2361 1030 2630 1077 memorat
2670 1037 2789 1092 quae
2835 1023 3113 1092 scripserat
3161 1038 3320 1091 usque
3361 1023 3416 1077 in
3444 1031 3746 1094 praesentem

2151 1128 2366 1178 annum,
2394 1112 2450 1166 id
2487 1122 2561 1167 est
2605 1110 2881 1168 Theodosii
2908 1113 3158 1184 principis
3202 1114 3453 1168 decimum
3483 1123 3744 1185 quartum.

2150 1205 2345 1261 Incidit
2395 1205 2638 1261 decimus
2688 1216 2914 1276 quartus
2962 1206 3254 1262 Theodosii
3313 1221 3489 1262 annus
3533 1207 3586 1261 in
3620 1221 3744 1262 aerae

2149 1301 2385 1371 vulgaris
2411 1316 2613 1356 annum
2631 1300 2759 1366 592,
2779 1316 2843 1356 ac
2867 1301 3060 1372 incipit
3081 1300 3171 1356 die
3190 1301 3255 1357 14
3277 1300 3389 1356 kal.
3420 1300 3744 1367 februarias,

2148 1401 2210 1448 ut
2232 1392 2398 1463 Pagio
2442 1393 2620 1464 placet
2650 1411 2664 1445 :
2701 1392 2843 1448 unde
2885 1393 3177 1465 conscripti
3211 1393 3266 1448 in
3295 1392 3615 1464 prophetam
3643 1393 3748 1449 Ha-

2150 1482 2320 1538 bacuc
2344 1483 2732 1539 Commentarii
2765 1492 2978 1553 tempus
3007 1494 3179 1555 patet.

2220 1576 2467 1631 Latinam
2519 1575 2743 1632 demum
2792 1585 2892 1633 τῶν
2921 1578 3405 1648 Paralipomenon,
3434 1577 3747 1648 postulante

2147 1668 2487 1734 Cltrotnatio,
2544 1670 2853 1725 versionem
2901 1670 3192 1725 adornavit
3240 1670 3638 1743 Hieronymus,
3667 1670 3749 1726 ei-

2148 1761 2382 1832 demque
2412 1765 2745 1833 nuncupavit
2775 1763 3109 1834 Aquileieusi
3138 1763 3421 1834 episcopo.
3453 1763 3545 1820 Sic
3566 1764 3742 1835 ipsum

443 1845 581 1913 rios,
600 1860 909 1915 novamque
940 1846 1164 1900 latinam
1196 1846 1501 1901 versionem
1524 1844 1875 1901 adornarent.
1901 1846 2035 1901 Am-
2070 1851 2117 1910 B
2144 1854 2441 1925 alloquitur
2472 1855 2523 1909 in
2556 1856 2877 1924 prmrauone
2911 1873 2925 1921 ς
2961 1856 3370 1927 δίεεριααρῑηια
3399 1854 3743 1929 [ma-prem";

441 1935 685 1993 brosium
719 1937 979 2005 postulat,
1014 1946 1069 1990 ιιι
1100 1937 1201 1992 sibi
1245 1935 1449 2006 aliquid
1493 1951 1524 1992 e
1550 1937 1723 1992 sacris
1761 1937 2042 1991 codicibus

441 2028 728 2100 epistolari
754 2028 1127 2083 familiaritate
1166 2028 1505 2098 diSputatum
1534 2029 1771 2085 mitteret
1804 2047 1817 2083 :
1855 2030 2043 2100 gessit-

440 2137 548 2193 que
574 2135 782 2176 morem
813 2120 1232 2176 Mediolanensis
1254 2123 1567 2192 episcopus,
1598 2121 1811 2177 delecto
1844 2137 1877 2177 e
1918 2137 2043 2193 pro-

440 2215 627 2287 phetia
651 2214 866 2269 Balaam
886 2224 1229 2285 argumento.
1260 2214 1419 2271 Dedit
1448 2215 1632 2285 itaque
1655 2216 1834 2271 eidem
1865 2216 2043 2273 Chro-

440 2314 614 2368 matio
641 2312 925 2382 epistolam
969 2309 1011 2365 L
1041 2310 1097 2365 in
1127 2310 1368 2366 editione
1406 2310 1734 2374 Nourriana,
1766 2311 1858 2366 ubi
1887 2327 2038 2367 num.

440 2404 533 2472 16,
572 2404 691 2460 hsce
734 2404 850 2474 ejus
879 2406 1045 2460 verba
1106 2404 1380 2461 habentur
1433 2422 1447 2461 :
1511 2404 1625 2459 Hoc
1677 2407 2040 2461 munusculum

439 2507 632 2554 sanctte
651 2498 811 2552 menti
844 2508 947 2552 tua:
978 2499 1268 2565 transmisi,
1288 2499 1377 2568 qui
1409 2499 1486 2553 vis
1510 2516 1590 2554 me
1629 2500 1826 2568 aliquid
1862 2500 1925 2553 de
1950 2516 2038 2554 ve-

440 2599 608 2646 terum
650 2591 960 2662 scriptorum
1020 2590 1535 2660 interpretationibus
1590 2591 1856 2663 paginare.
1913 2589 2040 2646 Sum

438 2694 711 2755 provectas
727 2686 904 2739 artatis
921 2683 1170 2739 meminit
1191 2683 1515 2739 Ambrosius
1539 2700 1552 2736 :
1577 2681 1744 2747 Malo,
1763 2683 2038 2755 inquiens,

441 2775 692 2831 senilibus
714 2776 880 2830 verbis
901 2774 967 2829 de
990 2777 1228 2848 supernis
1261 2774 1413 2831 rebus
1461 2773 1783 2829 Itallucinari
1830 2785 1996 2828 tecum
2017 2792 2039 2841 ,-

438 2869 494 2926 id
514 2878 601 2926 est
620 2869 760 2925 levia
780 2883 845 2925 ac
867 2870 1027 2940 longe
1049 2869 1308 2925 inferiora
1333 2869 1481 2939 loqui
1506 2878 1561 2924 et
1591 2868 1854 2925 scribere.
1888 2869 2039 2925 Hanc

438 2961 620 3018 datam
645 2960 932 3032 epistolam
961 2977 991 3016 a
1018 2976 1151 3018 sene
1199 2961 1491 3016 Ambrosio
1514 2975 1658 3015 anno
1695 2960 1915 3016 circiter
1933 2959 2039 3016 390

439 3062 593 3127 putat
621 3053 909 3111 Nourrius.

508 3149 566 3203 In
591 3148 787 3205 eodem
806 3149 989 3204 studio
1009 3156 1319 3204 consortem
1340 3146 1686 3203 Chromatius
1715 3146 1906 3202 habuit
1932 3147 2038 3202 He-

2145 1964 2298 2019 pura,
2321 1958 2378 2001 ut
2417 1949 2480 2002 ab
2509 1948 2580 2002 eis
2607 1949 2661 2001 in
2689 1964 2911 2019 grtccum
2938 1964 3083 2003 versa
3110 1946 3267 2020 142
3295 1957 3390 2015 est,
3423 1947 3581 2002 editio
3622 1964 3739 2018 per-

2145 2050 2396 2106 maneret,
2425 2042 2686 2112 superﬂue
2710 2057 2809 2106 me,
2841 2039 3479 2110 ChromatiepiscOporum
3522 2040 3746 2094 sanctis-

2144 2132 2272 2187 sime
2299 2143 2451 2202 atque
2492 2132 2809 2198 doctissime,
2838 2130 3133 2203 impelleres
3159 2140 3215 2185 ut
3245 2129 3449 2186 hebrtea
3477 2129 3740 2185 volumina

2146 2223 2307 2278 latino
2357 2239 2588 2278 sermone
2631 2222 2983 2291 transferrem.
3025 2221 3117 2277 Ait
3148 2222 3348 2277 ibidem
3377 2221 3435 2278 S.
3469 2222 3650 2287 Pater,
3678 2234 3740 2277 se

2143 2336 2307 2392 nuper
2323 2321 2590 2381 scripsisse
2608 2319 2792 2373 libram
2815 2318 2878 2372 de
2900 2317 3105 2389 Optimo
3126 2333 3308 2389 genere
3325 2315 3698 2388 interpretandi
3720 2331 3741 2371 :

2144 2413 2287 2483 quod
2332 2411 2664 2482 Opusculum
2709 2411 3027 2479 epistolare,
3068 2408 3420 2463 Pammachio
3461 2420 3743 2477 nuncupa-

2144 2512 2278 2568 tum,
2326 2504 2391 2558 ad
2446 2518 2647 2559 anmnn
2700 2502 2830 2568 596,
2856 2500 3039 2571 judice
3079 2500 3465 2566 Tillemontio,
3506 2504 3738 2569 spectat.

2143 2597 2299 2652 Hunc
2325 2610 2452 2666 ergo
2496 2595 2720 2659 librum,
2748 2595 2839 2664 qui
2898 2608 3062 2664 nuper
3089 2594 3330 2661 scriptus
3375 2591 3595 2656 dicitur,
3645 2604 3742 2646 eo-

2143 2689 2267 2745 dem
2294 2704 2440 2743 anno
2471 2689 2554 2742 vel
2587 2689 2926 2757 insequente,
2955 2685 3136 2740 versio
3161 2693 3261 2741 τῶν
3281 2684 3738 2755 Paralipomenon

2142 2791 2430 2838 001156011ιέ1
2461 2790 2564 2836 εει.

2215 2875 2344 2930 Haec
2363 2883 2489 2929 sunt
2508 2872 2792 2939 doctrinm,
2817 2888 2922 2942 qua
2945 2871 3175 2927 ﬂorebat
3202 2868 3568 2936 Chromatius,
3598 2883 3740 2939 prte-

2141 2967 2288 3022 clara
2338 2966 2692 3022 testimonia:
2746 2965 3031 3035 ipsumque
3083 2963 3347 3017 discimus
3400 2961 3736 3030 praecipuum

2140 3067 2422 3113 auctorem
2454 3056 2789 3129 Hieronymo
2811 3056 2998 3122 luisse,
3021 3064 3081 3109 ut
3106 3054 3362 3110 eximium
3395 3052 3577 3106 latinae
3606 3065 3737 3106 ver-

2140 3150 2311 3207 sionis
2367 3150 2704 3205 voluminum
2739 3148 3091 3204 Hebraeorum
3146 3144 3539 3215 aggrederetur
3575 3155 3737 3212 opus,

435 3240 714 3298 Iiodorum
749 3241 919 3296 Altini
971 3243 1305 3311 episcopum.
1367 3240 1541 3296 Ambo
1583 3240 1803 3295 fuerunt
1849 3235 2108 3298 lliero-C
2142 3243 2429 3313 eidemque
2453 3242 2567 3312 jam
2618 3250 2801 3311 empto
2844 3255 3062 3295 manmn
3115 3237 3358 3291 ultimam
3406 3236 3736 3304 imponeret.

437 3348 603 3405 nymo
623 3340 879 3388 auctores
905 3331 1097 3387 eodem
1147 3332 1371 3386 circiter
1401 3345 1567 3396 anno,
1596 3338 1655 3384 ut
1698 3344 1892 3384 novam
1930 3330 2036 3385 To-

434 3428 542 3485 biae
571 3428 881 3484 versionem
911 3428 1134 3484 latinam
1186 3429 1559 3484 elucubraret.
1586 3427 1882 3500 Utriusque
1912 3442 2037 3496 pre-

435 3534 557 3587 ces,
590 3520 1071 3591 instigationesque
1121 3521 1379 3591 patefacit
1422 3520 1783 3592 Hieronymus
1812 3521 1863 3574 in
1893 3521 2037 3590 ejus-

435 3613 566 3671 dem
611 3615 879 3669 versionis
913 3614 1274 3685 praefatione:
1325 3612 1513 3667 Mirari
1556 3630 1661 3668 non
1703 3613 1905 3679 desino,
1953 3613 2037 3667 in-

433 3708 655 3777 quiens,
709 3709 991 3761 exactionis
1037 3718 1216 3761 vestra:
1250 3708 1577 3762 instantiam.
1625 3705 1852 3779 Exigitis
1876 3708 2033 3773 enim,

434 3808 495 3854 ut
520 3799 710 3854 librant
740 3796 988 3854 Chaldaeo
1038 3814 1273 3854 sermone
1317 3798 1665 3867 conscriptum
1708 3798 1777 3853 ad
1817 3799 2036 3853 latinum

434 3895 629 3965 slglum
656 3896 885 3960 traham,
917 3892 1106 3948 librum
1135 3893 1310 3963 utique
1333 3891 1598 3947 Tobitc....
1634 3889 1764 3946 Feci
1792 3892 1918 3945 satis
1948 3891 2037 3945 de-

434 3985 631 4040 siderio
651 3996 837 4041 vestro.

510 4076 629 4132 Non
667 4078 839 4132 multo
865 4086 987 4147 post
1018 4084 1284 4146 tempore,
1317 4092 1462 4133 anno
1512 4077 1733 4132 circiter
1766 4075 1868 4132 59i
1897 4076 2034 4149 (cal-

436 4171 591 4226 culos
612 4170 947 4227 Tillemontii
976 4167 1196 4240 sequor)
1218 4170 1561 4241 postularunt
1598 4170 1761 4224 iidem
1793 4168 2036 4238 episcopi

434 4264 869 4320 commentarios
910 4264 965 4317 in
999 4264 1316 4332 prepltetias
1362 4262 1524 4324 Osee,
1558 4261 1789 4325 Amosii,
1833 4259 2038 4315 Zacha-

433 4350 557 4424 riae,
585 4365 642 4412 et
670 4355 970 4421 Malachiae,
995 4355 1357 4424 suppeditatis
1384 4353 1629 4424 pecuniis
1669 4351 1737 4406 ad
1784 4361 2038 4421 sumptus

436 4445 771 4501 necessariis
797 4461 1060 4516 :quorum
1092 4445 1213 4499 loco
1243 4443 1391 4500 misit
1411 4442 1621 4499 eisdem
1651 4443 2035 4513 Hieronymus,

436 4553 740 4611 eorumque
767 4539 1079 4595 nominibus
1107 4528 1443 4607 nuncupavit
1470 4536 1696 4592 latinam
1728 4535 2035 4590 versionem

2141 3334 2328 3390 Virum
2355 3335 2589 3390 excelsae
2620 3333 2816 3388 mentis
2833 3332 2951 3405 ipse
2999 3331 3364 3400 Hieronymus
3388 3325 3638 3382 celebrat
3683 3324 3741 3380 in

2138 3429 2418 3500 epitapltio
2462 3427 2748 3496 Nepotiani
2807 3427 2874 3480 ad
2925 3424 3281 3481 Heliodorum
3329 3435 3475 3474 anno
3519 3417 3742 3473 circiter

2140 3520 2246 3577 396
2266 3522 2502 3590 scripto;
2535 3520 2625 3575 ubi
2652 3519 2906 3589 legimus,
2942 3517 3262 3580 Eusebium,
3296 3509 3597 3567 Chromatii
3629 3508 3739 3563 ira.

2139 3624 2302 3681 trem,
2344 3613 2489 3668 diem
2543 3613 2791 3668 ultimum
2839 3611 3148 3665 clausisse:
3193 3609 3245 3662 in
3279 3607 3507 3676 ejusque
3536 3601 3741 3657 dormi-

2139 3708 2289 3762 tione
2318 3704 2702 3760 Fortitudinem
2738 3704 2939 3766 mentis,
2972 3716 3133 3771 quam
3182 3697 3476 3753 Ileliodoro
3520 3694 3741 3749 imitan-

2139 3798 2261 3853 dam
2290 3796 2566 3868 proponit,
2599 3794 2878 3849 ostendisse
2906 3791 3305 3847 Chromatium.

2212 3890 2304 3945 IV.
2337 3889 2562 3945 Oriente
2589 3889 2805 3954 relicto,
2834 3888 3060 3942 Romam
3091 3885 3241 3939 venit
3271 3881 3518 3937 Ruﬁnus.
3552 3879 3741 3934 Romae

2140 3998 2263 4038 cum
2295 3982 2540 4052 degeret,
2572 3981 2819 4047 Macarii,
2850 3979 2951 4034 viri
2980 3977 3175 4032 litteris
3214 3974 3743 4038 addictissimi,‘mo-

2142 4078 2269 4133 nitis
2290 4076 2651 4146 precibusque
2680 4074 2980 4144 impulsus,
3009 4070 3259 4142 Origcnis
3302 4067 3625 4138 Apologiam
3673 4081 3743 4122 ex

2139 4185 2318 4241 graeco
2367 4171 2531 4224 vertit
2560 4168 2613 4221 in
2659 4168 2885 4221 latinum
2928 4178 3275 4229 sermonem,
3309 4161 3590 4231 ediditque
3643 4158 3745 4213 sub

2141 4261 2424 4333 Pamphyli
2457 4259 2708 4331 Martyris
2733 4258 2973 4313 nomine.
3001 4255 3159 4324 Quod
3212 4270 3348 4325 opus
3381 4254 3746 4324 Hieronymus

2142 4356 2197 4410 in
2230 4355 2382 4409 libris
2414 4364 2603 4423 postea
2629 4353 2851 4422 scriptis
2894 4359 3083 4404 contra
3115 4346 3368 4401 Rufinum
3392 4387 3405 4411 ,
3436 4351 3625 4414 aperte
3655 4358 3744 4398 re-

2142 4463 2341 4505 vocans
2390 4447 2531 4518 quod
2566 4457 2723 4501 antea
2774 4446 3072 4514 scripserat
3119 4444 3170 4496 in
3219 4439 3475 4511 Catalogo
3504 4440 3746 4493 virorum

2144 4542 2461 4609 illustrium,
2512 4540 2751 4595 Eusebio
2776 4535 3117 4593 Caesareensi
3170 4533 3586 4604 adjndicaudum
3616 4545 3749 4586 con-

434 4632 888 4693 Proverbiorum.
916 4631 1290 4696 Ecclesiastis,
1313 4639 1369 4686 et
1405 4628 1614 4685 Cantici
1665 4625 2037 4682 Canticorum.
2067 4624 2119 4685 D
2148 4652 2149 4663 ι

2032 4668 2037 4678 ›
2067 4624 2119 4685 Ῐ)
2148 4637 2339 4698 tendit.
2371 4636 2456 4690 vel
2478 4634 2637 4689 alteri
2666 4649 2734 4689 ex
2760 4631 3014 4701 Origenis
3044 4626 3433 4690 sectatoribus;
3462 4625 3595 4695 quin
3629 4624 3747 4677 haec

433 4723 617 4782 Verba
649 4724 980 4780 sanctissimi
1010 4724 1252 4779 doctoris
1283 4722 1401 4777 hmc
1424 4730 1552 4777 sunt
1583 4738 1598 4775 :
1628 4720 2035 4775 Commentarios

432 4819 494 4873 in
518 4818 675 4883 Osee,
707 4820 883 4884 Amos,
912 4828 960 4873 et
982 4817 1318 4880 Zachariam,
1343 4815 1661 4871 Malacltiam
1682 4831 1883 4886 quoque
1917 4830 2036 4883 pos-

435 4912 578 4966 citis.
627 4912 987 4982 Seripsissem,
1017 4914 1064 4967 si
1092 4911 1317 4967 licuisset
1344 4924 1453 4981 pra:
1482 4908 1790 4963 valetudine.
1826 4907 2038 4962 Mittitis

434 5005 627 5061 solatia
655 5014 1008 5077 sumptum...
1039 5002 1228 5074 Itaque
1252 5004 1409 5073 longa
1458 5002 1793 5074 a'grotatione
1818 5005 2033 5071 fractus,

435 5113 504 5152 ne
534 5103 737 5167 penitus
759 5097 858 5151 hoc
877 5114 1016 5152 anno
1036 5099 1327 5161 reticerem,
1361 5103 1410 5150 et
1436 5094 1578 5165 apud
1608 5110 1698 5148 vos
1742 5102 1910 5146 mutus
1960 5108 2040 5145 es-

433 5207 569 5256 sem,
594 5190 757 5245 tridui
785 5207 917 5260 opus
938 5191 1137 5245 nomini
1166 5198 1336 5243 vestro
1370 5186 1662 5242 consecrari
1687 5202 1706 5240 :
1730 5186 2041 5255 interpreta-

438 5285 629 5341 tionem
660 5285 891 5340 videlicet
919 5286 1076 5339 trium
1106 5283 1405 5340 Salomonis
1434 5282 1753 5336 voluminum
1777 5321 1793 5348 ,
1819 5279 2044 5336 Prover-

437 5380 664 5446 biorttm,
689 5377 1041 5441 Ecclesiastis.
1067 5389 1112 5433 et
1139 5378 1362 5434 Cantici.

514 5473 868 5543 Nuncupatos
884 5489 1103 5545 quoque
1118 5471 1434 5527 Chromatio
1461 5471 1693 5543 legimus
1715 5470 1885 5528 libros
1900 5470 2039 5527 duos

438 5563 971 5621 Commentariorum
1011 5566 1064 5621 in
1092 5565 1422 5636 Prophetam
1442 5564 1714 5619 Habacuc.
1744 5562 2037 5633 Prologum

435 5655 564 5713 libri
594 5658 753 5729 primi
797 5657 882 5713 his
911 5658 1096 5715 verbis
1147 5658 1432 5715 exorditur
1463 5657 1826 5729 Hieronymus
1875 5675 1887 5711 :
1924 5656 2044 5712 Pri-

438 5765 606 5831 mum,
638 5750 915 5807 Chromati
935 5753 1294 5831 episcoporum
1317 5752 1629 5818 doctissime,
1657 5752 1787 5806 scire
1803 5767 1896 5806 nos
1922 5768 2044 5806 con-

441 5830 603 5913 sinit,
637 5854 743 5902 etc.
789 5842 1029 5902 Alterius
1080 5843 1292 5902 Initium
1322 5852 1443 5903 est:
1477 5842 1732 5909 Alterum,
1763 5846 1831 5900 ml
1874 5840 2043 5900 ϐῆναι

2145 4729 2460 4800 persuaderi
2512 4725 2696 4797 opinio
2748 4724 2987 4793 potuerit
3022 4719 3228 4775 criticis
3279 4717 3625 4776 hominibus,
3654 4712 3749 4783 qui

2146 4824 2407 4894 majorem
2438 4820 2556 4891 ejus
2584 4816 2869 4888 Apologia:
2904 4823 3114 4884 partem
3145 4828 3244 4881 pro
3266 4810 3575 4867 certissimo
3596 4806 3753 4862 Pam-

2147 4915 2297 4988 pltyli
2353 4915 2612 4984 martyris
2662 4912 2776 4967 fetu
2828 4910 3052 4966 habent.
3104 4908 3159 4963 Id
3215 4908 3415 4963 factum
3471 4919 3608 4960 vero
3646 4919 3746 4960 an-

2147 5025 2218 5066 no
2248 5009 2375 5065 597.

2217 5102 2544 5174 Iusequente
2583 5117 2752 5169 anno,
2781 5101 2952 5157 libros
2981 5102 3103 5179 περὶ
3132 5102 3337 5176 ἀρχῶν,
3377 5095 3600 5152 laudato
3641 5095 3754 5153 Ma-

2141 5196 2292 5253 cario
2337 5196 2681 5261 consulente,
2713 5196 2846 5250 latio
2870 5192 3109 5249 reddidit
3159 5192 3301 5247 idem
3347 5190 3577 5246 Ruﬁnus
3625 5206 3749 5245 cum

2146 5287 2495 5360 praefatione,
2520 5288 2573 5343 in
2596 5303 2701 5359 qua
2728 5287 2882 5342 miris
2907 5285 3157 5341 laudibus
3179 5285 3570 5356 Hieronymum
3589 5296 3751 5338 exor-

2146 5391 2239 5437 nat
2266 5399 2280 5435 :
2306 5389 2599 5453 monetque
2621 5381 2912 5446 lectorem,
2930 5382 2984 5436 in
3007 5395 3103 5436 sua
3134 5380 3302 5435 latina
3324 5378 3579 5434 versione
3599 5374 3746 5445 quod

2147 5477 2200 5530 in
2242 5474 2360 5530 illis
2415 5474 2568 5529 libris
2617 5474 2983 5531 adulteratum
3037 5473 3392 5540 alienumque
3438 5473 3745 5541 putaverat,

2148 5569 2370 5624 omnino
2399 5569 2867 5638 praetermissum;
2898 5575 2991 5622 aut
3015 5564 3314 5621 secundum
3355 5577 3474 5618 eam
3497 5558 3746 5630 regulam

2148 5661 2421 5733 prolatum
2449 5675 2593 5727 esse,
2622 5677 2784 5731 quam
2813 5660 2883 5716 ab
2912 5659 3032 5729 ipso
3082 5659 3316 5727 Origene
3348 5657 3665 5724 frequenter
3696 5653 3752 5707 in

2150 5754 2363 5808 casteria
2390 5751 2649 5822 operibus
2702 5754 2985 5807 invenerat
3011 5756 3399 5825 constitutam;
3434 5763 3498 5803 ac
3523 5746 3627 5802 atia
3658 5745 3763 5802 dce

2152 5852 2300 5899 mum
2325 5852 2432 5897 non
2453 5854 2645 5912 pauca,
2674 5854 2796 5912 quae
2816 5840 3102 5896 obscurius
3128 5836 3275 5893 dicta
3298 5836 3368 5898 ab
3388 5850 3617 5901 auctore
3639 5839 3761 5896 luce
