4344 6174
590 335 689 389 ιιι

1546 334 1635 389 DE
1668 334 1728 391 8.
1770 329 2174 390 CllROMATiO
2212 330 2427 391 EPISC.
2469 332 2913 402 AQUILEIENSI

3768 331 3879 394 “2

586 459 727 511 rant,
754 448 985 503 clariore
1010 464 1173 504 sensu
1207 450 1470 517 exposita.
1501 450 1638 504 liinc
1664 451 1865 518 jactum
1886 448 2175 504 discordiis
2203 451 2249 510 Α
2280 448 2533 502 amicitiai
2579 447 2876 502 custodire.
2927 445 3130 504 Novam
3177 447 3412 516 denique
3453 456 3674 502 sanctus
3717 448 3879 504 Pater

584 556 802 610 pomum
843 553 947 607 est,
977 558 1097 612 qua:
1146 542 1294 595 viros
1343 543 1729 607 amicissimos,
1766 542 2176 613 Hieronymum,

583 647 630 686 et
670 633 940 697 Ruﬁnum,
968 634 1195 687 nimium
1227 635 1526 689 concitavit
1553 651 1567 688 :
1605 635 1973 704 excitavitqne
2003 632 2180 688 Chro-

585 725 832 787 matium,
874 724 1092 794 utrique
1127 724 1584 792 addictissimnm,
1633 737 1690 780 ut
1738 727 1927 781 ambos
1974 727 2181 781 retecto

584 813 835 868 amicitia:
862 815 1070 870 laedere
1094 816 1428 871 conciliaret.

662 906 723 959 V.
753 906 971 962 initium
1002 923 1103 979 ego
1133 908 1366 964 dissidiii
1402 924 1585 975 narro,
1611 924 1723 981 quo
1760 911 2017 965 commoti
2060 911 2179 965 lau-

584 999 855 1054 dntissimi
880 1002 978 1055 viri
1012 1000 1063 1054 in
1094 1001 1269 1070 jnrgia
1302 1002 1539 1069 prolapsi
1561 1012 1705 1067 sunt,
1734 1016 1901 1072 seque
1949 1004 2182 1074 vulgatis

588 1092 836 1160 epistolis
860 1110 921 1147 ac
952 1094 1154 1148 libellis
1184 1104 1375 1149 mutuo
1414 1094 1813 1164 prosciderunt.
1841 1096 1959 1151 Jam
1991 1112 2180 1152 eorum

589 1193 837 1255 tepncrat
866 1194 1082 1239 mutuus
1102 1202 1255 1241 amor
1276 1188 1328 1241 in
1355 1187 1596 1254 Oriente;
1625 1203 1748 1243 cum
1780 1188 2030 1259 dogmata
2057 1188 2183 1244 Orio

586 1280 756 1345 genis,
789 1293 912 1347 quae
945 1294 1142 1350 inagna
1170 1281 1496 1336 videbantur
1520 1284 1572 1336 in
1595 1284 1769 1352 pretio
1792 1284 1991 1339 habere
2018 1284 2177 1339 Joan-

588 1387 687 1424 nes
718 1371 1243 1443 Hierosolymitanus
1272 1384 1329 1429 et
1371 1375 1625 1443 Ruﬁnus,
1664 1377 1902 1430 aversari
1943 1388 2184 1446 coeperat

588 1464 947 1534 Hieronymus
973 1466 1143 1520 veluti
1175 1466 1295 1520 lidei
1317 1467 1643 1522 Christiana:
1674 1468 1909 1522 inimica.
1932 1469 2184 1523 Aterbius

586 1560 809 1630 quidam
842 1561 1231 1631 insequebatur
1253 1577 1319 1617 eo
1343 1562 1561 1616 nomine
1592 1563 1845 1615 Ruﬁnum
1878 1562 2185 1634 Hierosoly-

592 1655 693 1707 mis
725 1674 737 1706 :
772 1656 1000 1725 ipseque
1045 1656 1278 1710 Sanctus
1310 1656 1493 1721 Pater,
1526 1656 1616 1725 qui
1673 1657 1842 1711 veluti
1895 1656 2186 1712 litcreticns

589 1762 654 1801 ex
695 1748 931 1801 amicitia
964 1748 1146 1802 Ruﬁni
1173 1749 1539 1817 judicabatnr,
1574 1764 1726 1802 suam
1773 1764 1954 1802 coram
1982 1751 2186 1818 palam—

2286 543 2549 597 librorum
2580 543 2644 595 de
2674 540 2957 611 Principiis
3004 542 3226 595 molitus
3268 544 3354 596 est
3398 542 3619 595 latinam
3664 543 3878 597 versio-

2286 652 2428 699 nem,
2460 648 2516 689 nt
2545 650 2681 705 quos
2726 647 2914 689 auctor
2954 635 3213 689 docuerat
3260 650 3512 696 errores.
3551 634 3784 704 diligens
3813 649 3878 692 ac

2286 728 2388 781 ﬁda
2418 740 2555 782 nova
2580 728 2864 799 detegeret
2892 728 3292 796 interpretatio.
3315 728 3369 781 in
3394 726 3633 782 furorem
3652 728 3880 783 Ruﬁnus

2282 824 2457 893 agitur
2483 841 2494 877 :
2518 822 2762 893 duosque
2785 822 3177 877 lnveetivarnm
3205 822 3376 877 libros
3394 823 3498 877 hoc
3518 823 3709 878 eodem
3738 830 3880 880 anno

2284 916 2336 969 in
2372 916 2757 986 Hieronymum
2791 915 3109 970 elucubrare
3141 916 3329 984 etrapit,
3360 916 3547 984 quibus
3576 930 3682 969 non
3715 916 3881 974 modo

2284 1008 2567 1074 epistolam
2593 1008 2657 1060 ad
2692 1008 3096 1062 Pammacbinm
3122 1016 3179 1064 et
3195 1007 3470 1062 Oceanum
3495 1006 3698 1070 datam,
3724 1008 3883 1075 cuius

2284 1102 2589 1171 exemplum
2636 1102 2703 1155 ab
2746 1103 2922 1155 amico
2975 1102 3288 1171 Aproniano
3332 1108 3638 1170 acceperat,
3666 1101 3882 1156 acriore

2285 1199 2493 1251 calamo
2521 1197 2758 1250 refutare
2784 1205 3043 1262 conatur;
3074 1204 3261 1250 verum
3291 1196 3455 1250 etiam
3486 1194 3665 1249 eximii
3696 1193 3884 1249 docto-

2288 1290 2363 1342 ris
2403 1287 2837 1342 Commentarios
2879 1289 2929 1341 in
2972 1302 3183 1342 sacram
3229 1286 3570 1357 Scripturam
3620 1286 3883 1342 aculeatis

2287 1381 2533 1436 censuris
2564 1381 2901 1451 perstringit.

2360 1474 2448 1529 Vl.
2482 1473 2707 1529 Dolebat
2734 1472 3079 1528 Chromatius
3107 1470 3371 1541 Aquileia:
3400 1470 3710 1539 episcopus,
3738 1467 3884 1524 viros

2287 1566 2388 1621 sibi
2422 1566 2806 1630 amicissimos,
2837 1574 2999 1634 rupto
3043 1564 3249 1620 laedere
3274 1606 3287 1629 ,
3319 1562 3461 1633 quod
3490 1564 3651 1616 ambo
3681 1570 3755 1616 tot
3788 1576 3886 1617 an-r

2290 1657 2373 1710 nis
2401 1671 2584 1712 amore
2608 1656 2929 1725 coniunctos
2959 1663 3237 1722 tenuerat,
3273 1656 3351 1710 ira
3386 1666 3662 1724 pernmtos
3692 1655 3743 1708 in
3772 1654 3889 1708 dis-

2290 1748 2427 1803 sidia
2454 1764 2631 1803 ruere.
2666 1748 2843 1802 Ruﬁni
2868 1756 3101 1803 mentem
3149 1754 3204 1801 et
3228 1748 3497 1802 calamum
3521 1749 3632 1801 alio
3654 1762 3890 1803 conver-

585 1855 690 1910 qne
719 1841 963 1909 profiteri
998 1841 1377 1896 ortliodoxiam
1414 1842 1605 1904 voluit,
1636 1841 1884 1911 dogmata
1909 1841 2178 1911 Origenis,
2217 1840 2262 1899 B
2292 1851 2405 1897 tere
2433 1842 2672 1896 studuit:
2699 1843 3062 1911 imposuitque
3093 1842 3427 1911 provinciam
3459 1841 3634 1895 cidem
3655 1884 3667 1901 .
3694 1850 3754 1895 ut
3782 1842 3890 1895 Eu.

588 1932 747 1999 cujus
787 1931 1150 1988 eruditionem
1185 1947 1247 1986 sc
1277 1932 1514 1986 studium
1571 1933 1971 2002 Scripturarum
1992 1973 2007 1999 ,
2036 1943 2189 1988 ante-

591 2037 751 2089 quam
784 2024 1033 2077 Interesim
1059 2023 1270 2091 plenius
1302 2034 1502 2091 nosset,
1534 2025 1586 2078 in
1612 2023 1835 2091 juvenili
1880 2025 2186 2096 :etatelau-

593 2114 751 2167 dibus
804 2125 1126 2179 ornaverat,
1174 2123 1363 2184 aperte
1415 2116 1745 2170 damnando.
1799 2116 1971 2170 Simul
2024 2117 2185 2171 etiam

593 2204 948 2274 Epiphanius,
984 2206 1076 2275 qui
1128 2206 1557 2277 Hierosolymam
1616 2215 1874 2269 venerat,
1920 2206 2185 2261 Joannem

589 2298 708 2363 eius
762 2296 911 2351 urbis
962 2297 1275 2364 episcopum
1310 2300 1683 2366 redarguerst,
1716 2307 1997 2368 propterea
2042 2300 2185 2369 quod

588 2388 933 2459 Origenianae
958 2390 1224 2444 doctrina:
1257 2391 1614 2458 patrocinium
1651 2392 1996 2459 largiebatur,
2041 2391 2189 2446 fove-

591 2480 788 2550 batque
817 2481 1115 2536 amicitiam
1157 2497 1279 2536 cum
1339 2482 1554 2537 Ruﬁno.
1602 2483 1674 2536 Ea
1706 2484 1829 2536 data
1875 2484 2184 2548 occasione,

585 2588 708 2628 cum
738 2586 968 2643 utroque
995 2574 1231 2644 jurginm
1270 2572 1425 2647 ιω
1456 2576 1645 2631 habuit
1667 2574 2071 2646 Hieronymus;
2094 2591 2187 2631 ve-

588 2682 705 2720 rum
733 2683 838 2721 non
865 2668 1013 2736 cepit
1043 2669 1377 2722 incrementa
1401 2669 1707 2723 dissidium.
1739 2668 2030 2722 Pristinatn
2062 2683 2184 2723 cum

588 2758 785 2813 Ruﬁno
844 2761 1163 2815 instauravit
1198 2763 1515 2826 amicitiam,
1568 2778 1631 2816 ac
1683 2762 1847 2816 ambo
1888 2763 2189 2831 junxerunt

587 2853 864 2909 dexteras.
900 2855 1026 2909 Hice
1056 2856 1172 2924 ipse
1220 2865 1408 2911 narrat
1432 2857 1612 2912 omnia
1652 2855 2011 2927 Hieronymus
2046 2856 2185 2911 libro

584 2946 651 3002 Ill
680 2957 868 3002 contra
904 2949 1181 3004 Ruﬁnum.

663 3041 879 3095 liissidii
925 3042 1134 3111 sopitos
1179 3042 1332 3111 ignes
1364 3042 1525 3096 latina
1554 3041 1792 3096 excussit
1835 3040 2092 3095 librorum
2122 3041 2188 3094 de

590 3130 869 3203 Principiis
898 3136 1099 3198 versio,
1132 3149 1291 3203 quam
1326 3134 1513 3187 Romae
1539 3133 1899 3187 adornaverat
1933 3131 2181 3186 Ruﬁnus.

2290 1932 2421 1987 sebii
2452 1947 2683 2001 grzccam
2715 1932 2994 1986 historiam
3023 1932 3073 1985 in
3107 1932 3334 1985 latinum
3364 1946 3679 1986 sermonem
3712 1940 3891 1986 trans:

2287 2022 2309 2077 l'
2313 2034 2478 2080 erret.

2359 2115 2544 2169 Paruit
2582 2116 2823 2169 Ruﬁnus.
2870 2115 3040 2186 Digna
3087 2126 3211 2171 sunt
3255 2115 3890 2183 aniniadversione,qnte

2289 2206 2502 2261 disserit
2551 2207 2602 2259 in
2637 2208 2953 2275 prrelatione
2977 2227 2989 2260 :
3017 2206 3347 2273 Peritorum,
3385 2207 3636 2275 inquiens
3665 2247 3677 2269 ,
3710 2207 3891 2261 dicunt

2289 2316 2397 2353 esse
2431 2300 2761 2365 medicorum,
2792 2301 2878 2353 ubi
2918 2302 3185 2353 imminere
3222 2300 3431 2353 urbibus
3475 2300 3552 2353 uel
3594 2299 3890 2368 regionibus

2289 2394 2552 2462 generales
2596 2393 2814 2446 viderint
2861 2392 3090 2451 morbos.
3125 2394 3393 2461 providere
3420 2392 3630 2462 aliquod
3663 2390 3891 2444 medica-

2289 2486 2465 2547 menti,
2512 2487 2590 2540 vel
2636 2488 2802 2555 poculi
2852 2504 3048 2555 genus,
3079 2502 3179 2554 quo
3227 2486 3522 2557 prtemuniti
3553 2485 3785 2538 homines
3823 2484 3888 2536 ab

2287 2578 2575 2632 imminenti
2604 2578 2946 2647 defenduntur
2987 2578 3164 2632 exitio.
3214 2576 3367 2643 Quod
3401 2587 3455 2629 tu
3482 2591 3700 2642 quoque,
3732 2590 3888 2627 vene-

2288 2671 2450 2724 rande
2478 2680 2622 2742 pater
2649 2669 2933 2735 Chromati,
2959 2669 3227 2723 medicinas
3247 2684 3524 2737 exsequens
3553 2682 3736 2738 genus,
3762 2675 3889 2719 tem-

2292 2780 2415 2830 pore
2452 2780 2587 2831 quo,
2625 2764 2850 2834 diruptis
2894 2762 3067 2817 Italica
3111 2764 3347 2817 claustris
3392 2763 3454 2815 ab
3496 2761 3703 2814 Alarico
3751 2760 3887 2813 duca

2289 2856 2577 2911 Gathorum
2597 2900 2611 2921 ,
2640 2874 2694 2911 se
2736 2858 2950 2929 pestifer
2996 2859 3207 2912 morbus
3254 2858 3480 2927 infudit,
3511 2868 3557 2909 et
3587 2870 3760 2926 agros,
3793 2868 3881 2907 ar-

2289 2958 2477 3012 menta,
2505 2950 2643 3002 viros
2675 2949 2825 3020 longe
2856 2949 3056 3017 lateque
3084 2949 3326 3007 vastavit.
3361 2946 3569 3017 papulis
3593 2961 3624 2998 α
3656 2945 3765 2999 Deo
3790 2943 3882 2999 tibi

2286 3041 2570 3093 commissis
2593 3040 2769 3109 feralis
2799 3040 2943 3093 exitii
2970 3040 3179 3105 aliquod
3202 3039 3479 3092 remedium
3503 3052 3757 3107 quaerens,
3791 3050 3885 3105 per

2286 3132 2425 3199 quod
2442 3147 2597 3202 segne
2625 3141 2813 3185 mentes
2842 3134 2907 3185 ab
2934 3133 3219 3204 ingruentis
3247 3133 3370 3185 ntali
3405 3128 3562 3202 ια
3581 3130 3887 3201 contagione

588 3222 736 3290 Opus
777 3226 949 3292 ipsum
995 3225 1240 3293 plerique
1286 3224 1751 3285 exsecrabantur,
1780 3223 1925 3292 quod
1977 3223 2097 3276 aliis
2129 3224 2181 3277 in
2211 3222 2254 3281 (Ι
2288 3223 2560 3276 subtractae
2588 3221 2882 3275 melioribus
2913 3232 3178 3291 occupata:
3218 3223 3402 3275 studiis
3447 3230 3734 3275 tenerentur
3754 3261 3768 3284 ,
3800 3224 3888 3273 tn-

586 3314 969 3370 oll‘etnlicnlum
1003 3315 1123 3370 fore
1154 3316 1416 3371 timebant
1462 3336 1477 3371 :
1518 3316 1928 3387 arguebantque
1958 3316 2183 3370 latinum

590 3408 970 3476 Interpretcm.
996 3409 1145 3463 Tune
1166 3416 1310 3463 enim
1336 3409 1697 3480 Hieronymus
1724 3409 1799 3464 ait
1821 3411 1872 3461 in
1898 3407 2186 3477 Epitaphio

593 3500 861 3554 Marcella:
885 3501 950 3554 ad
987 3500 1340 3571 Principiam,
1386 3500 1581 3554 Nauem
1609 3502 1814 3572 plenam
1841 3498 2188 3571 blasphemia-

585 3608 698 3643 rum
740 3592 995 3646 Rulinunt
1051 3594 1282 3647 Romano
1320 3594 1552 3646 intulisse
1592 3594 1781 3661 portui.
1833 3591 2184 3649 Adversario-

587 3699 729 3750 rum,
761 3686 905 3739 inter
948 3700 1085 3755 quos
1120 3702 1363 3740 tnetnoro
1414 3692 1424 3737 l
1455 3686 1702 3739 usebium
1734 3683 2183 3748 Cremonensem,

588 3775 993 3830 Panunacliium
1027 3787 1081 3831 et
1112 3777 1426 3831 Marcellam
1453 3819 1467 3841 ,
1519 3778 1769 3847 querelas
1799 3786 1857 3831 nt
1886 3775 2189 3831 declinaret

588 3869 677 3921 ille
704 3908 717 3928 .
760 3866 1065 3937 Aquileiam
1114 3884 1342 3938 pergere
1390 3868 1673 3924 constituit
1713 3884 1725 3919 :
1767 3867 2186 3936 impetravitque

591 3975 618 4008 a
650 3958 845 4013 Siricio
880 3976 1013 4028 papa
1059 3961 1269 4014 litteras
1301 3960 1703 4017 ecclesiasticas
1729 4000 1744 4025 ,
1777 3961 1969 4026 quibus
1998 3958 2066 4013 de
2097 3974 2188 4014 or-

591 4050 829 4103 thodoxa
865 4054 915 4104 in
950 4052 1239 4123 longinqua
1272 4053 1737 4123 peregrinantium
1772 4052 1877 4107 ﬁde
1905 4068 2002 4121 pro
2035 4066 2186 4107 more

590 4142 736 4196 illitis
779 4144 879 4197 aevi
926 4145 1295 4199 te~timoninm
1350 4144 1699 4200 reddebatur.
1754 4144 1934 4199 Siricii
1992 4157 2186 4213 nempe

554 4250 555 4253 ‘
590 4237 909 4307 simplicitati
935 4238 1163 4294 illusisse
1191 4238 1463 4305 Ruﬁnum,
1500 4239 1835 4309 Hieronymo
1860 4240 2056 4306 placet.

665 4328 811 4383 Obiit
856 4330 1083 4384 Siricius
1132 4346 1277 4384 anno
1321 4330 1460 4395 598,
1494 4330 1585 4385 die
1629 4330 1702 4385 ‘26
1752 4330 2096 4393 novembris,
2128 4336 2188 4386 ut

593 4419 790 4487 Pagius
822 4420 1020 4489 aliique
1052 4421 1282 4489 probant
1308 4440 1320 4475 :
1344 4421 1589 4491 adeoque
1619 4421 1778 4492 paulo
1814 4432 1975 4478 antea
2014 4422 2185 4478 Roma

592 4522 895 4567 secesserat
928 4512 1173 4567 Ruﬁnus.
1223 4512 1528 4569 Mediolano
1559 4515 1876 4583 pertransit,
1908 4513 1996 4568 ubi
2030 4529 2185 4582 rege-

593 4606 681 4661 bat
715 4607 1013 4663 Ecclesium
1047 4606 1428 4678 Simplicianua

592 4701 812 4755 brorum
836 4705 957 4779 περὶ
978 4705 1160 4779 ἀρχῶν
1188 4703 1462 4758 sententia
1483 4704 1834 4772 qnzrstionem
1858 4716 1917 4756 se
1935 4702 2190 4759 habuisse

592 4809 713 4847 cum
750 4796 983 4849 Eusebio
1009 4797 1261 4860 superius
1294 4797 1529 4863 laudato,
1558 4800 1670 4867 ipse
1705 4807 1931 4851 testatur
1963 4796 2190 4852 Ruﬁnus

590 4884 732 4939 libro
760 4903 774 4940 ι
806 4886 1202 4942 Invectivarum
1237 4890 1288 4943 in
1322 4889 1731 4960 Hieronymum.
1764 4888 2067 4961 Aquileiam
2097 4889 2190 4944 de-

594 4976 755 5043 nith
804 4980 1053 5045 pervenit
1097 4991 1189 5034 aut
1235 4982 1425 5035 eodem
1475 4998 1616 5036 anno
1661 4981 1892 5038 cadente
1926 4981 2065 5049 598,
2098 4991 2192 5038 aut.

592 5073 816 5126 ineunte
853 5084 1141 5145 coeptoque
1168 5075 1294 5132 399.
1346 5077 1424 5131 De
1474 5078 1555 5131 bis
1597 5077 1847 5134 onmibns
1890 5078 2090 5133 certior
2121 5076 2189 5132 ab

591 5166 782 5221 amicis
810 5166 983 5223 lactus
1014 5170 1373 5241 llicronymus
1396 5210 1410 5235 ,
1437 5171 1721 5239 epistolam
1755 5170 1991 5225 reddidit
2030 5170 2193 5224 Pam-

594 5261 809 5315 machio
835 5273 886 5317 et
918 5262 1167 5318 Oceano:
1196 5264 1247 5318 in
1278 5280 1449 5332 eaque
1475 5264 1782 5320 luculenter
1811 5263 2062 5331 exponit,
2082 5278 2192 5333 quo

593 5355 786 5424 legerit
831 5356 1013 5411 animo
1059 5357 1468 5427 laudaveritqne
1510 5357 1794 5425 Origenem
1820 5397 1834 5420 ,
1867 5356 2189 5411 aemulorum

594 5445 791 5502 refellit
820 5448 1157 5511 calumnias,
1187 5448 1451 5515 diluitque
1493 5446 1835 5515 suspiciones
1865 5445 2144 5503 hominum
2172 5484 2189 5512 ,

591 5540 967 5609 plurimosque
1009 5540 1259 5610 Origenis
1308 5554 1530 5594 errores
1577 5538 1773 5605 prodit.
1830 5537 1985 5591 Dedit
2024 5537 2186 5592 aliam

588 5631 807 5695 Ruﬁno,
834 5647 992 5700 quem
1019 5631 1168 5700 gravi
1199 5633 1450 5698 seriaque
1482 5631 1737 5687 admouet
1769 5627 1931 5699 Slle,
1960 5627 2104 5682 nolle
2127 5642 2187 5685 sa

585 5724 837 5793 Origenis
880 5740 1040 5780 causa
1092 5723 1319 5789 laudari,
1360 5721 1514 5792 cujus
1555 5724 1695 5777 mala
1742 5721 1994 5789 dogmata
2024 5733 2187 5774 exse-

591 5817 847 5879 crsbalut‘
875 5825 1071 5890 :atque
1112 5819 1282 5879 satius
1310 5832 1458 5891 esse,
1493 5818 1537 5876 si
1562 5817 1685 5896 jura
1712 5815 1841 5879 velit
1872 5815 2187 5877 inatauratts

2281 3313 2466 3383 jungis
2516 3311 2683 3378 mihi,
2716 3322 2771 3365 ut
2818 3315 3214 3366 ecclesiasticam
3262 3306 3567 3377 historiam,
3608 3328 3763 3381 quam
3804 3312 3885 3365 vir

2288 3404 2664 3458 eruditissimus
2722 3403 2974 3459 Eusebius
3032 3404 3369 3458 Cwsareensis
3424 3419 3592 3472 graeco
3651 3418 3887 3458 sermone

2288 3497 2614 3563 conscripsit,
2644 3496 2698 3549 in
2739 3496 2957 3549 latinum
2988 3506 3177 3549 certam
3207 3498 3393 3567 :cujus
3425 3496 3641 3549 lectione
3683 3496 3887 3551 animus

2288 3588 2609 3642 audientium
2670 3588 2902 3651 vinctus,
2951 3589 3073 3642 dum
3128 3588 3365 3643 notitiam
3410 3604 3581 3642 rerum
3627 3598 3886 3658 gestarum

2288 3684 2486 3739 avidius
2523 3684 2681 3751 petit,
2711 3682 3010 3737 oblivionem
3057 3681 3437 3747 quodammodo
3481 3682 3731 3735 malorum
3770 3695 3888 3747 qut:

2288 3786 2604 3846 gererentur,
2637 3776 2911 3843 acciperet.
2942 3774 3280 3829 Provinciam
3312 3774 3616 3844 impositam
3646 3772 3891 3841 explevit

2289 3867 2538 3933 Ruﬁnus,
2569 3868 2767 3923 additis
2811 3867 3132 3923 Eusebiana:
3180 3867 3420 3921 historias
3457 3865 3663 3921 duobus
3709 3866 3886 3933 libris,

2289 3960 2507 4028 proprio
2540 3970 2710 4012 marte
2739 3959 3085 4012 elucubratis.
3130 3958 3314 4028 Neque
3345 3970 3520 4013 tamen
3543 3998 3558 4023 ,
3586 3957 3714 4012 dum
3742 3957 3889 4014 hanc

2288 4060 2526 4117 spartam
2558 4052 2879 4114 adornabat,
2902 4052 3084 4106 mitior
3104 4067 3229 4119 erga
3257 4051 3639 4122 Hieronymum
3663 4049 3888 4105 allectus

2289 4151 2371 4197 est
2399 4161 2410 4195 :
2439 4144 2631 4212 emptis
2660 4131 3057 4198 Invectivarnm
3101 4143 3256 4198 libris
3289 4143 3505 4198 insimul
3536 4142 3889 4198 conscriben-

2289 4236 2371 4291 dis
2401 4236 2708 4302 insudabut,
2740 4252 2877 4307 quos
2906 4253 3048 4290 attno
3072 4237 3173 4291 401
3210 4235 3468 4305 vulgavit.

2365 4331 2472 4385 Vll.
2521 4330 2701 4385 Ruﬁni
2733 4331 2893 4384 allata
2924 4330 3089 4385 verba
3125 4330 3352 4399 primam
3392 4327 3654 4383 exhibent
3690 4325 3889 4384 Alarici

2288 4423 2588 4479 Gothorum
2640 4424 2782 4489 regis
2829 4422 3183 4492 irruptionetn
3219 4423 3269 4476 itt
3304 4421 3508 4475 Italiam
3535 4461 3552 4485 ,
3579 4435 3643 4475 ac
3674 4429 3886 4487 tempus

2288 4528 2340 4570 et
2365 4531 2562 4570 annum
2594 4516 2924 4585 patefaciunt
2949 4557 2962 4578 ,
2997 4530 3105 4585 quo
3133 4514 3248 4582 ipse
3281 4514 3331 4568 in
3368 4513 3687 4568 Eusebianm
3712 4512 3885 4565 histo-

1472 4627 1486 4664 :
1525 4607 1704 4677 ibique
1750 4607 1819 4662 de
1849 4606 2079 4676 quadam
2125 4606 2185 4660 li-
2212 4608 2265 4666 D
2293 4607 2386 4660 riae
2422 4609 2726 4661 versionem
2761 4607 3124 4662 incumbebat.
3160 4606 3394 4674 Prosper
3420 4605 3471 4659 in
3500 4603 3757 4657 chronica
3785 4600 3888 4659 sub

2291 4700 2585 4754 consulibus
2632 4700 2884 4754 Stilicone
2931 4708 2976 4753 et
3018 4699 3331 4762 Aureliano,
3376 4696 3470 4767 qui
3509 4710 3706 4750 annum
3760 4708 3887 4749 term

2290 4793 2602 4846 citris‘linnu:
2647 4792 2757 4846 400
2785 4800 3154 4857 aperuerunt,
3192 4790 3309 4845 haec
3356 4789 3519 4845 habet
3548 4787 3708 4843 verba
3737 4803 3750 4841 ε
3778 4786 3890 4842 Go-

2294 4883 2367 4937 tlti
2396 4882 2609 4937 Italiam
2635 4923 2648 4947 ,
2678 4884 2886 4937 Alarico
2915 4891 2965 4939 et
3005 4881 3295 4951 Radagaiso
3338 4879 3551 4935 ducibus
3571 4919 3584 4942 ,
3626 4877 3844 4948 ingressi
3866 4892 3888 4941 ς

2293 4976 2533 5045 itemque
2560 4976 2662 5030 sub
2693 4976 2980 5031 consulam
3029 4974 3241 5029 Arcadii
3276 4973 3311 5029 ν
3344 4981 3389 5025 ct
3423 4971 3645 5025 Honorii
3679 4969 3714 5023 V
3744 4982 3888 5025 anno

2289 5066 2488 5123 Citriin
2534 5068 2639 5123 402
2676 5068 2930 5123 Adversus
2979 5066 3173 5123 Gothos
3214 5066 3559 5130 velletneuter,
3618 5063 3887 5132 utriusque

2292 5162 2453 5227 partis
2482 5160 2630 5215 clude
2656 5202 2670 5224 ,
2714 5159 2993 5237 Pollentia:
3024 5158 3165 5229 (quae
3198 5156 3431 5227 Liguriae
3461 5155 3716 5225 oppidum
3746 5150 3887 5224 erat)

2293 5264 2577 5323 pugnatum
2614 5264 2720 5319 est;
2751 5254 3114 5323 migrat/itque
3160 5253 3211 5307 in
3268 5250 3572 5307 Pannonias
3617 5248 3884 5306 Alaricus.

2291 5344 2650 5416 Irruptioncm
2679 5346 2967 5416 Radagaisi
3000 5346 3156 5400 simul
3184 5360 3304 5400 cum
3339 5342 3552 5397 Alarico
3590 5357 3694 5397 non
3730 5340 3886 5409 pauci

2292 5438 2623 5495 inﬁciantur.
2653 5440 2849 5494 Putant
2878 5439 2991 5505 alii,
3020 5439 3292 5495 Alarienm
3320 5451 3463 5492 anno
3497 5435 3591 5491 l0!
3632 5442 3888 5501 provecto

2294 5532 2345 5586 in
2372 5532 2678 5588 Pannonias
2703 5547 3035 5601 regressum,
3072 5532 3266 5586 iterum
3294 5532 3615 5598 insequente
3638 5541 3782 5581 anno
3814 5526 3889 5578 ir-

2292 5629 2504 5697 rupisse
2544 5627 2595 5682 in
2626 5626 2851 5681 Italiam.
2878 5626 3113 5694 Pugnant
3143 5638 3358 5693 quoque
3388 5622 3452 5677 ad
3474 5619 3797 5675 Pollentiam
3818 5617 3887 5672 ad

2291 5735 2491 5775 annum
2518 5718 2626 5775 405
2651 5718 2907 5775 dilTernnt
2932 5726 3015 5772 :et
3037 5731 3181 5771 auito
3202 5717 3450 5785 sequenti
3477 5714 3688 5783 illigant
3708 5710 3888 5767 Rada-

2287 5812 2421 5888 gaisi
2441 5812 2767 5885 ingressum,
2786 5817 2843 5870 ut
2858 5808 3039 5883 etipse
3064 5806 3312 5881 regiones
3340 5805 3509 5865 Italiae
3527 5806 3889 5885 pet-tentaret.
