4344 6174
587 330 696 390 Ηῦ

1549 327 1640 383 DE
1679 326 1740 383 5.
1778 323 2185 382 CHROMATIO
2223 321 2438 380 EPISC.
2480 317 2922 390 AQUILEIENSI

3780 312 3885 370 “6

661 445 749 501 Ill.
791 444 918 501 Haec
946 444 1184 500 Joannes
1216 440 1742 512 Hierosolymitanus
1773 454 1894 494 cum
1936 437 2180 506 accepis-
2209 439 2260 498 Α
2285 432 2564 488 Romanus
2591 430 2852 500 pontifex.
2906 427 3211 498 Approhat,
3256 426 3304 480 si
3351 423 3580 480 Ruﬁnus
3621 423 3886 493 interpres

588 546 693 603 set,
720 537 1065 593 Anastasium
1087 535 1325 591 consulit
1346 549 1442 604 per
1462 535 1777 604 epistolam,
1804 548 1930 587 num
1957 531 2184 587 Ruﬁnus

591 631 663 687 ob
683 645 873 685 versos
899 645 929 684 e
951 644 1134 699 graeco
1167 629 1220 684 in
1253 629 1480 684 latinum
1503 642 1816 682 sermonem
1843 641 1988 696 saepe
2010 627 2184 680 dictos

589 723 760 779 libros
781 723 846 776 de
866 721 1176 794 Principiis,
1201 721 1543 776 damnandus
1565 720 1745 774 esset?
1771 718 1966 774 Reddit
1987 718 2183 772 Joanni

586 815 872 884 epistolam
901 830 1044 868 anno
1069 813 1170 871 401
1201 814 1542 878 Anastasius,
1571 813 1662 881 qui
1687 810 1934 882 Origenis
1965 826 2181 865 causam

584 904 871 975 disnnguit
913 920 944 957 a
979 920 1147 960 causa
1185 904 1387 968 Ruﬁni,
1433 914 1486 958 et
1531 903 1669 956 hanc
1712 903 1900 956 divino
1941 909 2187 956 reservat

581 995 809 1066 judicio.
857 995 1135 1051 Pontiﬁcis
1171 1006 1410 1050 mentem
1438 1009 1503 1049 ex
1534 993 1777 1063 ejusdem
1809 993 2042 1062 epistola
2071 991 2186 1046 col-

583 1087 716 1158 ligo,
747 1102 910 1157 quam
942 1102 1141 1142 severo
1172 1087 1306 1140 inito
1333 1085 1581 1140 examine
1612 1085 1805 1139 Petrus
1834 1082 2186 1138 Constantius

585 1181 778 1236 tomol
805 1182 1170 1252 Epistolarum
1199 1195 1550 1235 romanorum
1576 1180 1894 1249 pontiﬁcum
1924 1179 2183 1247 illustrat,

585 1270 814 1327 Joannis
854 1270 1102 1326 Garnerii
1142 1271 1382 1326 editione
1411 1285 1477 1324 ac
1512 1271 1783 1325 sententia
1822 1270 2058 1338 rejectis.
2096 1269 2186 1324 Sic

587 1363 757 1419 habet
791 1379 922 1418 vero
952 1379 1100 1418 num.
1128 1363 1164 1417 2
1198 1374 1251 1418 et
1282 1365 1316 1418 5
1349 1380 1362 1416 :
1395 1362 1648 1432 Ruﬁnus,
1677 1361 1741 1416 de
1770 1379 1870 1432 quo
1899 1378 1978 1415 me
2005 1378 2188 1414 consu-

589 1459 696 1512 lere
721 1459 965 1528 dignatus
995 1475 1069 1522 es,
1110 1458 1434 1512 conscientia:
1468 1473 1575 1511 sure
1612 1457 1838 1510 divinam
1864 1456 2015 1510 habet
2043 1456 2187 1508 arbi-

588 1558 723 1604 tram
769 1549 1130 1622 Majestatem,
1177 1549 1318 1621 apud
1365 1566 1520 1618 quam
1557 1565 1610 1603 se
1654 1549 1854 1620 integro
1905 1547 2190 1602 devotionis

596 1643 775 1714 ofﬁcio
796 1643 905 1711 ipse
926 1642 1133 1710 viderit,
1159 1641 1385 1712 qualiter
1407 1641 1581 1695 debeat
1602 1639 1910 1710 approbare.
1944 1639 2188 1709 Origenes

591 1745 785 1798 atttem,
817 1735 968 1804 cujus
993 1736 1048 1788 in
1080 1744 1312 1788 nostram
1340 1735 1572 1805 linguam
1603 1734 1886 1803 composita
1912 1733 2184 1798 derivavit,

2287 529 2511 582 damnet
2535 524 2849 588 Auctorem,
2879 522 3107 592 ejusque
3137 521 3321 590 iniqua
3352 520 3605 590 dogmata
3634 532 3888 574 exsecre-

2287 629 2412 676 tur:
2447 618 2734 674 anathema
2767 615 2898 680 l‘ert,
2933 615 2976 669 si
3002 612 3889 683 dogmatibusOrigenianislatine

2290 714 2519 770 redditis
2550 725 2878 766 consensum
2909 715 3149 778 praestet.

2359 807 2559 860 Eadem
2609 803 2775 856 utitur
2823 800 3145 855 Anastasius
3174 799 3480 855 oeconomia
3512 813 3661 853 uuln.
3695 799 3762 863 5,
3796 797 3890 854 ubi

2288 900 2522 970 primum
2548 897 2860 967 multiplicis
2882 897 3083 950 erroris
3107 894 3332 948 damnat
3355 892 3645 963 Origenem
3671 910 3683 945 :
3711 891 3890 961 deque

2287 991 2467 1047 Ruﬁni
2509 990 2839 1046 conscientia
2864 1031 2878 1053 ,
2922 988 3258 1056 consilioque
3288 1000 3348 1040 se
3374 985 3553 1040 minus
3595 984 3891 1040 sollicitum

2289 1087 2490 1156 prmhet
2520 1103 2531 1138 :
2566 1085 2729 1149 Absit,
2765 1082 2959 1152 inquit,
3006 1080 3104 1133 hoc
3134 1078 3197 1132 ab
3245 1077 3495 1132 Ecclesia:
3523 1077 3774 1132 Romana:
3802 1093 3891 1132 ca-

2290 1181 2479 1234 tholica
2509 1179 2809 1247 disciplina.
2846 1175 3146 1245 Numquam
3186 1175 3413 1243 profecto
3446 1174 3675 1236 eveniet,
3713 1172 3891 1242 aliqua

2291 1283 2344 1326 ut
2376 1274 2485 1327 lttec
2513 1269 2788 1341 (Origenis
2819 1269 3095 1339 dogmata)
3125 1269 3461 1321 admittamus
3509 1267 3736 1333 ratione,
3774 1281 3892 1338 quae

2279 1366 2406 1436 jure
2435 1364 2712 1432 meritoque
2737 1361 3065 1414 damnamus.
3117 1359 3444 1430 Quapropter
3493 1358 3587 1412 illa
3632 1367 3738 1411 toto
3773 1357 3891 1411 orbe

2292 1457 2483 1512 Citriin
2512 1455 2607 1509 Dei
2637 1455 2801 1508 nostri
2827 1454 3025 1522 diffusa
3057 1452 3381 1522 providentia
3412 1453 3630 1522 probare
3657 1449 3892 1522 dignabi-

2291 1561 2397 1615 tur,
2429 1551 2663 1621 accipere
2709 1565 2800 1602 nos
2853 1548 3064 1600 omnino
3105 1563 3212 1601 non
3253 1562 3407 1618 posse
3447 1562 3560 1616 qua:
3602 1543 3894 1599 Ecclesium

2293 1645 2570 1706 maculent,
2610 1642 2852 1712 probatos
2893 1656 3058 1693 mores
3098 1647 3344 1703 evertant,
3376 1654 3528 1692 aures
3554 1639 3893 1692 circumstan-

2293 1737 2424 1790 tium
2441 1736 2728 1800 vulnerent,
2742 1736 2944 1807 jurgia,
2965 1737 3092 1799 iras,
3113 1733 3556 1801 dissensionesque
3577 1731 3891 1799 disponant:

595 1836 748 1880 antea
798 1837 845 1880 et
885 1827 996 1894 quis
1043 1826 1244 1892 fuerit,
1294 1835 1344 1880 et
1389 1827 1441 1878 in
1490 1842 1606 1896 quae
1661 1825 1964 1893 processerit
2017 1823 2185 1890 verba,
2223 1829 2310 1887 Β(

2178 1867 2185 1889 .
2223 1829 2270 1887 Β
2296 1845 2416 1900 quae
2443 1839 2569 1884 sunt
2597 1828 2934 1883 exsecranda
2965 1827 3214 1896 Ortgcnis
3240 1827 3555 1896 dogmatnm
3589 1824 3752 1879 veluti
3793 1837 3893 1893 ge-

598 1931 832 1976 nostrum
875 1922 1202 1990 propositum
1243 1921 1421 1974 nescit.
1465 1919 1622 1987 Quod
1659 1935 1778 1972 vero
1808 1920 1872 1972 sit
1903 1919 2065 1972 animi
2092 1919 2195 1972 ntei

597 2014 848 2078 studium,
884 2011 1037 2084 147
1065 2029 1178 2066 cum
1205 2022 1294 2065 tua
1323 2014 1594 2081 paulisper
1621 2029 1777 2080 super
1805 2012 1902 2064 hoc
1932 2014 2194 2081 conferam

599 2105 908 2162 Sanctitate.
941 2105 990 2158 Η
999 2122 1057 2159 oc
1073 2107 1235 2178 igitur
1257 2118 1422 2160 mente
1436 2107 1669 2176 concepi,
1695 2107 1830 2177 quod
1853 2107 1991 2160 urbis
2008 2117 2198 2160 nostrw

598 2198 806 2272 papulis
834 2199 898 2252 de
925 2199 1190 2254 translatis
1220 2199 1462 2270 Origenis
1483 2201 1639 2254 lectio
1659 2201 1901 2270 patefecit
1925 2216 1944 2254 :
1972 2199 2197 2270 quadam

598 2294 745 2364 puris
792 2293 1042 2348 mentibus
1082 2298 1220 2348 velut
1255 2292 1442 2348 nebula
1484 2295 1730 2348 cwcitatis
1768 2296 1960 2366 injecta
1986 2337 1999 2358 ,
2043 2295 2198 2362 [idem

598 2389 970 2458 Apostolorum
1015 2399 1075 2446 et.
1110 2388 1374 2458 Majorum
1419 2389 1695 2442 traditione
1740 2389 2022 2458 ﬁrmatam,
2066 2387 2200 2443 velut

595 2480 755 2532 deviis
781 2481 1123 2546 anfractibus,
1155 2481 1304 2534 illum
1332 2481 1557 2534 voluisse
1587 2481 1887 2536 dissolvere.
1925 2481 2036 2536 Hoc
2067 2489 2154 2535 est
2185 2499 2198 2534 :

595 2573 756 2627 aliam
789 2574 1038 2642 Origeuis
1061 2589 1280 2628 causam
1311 2589 1432 2628 esse
1454 2573 1633 2640 docet,
1664 2575 1826 2628 aliam
1859 2575 2060 2629 Ruﬁni.
2094 2574 2201 2628 Hn-

595 2663 686 2734 jus
723 2665 1074 2719 conscientia:
1118 2664 1258 2734 apud
1295 2665 1556 2720 arbitram
1592 2665 1827 2719 divinam
1865 2666 2200 2735 Majestatem

601 2757 905 2811 notissimae
931 2757 1346 2828 relinquendum
1379 2758 1664 2812 consilium
1693 2769 1881 2813 censet
1907 2800 1921 2823 ,
1949 2773 2056 2828 quo
2085 2759 2204 2812 lati-

604 2863 728 2903 nam
745 2850 993 2918 Origenis
1019 2849 1831 2917 interpretationemexsecutus
1854 2853 2042 2918 fuerit;
2062 2850 2204 2906 unde

600 2940 862 3012 judicium
887 2942 953 2996 de
974 2941 1172 2996 Ruﬁno
1199 2942 1429 2996 sustinet
1450 2944 1788 2998 Anastasius.
1815 2945 1946 3012 Qure
1970 2960 2204 3014 sequun-

604 3041 695 3086 tur
725 3033 791 3086 de
819 3033 1077 3102 Origene,
1111 3033 1252 3088 hunc
1282 3050 1504 3090 sensum
1530 3035 1764 3090 efferunt
1800 3055 1813 3090 :
1839 3037 1976 3091 Cum
2005 3052 2203 3104 sceptts

607 3132 795 3178 noster
824 3123 894 3178 sit
923 3127 991 3179 de
1032 3126 1254 3181 nomine
1290 3127 1492 3192 Ruﬁni,
1532 3127 1598 3182 de
1627 3143 1734 3197 quo
1767 3143 1873 3182 uno
1913 3145 1942 3182 a
1986 3139 2037 3183 te
2075 3145 2204 3185 con-

2297 1941 2451 1980 nera.
2488 1924 2604 1990 Qua
2628 1940 2684 1977 re
2710 1924 2866 1984 moti,
2895 1923 3098 1991 qualem
3141 1920 3412 1992 epistolam
3458 1919 3527 1972 ad
3574 1916 3809 1971 Fratrem
3847 1925 3898 1970 et

2296 2018 2666 2091 Coepiscopum
2697 2027 2929 2070 nostrum
2969 2015 3245 2069 Venerium
3272 2012 3593 2083 diligentiori
3634 2027 3757 2065 cura
3783 2026 3899 2077 per-

2297 2115 2541 2184 scriptum
2574 2111 2800 2177 paruitas
2833 2119 3008 2163 nostra
3036 2107 3400 2170 transmiserit,
3441 2121 3504 2159 ex
3545 2103 3764 2158 subditis
3808 2119 3900 2167 po-

2300 2205 2420 2258 teris
2451 2205 2798 2275 comprobare.
2829 2202 2908 2257 Ad
2943 2201 3235 2256 Venerium
3267 2199 3429 2252 missa
3457 2197 3681 2266 epistola
3705 2197 3901 2251 dicitur

2301 2299 2649 2368 diligentiore
2677 2297 2856 2351 studio
2885 2297 3208 2366 perscripta,
3241 2304 3297 2347 ut
3318 2302 3579 2362 appareat
3604 2290 3898 2345 discrimen

2301 2409 2330 2448 a
2365 2393 2618 2448 breviore
2646 2392 2838 2451 altera,
2869 2406 3028 2460 quam
3080 2389 3147 2443 ad
3193 2387 3599 2454 Simplicianum
3651 2383 3897 2438 dederat.

2309 2483 2468 2557 148
2497 2483 2554 2537 lu
2585 2491 2814 2551 utraque
2844 2496 2975 2536 vero
2997 2480 3309 2534 damnatum
3334 2476 3647 2547 Origenem,
3677 2474 3902 2545 ejusque

2303 2579 2591 2633 lectionem
2628 2577 2877 2630 ﬁdelibus
2906 2574 3282 2630 interdictam.
3316 2571 3536 2626 scimus.

2377 2671 2457 2726 Ad
2489 2670 2735 2723 Ruﬁnum
2770 2667 2947 2722 redit:
2983 2665 3132 2721 Unde
3173 2665 3354 2738 igitur,
3388 2664 3676 2732 inquiens,
3720 2660 3906 2716 habeat

2306 2780 2475 2818 secum
2501 2763 2588 2816 ille
2617 2764 2703 2830 qui
2735 2760 3022 2823 transtulit,
3057 2769 3322 2826 servetque
3349 2757 3445 2811 sibi
3477 2758 3610 2809 hanc
3638 2756 3904 2810 conscien-

2309 2858 2454 2921 tiam,
2489 2871 2588 2908 non
2618 2855 2881 2925 superflua
2911 2853 3087 2907 laboro
3125 2851 3422 2920 formidine,
3453 2865 3612 2917 neque
3654 2849 3799 2903 inani
3841 2850 3907 2902 ti-

2308 2965 2450 3003 more
2475 2947 2837 3001 sollicitor.At
2867 2944 3292 3000 sollicitudinem
3321 2957 3476 2997 suam
3505 2954 3694 2996 contra
3719 2941 3906 3008 Orige-

2308 3042 2468 3095 niana
2519 3049 2824 3094 commenta
2880 3038 3058 3107 pergit
3100 3035 3350 3091 Pontifex
3405 3035 3730 3089 declarare:
3775 3032 3908 3087 Mihi

2311 3144 2467 3199 certe,
2502 3134 2777 3200 inquiens,
2801 3149 2925 3185 cura
2955 3147 3057 3184 non
3088 3131 3269 3192 deerit,
3299 3127 3568 3197 Evangelii
3592 3127 3745 3195 ﬁdem
3769 3127 3907 3180 circa

609 3216 788 3269 sultus
815 3231 968 3279 sum;
1015 3217 1186 3270 nostri
1233 3217 1393 3286 hujus
1434 3218 1636 3272 idcirco
1668 3219 1929 3288 prepositi
1976 3237 2080 3274 non
2124 3231 2208 3276 est
2233 3201 2277 3262 Ε
2311 3243 2447 3279 meos
2475 3225 2734 3278 custodire
2777 3223 2993 3295 papulas
3022 3239 3042 3277 :
3070 3234 3342 3293 partesque
3389 3221 3624 3286 corporis
3672 3220 3772 3272 mei
3818 3236 3908 3289 per

609 3308 902 3377 indagare,
947 3310 1068 3376 quis
1121 3310 1380 3378 Origenes
1433 3311 1610 3365 fuerit.
1669 3312 1820 3378 Quod
1875 3324 2052 3370 tamen
2103 3316 2206 3370 mei

609 3398 774 3452 animi
806 3398 1039 3453 studium
1063 3441 1077 3464 ,
1117 3401 1239 3469 quis
1275 3401 1499 3456 affectus
1527 3419 1651 3474 erga
1678 3421 1835 3472 eum,
1866 3423 1988 3477 qua:
2016 3409 2084 3462 de
2116 3409 2208 3462 illo

612 3492 884 3546 sententia
915 3493 1019 3559 sit,
1060 3495 1245 3562 paucis
1285 3495 1549 3564 aperiam.
1592 3497 1848 3552 Patefecit
1880 3516 2112 3570 namque
2141 3501 2208 3556 de

613 3581 768 3638 libris
797 3584 915 3651 ejus
948 3586 1226 3640 translatis
1253 3586 1413 3640 lectio
1438 3629 1453 3654 ,
1497 3589 1673 3658 ipsum
1707 3592 1939 3647 voluisse
1963 3635 1977 3658 ,
2013 3594 2208 3662 injecta

614 3677 765 3746 puris
795 3678 1065 3732 mentibus
1095 3678 1358 3733 ca-citatis
1401 3681 1594 3735 n'ebnla
1623 3723 1638 3748 ,
1675 3682 1834 3738 fidem
1866 3683 2166 3740 dissolvere
2194 3728 2207 3751 ,

615 3783 776 3838 quam
812 3767 988 3822 ﬁrmat
1020 3768 1407 3840 Apostolorum
1432 3787 1497 3826 ac
1520 3772 1782 3843 Majorum
1809 3777 2044 3833 traditio.
2074 3779 2210 3832 Hinc

613 3860 723 3926 ille,
761 3878 918 3933 quem
950 3865 1269 3919 Anastasius
1300 3866 1460 3920 docet
1490 3867 1726 3922 voluisse
1758 3869 1918 3924 ﬁdem
1954 3871 2209 3926 chrisﬁa-

620 3969 742 4006 nam
767 3955 1086 4020 dissitlvere,
1111 3953 1376 4024 Origenes
1398 3967 1502 4023 est,
1530 3974 1636 4012 non
1657 3958 1917 4027 Ruﬁnus;
1946 3964 2045 4017 hoc
2065 3964 2209 4018 enim

618 4047 739 4102 loco
789 4048 953 4101 veluti
1009 4051 1247 4117 raptim,
1296 4061 1351 4104 et
1393 4060 1543 4105 extra
1596 4055 1970 4122 propesitnm,
2018 4057 2213 4110 Joanni

622 4138 1116 4210 Hierosolymitano
1167 4142 1470 4212 signiﬁcat,
1522 4145 1648 4215 quid
1702 4148 1816 4216 ipse
1866 4147 1933 4203 de
1981 4149 2212 4219 Origene

619 4233 840 4287 setttiat.

693 4329 1064 4386 Intermissum
1095 4331 1163 4386 de
1186 4331 1380 4386 Ruﬁno
1409 4335 1607 4403 repetit
1638 4337 1940 4392 orationem
1973 4353 2123 4392 num.
2155 4337 2212 4404 4,

623 4419 853 4481 Discere.
889 4423 1158 4491 inquiens,
1192 4425 1285 4478 hoc
1317 4425 1428 4478 loco
1457 4426 1596 4490 libet,
1629 4427 1755 4498 quid
1787 4440 1905 4499 agat
1937 4429 1990 4482 in
2025 4428 2217 4482 Roma-

620 4529 741 4566 nant
769 4514 999 4584 linguam
1028 4515 1125 4569 ista
1165 4516 1438 4587 (Origenis
1475 4519 1734 4574 librorum
1767 4536 1798 4576 a
1831 4523 2025 4576 Ruﬁno
2052 4523 2216 4578 ador-

2311 3319 2478 3391 spatia
2509 3319 2706 3372 diversa
2734 3330 3009 3381 terrarum,
3039 3323 3288 3384 quantum
3315 3328 3543 3385 possum,
3577 3311 3759 3365 litteris
3787 3328 3908 3365 cono

2312 3411 2503 3473 venire,
2535 3427 2596 3462 ne
2624 3426 2723 3477 qua
2752 3409 2986 3476 profante
3006 3406 3450 3474 interpretationis
3473 3409 3617 3475 origo
3647 3405 3902 3474 subrepat,

2310 3520 2425 3572 qum
2451 3503 2659 3557 devotas
2690 3512 2899 3561 mentes,
2932 3500 3162 3553 immissa
3206 3502 3289 3551 sui
3329 3497 3570 3567 caligine,
3601 3496 3909 3565 labefactare

2312 3605 2547 3650 conetur.
2583 3593 2846 3648 Pastor-ali
2875 3593 3053 3646 officio
3079 3591 3293 3644 functus
3318 3589 3406 3642 ille
3427 3587 3624 3652 fuerat,
3650 3596 3761 3643 tum
3789 3587 3910 3643 Ori-

2313 3688 2467 3758 genis
2499 3687 2783 3740 lectionem
2817 3682 3218 3738 interdicendo.
3267 3691 3377 3734 tnm
3419 3679 3739 3748 Origeniana
3771 3678 3904 3747 dog-

2315 3789 2456 3833 mata
2487 3777 2901 3833 condentnando
2929 3795 2940 3829 :
2967 3776 3240 3845 simulque
3271 3773 3605 3842 invigilabat,
3640 3787 3704 3824 ne
3732 3770 3910 3840 caligo

2317 3887 2410 3941 per
2443 3871 2661 3924 latinam
2692 3871 2995 3923 versiOneut
3020 3867 3260 3920 immissa
3284 3865 3507 3920 devotas
3527 3864 3912 3933 simplicesque

2316 3973 2529 4017 mentes
2552 3961 2931 4015 labefactaret:
2964 3960 3097 4014 Hinc
3126 3959 3259 4012 illud
3294 3974 3510 4029 quoque,
3543 3955 3741 4026 inquit,
3773 3956 3912 4026 quod

2315 4056 2539 4111 evenisse
2567 4054 2765 4125 gaudeo
2794 4065 2961 4108 tacere
2987 4071 3090 4106 non
3118 4053 3283 4124 potui,
3323 4049 3742 4104 beatissimorum
3771 4049 3913 4120 prin-

2316 4149 2483 4220 cipum
2508 4159 2800 4201 nostrorum
2820 4162 3058 4199 manasse
3075 4161 3342 4217 responsa,
3360 4143 3544 4213 quibus
3566 4142 3912 4212 unusquisque

2317 4238 2430 4295 Deo
2457 4242 2678 4294 serviens
2715 4241 2778 4292 ab
2811 4238 3051 4311 Origenis
3097 4238 3314 4290 lectione
3360 4245 3668 4289 revocetur:
3698 4234 3914 4287 damna-

2318 4343 2524 4402 tumque
2543 4334 2791 4388 sententia
2820 4332 3132 4403 principum,
3149 4345 3306 4398 quem
3328 4327 3478 4381 lectio
3499 4343 3672 4380 rerum
3691 4325 3913 4398 profana

2319 4427 2623 4500 prodiderit.
2656 4427 2920 4488 Priorem,
2947 4439 3105 4493 quam
3141 4423 3376 4476 tulerant
3414 4419 3750 4488 Theophilus
3778 4417 3913 4474 Ale-

2321 4519 2640 4583 xandrinus,
2667 4529 2719 4572 et
2747 4516 3065 4571 Anastasius
3096 4529 3227 4583 papa
3272 4511 3658 4566 inhibitionem
3679 4552 3693 4576 ,
3726 4521 3913 4565 secuta

622 4607 770 4680 nata)
792 4607 1102 4662 translatio?
1123 4609 1398 4665 Pontiﬁcis
1420 4611 1685 4681 judicium
1713 4616 1928 4684 accipe:
1950 4617 2211 4687 Approbo,
2246 4593 2291 4651 Ῑ)
2320 4625 2446 4669 sunt
2472 4613 2695 4667 Honorii
2718 4621 2772 4666 et
2795 4609 3012 4664 Arcadii
3039 4621 3325 4677 responsa,
3349 4621 3469 4676 quae
3492 4612 3672 4658 tamen
3698 4602 3914 4658 excide-

618 4701 662 4756 si
689 4710 894 4754 accusat
935 4703 1236 4768 Auctorem,
1279 4714 1326 4758 et
1372 4707 1742 4760 exsecrandum
1771 4711 1965 4778 factum
2010 4711 2215 4777 populis

619 4795 811 4864 prodit,
835 4805 888 4847 ut
896 4796 1058 4868 justis
1077 4797 1281 4851 laudent
1304 4799 1435 4852 odi-is
1454 4809 1704 4867 teneatur,
1733 4817 1883 4870 quem
1898 4803 2216 4872 jamdudum

621 4888 761 4956 fama
786 4891 1184 4943 constrinxerat.
1217 4890 1277 4945 Si
1308 4907 1424 4946 vero
1457 4890 1720 4962 lnterpres
1751 4903 2012 4948 tantorum
2054 4897 2216 4950 malo-

619 4995 736 5032 rum
767 4997 1070 5035 consensum
1095 4993 1327 5053 prtestat,
1358 4993 1407 5037 et
1444 4985 1658 5055 legenda
1688 4987 1860 5056 prodit
1889 4987 1942 5039 in
1968 4987 2172 5058 populis
2198 5004 2217 5042 :

622 5071 757 5124 nihil
781 5073 926 5126 aliud
952 5076 1032 5128 sui
1059 5092 1212 5147 opera
1241 5076 1432 5130 laboris
1463 5080 1735 5144 exstruxit,
1770 5079 1871 5133 nisi
1902 5090 1955 5133 ut
1991 5081 2217 5151 propria-2

621 5162 776 5217 veluti
803 5166 988 5219 mentis
1016 5167 1231 5222 arbitrio
1264 5170 1392 5236 lucc,
1425 5186 1542 5239 qua:
1577 5173 1712 5237 sola,
1741 5189 1854 5242 qua:
1882 5173 2070 5244 prima,
2102 5189 2217 5240 quae

618 5256 758 5327 apud
797 5259 1076 5312 catholicos
1122 5259 1443 5316 Christianos
1488 5280 1606 5317 vera
1652 5265 1757 5333 fide
1789 5268 1906 5338 jam
1943 5265 2127 5319 exinde
2153 5267 2215 5319 ab

617 5351 879 5422 Apostolis
911 5356 962 5407 in
983 5353 1079 5407 hoc
1106 5372 1264 5424 usque
1289 5368 1490 5426 tempus
1513 5367 1731 5422 tenetur,
1755 5359 2040 5427 inopinata:
2065 5359 2216 5412 titulo

618 5446 916 5499 assertionis
947 5446 1067 5518 (seu
1112 5449 1266 5502 titulo
1298 5465 1451 5502 nova:
1504 5465 1600 5517 per
1646 5450 1932 5520 Origenem
1985 5451 2215 5506 invecta:

616 5535 906 5609 doctrina-2)
936 5550 1199 5594 everteret.
1234 5539 1337 5596 Ubi
1375 5542 1623 5609 Origenis
1663 5542 1946 5612 dogmata,
1993 5558 2113 5612 qua)
2158 5543 2213 5597 in

617 5627 784 5684 latina
817 5629 997 5684 Ruﬁni
1028 5632 1279 5687 versione
1311 5633 1696 5701 prodebantur,
1730 5635 1934 5703 absque
1962 5634 2068 5687 ulla
2100 5649 2217 5688 am-

615 5721 751 5791 bage
781 5723 1231 5802 iteruntdamnat
1270 5727 1609 5781 Anastasius.
1658 5727 1837 5782 Ruﬁni
1887 5743 2018 5783 vero
2067 5728 2215 5783 nulla

614 5819 842 5882 apparet
872 5816 1116 5873 absoluta
1148 5819 1551 5876 condemnatio.
1589 5814 1946 5892 llypotheticc
1978 5817 2214 5891 loquitur

2321 4716 2485 4771 runt,
2537 4715 2627 4757 aut
2674 4703 2910 4758 nondum
2959 4703 3105 4755 edita
3156 4700 3342 4754 latent.
3395 4697 3681 4753 Probabile
3725 4703 3915 4750 censet

2319 4801 2701 4862 Constantius,
2733 4796 2966 4865 Origene
3013 4809 3043 4848 a
3092 4792 3393 4861 Theophila
3438 4789 3668 4859 ejusque
3706 4787 3914 4860 synodo

2321 4891 2688 4949 Alexandrina
2717 4889 3008 4952 damnato,
3057 4885 3453 4953 interdictaque
3491 4881 3729 4951 Operum
3771 4881 3914 4934 illius

2319 4985 2576 5048 lectione,
2603 4990 2659 5037 nt
2688 4981 2883 5036 fortius
2909 4980 3234 5049 Origenistze
3259 4977 3717 5038 absterrerentur,
3746 4973 3915 5041 impc-

2320 5077 2472 5132 rialia
2506 5076 2702 5141 edicta,
2743 5089 2864 5144 qua:
2912 5071 3319 5142 postulaverant
3363 5066 3651 5122 orthodoxi
3701 5064 3910 5129 Patres,

2321 5169 2427 5223 lata
2459 5168 2648 5223 fuisse.

2392 5259 2649 5330 Sequitur
2675 5256 2992 5312 Anastasius
3017 5272 3030 5309 :
3066 5253 3334 5309 Hactenus
3361 5252 3628 5308 sententia:
3657 5265 3782 5303 mete
3807 5252 3916 5320 for-

2321 5370 2406 5406 ma
2435 5352 2699 5422 processit.
2732 5350 2812 5405 Ac
2836 5351 2880 5403 si
2912 5351 3152 5413 diceret;
3200 5349 3464 5401 hactenus
3510 5343 3639 5414 quid
3684 5345 3914 5397 sentiam

2323 5446 2572 5512 extiosui.
2617 5446 2708 5500 Ait
2750 5445 2967 5499 demunt
3010 5457 3157 5497 num.
3191 5441 3262 5496 6:
3292 5440 3442 5505 Quod
3473 5448 3520 5491 te
3547 5452 3663 5491 vero
3690 5435 3827 5506 vulgi
3853 5434 3918 5487 de

2323 5540 2516 5608 Ruﬁno
2543 5541 2749 5612 querela
2777 5537 3042 5594 sollicitat.
3064 5547 3116 5590 ut
3144 5535 3394 5606 quosdam
3415 5532 3580 5604 magis
3605 5527 3919 5596 suspicioni-

2322 5633 2414 5687 bus
2467 5631 2823 5704 persequaris,
2869 5630 3001 5682 hanc
3045 5639 3187 5680 tuam
3227 5626 3519 5698 Opinionem
3567 5620 3919 5688 constringam

2324 5727 2512 5781 divina:
2543 5725 2772 5780 lectionis
2800 5721 3054 5794 exemplo,
3099 5719 3230 5772 sicut
3270 5718 3518 5789 scriptum
3541 5724 3658 5769 est:
3690 5710 3816 5766 Non
3842 5710 3921 5764 sic

2323 5819 2475 5871 homo
2503 5824 2556 5871 ut
2587 5813 2746 5881 Deus,
2779 5827 2895 5868 nam
2926 5810 3063 5866 Deus
3106 5807 3239 5864 videt
3286 5808 3340 5864 in
3385 5807 3560 5873 corde,
3588 5803 3742 5860 homo
3781 5799 3919 5855 videt
