4210 6190
401 260 503 319 H7

1234 258 1675 319 DILUCIDATIO
1709 262 2012 330 ALTERA,
2054 260 2405 319 BERNARDI
2444 261 2532 320 DE
2573 264 2846 323 RUBEIS.

3593 272 3698 330 M8

396 378 446 430 in
475 375 626 447 facie.
658 374 923 429 Joannem
957 372 1169 429 scilicet
1200 384 1387 430 mouet
1415 375 1758 440 Anastasius,
1794 392 1861 431 ne
1888 385 1994 428 tam
2024 378 2073 435 A
2103 372 2171 426 Et
2198 375 2252 426 id
2286 375 2529 429 Romanis
2568 378 2777 431 auribus
2806 378 3015 446 ingeris,
3047 379 3186 449 quod
3216 380 3524 434 translatum
3564 391 3700 437 lotus

397 469 556 523 facile
584 468 776 522 livoris
805 477 856 521 et
890 468 1109 521 invidiae
1139 467 1269 522 velit
1310 483 1405 522 eos
1446 479 1731 535 suSpectos
1773 469 1996 533 habere,

397 563 485 632 qui
510 560 691 615 Ruﬁni
712 560 934 614 latinam
960 561 1370 615 translatiooem
1394 562 1664 617 vocabant
1688 563 1739 617 in
1768 565 1994 630 crimen,

397 668 518 709 cum
553 654 691 707 livor
724 653 998 706 internum
1022 652 1092 705 sit
1119 653 1318 706 malum
1347 654 1517 707 Solius
1543 654 1633 709 Dei
1659 655 1831 709 oculis
1853 670 1999 709 com-

396 757 615 817 pertum
652 763 665 798 :
702 744 911 814 Itaque,
948 743 1137 798 Frater
1167 747 1488 811 charissime,
1523 750 1663 801 omni
1710 750 2001 820 suspicione

392 842 641 913 seposita,
674 841 919 904 Ruﬁnum
952 844 1162 912 propria
1189 854 1355 895 mente
1381 843 1654 913 perpende,
1687 843 1730 895 si
1762 842 1998 915 Origenis

395 936 537 990 dicta
582 937 636 989 in
679 935 897 989 latinum
928 937 1214 1002 transtulit,
1268 946 1315 989 et
1364 937 1639 1007 probavit:
1667 954 1757 989 nec
1808 937 1999 1007 (enim)

396 1031 662 1085 dissimilis
692 1048 724 1083 a
754 1047 841 1085 reo
869 1042 966 1095 est,
992 1033 1080 1101 qui
1107 1033 1291 1086 alienis
1315 1034 1450 1086 vitiis
1476 1042 1683 1104 prtetat
1706 1048 1993 1086 assensum.

395 1121 864 1187 Quemadmodum
894 1124 1038 1176 enim
1064 1139 1211 1176 num.
1242 1126 1297 1185 It,
1320 1125 1673 1178 conscientia:
1699 1124 1872 1177 Rufini
1904 1141 1998 1179 ne—

394 1216 600 1283 gotium
629 1230 789 1269 omne
823 1214 1077 1281 reliquit:
1112 1230 1174 1269 ac
1224 1216 1539 1286 priusquam
1592 1218 1661 1271 de
1710 1218 1800 1270 illo
1843 1218 2001 1287 quid-

396 1307 536 1377 piam
587 1306 851 1371 deﬁniat,
903 1307 1114 1361 discere
1157 1307 1337 1374 cupit,
1385 1319 1736 1363 auctoremne
1780 1318 2000 1363 accuset

394 1400 551 1468 cujus
579 1401 852 1469 interpres
884 1399 1015 1461 fuit.
1065 1416 1130 1454 an
1184 1417 1401 1456 errores
1448 1403 1566 1471 ejus
1606 1404 1998 1472 complectatur

391 1508 624 1547 assensu
651 1512 664 1546 :
702 1497 772 1547 ita
800 1504 852 1548 et
882 1509 1023 1548 uuoc
1054 1496 1297 1548 hortatur
1322 1494 1615 1562 Joannem,
1651 1505 1710 1549 ut
1742 1496 1809 1549 ab
1848 1497 1993 1549 omni

392 1586 896 1653 susiricioneliber,
926 1587 993 1641 ad
1040 1588 1431 1655 explorandum
1483 1588 1657 1641 Rufini
1708 1588 1995 1642 Consilium

392 1678 636 1734 enitatur
668 1696 681 1730 :
713 1677 860 1731 Illud
888 1690 1053 1733 tamen
1105 1688 1272 1732 tenere
1317 1691 1363 1733 te
1408 1681 1581 1750 cupio.
1627 1680 1700 1732 ita
1740 1680 1914 1733 haberi
1962 1699 1993 1734 (ι

2105 468 2241 521 orbis
2281 470 2521 539 expavit?
2556 471 2655 523 Aut
2685 480 2820 523 certe
2850 471 2895 523 si
2926 471 3043 523 ideo
3086 473 3463 542 interpretaris,
3496 485 3551 526 ut
3583 491 3699 528 eum

2104 562 2396 614 hwreticum
2427 578 2640 632 arguas,
2674 563 2804 615 nihil
2827 562 2889 615 de
2910 579 3079 632 gra'co
3119 574 3302 626 mutes,
3330 575 3376 617 et
3408 566 3502 619 hoc
3528 567 3700 637 ipsum

2105 664 2321 709 testare:
2338 660 2476 726 quod
2516 657 2915 719 prudentissime
2940 657 3411 725 PapaAnastasius
3434 661 3484 712 in
3510 661 3701 728 episto-

2103 748 2177 813 la,
2205 767 2361 819 quam
2387 760 2565 804 contra
2593 761 2640 804 te
2669 752 2842 804 scribit
2867 752 2935 805 ad
2963 750 3281 822 Episcopum
3310 752 3700 818 Joannem,suo

2103 858 2335 895 sermone
2359 844 2658 911 complexus
2693 854 2767 897 est
2799 860 2817 897 :
2845 860 2924 897 me
2950 844 3193 909 liberans,
3218 847 3305 915 qui
3332 846 3387 899 id
3428 848 3559 914 feci;
3588 857 3634 900 et
3657 856 3705 902 te

2103 950 2343 1004 arguens,
2374 937 2463 1004 qui
2490 936 2660 1003 facere
2684 937 2920 989 noluisti.
2950 935 3476 993 Condemnationem
3507 940 3703 1008 innuit,

2103 1041 2223 1095 quae
2276 1027 2467 1096 legitur
2508 1026 2560 1081 in
2607 1027 2844 1097 Epistula
2894 1028 3188 1092 Anastasii,
3222 1047 3325 1084 non
3370 1031 3701 1099 absolutam,

2101 1119 2196 1172 sed
2249 1118 2682 1190 hypotheticam.
2717 1120 2821 1175 Sed
2870 1122 2920 1174 in
2953 1138 3019 1175 eo
3062 1122 3130 1175 ab
3180 1123 3470 1178 Anasnisio
3520 1122 3709 1180 differt

2102 1211 2501 1284 Hieronymus;
2527 1214 2670 1283 quod
2716 1216 2807 1269 ille
2840 1214 3108 1283 judicium
3138 1218 3442 1285 suSpendit,
3470 1217 3703 1273 factaru-

2102 1322 2206 1375 que
2238 1322 2266 1359 a
2291 1306 2488 1360 Ruﬁno
2523 1310 2571 1361 in
2601 1308 2719 1378 ejus
2746 1312 3096 1365 conscientia:
3125 1313 3411 1366 consilium
3438 1313 3706 1381 interpre-

2105 1400 2363 1453 tationem
2400 1398 2659 1453 transfert
2696 1418 2709 1453 :
2739 1400 2878 1455 hanc
2910 1403 3074 1458 vertit
3109 1404 3471 1475 Hieronymus
3498 1404 3551 1459 in
3585 1420 3704 1459 ma-

2100 1493 2207 1547 lam
2251 1505 2480 1562 partem,
2505 1509 2566 1547 ac
2595 1509 2803 1563 pronus
2836 1505 2921 1551 est
2952 1496 3005 1550 in
3048 1496 3313 1566 judicium
3364 1499 3521 1553 malae
3569 1513 3703 1554 con-

2101 1587 2363 1641 scientiae.

2174 1678 2237 1735 V.
2288 1682 2560 1738 Libellum
2615 1685 2909 1753 palinodize
2975 1689 3186 1757 profert
3254 1705 3319 1744 ex
3380 1689 3705 1746 bibliotheca

394 1776 581 1828 nostris
627 1777 859 1845 partibus
893 1774 945 1844 (a
987 1782 1175 1828 nostra
1224 1774 1447 1843 regione
1469 1817 1483 1839 ,
1526 1784 1579 1827 et
1626 1774 1756 1828 urbe
1802 1775 1994 1845 Roma)
2026 1762 2075 1822 B
2104 1771 2358 1828 Vaticana
2389 1777 2769 1847 depromptum
2803 1781 3070 1836 Henricus
3098 1783 3344 1839 Norisius
3368 1784 3554 1840 librat
3588 1786 3709 1840 llis-

391 1870 619 1924 aliemim
646 1869 732 1937 (ac
760 1870 1034 1935 dissitum,
1068 1869 1331 1937 Aquileiae
1362 1884 1594 1937 namque
1618 1869 1995 1923 c0mmoraba-

392 1962 523 2030 tur),
553 1972 607 2015 ut
636 1960 759 2030 quid
787 1972 928 2033 agat,
970 1972 1013 2013 et
1041 1961 1126 2013 ubi
1156 1961 1243 2023 sit,
1270 1978 1358 2014 nec
1386 1962 1516 2014 scire
1554 1963 1839 2033 cupiamus.
1886 1962 1995 2018 Nec

388 2056 534 2108 enim
566 2070 629 2108 se
659 2055 803 2109 velle
834 2055 900 2108 de
934 2064 1111 2108 meme
1139 2064 1195 2107 et
1238 2053 1468 2107 consilio
1516 2055 1633 2123 ejus
1678 2056 1898 2108 anxium
1940 2064 1995 2110 et

389 2148 686 2202 sollieitum
709 2162 854 2210 esse,
873 2147 1128 2216 superius
1145 2146 1389 2201 dixerat:
1416 2145 1538 2218 Ipse
1556 2147 1773 2214 denique
1788 2148 1991 2215 viderit;

388 2242 478 2295 ubi
504 2243 662 2313 possit
687 2241 920 2295 absolvi:
952 2255 1057 2294 non
1090 2257 1116 2292 a
1153 2242 1257 2295 lata
1288 2240 1581 2303 sententia,
1605 2240 1759 2307 cujus
1783 2240 1990 2294 nullum

388 2343 503 2390 tota
538 2336 591 2389 in
622 2334 848 2403 epistola
880 2333 1199 2404 vestigium;
1232 2332 1328 2387 sed
1356 2349 1384 2387 a
1420 2333 1844 2403 suspicientibus,
1872 2349 1992 2402 qua:

387 2431 456 2486 de
487 2432 583 2484 illo
614 2430 946 2484 ferebantur.

458 2523 548 2577 ιγ.
592 2522 736 2576 Nihil
775 2522 940 2592 igitur
977 2523 1098 2588 jure
1130 2532 1183 2577 et
1226 2522 1423 2577 merito
1460 2521 1734 2593 designari
1777 2530 1990 2591 potest,

390 2615 534 2685 quod
558 2614 741 2668 Rufini
772 2614 1175 2669 damnationem
1218 2626 1373 2669 sonet
1406 2616 1458 2668 in
1497 2615 1726 2684 epistola
1763 2618 1993 2667 Anasta.

390 2712 563 2764 siana.
593 2708 781 2778 Neque
813 2724 909 2777 pro
938 2708 1284 2761 anathemate
1318 2708 1369 2761 in
1404 2708 1579 2776 ipsum
1612 2708 1721 2760 lato
1766 2706 1991 2776 allegari

389 2802 578 2856 eadem
604 2800 832 2868 epistola
861 2800 1020 2855 debet
1047 2799 1363 2872 lenxta
1381 2799 1628 2854 Garnerii
1660 2797 1990 2864 editionem;

388 2884 513 2951 cum
530 2897 705 2965 ipsum
722 2896 1015 2949 admoneat
1030 2894 1402 2959 Constantius,
1422 2895 1599 2961 plures
1613 2892 1877 2946 arbitratu
1894 2907 1992 2945 suo

392 2986 725 3045 mutationes
760 2989 1067 3053 induxisse,
1109 2988 1484 3055 lectioueSque
1516 2987 1692 3039 varias
1740 2984 1805 3038 ad
1858 3000 1993 3053 prte-

390 3093 714 3151 conceptam
743 3082 1055 3151 opinionem
1088 3081 1551 3136 accommodasse.
1595 3080 1729 3133 Hinc
1765 3094 1915 3141 vero,
1948 3078 1992 3131 si

2100 1868 2256 1919 toria:
2276 1867 2596 1938 Pelagianae,
2620 1874 2797 1941 capite
2813 1875 2867 1937 '5,
2884 1890 2994 1941 quo
3015 1875 3240 1930 Ruﬁnus
3262 1892 3485 1932 errores
3513 1877 3706 1947 partim

2098 1958 2196 2012 ahs
2226 1974 2284 2013 se
2315 1972 2576 2028 assertos,
2608 1965 2801 2033 partim
2836 1966 2938 2019 sibi
2974 1969 3270 2036 imputatos
3308 1968 3504 2037 ejurat.
3560 1970 3708 2025 lianc

2098 2052 2274 2121 ipsum
2308 2055 2577 2111 cecinisse
2632 2058 2967 2125 palinodiam
3014 2071 3167 2130 putat
3216 2062 3341 2126 ille,
3369 2062 3556 2117 Romae
3588 2071 3712 2133 post

2097 2148 2305 2201 obitum
2334 2149 2606 2205 Anastasii
2629 2167 2811 2207 coram
2839 2154 3163 2211 Innocentio
3198 2156 3241 2222 l,
3277 2158 3368 2227 qui
3400 2157 3453 2212 in
3482 2157 3601 2227 ejus
3631 2158 3711 2213 lo-

2099 2253 2220 2293 cum
2246 2242 2545 2311 sedemque
2573 2260 2718 2299 anno
2742 2245 2843 2301 401
2881 2248 3142 2304 suffectus
3172 2260 3275 2305 est.

2172 2333 2365 2388 Libelli
2399 2338 2619 2391 titulum
2667 2340 2877 2410 accipe,
2908 2339 3022 2396 Inc.
3056 2354 3266 2414 propter
3296 2344 3470 2410 ﬁdem.
3516 2345 3709 2402 Priora

2099 2427 2262 2481 verba
2288 2439 2417 2483 suot
2444 2451 2454 2481 ;
2478 2429 2704 2501 Propter
2724 2435 3097 2488 venerationem
3128 2446 3426 2490 sanctorum
3454 2438 3704 2505 locorum,

2101 2518 2587 2591 IIierosolymarum
2606 2565 2620 2589 ,
2663 2533 2709 2577 et
2754 2524 3033 2589 Bethleem,
3067 2531 3297 2582 venimus
3326 2544 3345 2583 :
3375 2541 3419 2583 et
3450 2530 3708 2585 intellexi-

2098 2628 2213 2664 mus
2246 2616 2415 2680 plures
2444 2619 2630 2684 fratres
2661 2616 2714 2669 in
2745 2616 2890 2671 nobis
2917 2620 3286 2686 scandalizari,
3316 2638 3373 2675 eo
3388 2622 3527 2690 quod
3548 2623 3706 2676 audi-

2100 2703 2279 2761 rerint,
2311 2719 2401 2757 nos
2430 2706 2597 2758 multa
2632 2705 2895 2771 haeretica,
2930 2720 2974 2762 et
2998 2721 3317 2786 quaz‘contra
3346 2713 3502 2780 fidem
3527 2712 3707 2769 Eccle-

2098 2794 2189 2847 sia:
2215 2796 2444 2863 veniunt,
2489 2798 2743 2867 proﬁteri.
2776 2801 2961 2871 Itaque
2992 2800 3102 2855 Deo
3150 2814 3401 2869 praesente
3433 2816 3705 2876 testamur,

2099 2904 2212 2951 qua:
2234 2889 2375 2957 infra
2390 2891 2587 2961 scripta
2610 2900 2726 2945 sunt
2748 2908 2841 2945 nos
2858 2910 2921 2947 ex
2938 2904 3085 2964 parte
3102 2896 3323 2948 sensisse
3345 2913 3434 2966 per
3448 2912 3704 2966 errorem,

2097 2991 2144 3034 et
2176 2984 2416 3047 prementi
2463 2992 2689 3055 tempore
2722 2986 3066 3042 condemnare
3099 3003 3117 3041 .°
3145 2988 3251 3040 alia
3276 3000 3478 3053 autem,
3510 2990 3563 3043 in
3590 2991 3707 3059 qui-

2099 3074 2191 3128 bus
2224 3076 2357 3144 falso
2388 3076 2728 3146 infamamur,
2763 3095 2855 3133 nec
2893 3080 3087 3133 dixisse
3128 3097 3219 3134 nec
3248 3080 3458 3148 dicere;
3484 3091 3531 3136 et
3583 3099 3707 3137 con-

391 3177 710 3232 damnatum
765 3174 1013 3229 Ruﬁnum
1061 3174 1113 3228 in
1163 3183 1296 3229 testu
1356 3172 1739 3240 diSputationis
1794 3170 1997 3225 dixerit
2025 3155 2070 3218 C
2104 3172 2285 3233 traria,
2314 3185 2428 3235 qua:
2456 3169 2511 3222 in
2548 3170 2668 3224 aliis
2720 3173 3063 3243 suspicamur,
3109 3175 3341 3244 posuisse
3378 3186 3528 3245 atque
3558 3176 3707 3229 dam-

392 3267 781 3338 Hieronymus,
816 3266 1030 3319 mitiore
1062 3280 1225 3320 sensu
1251 3265 1601 3334 exponendas
1630 3275 1711 3319 est
1743 3263 1809 3317 ad
1840 3279 1995 3317 men-

393 3368 503 3415 tem
550 3360 855 3423 Anastasii,
884 3358 978 3429 qui
1011 3357 1276 3427 judicium
1309 3372 1470 3411 omne
1502 3358 1553 3411 in
1580 3356 1747 3412 hocce
1779 3355 1999 3424 negotio

393 3469 723 3522 suspensum
760 3452 955 3507 voluit.

466 3544 555 3597 Ait
586 3544 680 3598 ille
730 3544 867 3597 libro
906 3557 963 3596 ιιι
991 3552 1183 3598 contra
1231 3540 1481 3595 Ruﬁnum
1529 3556 1677 3595 num.
1712 3539 1820 3595 15:
1860 3540 2001 3607 Quo-

394 3638 549 3692 modo
578 3638 859 3707 susceperit
886 3635 1045 3689 Italia
1071 3640 1153 3705 (ut
1182 3635 1409 3690 Ruﬁnus
1430 3635 1694 3705 jactabat)
1724 3634 1863 3703 quod
1896 3634 1999 3687 Ro-

396 3749 483 3787 ma
528 3732 870 3803 contempsit?
901 3731 1147 3801 Episwpi
1174 3732 1508 3799 susceperint,
1536 3730 1675 3799 quod
1703 3731 1844 3783 sedes
1874 3747 2002 3799 apo-

396 3827 581 3881 stolica
598 3824 957 3879 condemnavit
972 3824 998 3876 ?
1013 3824 1137 3878 Haec
1157 3824 1363 3892 profert
1384 3824 1442 3877 S.
1471 3824 1632 3877 Pater
1649 3824 1715 3877 de
1736 3824 1775 3876 A
1788 3823 2000 3892 pologia

396 3934 558 3988 quam
583 3918 877 3973 Anastasio
899 3918 1170 3972 obtulerat
1196 3918 1446 3972 Ruﬁnus.
1472 3918 1543 3972 At
1570 3918 1714 3971 enim
1748 3916 2001 3970 damnata

397 4011 599 4066 dicitur
646 4012 946 4081 Apologia,
996 4012 1121 4081 quia
1171 4021 1481 4081 contempta
1527 4028 1540 4065 :
1580 4025 1808 4080 eamque
1864 4025 2001 4079 papa

398 4107 721 4162 Anastasius
760 4106 965 4160 idcirco
1015 4106 1368 4174 contempsit,
1409 4105 1533 4175 quia
1575 4105 1625 4157 in
1671 4104 1900 4173 epistola
1934 4102 2000 4156 ad

398 4201 667 4257 Joannem
694 4200 1247 4270 Hierosirlymitanom
1278 4199 1480 4253 nullam
1509 4199 1628 4267 ejus
1669 4198 2001 4251 mentionem

400 4293 624 4363 ingerit,
650 4308 751 4345 nec
782 4292 947 4345 ullam
987 4290 1235 4359 ejusdem
1276 4291 1546 4344 rationem
1580 4289 1780 4343 habere
1809 4288 1999 4341 voluit.

472 4384 566 4437 Illa
594 4398 809 4452 quoque
848 4381 1161 4453 Hierooymi
1193 4381 1358 4436 verba
1405 4380 1759 4449 objiciuntur,
1788 4394 1909 4448 quae
1937 4378 2004 4432 li-

402 4475 501 4531 bro
524 4491 563 4529 ιι
591 4484 782 4528 contra
818 4474 1068 4527 Ruﬁnum
1098 4473 1323 4543 legimus
1352 4488 1499 4527 num.
1533 4472 1600 4525 15
1632 4490 1643 4523 :
1688 4471 1751 4525 Si
1796 4487 1897 4524 non
1930 4469 2002 4524 vis

2100 3278 2269 3317 nasse.
2306 3266 2463 3336 150
2528 3264 2844 3335 Sequuntur
2905 3268 3347 3324 anathematismi
3416 3270 3706 3329 duodecim

2100 3357 2299 3424 quibus
2341 3360 2665 3428 Urigeniana
2715 3359 2961 3415 doctrina
3012 3364 3352 3431 repudiatur,
3382 3375 3436 3420 et
3478 3376 3611 3420 ortm
3636 3382 3707 3425 ex

2102 3464 2168 3504 eo
2200 3449 2346 3503 fonte
2368 3450 2697 3506 damnantur
2720 3452 2961 3508 haereses
2987 3454 3139 3509 Pauli
3170 3456 3535 3523 Samosateni,
3566 3457 3701 3525 Arii,

2101 3541 2433 3610 Apollinaris
2462 3552 2512 3597 et
2546 3544 2785 3602 Phatini.
2822 3546 3079 3616 Idemque
3126 3548 3325 3603 desinit
3368 3550 3587 3605 libellus
3618 3548 3705 3608 his

2103 3635 2285 3689 verbis
2321 3653 2333 3688 τ
2373 3635 2526 3689 Finis
2559 3638 2621 3690 de
2651 3638 2755 3705 ﬁde
2784 3638 2849 3692 de
2873 3641 3080 3695 nomine
3106 3640 3305 3709 Ruﬁni.

2176 3726 2448 3781 Libellum
2478 3729 2731 3782 emndem
2763 3731 3001 3799 vulgavit
3029 3732 3265 3786 Joannes
3290 3733 3590 3790 Garnerius
3622 3735 3706 3791 in-

2104 3827 2186 3873 ter
2229 3833 2394 3886 opera
2443 3818 2592 3872 Marii
2645 3819 2998 3887 Mercatoris,
3028 3824 3275 3891 episwlzc
3303 3826 3370 3879 ab
3417 3826 3708 3883 Anastasio

2103 3909 2169 3962 ad
2216 3909 2482 3963 Joannem
2533 3910 3088 3982 llierostrlymitanum
3138 3915 3277 3969 datae
3332 3916 3702 3986 subjunctum.

2103 3999 2293 4054 Priora
2336 4002 2499 4056 verba
2551 4002 2630 4057 sic
2678 4002 2978 4058 efferuntur
3014 4021 3025 4057 :
3058 4004 3285 4075 Propter
3333 4008 3706 4063 venerationem

2104 4104 2395 4146 sanctorum
2429 4094 2680 4162 locorum,
2716 4095 3131 4168 Hierosolymam
3169 4110 3215 4154 et
3258 4099 3520 4156 Bethleem
3568 4104 3709 4156 veni-

2105 4204 2238 4253 mus,
2274 4200 2322 4242 et
2351 4191 2700 4245 intelleximus
2736 4192 2909 4263 plures
2940 4197 3125 4261 fratres
3172 4196 3226 4248 in
3270 4198 3415 4250 nobis
3444 4198 3709 4252 scandali-

2102 4282 2234 4333 χηνὶ.
2266 4280 2392 4335 Haec
2424 4283 2541 4336 sine
2570 4282 2734 4335 dubio
2772 4297 2901 4336 sana
2934 4284 3096 4338 lectio
3136 4295 3220 4340 est
3253 4304 3265 4341 :
3300 4302 3477 4356 neque
3507 4304 3707 4344 conve-

2106 4374 2348 4428 nientem
2393 4375 2626 4444 aliquem
2673 4389 2897 4430 sensum
2954 4377 3186 4432 reddere
3232 4388 3411 4447 potest
3457 4381 3710 4450 superior

2105 4466 2269 4520 lectio
2324 4465 2630 4519 Norisiana.
2676 4465 2881 4521 Verum
2924 4469 3091 4523 etiam
3140 4471 3330 4525 eodem
3384 4474 3499 4527 haec
3544 4473 3711 4528 verba

403 4570 587 4621 audire
615 4566 853 4621 Fratrem
877 4576 1186 4629 monentem,
1213 4565 1395 4619 audias
1423 4564 1733 4636 Episcopum
1760 4564 2004 4617 condem-
2029 4531 2083 4591 D
2111 4560 2211 4628 legi
2257 4559 2419 4613 modo
2472 4561 2524 4612 in
2557 4559 2677 4628 ipso
2727 4561 2916 4616 codice
2946 4561 3232 4629 Vaticano,
3260 4580 3421 4633 quem
3465 4565 3714 4621 Norisius

406 4671 650 4725 nantem;
687 4661 925 4727 itemque
952 4658 1059 4711 alia
1104 4658 1156 4711 iu
1188 4658 1475 4724 Epitaphio
1520 4656 1787 4710 Marcellae
1819 4655 2005 4709 Vidua:

405 4767 556 4805 num.
591 4751 652 4806 I0
681 4768 693 4803 :
721 4750 886 4804 Acciti
907 4750 1257 4820 frequentibus
1280 4750 1464 4802 litteris
1488 4749 1713 4801 hceretici
1730 4746 2004 4817 (Ruﬁnum

406 4853 464 4898 et
499 4843 739 4897 asseclas
782 4840 1059 4910 intelligit)
1107 4850 1163 4892 ut
1190 4856 1245 4893 se
1296 4840 1659 4907 defenderent,
1692 4840 1862 4894 venire
1906 4855 2007 4892 non

404 4945 524 4991 sunt
554 4936 668 4988 ausi
694 4950 713 4989 :
756 4943 1001 5000 tantaque
1026 4933 1099 4985 vis
1128 4932 1451 4985 conscientia:
1480 4933 1608 4994 fuit,
1632 4943 1688 4985 ut
1729 4933 1891 5001 magis
1919 4930 2011 4983 ab-

406 5038 572 5081 sentes
589 5026 850 5089 damnari,
870 5042 1023 5095 quam
1045 5033 1318 5093 prwsentes
1334 5024 1547 5092 coargui
1569 5024 1862 5077 maluerint.
1880 5026 2010 5090 Quae

408 5120 615 5182 omnia,
659 5128 715 5173 et
743 5118 787 5172 si
832 5133 937 5186 qua
967 5117 1116 5186 paria
1159 5128 1306 5182 sunt,
1338 5116 1389 5169 id
1422 5131 1589 5169 unum
1638 5116 1944 5185 significant
1996 5130 2008 5167 :

408 5209 642 5280 Origene
666 5224 760 5277 per
792 5208 1135 5262 Anastasium
1162 5207 1439 5269 damnato,
1465 5221 1560 5261 eos
1590 5220 1781 5259 omnes
1812 5205 2015 5272 pariter

409 5308 757 5358 anathemate
788 5302 1073 5369 perculsos
1102 5300 1311 5364 haberi,
1341 5299 1432 5367 qui
1462 5298 1740 5355 erroribus
1766 5296 1883 5365 ejus
1913 5297 2014 5351 im-

411 5396 593 5468 plicati
617 5404 801 5449 essent
822 5410 837 5459 ;
862 5394 1003 5463 quod
1029 5393 1405 5461 susiiicabatur
1436 5393 1504 5448 de
1541 5391 1737 5445 Ruﬁno
1762 5402 1815 5445 et
1861 5404 2010 5444 asse-

411 5490 510 5543 clis
540 5490 921 5559 Hieronymus.
957 5486 1105 5539 llanc
1133 5486 1250 5554 ejus
1279 5495 1514 5539 mentem
1545 5484 1798 5552 aperiunt
1828 5482 2011 5547 verba,

412 5601 532 5655 qua:
574 5583 713 5638 libro
740 5597 778 5635 tt
799 5580 965 5635 citato
994 5588 1183 5634 contra
1232 5579 1484 5633 Ruﬁnum
1523 5577 1714 5633 eodem
1766 5592 1916 5630 num.
1950 5575 2016 5629 15

408 5678 667 5747 leguntur
697 5691 710 5728 :
745 5672 849 5728 Cur
881 5672 1226 5727 translaturus
1269 5672 1533 5735 lueretica,
1572 5670 1626 5722 in
1669 5669 2013 5738 defensionem

411 5785 591 5831 eorum
617 5765 888 5840 prtemittis
918 5764 1065 5835 quasi
1098 5762 1390 5836 Martyris(
1418 5761 1700 5834 Pamphyli
1728 5759 1749 5832 )
1778 5760 1964 5815 librum
1992 5759 2017 5812 .’

2109 4652 2378 4715 adhibuit,
2413 4661 2641 4708 testatur
2684 4654 3001 4709 Dominicus
3035 4656 3332 4712 Vallarsins
3354 4659 3496 4728 apud
3530 4660 3712 4716 Balle-

2109 4748 2258 4798 riuos
2290 4745 2511 4801 Fratres
2544 4764 2558 4799 :
2587 4746 2788 4815 quibus
2815 4748 3251 4816 postulantibus,
3282 4750 3527 4804 codicem
3560 4767 3715 4807 eum-

2110 4837 2257 4901 dem,
2290 4837 2416 4891 dum
2465 4837 2653 4891 Romae
2711 4840 3115 4907 diversaretur,
3161 4840 3575 4912 diligentissime
3626 4844 3712 4900 in-

2110 4930 2308 4997 spexit.
2334 4929 2620 4995 Quomodo
2650 4946 2781 5000 ergo
2812 4933 2951 4985 hunc
2976 4932 3220 4987 libellum
3253 4936 3536 5004 scripserit
3564 4936 3717 4992 Rufi-

2115 5036 2216 5073 nus
2245 5021 2427 5076 Iloma:
2457 5037 2638 5075 coram
2663 5023 2980 5078 [innocentia
3010 5025 3289 5095 pontifice,
3316 5037 3374 5081 ut
3404 5029 3457 5082 in
3487 5034 3715 5099 gratiam

2116 5113 2262 5167 sedis
2285 5114 2599 5179 apostolica:
2622 5114 2860 5168 rediret?
2880 5115 3073 5169 Libelli
3098 5127 3291 5172 auctor
3311 5120 3537 5187 dicitur,
3560 5140 3714 5192 prope

2118 5216 2192 5259 ter
2221 5207 2592 5259 venerationem
2621 5219 2915 5262 sanctorum
2946 5211 3177 5265 locorum
3208 5216 3426 5269 venisse
3468 5217 3719 5273 Hieroso-

2118 5297 2306 5367 lymam
2347 5309 2393 5350 et
2424 5296 2681 5353 Bethleem
2712 5317 2731 5355 .·
2764 5302 2945 5371 ibique
2984 5320 3200 5359 errores
3224 5308 3419 5376 partim
3452 5319 3715 5377 assertos,

2120 5398 2315 5458 partim
2346 5389 2637 5459 imputatos
2661 5394 3075 5460 condemnasse,
3108 5407 3166 5451 ut
3194 5401 3326 5453 satis
3350 5398 3608 5453 fratribus
3639 5401 3718 5455 fa-

2119 5491 2271 5539 ceret
2299 5486 2388 5554 qui
2432 5488 2744 5542 scandalum
2774 5491 3140 5559 patiebantur.
3170 5492 3296 5547 Haec
3327 5493 3522 5547 Rufino
3548 5495 3718 5565 Aqui-

2121 5578 2314 5635 leiensi
2348 5581 2498 5636 nullo
2522 5582 2680 5637 modo
2714 5586 3066 5640 conveniunt.

2192 5674 2299 5727 Alii
2326 5674 2434 5729 duo
2464 5675 2643 5731 Ruﬁni
2677 5688 2971 5733 occurrunt
3012 5679 3064 5732 in
3097 5677 3358 5746 Epistolis
3384 5676 3494 5733 divi
3525 5678 3719 5736 Hiero-

2122 5765 2289 5838 nymi.
2321 5766 2473 5823 Alter
2503 5778 2608 5835 est,
2640 5767 2707 5825 de
2728 5784 2837 5841 quo
2874 5770 2932 5826 S.
2972 5768 3136 5825 Pater
3162 5768 3217 5824 in
3240 5768 3471 5839 epistola
3502 5772 3572 5830 ad
3605 5772 3720 5832 Ru-
