4210 6190
548 212 654 268 419

1510 213 1599 272 DE
1637 213 1693 270 8.
1738 208 2144 270 CHROMATIO
2183 209 2400 268 EPISC.
2443 209 2877 279 AQUlLElENSl

3741 211 3843 270 820

547 328 716 380 tinum
745 325 1152 396 Aquileiensem
1185 340 1332 380 anno
1351 324 1456 381 399
1478 325 1601 380 data
1624 325 1703 380 sic
1726 324 1892 380 habet
1917 342 1930 379 :
1956 323 2146 380 Frater
2172 325 2222 384 Α
2253 331 2373 378 tunc
2410 339 2526 381 cum
2554 326 2729 384 omnia
2756 325 2897 383 Deus
2943 327 3130 384 creavit
3159 341 3221 380 es:
3251 324 3415 381 nihilo
3434 364 3452 393 ,
3485 342 3617 380 nunc
3645 343 3731 383 eas
3754 329 3844 395 iu-

543 438 686 476 meus
721 419 1076 475 Paulinianum
1120 421 1340 474 necdum
1379 421 1442 474 de
1481 421 1653 488 patria
1682 436 1916 474 reversus
1945 431 2018 474 est
2043 461 2058 485 ,
2093 429 2140 476 et

545 524 672 585 puto
701 514 839 582 quod
871 530 986 567 eum
1013 513 1262 581 Aquileia:
1285 512 1426 584 apud
1460 512 1520 567 S.
1557 511 1761 580 Papam
1784 511 2139 568 Chromatium

541 609 748 662 videris.
822 606 1070 661 Sanctum
1120 623 1320 675 quoque
1370 606 1718 676 presbyterum
1772 605 2019 673 Ruﬁnum
2075 605 2136 659 ob

538 697 816 768 quamdam
836 714 1046 752 causam
1069 714 1158 767 per
1182 697 1397 754 Romam
1420 696 1777 754 Mediolanum
1806 698 2062 761 misimus,
2089 705 2137 756 et

537 791 798 844 oravimus
825 798 880 843 ut
903 800 1077 844 nostro
1099 792 1276 844 animo
1301 799 1348 844 et
1388 790 1629 857 obsequio
1664 805 1752 846 vos
1779 789 1989 846 videret.
2039 787 2135 846 llic

532 892 653 937 erat
681 881 996 952 Hieronymi
1025 882 1346 951 disoipulus,
1377 898 1443 936 ex
1473 881 1886 939 Bethleentitico
1917 896 2135 937 secessu

535 972 589 1028 in
623 971 832 1028 Italiam
866 973 1071 1042 negotii
1099 972 1328 1042 alicujus
1355 973 1647 1043 peragendi
1677 974 1850 1043 gratia
1877 973 2093 1031 missus.

608 1064 689 1119 Ad
716 1065 967 1120 ltuﬁnum
997 1066 1226 1120 alterum
1269 1065 1514 1134 ejusdem
1550 1065 1860 1136 Hieronymi
1901 1064 2134 1124 habetur

528 1159 780 1228 epistola,
816 1174 976 1228 quam
1007 1174 1152 1215 anno
1181 1159 1521 1228 praecedente
1550 1159 1658 1215 398
1679 1163 1860 1216 datam
1888 1159 2132 1230 pluribus

524 1255 729 1308 evincit
758 1253 1074 1308 Dominicus
1103 1254 1419 1309 Vallarsius.
1447 1253 1505 1310 In
1533 1253 1814 1313 codicibus
1838 1270 1969 1310 lttss.
1991 1253 2130 1308 bene

525 1347 710 1400 multis
759 1347 1040 1414 inscriptio
1098 1347 1294 1414 legitur
1342 1345 1410 1400 ad
1462 1344 1716 1412 Ruﬁnum
1769 1345 2128 1414 presbyterum

527 1439 823 1494 Romanum
875 1457 892 1494 :
943 1440 1227 1509 ipsumque
1270 1455 1464 1494 recens
1515 1440 1850 1508 Hieronymo
1890 1439 2128 1494 amicum

529 1531 752 1595 factum,
786 1547 907 1601 quae
943 1547 1090 1585 num.
1126 1532 1157 1585 6
1190 1533 1442 1600 leguntur
1473 1531 1656 1593 verba,
1690 1532 1821 1583 satis
1849 1530 2124 1587 evincunt.

521 1623 612 1679 Ait
640 1624 785 1678 enim
819 1625 1212 1692 Hieronymus:
1240 1622 1366 1675 Ilaec
1395 1623 1508 1692 ipsa
1535 1621 1588 1674 in
1617 1621 1801 1676 lectulo
1823 1620 2126 1676 decumben-

2247 417 2388 470 dicio
2414 434 2507 470 suo
2539 417 2798 484 dispenset
2845 417 2897 472 in
2943 433 3174 488 corpore.
3224 415 3454 472 Dubium
3503 432 3563 472 se
3608 417 3841 486 hierere,

2245 521 2407 582 atque
2437 512 2789 582 perplexum,
2823 521 3049 569 testatur
3095 512 3184 570 ille
3215 529 3227 565 :
3262 510 3371 582 Ego
3417 527 3534 566 vero
3574 527 3690 566 cum
3733 510 3842 567 lucc

2243 605 2452 674 singula
2479 604 2709 673 legerim,
2740 603 2846 659 Deo
2875 612 3014 669 teste,
3047 605 3164 660 dico
3189 605 3309 675 quia
3331 603 3590 674 hucusque
3614 605 3680 660 ad
3707 619 3841 674 pra:-

2241 712 2360 756 sens
2396 697 2520 756 certi
2557 706 2606 750 et
2640 696 2843 765 deﬁniti
2870 696 3070 768 aliquid
3100 697 3164 756 de
3193 698 3288 754 lter
3328 697 3611 767 quwstiotte
3635 712 3737 754 non
3767 704 3841 754 te-

2242 803 2358 845 neo,
2382 788 2670 858 Augustini
2708 786 2886 847 nescit.
2909 802 3070 848 nemo
3103 787 3546 858 perplexitatem,
3569 788 3682 844 imo
3706 789 3838 844 satis

2243 895 2569 949 prapensant
2601 891 2838 938 mentem
2868 881 2926 935 in
2960 879 3405 955 propagatiouem
3435 882 3737 940 animarum
3768 897 3833 937 ex

2242 974 2488 1034 traduce.
2523 974 2852 1033 Revocatam
2899 975 3038 1032 hanc
3068 989 3098 1030 a
3147 972 3204 1030 S.
3238 975 3466 1028 Doctore
3513 972 3565 1026 in
3606 972 3836 1044 cpistola

2240 1067 2308 1126 ad
2336 1067 2592 1136 Optatum
2631 1067 2978 1138 Opinionem,
3022 1075 3176 1136 putat
3204 1064 3565 1123 Bellarminus
3599 1085 3612 1119 :
3644 1063 3837 1123 inmte-

2238 1161 2347 1222 ritu
2375 1175 2530 1228 sane,
2558 1176 2677 1218 cum
2710 1161 2940 1216 fateatur
2971 1176 3119 1214 unm.
3150 1159 3185 1214 2
3226 1173 3514 1228 numquam
3545 1157 3703 1230 [uisse
3732 1173 3833 1211 au-

2236 1268 2379 1318 sum,
2405 1252 2468 1308 de
2495 1252 2588 1308 hac
2618 1252 2899 1322 quiestiane
2925 1250 3191 1320 deﬁnitam
3232 1253 3466 1321 proferre
3507 1249 3830 1304 sententiam.

2237 1345 2347 1402 Eas
2366 1345 2583 1416 quidem
2616 1362 2766 1404 num.
2795 1345 2860 1398 18
2883 1343 3280 1401 inconsideratae
3309 1343 3606 1402 temeritatis
3631 1345 3828 1414 arguit,

2235 1435 2326 1506 qui
2355 1436 2691 1512 propaginem
2720 1437 3014 1496 animarum
3059 1435 3384 1510 defendunt;
3415 1449 3523 1488 non
3561 1434 3682 1504 quia
3714 1434 3830 1488 cxi-

2233 1530 2499 1590 stimaret.
2547 1542 2836 1586 erroneam
2877 1538 2931 1588 et
2962 1527 3261 1594 Scripturis
3307 1525 3591 1587 adversam
3623 1525 3692 1580 ab
3721 1523 3830 1579 illis

2233 1622 2450 1682 defendi
2497 1623 2820 1682 sententiam
2848 1639 2860 1674 :
2895 1637 3081 1678 verum
3115 1619 3256 1690 quod
3300 1620 3545 1681 eamdem
3579 1617 3828 1690 pervica-

518 1728 613 1786 tes,
644 1719 898 1789 tottgaque
926 1719 1257 1788 tegrotatione
1289 1717 1530 1784 conferti,
1564 1717 1646 1770 vix
1680 1714 1731 1772 Ν
1739 1716 1901 1770 otario
1950 1715 2127 1769 celeri-
2156 1708 2205 1775 Β
2231 1717 2374 1781 eius,
2404 1731 2565 1785 quam
2602 1730 2696 1783 par
2721 1724 2892 1779 esset,
2937 1722 3265 1774 tutarentur.
3313 1711 3534 1774 Interim
3566 1711 3799 1787 llierony

521 1819 600 1866 ter
628 1810 898 1866 scribenda
926 1810 1250 1874 dictavimus,
1277 1826 1378 1862 non
1411 1819 1461 1860 ut
1485 1807 1813 1878 impleremus
1836 1808 2125 1872 materiam,

513 1902 606 1958 sed
639 1918 701 1955 ne
729 1902 816 1958 tibi
857 1902 909 1953 in
955 1902 1210 1972 principio
1238 1901 1584 1954 amicitiarum
1631 1898 1824 1969 aliquid
1852 1899 2128 1970 imperanti

517 1995 535 2062 (
562 1992 972 2058 Expositioncm
1023 1994 1391 2062 postulaverat
1420 1994 1486 2046 dc
1516 1991 1725 2047 .lndicio
1771 1992 2121 2062 Salommtis)

519 2084 809 2138 videremur
838 2100 1045 2156 negare.
1074 2085 1130 2140 Si
1160 2084 1429 2154 quispiam
1463 2099 1593 2140 vero
1629 2083 1851 2139 liuﬁnus
1881 2085 2120 2140 libellum

518 2176 829 2246 palinodiac,
858 2176 926 2230 de
957 2192 1063 2246 quo
1113 2175 1346 2246 agimus,
1392 2175 1650 2240 ediderit,
1685 2192 1792 2232 non
1836 2177 1992 2242 alter,
2026 2175 2122 2234 sed

513 2271 721 2341 primus
748 2269 978 2324 fortasse
1006 2269 1190 2333 fuerit,
1216 2283 1378 2337 quem
1414 2269 1465 2326 in
1507 2268 1860 2326 Occidentem
1892 2270 1958 2323 ab
1996 2268 2122 2328 llic-

514 2377 746 2432 ronymo
797 2360 1024 2416 missum
1075 2359 1330 2418 vidimus.
1382 2359 1562 2420 Fateri
1609 2368 1787 2416 tamen
1831 2359 2116 2426 debemus,

509 2454 690 2522 priora
732 2453 976 2523 ejusdem
1009 2453 1178 2513 libelli
1212 2453 1376 2508 verba
1425 2453 1565 2509 haud
1599 2454 1698 2524 ipsi
1733 2454 1874 2512 bene
1910 2463 1964 2508 et
1993 2465 2118 2524 apte

509 2545 834 2610 convenire,
871 2560 990 2614 quae
1047 2543 1322 2598 hominem
1374 2543 1662 2610 exhibent,
1704 2543 2116 2618 Hierosolymam

505 2643 552 2692 et
582 2634 844 2692 Bethleem
870 2637 1307 2706 proﬁciscentem
1336 2648 1546 2705 propter
1568 2637 1940 2691 renerationcm
1966 2652 2115 2691 sanc-

507 2735 675 2786 torum
706 2727 960 2782 locorum.
993 2729 1076 2782 An
1117 2728 1161 2782 is
1190 2726 1300 2782 dici
1331 2736 1494 2796 queat
1527 2726 1753 2782 lluﬁous
1799 2727 2112 2800 Hieronymi

502 2818 827 2889 discipulus,
857 2819 950 2888 qui
971 2834 1038 2874 ex
1066 2834 1248 2881 eremo
1278 2817 1882 2890 BelltleCtlllllC;t,qualll
1905 2819 2108 2874 dudum

503 2926 627 2970 cum
656 2911 990 2985 Hieronymo
1034 2911 1332 2976 incolebat,
1369 2912 1571 2982 negotii
1606 2911 1895 2983 peragendi
1947 2927 2106 2970 eausa

500 3003 556 3060 in
607 3001 960 3065 Occidentem
994 3002 1192 3060 missus
1221 3005 1339 3068 luit,
1370 3003 1436 3058 ad
1482 3003 1733 3060 eamdem
1754 3020 1994 3059 crctnum
2023 3021 2108 3060 re-

503 3095 804 3155 \‘ersurus?

577 3187 666 3241 Vl.
704 3187 973 3246 Libellum
1015 3188 1294 3254 eumdem,
1344 3199 1618 3258 repet-tum
1673 3190 1724 3243 in
1776 3189 2102 3249 bibliotheca

501 3276 816 3338 Monasterii
864 3277 1176 3344 Bobiensis,
1223 3287 1451 3332 testatur
1495 3278 1734 3335 Joannes
1763 3279 2103 3338 Illabillonius

496 3369 552 3424 in
581 3369 778 3424 Itinere
806 3369 1023 3436 italico,
1042 3370 1144 3426 hoc
1187 3371 1346 3425 modo
1375 3372 1691 3442 inSCriplunt
1729 3373 1829 3442 legi
1869 3393 1880 3426 :
1914 3374 2102 3428 Abbre-

499 3462 653 3522 riatio.
691 3459 847 3516 Fidei
878 3462 1144 3517 catholica:
1195 3464 1428 3534 exposita
1482 3481 1512 3518 a
1544 3465 1608 3520 S.
1661 3464 2013 3537 Hieronymo,
2046 3477 2100 3520 ut

493 3554 707 3622 quidam
762 3556 815 3607 in
861 3554 1099 3609 lueret-int
1132 3555 1264 3627 lapsi
1321 3558 1716 3629 corrigerentur.
1771 3558 2099 3631 Hieronymo

498 3647 652 3720 151
682 3646 1031 3708 tribuendum
1062 3646 1418 3717 Opusculutn,
1455 3633 1614 3704 nemo
1642 3649 1837 3704 dixerit
1866 3668 1876 3702 :
1911 3667 2096 3707 verum

490 3753 556 3793 ex
583 3738 799 3794 diversa
831 3737 1188 3810 inscriptione
1219 3756 1340 3810 quae
1368 3741 1419 3794 in
1453 3755 1586 3795 mss.
1619 3729 2094 3799 codicibushabe-

484 3838 594 3895 tur,
624 3831 780 3887 facile
810 3832 1136 3901 conjicerem
1159 3874 1175 3900 ,
1213 3847 1390 3902 neque
1417 3833 1485 3887 ab
1515 3833 1692 3902 aliquo
1743 3834 1936 3889 Ruﬁno
1968 3852 2096 3896 vere

487 3924 620 3979 illud
652 3926 856 3980 editum
885 3940 1033 3989 esse,
1064 3926 1158 3979 sed
1185 3927 1252 3980 ab
1291 3927 1398 3980 alio
1432 3927 1613 3995 potius
1635 3929 1926 3984 conﬁctam
1967 3944 2096 4000 sup-

491 4016 858 4085 positumque,
883 4016 969 4070 cui
1003 4032 1096 4084 per
1122 4017 1288 4070 otintn
1316 4018 1576 4086 placuerit
1615 4018 1932 4090 Hieronymi
1965 4021 2094 4077 doc-

488 4104 680 4162 trinam
711 4105 1061 4175 Urigcnianis
1091 4107 1436 4176 dogmatibus
1480 4107 1764 4163 adversam
1811 4111 2086 4182 colligere.

552 4195 861 4252 Attentiore
893 4208 1075 4252 mente
1117 4199 1163 4252 si
1197 4201 1503 4269 perpendas
1550 4201 1721 4256 libelli
1769 4207 2090 4262 anathema-

485 4291 677 4350 tismos
705 4332 720 4358 ,
754 4291 1064 4360 adoptatam
1112 4293 1328 4347 noveris
1359 4292 1663 4348 doctrinam
1684 4337 1700 4364 ,
1731 4312 1853 4366 quae
1894 4299 2084 4354 lliero-

483 4398 648 4453 nytuo
698 4383 974 4452 placebat,
1012 4383 1227 4440 tametsi
1256 4384 1321 4438 ab
1364 4384 1490 4442 aliis,
1519 4384 1781 4441 Ecclesia:
1833 4388 2085 4444 l’atribns

2231 1821 2351 1860 mus
2377 1806 2817 1864 constantissime
2849 1804 3116 1859 sentiebat
3159 1803 3211 1857 in
3256 1801 3394 1858 libro
3425 1813 3613 1860 contra
3653 1799 3824 1856 Joan-

2228 1915 2351 1956 nem
2397 1898 2912 1970 Jerosolyntitaoum
2943 1915 3092 1956 num.
3135 1893 3206 1951 22
3233 1915 3244 1950 :
3278 1897 3521 1964 Quotidie
3551 1892 3717 1950 Deum
3749 1897 3828 1966 fa-

2226 1991 2413 2050 bricari
2441 1994 2645 2052 animos
2676 2008 2694 2047 :
2722 1993 2863 2062 quod
2891 1994 3054 2047 etiam
3087 1993 3226 2046 libro
3272 2007 3328 2045 ιιι
3356 2001 3544 2050 contra
3571 1989 3825 2047 Ruﬁnum

2226 2099 2374 2144 num.
2405 2085 2476 2142 28
2522 2086 2714 2156 dogma
2758 2083 3382 2146 wcatEcclesiusticum.
3437 2083 3586 2139 lianc
3635 2083 3826 2140 Hiero-

2223 2178 2372 2249 nymi
2401 2176 2708 2238 doctrinam
2739 2178 3017 2242 tuebatur,
3055 2177 3145 2247 qui
3176 2176 3495 2249 praedictum
3520 2174 3825 2235 eﬂ'ormavit

2221 2268 2761 2334 anathematismum,
2792 2268 3189 2339 dicendumque
3219 2267 3509 2328 anathema
3541 2268 3824 2344 [)l‘OpOStlll

2221 2361 2308 2424 iis,
2343 2363 2432 2430 qui
2458 2362 2788 2416 contrarium
2822 2363 3113 2417 sentirent.

2295 2454 2494 2525 Dignus
2545 2469 2762 2526 quoque
2803 2454 3280 2509 animadversione
3324 2461 3407 2512 eSt
3436 2451 3643 2524 primus
3691 2467 3819 2508 ana-

2221 2546 2632 2614 tltematismus,
2667 2565 2774 2618 quo
2823 2549 2938 2603 hinc
2969 2549 3305 2604 efferuntur:
3342 2547 3444 2618 Qui
3485 2549 3660 2604 dicunt
3691 2545 3818 2601 Dia-

2217 2637 2330 2692 bolo
2355 2681 2367 2704 ,
2409 2650 2454 2692 et
2489 2639 2817 2694 l)a:monibns
2847 2649 2892 2693 et
2918 2639 3124 2710 impiis,
3155 2637 3251 2692 hoc
3279 2649 3354 2691 est
3387 2635 3694 2702 Gentilibus,
3722 2633 3819 2691 Ju-

2215 2733 2362 2798 dwis,
2423 2733 2808 2798 Samaritanis,
2861 2733 3194 2802 omnibusque
3244 2731 3497 2788 ltwreticis
3553 2729 3816 2802 (exceptis

2213 2826 2512 2882 Christianis
2531 2871 2544 2892 ,
2585 2829 2672 2900 qui
2699 2838 2890 2882 rectam
2917 2827 3073 2896 ﬁdem
3102 2836 3403 2898 sequuntur,
3431 2835 3478 2878 et
3525 2835 3814 2895 peccatores

2211 2920 2376 2992 sunt),
2409 2921 2691 2992 aliquando
2718 2921 3036 2992 parcendum
3073 2929 3122 2980 et
3153 2935 3329 2988 poenas
3359 2935 3534 2972 corum
3575 2935 3676 2972 non
3705 2930 3813 2972 esse

2214 3023 2486 3084 perpetuas
2506 3054 2522 3080 ,
2551 3014 2822 3070 anathema
2853 3014 2936 3067 sit.
2973 3012 3234 3082 Exceptio
3260 3009 3327 3066 de
3358 3009 3682 3069 Christianis
3725 3009 3812 3064 in-

2128 3083 2178 3154 c
2211 3108 2448 3175 tellecta,
2474 3109 2564 3179 qui
2593 3118 2796 3163 rectam
2827 3107 2988 3166 ﬁdem
3016 3115 3348 3182 sequuntur,
3372 3116 3425 3160 et
3455 3103 3808 3160 nihilominus

2207 3215 2328 3255 Ctltll
2362 3201 2547 3256 lethali
2579 3202 2734 3272 culpa
2766 3201 3061 3264 decedunt,
3085 3199 3401 3254 christiana:
3431 3198 3692 3254 doctrina:
3721 3213 3808 3263 re-

2207 3300 2430 3363 pugnat.
2462 3291 2604 3349 Satis
2653 3301 2734 3348 est
2780 3291 2883 3346 hoc
2928 3293 3048 3346 loco
3096 3291 3574 3346 animadvertere:
3608 3292 3804 3368 pracdi-

2203 3395 2347 3439 ctum
2377 3385 2919 3448 anathematismttm,
2951 3383 3067 3438 sive
3093 3381 3396 3444 doetrinam
3425 3391 3659 3453 spectes,
3685 3383 3801 3438 sive

2202 3477 2546 3534 solummodo
2571 3478 2838 3544 verba,cx
2862 3477 3173 3549 Hieronymi
3199 3477 3455 3550 operibus
3483 3476 3798 3550 decerptum

2200 3583 2344 3624 esse.
2405 3569 2496 3628 Ait
2533 3569 2677 3624 enim
2731 3581 3012 3640 postremo
3069 3568 3247 3638 capite
3305 3568 3696 3624 Commentarii
3744 3569 3797 3624 in

2202 3661 2391 3716 Isaiam
2422 3681 2433 3714 :
2467 3662 2616 3716 Sicut
2653 3661 2882 3732 Diaboli,
2911 3671 2957 3716 et
2988 3661 3218 3715 omnium
3264 3670 3566 3732 negatorum
3587 3702 3601 3726 ,
3642 3671 3797 3730 atque

2196 3754 2504 3825 impiorum,
2537 3757 2624 3826 qui
2654 3756 2890 3810 dixerunt
2920 3757 2974 3812 in
3004 3755 3158 3818 corde
3187 3772 3280 3814 suo
3301 3799 3314 3820 ,
3351 3753 3472 3814 Non
3502 3764 3578 3809 est
3617 3753 3789 3824 Deus,

2195 3850 2450 3906 credimus
2480 3862 2671 3904 wterna
2713 3858 3003 3906 tormenta:
3033 3850 3107 3903 sic
3149 3860 3474 3921 peccatorum
3510 3859 3660 3920 atque
3689 3850 3790 3903 im-

2194 3941 2430 4011 piorum,
2459 3951 2504 4000 et
2552 3954 2720 4002 tamen
2761 3941 3206 4006 Christianorum,
3235 3959 3449 4011 quorum
3477 3959 3632 4020 Opera
3675 3943 3792 4018 igne

2195 4032 2462 4099 probanda
2491 4043 2640 4100 atque
2669 4033 2945 4104 purganda
2971 4044 3090 4086 sunt
3111 4076 3124 4100 ,
3172 4035 3490 4094 moderatam
3703 4051 3791 4088 ar-

2193 4121 2440 4175 bitramur
2466 4135 2510 4176 et
2550 4125 2764 4179 mixtam
2790 4124 3070 4179 clementia?
3096 4127 3398 4181 sententiam
3441 4127 3647 4191 indicis.
3687 4129 3788 4182 Pa-

2194 4215 2270 4268 ria
2311 4215 2501 4271 scribit
2549 4216 2605 4270 in
2630 4215 2854 4288 Dialogo
2880 4232 2896 4269 1
2919 4221 3106 4271 centra
3140 4216 3461 4288 Pelagianos
3495 4234 3642 4274 num.
3671 4219 3780 4276 28:

2193 4309 2255 4363 Si
2302 4318 2474 4364 autem
2519 4307 2762 4382 Origenes
2793 4325 2967 4364 omnes
3008 4309 3337 4366 rationabiles
3354 4322 3615 4367 creaturas
3658 4313 3785 4367 dicit

2190 4416 2291 4453 non
2328 4417 2438 4455 esse
2480 4401 2800 4471 perdendos,
2833 4412 2879 4454 et
2927 4399 3146 4455 Diabolo
3177 4401 3356 4456 tribuit
3395 4405 3778 4475 paenitentiam,

475 4491 593 4539 ωνο
638 4474 734 4536 illo
787 4491 884 4544 1³1⁸0
943 4485 1093 4539 certa.
1124 4492 1238 4532 non
1283 4477 1602 4532 habebatur.
1666 4478 1719 4532 lo
1753 4479 2078 4537 duodecimo
2107 4469 2305 4563 unid
2335 4495 2402 4546 ad
2429 4469 2562 4556 nos?
2590 4495 2677 4562 qui
2717 4506 2762 4549 et
2799 4493 3104 4561 Diabolum,
3148 4506 3196 4548 et
3215 4469 3462 4551 satellites
3501 4499 3637 4574 ejus,
3666 4469 3776 4552 om;

473 4569 938 4628 anatlsematismo
986 4568 1102 4633 hmo
1152 4569 1470 4630 habentur;
1509 4571 1607 4637 Qui
1650 4573 1830 4630 dicunt
1875 4576 2075 4630 animos

473 4664 620 4730 prius
658 4663 820 4733 fuisse
849 4679 1006 4732 quam
1031 4675 1166 4718 nata:
1194 4673 1336 4729 sunt,
1371 4674 1418 4718 et
1456 4681 1556 4724 non
1584 4682 1700 4718 cum
1745 4683 1961 4739 corpore
1988 4686 2071 4724 se-

473 4758 700 4810 cundum
726 4757 1014 4827 exemplum
1049 4756 1203 4824 primi
1230 4755 1455 4811 hominis
1483 4775 1514 4810 a
1545 4755 1655 4812 Deo
1680 4761 1908 4826 quotidie
1933 4762 2067 4830 ﬁeri,

472 4848 747 4902 anathema
783 4849 874 4902 sit.
905 4847 961 4904 ιιι
1007 4847 1143 4908 hanc
1175 4848 1500 4910 sententiam
1533 4851 1665 4908 abiit
1693 4865 1908 4921 semper
1939 4853 2067 4909 Hie-

468 4951 727 5007 t'Onytltus
748 4977 764 5001 ,
810 4953 930 5008 quae
959 4937 1196 5006 singulas
1219 4940 1518 4994 rationales
1555 4944 1760 4996 animas
1785 4983 1798 5007 ,
1837 4959 2068 5008 nascen-

465 5027 611 5090 tibus,
640 5029 970 5096 hominibus,
1012 5031 1184 5086 creari
1235 5041 1590 5090 novastenet.
1638 5033 1866 5094 Ruﬁnus
1895 5037 2063 5109 Aqui-

458 5119 693 5176 leiensis.
725 5122 778 5174 in
807 5121 1069 5193 Apologia
1097 5123 1162 5176 ad
1193 5125 1536 5186 Anastasium
1571 5128 1852 5191 variantes
1898 5132 2065 5192 hocce

463 5212 532 5268 de
565 5224 887 5280 argumento
926 5218 1211 5284 opiniones
1242 5220 1408 5273 refert
1437 5237 1453 5280 :,
1484 5221 1672 5288 Audio,
1705 5223 1980 5294 inquiens,
2010 5237 2065 5286 et

462 5309 526 5361 de
547 5309 722 5362 anima
749 5310 1056 5378 qucestiones
1082 5311 1196 5379 ﬁeri
1349 5311 1474 5384 Legi
1518 5315 1766 5384 quosdam
1810 5319 2058 5385 dicentes,

456 5407 596 5476 quod
627 5407 820 5474 pariter
859 5421 978 5458 cum
1017 5422 1234 5476 corpore
1279 5425 1368 5477 per
1394 5407 1609 5464 humani
1636 5412 1844 5473 seminis
1874 5413 2055 5468 tradu-

452 5512 558 5549 cem
588 5499 740 5550 etiam
769 5497 944 5548 animo
991 5497 1437 5567 diffundatur.....
1487 5499 1589 5558 Alii
1619 5511 1892 5576 asserunt,
1916 5505 2055 5573 quod

455 5587 692 5655 formatis
717 5586 771 5642 in
799 5594 942 5642 utero
972 5588 1272 5656 corporibus
1296 5627 1308 5651 ,
1341 5585 1476 5642 Deus
1496 5589 1724 5658 quotidie
1752 5591 1914 5672 [aciat
1940 5595 2054 5656 αηί..

452 5689 562 5734 mus
583 5715 598 5744 ,
649 5685 695 5731 et
726 5675 992 5746 ὺιίιιηάαι.
1027 5675 1134 5732 Alii
1180 5675 1318 5747 quod
1349 5675 1512 5756 (actas
1561 5682 1666 5748 iam
1710 5679 1866 5754 olim,
1895 5681 1953 5740 id
1978 5691 2052 5744 est

2179 4602 2368 4655 nesque
2411 4587 2596 4655 impios
2621 4627 2636 4652 ,
2661 4595 2714 4641 et
2752 4587 3173 4655 prtevaricatores
3210 4588 3428 4642 dicimus
3460 4591 3626 4657 perire
3655 4607 3773 4664 per-

2175 4690 2328 4748 petuo
2355 4695 2374 4734 :
2401 4692 2451 4740 et.
2481 4677 2821 4742 Christianos,
2869 4679 2914 4737 si
2944 4681 2995 4733 in
3027 4689 3233 4750 peccato
3282 4683 3530 4752 praeventi
3556 4683 3770 4753 fuerint,

2172 4771 2448 4832 «ilvandos
2479 4789 2585 4826 esse
2632 4783 2744 4843 post
2791 4789 2986 4842 plenos.
3029 4772 3207 4828 Nolim
3254 4773 3538 4832 demente
3582 4774 3771 4829 lliero—

2175 4862 2324 4936 [ψιιὶ
2367 4863 2643 4931 disputare
2678 4880 2691 4916 :
2718 4863 2947 4936 ejusque
2977 4863 3140 4920 verba
3168 4865 3443 4920 catholico
3473 4873 3634 4928 sensu
3674 4879 3770 4920 ex-

2173 4966 2444 5030 ponantur
2473 4956 2539 5010 de
2572 4959 2896 5028 purgatoriis
2938 4959 3142 5028 poenis,
3188 4957 3235 5012 si
3264 4959 3504 5030 placeat,
3538 4974 3636 5034 per
3679 4975 3767 5016 me

2174 5048 2339 5114 licet,
2373 5064 2435 5106 ac
2465 5049 2654 5106 lubens
2684 5050 2992 5106 consentio.
3026 5049 3207 5105 lla.ch
3241 5062 3418 5108 tamen
3442 5094 3456 5119 ,
3499 5068 3563 5107 ex
3595 5049 3764 5126 ipsius

2169 5139 2352 5200 Sancti
2390 5142 2568 5202 Patris
2598 5142 2843 5198 doetrina
2892 5155 2946 5200 et
2998 5143 3180 5199 verbis
3231 5141 3610 5225 depromptum
3643 5158 3762 5202 esse

2169 5232 2709 5302 anatltcntatismum,
2733 5249 2840 5304 quo
2868 5233 2934 5288 de
2960 5235 3187 5306 agimus.

2239 5325 2437 5395 Quidni
2464 5342 2600 5398 ergo.
2616 5327 2810 5398 conjici
2845 5336 3051 5398 potest,
3084 5327 3390 5400 quempiam
3426 5323 3624 5398 fuisse,
3667 5331 3761 5406 qui

2163 5431 2294 5476 cum,
2318 5417 2776 5480 animadverteret
2821 5417 2874 5472 in
2920 5419 3059 5474 libro
3099 5435 3157 5474 ιιι
3205 5420 3520 5493 Hieronymi
3567 5433 3758 5477 contra

2165 5507 2416 5570 Ruﬁnum
2449 5526 2596 5570 nuru.
2627 5511 2720 5579 25,
2753 5523 2861 5574 tum
2894 5513 3070 5590 ipsum
3101 5512 3160 5568 S.
3192 5512 3406 5570 Patrem
3440 5514 3607 5578 veluti
3647 5513 3757 5570 lue-

2161 5599 2371 5658 reticum
2397 5617 2460 5658 ex
2498 5602 2740 5672 ejusdem
2781 5601 2958 5666 Ruﬁni
2989 5604 3230 5659 amicitiis
3257 5605 3324 5660 ab
3361 5605 3586 5666 Aterhio
3605 5610 3754 5681 judi-

2160 5698 2329 5751 catum
2363 5689 2649 5763 aliquando
2681 5691 2878 5761 fuisse,
2905 5702 3026 5752 tum
3047 5691 3275 5751 Aterblo
3301 5695 3428 5754 satis
3456 5695 3633 5774 ipsum
3675 5698 3757 5768 fel
