  <div class='ocr_page' id='page_1' title='image "/cluster/home/n/w/nwhite01/storage/ocr_20150623/20/hvd.32044096580469/217.png"; bbox 0 0 4344 6174; ppageno 0'>
   <div class='ocr_carea' id='block_1_1' title="bbox 518 177 625 234">
    <p class='ocr_par' dir='ltr' id='par_1_1' title="bbox 518 177 625 234">
     <span class='ocr_line' id='line_1_1' title="bbox 518 177 625 234; baseline 0.009 -1"><span class='ocrx_word' id='word_1_1' title='bbox 518 177 625 234; x_wconf 64' lang='grc' dir='ltr'>ηδ</span> 
     </span>
    </p>
   </div>
   <div class='ocr_carea' id='block_1_2' title="bbox 1484 172 2851 246">
    <p class='ocr_par' dir='ltr' id='par_1_2' title="bbox 1484 172 2851 246">
     <span class='ocr_line' id='line_1_2' title="bbox 1484 172 2851 246; baseline 0 -12"><span class='ocrx_word' id='word_1_2' title='bbox 1484 177 1576 234; x_wconf 86' lang='lat' dir='ltr'><strong>DE</strong></span> <span class='ocrx_word' id='word_1_3' title='bbox 1615 177 1677 235; x_wconf 69' lang='grc' dir='ltr'>Β.</span> <span class='ocrx_word' id='word_1_4' title='bbox 1715 176 2124 234; x_wconf 79' lang='lat' dir='ltr'><strong>CHROMATIO</strong></span> <span class='ocrx_word' id='word_1_5' title='bbox 2161 173 2372 236; x_wconf 85' lang='lat' dir='ltr'><strong>EPISC.</strong></span> <span class='ocrx_word' id='word_1_6' title='bbox 2416 172 2851 246; x_wconf 72' lang='lat' dir='ltr'><strong>AQUILEIENSI</strong></span> 
     </span>
    </p>
   </div>
   <div class='ocr_carea' id='block_1_3' title="bbox 3705 176 3811 235">
    <p class='ocr_par' dir='ltr' id='par_1_3' title="bbox 3705 176 3811 235">
     <span class='ocr_line' id='line_1_3' title="bbox 3705 176 3811 235; baseline 0.009 -1"><span class='ocrx_word' id='word_1_7' title='bbox 3705 176 3811 235; x_wconf 64' lang='lat' dir='ltr'><strong>43b</strong></span> 
     </span>
    </p>
   </div>
   <div class='ocr_carea' id='block_1_4' title="bbox 516 291 3811 365">
    <p class='ocr_par' dir='ltr' id='par_1_4' title="bbox 516 291 3811 365">
     <span class='ocr_line' id='line_1_4' title="bbox 516 291 3811 365; baseline -0.001 -13"><span class='ocrx_word' id='word_1_8' title='bbox 516 295 957 352; x_wconf 92' lang='lat' dir='ltr'><strong>communionem</strong></span> <span class='ocrx_word' id='word_1_9' title='bbox 999 295 1196 350; x_wconf 82' lang='lat' dir='ltr'><strong>Ruﬁno</strong></span> <span class='ocrx_word' id='word_1_10' title='bbox 1235 293 1677 350; x_wconf 83' lang='lat' dir='ltr'><strong>Ecclesiasticam</strong></span> <span class='ocrx_word' id='word_1_11' title='bbox 1719 295 2109 365; x_wconf 76' lang='lat' dir='ltr'><strong>largiebantur,</strong></span> <span class='ocrx_word' id='word_1_12' title='bbox 2143 304 2196 363; x_wconf 78' lang='grc' dir='ltr'>Α</span> <span class='ocrx_word' id='word_1_13' title='bbox 2221 296 2504 362; x_wconf 83' lang='lat' dir='ltr'><strong>Paulinus,</strong></span> <span class='ocrx_word' id='word_1_14' title='bbox 2540 306 2598 351; x_wconf 83' lang='lat' dir='ltr'><strong>ut</strong></span> <span class='ocrx_word' id='word_1_15' title='bbox 2633 295 2797 351; x_wconf 91' lang='lat' dir='ltr'><strong>dubia</strong></span> <span class='ocrx_word' id='word_1_16' title='bbox 2829 294 3099 360; x_wconf 83' lang='lat' dir='ltr'><strong>solveret,</strong></span> <span class='ocrx_word' id='word_1_17' title='bbox 3138 305 3263 363; x_wconf 61' lang='lat' dir='ltr'><strong>quae</strong></span> <span class='ocrx_word' id='word_1_18' title='bbox 3295 291 3604 348; x_wconf 86' lang='lat' dir='ltr'><strong>communis</strong></span> <span class='ocrx_word' id='word_1_19' title='bbox 3647 293 3811 349; x_wconf 80' lang='lat' dir='ltr'><strong>amici</strong></span> 
     </span>
    </p>
   </div>
   <div class='ocr_carea' id='block_1_5' title="bbox 517 389 2114 459">
    <p class='ocr_par' dir='ltr' id='par_1_5' title="bbox 517 389 2114 459">
     <span class='ocr_line' id='line_1_5' title="bbox 517 389 2114 459; baseline -0.001 -16"><span class='ocrx_word' id='word_1_20' title='bbox 517 389 586 443; x_wconf 89' lang='lat' dir='ltr'><strong>ab</strong></span> <span class='ocrx_word' id='word_1_21' title='bbox 615 390 899 444; x_wconf 83' lang='lat' dir='ltr'><strong>Anastasio</strong></span> <span class='ocrx_word' id='word_1_22' title='bbox 927 391 1239 444; x_wconf 88' lang='lat' dir='ltr'><strong>damnatum</strong></span> <span class='ocrx_word' id='word_1_23' title='bbox 1271 389 1497 444; x_wconf 90' lang='lat' dir='ltr'><strong>minime</strong></span> <span class='ocrx_word' id='word_1_24' title='bbox 1522 389 1806 459; x_wconf 84' lang='lat' dir='ltr'><strong>putabant,</strong></span> <span class='ocrx_word' id='word_1_25' title='bbox 1834 389 2114 442; x_wconf 89' lang='lat' dir='ltr'><strong>fovebant-</strong></span> 
     </span>
    </p>
   </div>
   <div class='ocr_carea' id='block_1_6' title="bbox 515 479 2115 551">
    <p class='ocr_par' dir='ltr' id='par_1_6' title="bbox 515 479 2115 551">
     <span class='ocr_line' id='line_1_6' title="bbox 515 479 2115 551; baseline 0.001 -17"><span class='ocrx_word' id='word_1_26' title='bbox 515 496 622 550; x_wconf 89' lang='lat' dir='ltr'><strong>quc</strong></span> <span class='ocrx_word' id='word_1_27' title='bbox 660 496 781 535; x_wconf 92' lang='lat' dir='ltr'><strong>cum</strong></span> <span class='ocrx_word' id='word_1_28' title='bbox 813 485 934 551; x_wconf 88' lang='lat' dir='ltr'><strong>ipso</strong></span> <span class='ocrx_word' id='word_1_29' title='bbox 977 482 1293 536; x_wconf 71' lang='lat' dir='ltr'><strong>amicitiam.</strong></span> <span class='ocrx_word' id='word_1_30' title='bbox 1340 480 1622 535; x_wconf 80' lang='lat' dir='ltr'><strong>[labentur</strong></span> <span class='ocrx_word' id='word_1_31' title='bbox 1671 480 1885 535; x_wconf 87' lang='lat' dir='ltr'><strong>Paulini</strong></span> <span class='ocrx_word' id='word_1_32' title='bbox 1923 479 2115 535; x_wconf 86' lang='lat' dir='ltr'><strong>Nolani</strong></span> 
     </span>
    </p>
   </div>
   <div class='ocr_carea' id='block_1_7' title="bbox 532 571 2116 642">
    <p class='ocr_par' dir='ltr' id='par_1_7' title="bbox 532 571 2116 642">
     <span class='ocr_line' id='line_1_7' title="bbox 532 571 2116 642; baseline 0 -14"><span class='ocrx_word' id='word_1_33' title='bbox 532 573 782 640; x_wconf 71' lang='lat' dir='ltr'><strong>epistolae</strong></span> <span class='ocrx_word' id='word_1_34' title='bbox 816 574 1001 641; x_wconf 84' lang='lat' dir='ltr'><strong>plures</strong></span> <span class='ocrx_word' id='word_1_35' title='bbox 1031 573 1097 627; x_wconf 89' lang='lat' dir='ltr'><strong>ad</strong></span> <span class='ocrx_word' id='word_1_36' title='bbox 1142 574 1339 642; x_wconf 89' lang='lat' dir='ltr'><strong>ipsum.</strong></span> <span class='ocrx_word' id='word_1_37' title='bbox 1375 571 1488 626; x_wconf 87' lang='lat' dir='ltr'><strong>Hoc</strong></span> <span class='ocrx_word' id='word_1_38' title='bbox 1527 573 1648 626; x_wconf 92' lang='lat' dir='ltr'><strong>loco</strong></span> <span class='ocrx_word' id='word_1_39' title='bbox 1685 587 1801 627; x_wconf 87' lang='lat' dir='ltr'><strong>eam</strong></span> <span class='ocrx_word' id='word_1_40' title='bbox 1826 572 1989 627; x_wconf 87' lang='lat' dir='ltr'><strong>liceat</strong></span> <span class='ocrx_word' id='word_1_41' title='bbox 2021 589 2116 628; x_wconf 82' lang='lat' dir='ltr'><strong>ex-</strong></span> 
     </span>
    </p>
   </div>
   <div class='ocr_carea' id='block_1_8' title="bbox 516 665 2114 736">
    <p class='ocr_par' dir='ltr' id='par_1_8' title="bbox 516 665 2114 736">
     <span class='ocr_line' id='line_1_8' title="bbox 516 665 2114 736; baseline 0.001 -20"><span class='ocrx_word' id='word_1_42' title='bbox 516 667 776 736; x_wconf 81' lang='lat' dir='ltr'><strong>pendere,</strong></span> <span class='ocrx_word' id='word_1_43' title='bbox 819 682 940 734; x_wconf 84' lang='lat' dir='ltr'><strong>quae</strong></span> <span class='ocrx_word' id='word_1_44' title='bbox 972 666 1114 735; x_wconf 87' lang='lat' dir='ltr'><strong>apud</strong></span> <span class='ocrx_word' id='word_1_45' title='bbox 1146 666 1461 720; x_wconf 87' lang='lat' dir='ltr'><strong>Lebrunum</strong></span> <span class='ocrx_word' id='word_1_46' title='bbox 1490 665 1581 732; x_wconf 74' lang='lat'><strong>28,</strong></span> <span class='ocrx_word' id='word_1_47' title='bbox 1621 665 1756 720; x_wconf 89' lang='lat' dir='ltr'><strong>alias</strong></span> <span class='ocrx_word' id='word_1_48' title='bbox 1798 665 1853 731; x_wconf 86' lang='lat'><strong>9,</strong></span> <span class='ocrx_word' id='word_1_49' title='bbox 1883 668 1950 720; x_wconf 90' lang='lat' dir='ltr'><strong>ad</strong></span> <span class='ocrx_word' id='word_1_50' title='bbox 1984 665 2114 720; x_wconf 88' lang='lat' dir='ltr'><strong>Sul-</strong></span> 
     </span>
    </p>
   </div>
   <div class='ocr_carea' id='block_1_9' title="bbox 520 758 2114 830">
    <p class='ocr_par' dir='ltr' id='par_1_9' title="bbox 520 758 2114 830">
     <span class='ocr_line' id='line_1_9' title="bbox 520 758 2114 830; baseline 0.001 -18"><span class='ocrx_word' id='word_1_51' title='bbox 520 761 716 830; x_wconf 88' lang='lat' dir='ltr'><strong>picium</strong></span> <span class='ocrx_word' id='word_1_52' title='bbox 746 761 993 815; x_wconf 86' lang='lat' dir='ltr'><strong>Severum</strong></span> <span class='ocrx_word' id='word_1_53' title='bbox 1018 761 1140 814; x_wconf 88' lang='lat' dir='ltr'><strong>data</strong></span> <span class='ocrx_word' id='word_1_54' title='bbox 1173 771 1278 826; x_wconf 90' lang='lat' dir='ltr'><strong>est,</strong></span> <span class='ocrx_word' id='word_1_55' title='bbox 1305 776 1376 814; x_wconf 78' lang='lat' dir='ltr'><strong>ex</strong></span> <span class='ocrx_word' id='word_1_56' title='bbox 1404 775 1507 830; x_wconf 90' lang='lat' dir='ltr'><strong>qua</strong></span> <span class='ocrx_word' id='word_1_57' title='bbox 1539 760 1797 814; x_wconf 81' lang='lat' dir='ltr'><strong>discimus</strong></span> <span class='ocrx_word' id='word_1_58' title='bbox 1827 777 1840 812; x_wconf 92' lang='lat'><strong>:</strong></span> <span class='ocrx_word' id='word_1_59' title='bbox 1875 769 1988 813; x_wconf 89' lang='lat' dir='ltr'><strong>tum</strong></span> <span class='ocrx_word' id='word_1_60' title='bbox 2013 758 2114 814; x_wconf 89' lang='lat' dir='ltr'><strong>Se-</strong></span> 
     </span>
    </p>
   </div>
   <div class='ocr_carea' id='block_1_10' title="bbox 516 852 2114 923">
    <p class='ocr_par' dir='ltr' id='par_1_10' title="bbox 516 852 2114 923">
     <span class='ocr_line' id='line_1_10' title="bbox 516 852 2114 923; baseline -0.001 -16"><span class='ocrx_word' id='word_1_61' title='bbox 516 868 705 908; x_wconf 81' lang='lat' dir='ltr'><strong>verum</strong></span> <span class='ocrx_word' id='word_1_62' title='bbox 761 852 996 907; x_wconf 87' lang='lat' dir='ltr'><strong>Paulioo</strong></span> <span class='ocrx_word' id='word_1_63' title='bbox 1047 854 1319 923; x_wconf 81' lang='lat' dir='ltr'><strong>quoddam</strong></span> <span class='ocrx_word' id='word_1_64' title='bbox 1365 855 1583 908; x_wconf 78' lang='lat' dir='ltr'><strong>misisse</strong></span> <span class='ocrx_word' id='word_1_65' title='bbox 1631 854 2114 908; x_wconf 89' lang='lat' dir='ltr'><strong>commonitorium</strong></span> 
     </span>
    </p>
   </div>
   <div class='ocr_carea' id='block_1_11' title="bbox 517 946 2116 1018">
    <p class='ocr_par' dir='ltr' id='par_1_11' title="bbox 517 946 2116 1018">
     <span class='ocr_line' id='line_1_11' title="bbox 517 946 2116 1018; baseline 0.003 -19"><span class='ocrx_word' id='word_1_66' title='bbox 517 948 750 1018; x_wconf 88' lang='lat' dir='ltr'><strong>pluritun</strong></span> <span class='ocrx_word' id='word_1_67' title='bbox 776 946 1183 1010; x_wconf 81' lang='lat' dir='ltr'><strong>difﬁcultatum,</strong></span> <span class='ocrx_word' id='word_1_68' title='bbox 1209 964 1344 1018; x_wconf 85' lang='lat' dir='ltr'><strong>quas</strong></span> <span class='ocrx_word' id='word_1_69' title='bbox 1364 949 1414 1002; x_wconf 93' lang='lat' dir='ltr'><strong>in</strong></span> <span class='ocrx_word' id='word_1_70' title='bbox 1437 949 1679 1003; x_wconf 89' lang='lat' dir='ltr'><strong>Historia</strong></span> <span class='ocrx_word' id='word_1_71' title='bbox 1702 950 1868 1004; x_wconf 89' lang='lat' dir='ltr'><strong>Sacra</strong></span> <span class='ocrx_word' id='word_1_72' title='bbox 1887 949 2116 1003; x_wconf 83' lang='lat' dir='ltr'><strong>texenda</strong></span> 
     </span>
    </p>
   </div>
   <div class='ocr_carea' id='block_1_12' title="bbox 518 1039 2116 1111">
    <p class='ocr_par' dir='ltr' id='par_1_12' title="bbox 518 1039 2116 1111">
     <span class='ocr_line' id='line_1_12' title="bbox 518 1039 2116 1111; baseline 0.001 -18"><span class='ocrx_word' id='word_1_73' title='bbox 518 1039 844 1102; x_wconf 81' lang='lat' dir='ltr'><strong>olfeuderat,</strong></span> <span class='ocrx_word' id='word_1_74' title='bbox 872 1040 1089 1106; x_wconf 83' lang='lat' dir='ltr'><strong>sibique</strong></span> <span class='ocrx_word' id='word_1_75' title='bbox 1113 1041 1364 1110; x_wconf 76' lang='lat' dir='ltr'><strong>expediri</strong></span> <span class='ocrx_word' id='word_1_76' title='bbox 1396 1041 1621 1111; x_wconf 90' lang='lat' dir='ltr'><strong>optabat</strong></span> <span class='ocrx_word' id='word_1_77' title='bbox 1647 1059 1660 1095; x_wconf 89' lang='lat'><strong>:</strong></span> <span class='ocrx_word' id='word_1_78' title='bbox 1685 1050 1798 1096; x_wconf 91' lang='lat' dir='ltr'><strong>tum</strong></span> <span class='ocrx_word' id='word_1_79' title='bbox 1829 1043 1897 1096; x_wconf 89' lang='lat' dir='ltr'><strong>ab</strong></span> <span class='ocrx_word' id='word_1_80' title='bbox 1924 1042 2116 1097; x_wconf 81' lang='lat' dir='ltr'><strong>eodem</strong></span> 
     </span>
    </p>
   </div>
   <div class='ocr_carea' id='block_1_13' title="bbox 517 1130 2116 1188">
    <p class='ocr_par' dir='ltr' id='par_1_13' title="bbox 517 1130 2116 1188">
     <span class='ocr_line' id='line_1_13' title="bbox 517 1130 2116 1188; baseline 0 -1"><span class='ocrx_word' id='word_1_81' title='bbox 517 1130 748 1187; x_wconf 85' lang='lat' dir='ltr'><strong>Paulino</strong></span> <span class='ocrx_word' id='word_1_82' title='bbox 771 1133 1253 1188; x_wconf 88' lang='lat' dir='ltr'><strong>commouitorittm</strong></span> <span class='ocrx_word' id='word_1_83' title='bbox 1285 1133 1424 1187; x_wconf 90' lang='lat' dir='ltr'><strong>idem</strong></span> <span class='ocrx_word' id='word_1_84' title='bbox 1457 1133 1835 1187; x_wconf 90' lang='lat' dir='ltr'><strong>transmissum</strong></span> <span class='ocrx_word' id='word_1_85' title='bbox 1870 1134 1935 1188; x_wconf 89' lang='lat' dir='ltr'><strong>ad</strong></span> <span class='ocrx_word' id='word_1_86' title='bbox 1969 1133 2116 1187; x_wconf 81' lang='lat' dir='ltr'><strong>Ruti-</strong></span> 
     </span>
    </p>
   </div>
   <div class='ocr_carea' id='block_1_14' title="bbox 518 1226 2116 1296">
    <p class='ocr_par' dir='ltr' id='par_1_14' title="bbox 518 1226 2116 1296">
     <span class='ocr_line' id='line_1_14' title="bbox 518 1226 2116 1296; baseline 0.001 -16"><span class='ocrx_word' id='word_1_87' title='bbox 518 1241 670 1290; x_wconf 90' lang='lat' dir='ltr'><strong>num,</strong></span> <span class='ocrx_word' id='word_1_88' title='bbox 703 1236 761 1280; x_wconf 93' lang='lat' dir='ltr'><strong>ut</strong></span> <span class='ocrx_word' id='word_1_89' title='bbox 789 1227 902 1295; x_wconf 86' lang='lat' dir='ltr'><strong>ipse</strong></span> <span class='ocrx_word' id='word_1_90' title='bbox 931 1243 1028 1296; x_wconf 89' lang='lat' dir='ltr'><strong>pro</strong></span> <span class='ocrx_word' id='word_1_91' title='bbox 1050 1243 1134 1292; x_wconf 87' lang='lat' dir='ltr'><strong>ea,</strong></span> <span class='ocrx_word' id='word_1_92' title='bbox 1165 1244 1268 1295; x_wconf 73' lang='lat' dir='ltr'><strong>qua</strong></span> <span class='ocrx_word' id='word_1_93' title='bbox 1306 1227 1569 1294; x_wconf 88' lang='lat' dir='ltr'><strong>pollebat,</strong></span> <span class='ocrx_word' id='word_1_94' title='bbox 1592 1226 1902 1282; x_wconf 86' lang='lat' dir='ltr'><strong>eruditione</strong></span> <span class='ocrx_word' id='word_1_95' title='bbox 1930 1227 2116 1283; x_wconf 88' lang='lat' dir='ltr'><strong>Severi</strong></span> 
     </span>
    </p>
   </div>
   <div class='ocr_carea' id='block_1_15' title="bbox 519 1318 2120 1390">
    <p class='ocr_par' dir='ltr' id='par_1_15' title="bbox 519 1318 2120 1390">
     <span class='ocr_line' id='line_1_15' title="bbox 519 1318 2120 1390; baseline 0 -16"><span class='ocrx_word' id='word_1_96' title='bbox 519 1318 874 1374; x_wconf 76' lang='lat' dir='ltr'><strong>difﬁcultates</strong></span> <span class='ocrx_word' id='word_1_97' title='bbox 907 1321 1256 1387; x_wconf 84' lang='lat' dir='ltr'><strong>explanaret.</strong></span> <span class='ocrx_word' id='word_1_98' title='bbox 1298 1320 1376 1374; x_wconf 90' lang='lat' dir='ltr'><strong>Ita</strong></span> <span class='ocrx_word' id='word_1_99' title='bbox 1428 1336 1560 1374; x_wconf 90' lang='lat' dir='ltr'><strong>vcro</strong></span> <span class='ocrx_word' id='word_1_100' title='bbox 1605 1321 1943 1390; x_wconf 88' lang='lat' dir='ltr'><strong>amplissimo</strong></span> <span class='ocrx_word' id='word_1_101' title='bbox 1976 1319 2120 1375; x_wconf 91' lang='lat' dir='ltr'><strong>cele-</strong></span> 
     </span>
    </p>
   </div>
   <div class='ocr_carea' id='block_1_16' title="bbox 519 1412 2120 1486">
    <p class='ocr_par' dir='ltr' id='par_1_16' title="bbox 519 1412 2120 1486">
     <span class='ocr_line' id='line_1_16' title="bbox 519 1412 2120 1486; baseline 0 -19"><span class='ocrx_word' id='word_1_102' title='bbox 519 1413 641 1468; x_wconf 87' lang='lat' dir='ltr'><strong>brat</strong></span> <span class='ocrx_word' id='word_1_103' title='bbox 658 1413 914 1468; x_wconf 83' lang='lat' dir='ltr'><strong>Ruﬁnum</strong></span> <span class='ocrx_word' id='word_1_104' title='bbox 941 1413 1123 1484; x_wconf 81' lang='lat' dir='ltr'><strong>elogio</strong></span> <span class='ocrx_word' id='word_1_105' title='bbox 1149 1432 1161 1467; x_wconf 88' lang='lat'><strong>:</strong></span> <span class='ocrx_word' id='word_1_106' title='bbox 1191 1412 1450 1468; x_wconf 78' lang='lat' dir='ltr'><strong>Prwterea</strong></span> <span class='ocrx_word' id='word_1_107' title='bbox 1473 1424 1642 1467; x_wconf 88' lang='lat' dir='ltr'><strong>autem</strong></span> <span class='ocrx_word' id='word_1_108' title='bbox 1653 1414 1880 1486; x_wconf 84' lang='lat' dir='ltr'><strong>jussisti,</strong></span> <span class='ocrx_word' id='word_1_109' title='bbox 1907 1415 2120 1467; x_wconf 87' lang='lat' dir='ltr'><strong>nimium</strong></span> 
     </span>
    </p>
   </div>
   <div class='ocr_carea' id='block_1_17' title="bbox 521 1504 2122 1578">
    <p class='ocr_par' dir='ltr' id='par_1_17' title="bbox 521 1504 2122 1578">
     <span class='ocr_line' id='line_1_17' title="bbox 521 1504 2122 1578; baseline 0.001 -19"><span class='ocrx_word' id='word_1_110' title='bbox 521 1504 785 1577; x_wconf 86' lang='lat' dir='ltr'><strong>opulenter</strong></span> <span class='ocrx_word' id='word_1_111' title='bbox 805 1506 896 1558; x_wconf 89' lang='lat' dir='ltr'><strong>tibi</strong></span> <span class='ocrx_word' id='word_1_112' title='bbox 921 1512 984 1560; x_wconf 88' lang='lat' dir='ltr'><strong>de</strong></span> <span class='ocrx_word' id='word_1_113' title='bbox 1009 1523 1235 1578; x_wconf 83' lang='lat' dir='ltr'><strong>paupere</strong></span> <span class='ocrx_word' id='word_1_114' title='bbox 1263 1517 1353 1560; x_wconf 89' lang='lat' dir='ltr'><strong>tuo</strong></span> <span class='ocrx_word' id='word_1_115' title='bbox 1379 1505 1667 1573; x_wconf 72' lang='lat' dir='ltr'><strong>blandiens,</strong></span> <span class='ocrx_word' id='word_1_116' title='bbox 1706 1517 1761 1560; x_wconf 89' lang='lat' dir='ltr'><strong>ut</strong></span> <span class='ocrx_word' id='word_1_117' title='bbox 1787 1522 1904 1576; x_wconf 62' lang='lat' dir='ltr'><strong>quae</strong></span> <span class='ocrx_word' id='word_1_118' title='bbox 1941 1506 2003 1559; x_wconf 90' lang='lat' dir='ltr'><strong>de</strong></span> <span class='ocrx_word' id='word_1_119' title='bbox 2027 1522 2122 1561; x_wconf 87' lang='lat' dir='ltr'><strong>an-</strong></span> 
     </span>
    </p>
   </div>
   <div class='ocr_carea' id='block_1_18' title="bbox 521 1599 2117 1674">
    <p class='ocr_par' dir='ltr' id='par_1_18' title="bbox 521 1599 2117 1674">
     <span class='ocr_line' id='line_1_18' title="bbox 521 1599 2117 1674; baseline 0.001 -21"><span class='ocrx_word' id='word_1_120' title='bbox 521 1600 726 1654; x_wconf 88' lang='lat' dir='ltr'><strong>nalibus</strong></span> <span class='ocrx_word' id='word_1_121' title='bbox 766 1616 866 1653; x_wconf 90' lang='lat' dir='ltr'><strong>non</strong></span> <span class='ocrx_word' id='word_1_122' title='bbox 894 1601 1048 1654; x_wconf 87' lang='lat' dir='ltr'><strong>unius</strong></span> <span class='ocrx_word' id='word_1_123' title='bbox 1070 1602 1256 1674; x_wconf 85' lang='lat' dir='ltr'><strong>gentis,</strong></span> <span class='ocrx_word' id='word_1_124' title='bbox 1289 1601 1379 1655; x_wconf 90' lang='lat' dir='ltr'><strong>sed</strong></span> <span class='ocrx_word' id='word_1_125' title='bbox 1398 1601 1595 1672; x_wconf 84' lang='lat' dir='ltr'><strong>generis</strong></span> <span class='ocrx_word' id='word_1_126' title='bbox 1622 1599 1837 1652; x_wconf 81' lang='lat' dir='ltr'><strong>humani</strong></span> <span class='ocrx_word' id='word_1_127' title='bbox 1865 1604 2117 1671; x_wconf 77' lang='lat' dir='ltr'><strong>fugerent,</strong></span> 
     </span>
    </p>
   </div>
   <div class='ocr_carea' id='block_1_19' title="bbox 2218 387 3158 457">
    <p class='ocr_par' dir='ltr' id='par_1_19' title="bbox 2218 387 3158 457">
     <span class='ocr_line' id='line_1_19' title="bbox 2218 387 3158 457; baseline -0.002 -14"><span class='ocrx_word' id='word_1_128' title='bbox 2218 399 2458 444; x_wconf 89' lang='lat' dir='ltr'><strong>mentem</strong></span> <span class='ocrx_word' id='word_1_129' title='bbox 2486 387 2836 457; x_wconf 89' lang='lat' dir='ltr'><strong>animumque</strong></span> <span class='ocrx_word' id='word_1_130' title='bbox 2863 387 3158 443; x_wconf 79' lang='lat' dir='ltr'><strong>vexabant.</strong></span> 
     </span>
    </p>
   </div>
   <div class='ocr_carea' id='block_1_20' title="bbox 2287 478 3816 551">
    <p class='ocr_par' dir='ltr' id='par_1_20' title="bbox 2287 478 3816 551">
     <span class='ocr_line' id='line_1_20' title="bbox 2287 478 3816 551; baseline -0.001 -15"><span class='ocrx_word' id='word_1_131' title='bbox 2287 481 2355 536; x_wconf 78' lang='grc' dir='ltr'>ν.</span> <span class='ocrx_word' id='word_1_132' title='bbox 2389 479 2623 551; x_wconf 86' lang='lat' dir='ltr'><strong>Operam</strong></span> <span class='ocrx_word' id='word_1_133' title='bbox 2661 480 2755 536; x_wconf 89' lang='lat' dir='ltr'><strong>ille</strong></span> <span class='ocrx_word' id='word_1_134' title='bbox 2785 495 2962 543; x_wconf 87' lang='lat' dir='ltr'><strong>suam,</strong></span> <span class='ocrx_word' id='word_1_135' title='bbox 2994 481 3269 549; x_wconf 82' lang='lat' dir='ltr'><strong>vitamque</strong></span> <span class='ocrx_word' id='word_1_136' title='bbox 3301 478 3611 536; x_wconf 86' lang='lat' dir='ltr'><strong>insumebat</strong></span> <span class='ocrx_word' id='word_1_137' title='bbox 3635 479 3690 534; x_wconf 90' lang='lat' dir='ltr'><strong>in</strong></span> <span class='ocrx_word' id='word_1_138' title='bbox 3719 478 3816 535; x_wconf 81' lang='lat' dir='ltr'><strong>ho-</strong></span> 
     </span>
    </p>
   </div>
   <div class='ocr_carea' id='block_1_21' title="bbox 2218 571 3814 650">
    <p class='ocr_par' dir='ltr' id='par_1_21' title="bbox 2218 571 3814 650">
     <span class='ocr_line' id='line_1_21' title="bbox 2218 571 3814 650; baseline -0.001 -20"><span class='ocrx_word' id='word_1_139' title='bbox 2218 574 2384 630; x_wconf 92' lang='lat' dir='ltr'><strong>miliis</strong></span> <span class='ocrx_word' id='word_1_140' title='bbox 2409 571 2665 643; x_wconf 90' lang='lat' dir='ltr'><strong>Origenis</strong></span> <span class='ocrx_word' id='word_1_141' title='bbox 2692 573 2746 629; x_wconf 91' lang='lat' dir='ltr'><strong>in</strong></span> <span class='ocrx_word' id='word_1_142' title='bbox 2775 572 2995 629; x_wconf 85' lang='lat' dir='ltr'><strong>Sacram</strong></span> <span class='ocrx_word' id='word_1_143' title='bbox 3029 572 3365 650; x_wconf 88' lang='lat' dir='ltr'><strong>Scripturam</strong></span> <span class='ocrx_word' id='word_1_144' title='bbox 3411 572 3545 628; x_wconf 87' lang='lat' dir='ltr'><strong>latio</strong></span> <span class='ocrx_word' id='word_1_145' title='bbox 3577 571 3814 628; x_wconf 88' lang='lat' dir='ltr'><strong>redden-</strong></span> 
     </span>
    </p>
   </div>
   <div class='ocr_carea' id='block_1_22' title="bbox 2216 668 3818 739">
    <p class='ocr_par' dir='ltr' id='par_1_22' title="bbox 2216 668 3818 739">
     <span class='ocr_line' id='line_1_22' title="bbox 2216 668 3818 739; baseline 0 -15"><span class='ocrx_word' id='word_1_146' title='bbox 2216 669 2323 735; x_wconf 88' lang='lat' dir='ltr'><strong>dis,</strong></span> <span class='ocrx_word' id='word_1_147' title='bbox 2351 670 2582 739; x_wconf 86' lang='lat' dir='ltr'><strong>aliisque</strong></span> <span class='ocrx_word' id='word_1_148' title='bbox 2627 668 2851 739; x_wconf 87' lang='lat' dir='ltr'><strong>proprio</strong></span> <span class='ocrx_word' id='word_1_149' title='bbox 2889 677 3064 723; x_wconf 87' lang='lat' dir='ltr'><strong>marte</strong></span> <span class='ocrx_word' id='word_1_150' title='bbox 3091 668 3488 724; x_wconf 86' lang='lat' dir='ltr'><strong>concinnandis</strong></span> <span class='ocrx_word' id='word_1_151' title='bbox 3531 668 3818 724; x_wconf 87' lang='lat' dir='ltr'><strong>elucubra-</strong></span> 
     </span>
    </p>
   </div>
   <div class='ocr_carea' id='block_1_23' title="bbox 2219 762 3819 833">
    <p class='ocr_par' dir='ltr' id='par_1_23' title="bbox 2219 762 3819 833">
     <span class='ocr_line' id='line_1_23' title="bbox 2219 762 3819 833; baseline 0.001 -16"><span class='ocrx_word' id='word_1_152' title='bbox 2219 762 2500 827; x_wconf 89' lang='lat' dir='ltr'><strong>tionibus,</strong></span> <span class='ocrx_word' id='word_1_153' title='bbox 2555 778 2690 832; x_wconf 80' lang='lat' dir='ltr'><strong>quas</strong></span> <span class='ocrx_word' id='word_1_154' title='bbox 2744 762 2876 817; x_wconf 89' lang='lat' dir='ltr'><strong>viris</strong></span> <span class='ocrx_word' id='word_1_155' title='bbox 2935 763 3183 828; x_wconf 83' lang='lat' dir='ltr'><strong>eximiis,</strong></span> <span class='ocrx_word' id='word_1_156' title='bbox 3241 779 3472 833; x_wconf 89' lang='lat' dir='ltr'><strong>quorum</strong></span> <span class='ocrx_word' id='word_1_157' title='bbox 3539 763 3819 819; x_wconf 81' lang='lat' dir='ltr'><strong>fruebatur</strong></span> 
     </span>
    </p>
   </div>
   <div class='ocr_carea' id='block_1_24' title="bbox 2217 855 3818 926">
    <p class='ocr_par' dir='ltr' id='par_1_24' title="bbox 2217 855 3818 926">
     <span class='ocr_line' id='line_1_24' title="bbox 2217 855 3818 926; baseline 0.001 -16"><span class='ocrx_word' id='word_1_158' title='bbox 2217 856 2452 910; x_wconf 86' lang='lat' dir='ltr'><strong>amicitia</strong></span> <span class='ocrx_word' id='word_1_159' title='bbox 2506 864 2563 910; x_wconf 91' lang='lat' dir='ltr'><strong>et</strong></span> <span class='ocrx_word' id='word_1_160' title='bbox 2611 856 3028 920; x_wconf 87' lang='lat' dir='ltr'><strong>consuetudine,</strong></span> <span class='ocrx_word' id='word_1_161' title='bbox 3086 856 3457 926; x_wconf 87' lang='lat' dir='ltr'><strong>nuncupabat.</strong></span> <span class='ocrx_word' id='word_1_162' title='bbox 3502 855 3818 912; x_wconf 84' lang='lat' dir='ltr'><strong>Chromatio</strong></span> 
     </span>
    </p>
   </div>
   <div class='ocr_carea' id='block_1_25' title="bbox 2218 946 3819 1016">
    <p class='ocr_par' dir='ltr' id='par_1_25' title="bbox 2218 946 3819 1016">
     <span class='ocr_line' id='line_1_25' title="bbox 2218 946 3819 1016; baseline 0.001 -14"><span class='ocrx_word' id='word_1_163' title='bbox 2218 946 2554 1016; x_wconf 83' lang='lat' dir='ltr'><strong>Aquileiensi</strong></span> <span class='ocrx_word' id='word_1_164' title='bbox 2580 949 2836 1002; x_wconf 91' lang='lat' dir='ltr'><strong>homilias</strong></span> <span class='ocrx_word' id='word_1_165' title='bbox 2863 947 2916 1002; x_wconf 90' lang='lat' dir='ltr'><strong>in</strong></span> <span class='ocrx_word' id='word_1_166' title='bbox 2944 948 3140 1002; x_wconf 90' lang='lat' dir='ltr'><strong>librum</strong></span> <span class='ocrx_word' id='word_1_167' title='bbox 3180 947 3345 1003; x_wconf 82' lang='lat' dir='ltr'><strong>Josue</strong></span> <span class='ocrx_word' id='word_1_168' title='bbox 3379 948 3545 1003; x_wconf 88' lang='lat' dir='ltr'><strong>latine</strong></span> <span class='ocrx_word' id='word_1_169' title='bbox 3572 948 3819 1004; x_wconf 85' lang='lat' dir='ltr'><strong>redditas</strong></span> 
     </span>
    </p>
   </div>
   <div class='ocr_carea' id='block_1_26' title="bbox 2218 1041 3819 1112">
    <p class='ocr_par' dir='ltr' id='par_1_26' title="bbox 2218 1041 3819 1112">
     <span class='ocr_line' id='line_1_26' title="bbox 2218 1041 3819 1112; baseline 0.002 -17"><span class='ocrx_word' id='word_1_170' title='bbox 2218 1041 2436 1108; x_wconf 88' lang='lat' dir='ltr'><strong>obtulit,</strong></span> <span class='ocrx_word' id='word_1_171' title='bbox 2467 1042 2753 1112; x_wconf 87' lang='lat' dir='ltr'><strong>ipsumque</strong></span> <span class='ocrx_word' id='word_1_172' title='bbox 2785 1042 2837 1096; x_wconf 91' lang='lat' dir='ltr'><strong>in</strong></span> <span class='ocrx_word' id='word_1_173' title='bbox 2865 1042 3096 1112; x_wconf 88' lang='lat' dir='ltr'><strong>epistola</strong></span> <span class='ocrx_word' id='word_1_174' title='bbox 3122 1043 3512 1112; x_wconf 82' lang='lat' dir='ltr'><strong>nuiicapatoria</strong></span> <span class='ocrx_word' id='word_1_175' title='bbox 3540 1059 3660 1112; x_wconf 75' lang='lat' dir='ltr'><strong>qua:</strong></span> <span class='ocrx_word' id='word_1_176' title='bbox 3683 1044 3819 1100; x_wconf 85' lang='lat' dir='ltr'><strong>falso</strong></span> 
     </span>
    </p>
   </div>
   <div class='ocr_carea' id='block_1_27' title="bbox 2220 1132 3819 1204">
    <p class='ocr_par' dir='ltr' id='par_1_27' title="bbox 2220 1132 3819 1204">
     <span class='ocr_line' id='line_1_27' title="bbox 2220 1132 3819 1204; baseline 0.003 -19"><span class='ocrx_word' id='word_1_177' title='bbox 2220 1133 2275 1185; x_wconf 90' lang='lat' dir='ltr'><strong>in</strong></span> <span class='ocrx_word' id='word_1_178' title='bbox 2307 1132 2539 1202; x_wconf 83' lang='lat' dir='ltr'><strong>vulgatis</strong></span> <span class='ocrx_word' id='word_1_179' title='bbox 2583 1133 2916 1204; x_wconf 80' lang='lat' dir='ltr'><strong>Hieronymo</strong></span> <span class='ocrx_word' id='word_1_180' title='bbox 2943 1134 3308 1203; x_wconf 88' lang='lat' dir='ltr'><strong>adjudicatur,</strong></span> <span class='ocrx_word' id='word_1_181' title='bbox 3359 1133 3442 1188; x_wconf 91' lang='lat' dir='ltr'><strong>his</strong></span> <span class='ocrx_word' id='word_1_182' title='bbox 3473 1133 3656 1190; x_wconf 86' lang='lat' dir='ltr'><strong>verbis</strong></span> <span class='ocrx_word' id='word_1_183' title='bbox 3682 1135 3819 1190; x_wconf 84' lang='lat' dir='ltr'><strong>allo-</strong></span> 
     </span>
    </p>
   </div>
   <div class='ocr_carea' id='block_1_28' title="bbox 2219 1224 3820 1295">
    <p class='ocr_par' dir='ltr' id='par_1_28' title="bbox 2219 1224 3820 1295">
     <span class='ocr_line' id='line_1_28' title="bbox 2219 1224 3820 1295; baseline 0.002 -18"><span class='ocrx_word' id='word_1_184' title='bbox 2219 1224 2405 1292; x_wconf 86' lang='lat' dir='ltr'><strong>quitur</strong></span> <span class='ocrx_word' id='word_1_185' title='bbox 2438 1242 2451 1277; x_wconf 90' lang='lat'>:</span> <span class='ocrx_word' id='word_1_186' title='bbox 2485 1224 2623 1289; x_wconf 82' lang='lat' dir='ltr'><strong>Quia</strong></span> <span class='ocrx_word' id='word_1_187' title='bbox 2652 1241 2778 1295; x_wconf 91' lang='lat' dir='ltr'><strong>ergo</strong></span> <span class='ocrx_word' id='word_1_188' title='bbox 2823 1237 2868 1279; x_wconf 87' lang='lat' dir='ltr'><strong>et</strong></span> <span class='ocrx_word' id='word_1_189' title='bbox 2899 1235 2974 1291; x_wconf 90' lang='lat' dir='ltr'><strong>tu,</strong></span> <span class='ocrx_word' id='word_1_190' title='bbox 3009 1243 3037 1278; x_wconf 94' lang='grc' dir='ltr'><strong><em>ο</em></strong></span> <span class='ocrx_word' id='word_1_191' title='bbox 3066 1226 3134 1278; x_wconf 88' lang='lat' dir='ltr'><strong>mi</strong></span> <span class='ocrx_word' id='word_1_192' title='bbox 3161 1242 3358 1294; x_wconf 81' lang='lat' dir='ltr'><strong>semper</strong></span> <span class='ocrx_word' id='word_1_193' title='bbox 3395 1226 3699 1281; x_wconf 86' lang='lat' dir='ltr'><strong>venerabilis</strong></span> <span class='ocrx_word' id='word_1_194' title='bbox 3727 1244 3820 1295; x_wconf 90' lang='lat' dir='ltr'><strong>pa-</strong></span> 
     </span>
    </p>
   </div>
   <div class='ocr_carea' id='block_1_29' title="bbox 2221 1315 3820 1390">
    <p class='ocr_par' dir='ltr' id='par_1_29' title="bbox 2221 1315 3820 1390">
     <span class='ocr_line' id='line_1_29' title="bbox 2221 1315 3820 1390; baseline 0.003 -20"><span class='ocrx_word' id='word_1_195' title='bbox 2221 1326 2296 1371; x_wconf 91' lang='lat' dir='ltr'><strong>ter</strong></span> <span class='ocrx_word' id='word_1_196' title='bbox 2328 1315 2612 1382; x_wconf 88' lang='lat' dir='ltr'><strong>Chromati,</strong></span> <span class='ocrx_word' id='word_1_197' title='bbox 2645 1319 2873 1389; x_wconf 88' lang='lat' dir='ltr'><strong>injungis</strong></span> <span class='ocrx_word' id='word_1_198' title='bbox 2897 1329 2944 1371; x_wconf 91' lang='lat' dir='ltr'><strong>et</strong></span> <span class='ocrx_word' id='word_1_199' title='bbox 2975 1319 3216 1389; x_wconf 66' lang='lat' dir='ltr'><strong>principis</strong></span> <span class='ocrx_word' id='word_1_200' title='bbox 3248 1319 3411 1384; x_wconf 87' lang='lat' dir='ltr'><strong>nobis,</strong></span> <span class='ocrx_word' id='word_1_201' title='bbox 3447 1331 3503 1372; x_wconf 87' lang='lat' dir='ltr'><strong>ut</strong></span> <span class='ocrx_word' id='word_1_202' title='bbox 3529 1319 3728 1390; x_wconf 86' lang='lat' dir='ltr'><strong>aliquid</strong></span> <span class='ocrx_word' id='word_1_203' title='bbox 3751 1319 3820 1374; x_wconf 88' lang='lat' dir='ltr'><strong>ad</strong></span> 
     </span>
    </p>
   </div>
   <div class='ocr_carea' id='block_1_30' title="bbox 2221 1409 3821 1478">
    <p class='ocr_par' dir='ltr' id='par_1_30' title="bbox 2221 1409 3821 1478">
     <span class='ocr_line' id='line_1_30' title="bbox 2221 1409 3821 1478; baseline 0.001 -14"><span class='ocrx_word' id='word_1_204' title='bbox 2221 1409 2615 1478; x_wconf 68' lang='lat' dir='ltr'><strong>ludiﬁcationem</strong></span> <span class='ocrx_word' id='word_1_205' title='bbox 2660 1420 2710 1463; x_wconf 89' lang='lat' dir='ltr'><strong>et</strong></span> <span class='ocrx_word' id='word_1_206' title='bbox 2765 1411 3197 1464; x_wconf 80' lang='lat' dir='ltr'><strong>constructionem</strong></span> <span class='ocrx_word' id='word_1_207' title='bbox 3236 1409 3345 1464; x_wconf 86' lang='lat' dir='ltr'><strong>divi</strong></span> <span class='ocrx_word' id='word_1_208' title='bbox 3400 1410 3724 1464; x_wconf 82' lang='lat' dir='ltr'><strong>tabernaculi</strong></span> <span class='ocrx_word' id='word_1_209' title='bbox 3755 1427 3821 1466; x_wconf 76' lang='lat' dir='ltr'><strong>ea:</strong></span> 
     </span>
    </p>
   </div>
   <div class='ocr_carea' id='block_1_31' title="bbox 2225 1501 3823 1574">
    <p class='ocr_par' dir='ltr' id='par_1_31' title="bbox 2225 1501 3823 1574">
     <span class='ocr_line' id='line_1_31' title="bbox 2225 1501 3823 1574; baseline 0.003 -19"><span class='ocrx_word' id='word_1_210' title='bbox 2225 1501 2526 1557; x_wconf 60' lang='lat' dir='ltr'><strong>Graecorum</strong></span> <span class='ocrx_word' id='word_1_211' title='bbox 2567 1503 2747 1574; x_wconf 84' lang='lat' dir='ltr'><strong>apibus</strong></span> <span class='ocrx_word' id='word_1_212' title='bbox 2775 1512 2824 1557; x_wconf 88' lang='lat' dir='ltr'><strong>et</strong></span> <span class='ocrx_word' id='word_1_213' title='bbox 2861 1504 3023 1573; x_wconf 82' lang='lat' dir='ltr'><strong>capiis</strong></span> <span class='ocrx_word' id='word_1_214' title='bbox 3050 1503 3421 1572; x_wconf 79' lang='lat' dir='ltr'><strong>conferamus;</strong></span> <span class='ocrx_word' id='word_1_215' title='bbox 3462 1505 3823 1560; x_wconf 88' lang='lat' dir='ltr'><strong>oratiunculas</strong></span> 
     </span>
    </p>
   </div>
   <div class='ocr_carea' id='block_1_32' title="bbox 2222 1595 3823 1669">
    <p class='ocr_par' dir='ltr' id='par_1_32' title="bbox 2222 1595 3823 1669">
     <span class='ocr_line' id='line_1_32' title="bbox 2222 1595 3823 1669; baseline 0.001 -19"><span class='ocrx_word' id='word_1_216' title='bbox 2222 1596 2293 1651; x_wconf 76' lang='lat'><strong>26</strong></span> <span class='ocrx_word' id='word_1_217' title='bbox 2321 1597 2374 1650; x_wconf 90' lang='lat' dir='ltr'><strong>in</strong></span> <span class='ocrx_word' id='word_1_218' title='bbox 2403 1596 2582 1651; x_wconf 85' lang='lat' dir='ltr'><strong>.Iesum</strong></span> <span class='ocrx_word' id='word_1_219' title='bbox 2619 1595 2785 1663; x_wconf 85' lang='lat' dir='ltr'><strong>Nave,</strong></span> <span class='ocrx_word' id='word_1_220' title='bbox 2813 1614 2942 1666; x_wconf 88' lang='lat' dir='ltr'><strong>quas</strong></span> <span class='ocrx_word' id='word_1_221' title='bbox 2971 1614 3033 1651; x_wconf 82' lang='lat' dir='ltr'><strong>ea:</strong></span> <span class='ocrx_word' id='word_1_222' title='bbox 3061 1609 3288 1667; x_wconf 88' lang='lat' dir='ltr'><strong>tempore</strong></span> <span class='ocrx_word' id='word_1_223' title='bbox 3313 1598 3369 1651; x_wconf 89' lang='lat' dir='ltr'><strong>in</strong></span> <span class='ocrx_word' id='word_1_224' title='bbox 3393 1596 3631 1652; x_wconf 74' lang='lat' dir='ltr'><strong>Ecclesia</strong></span> <span class='ocrx_word' id='word_1_225' title='bbox 3672 1614 3823 1669; x_wconf 83' lang='lat' dir='ltr'><strong>pero-</strong></span> 
     </span>
    </p>
   </div>
   <div class='ocr_carea' id='block_1_33' title="bbox 521 1687 3823 1765">
    <p class='ocr_par' dir='ltr' id='par_1_33' title="bbox 521 1687 3823 1765">
     <span class='ocr_line' id='line_1_33' title="bbox 521 1687 3823 1765; baseline -0 -18"><span class='ocrx_word' id='word_1_226' title='bbox 521 1709 614 1765; x_wconf 89' lang='lat' dir='ltr'><strong>ego</strong></span> <span class='ocrx_word' id='word_1_227' title='bbox 658 1692 895 1747; x_wconf 88' lang='lat' dir='ltr'><strong>videlicet</strong></span> <span class='ocrx_word' id='word_1_228' title='bbox 923 1694 1070 1762; x_wconf 90' lang='lat' dir='ltr'><strong>quasi</strong></span> <span class='ocrx_word' id='word_1_229' title='bbox 1095 1693 1310 1764; x_wconf 85' lang='lat' dir='ltr'><strong>peritior</strong></span> <span class='ocrx_word' id='word_1_230' title='bbox 1341 1692 1674 1747; x_wconf 76' lang='lat' dir='ltr'><strong>educerem...</strong></span> <span class='ocrx_word' id='word_1_231' title='bbox 1719 1693 1954 1746; x_wconf 80' lang='lat' dir='ltr'><strong>Attamen</strong></span> <span class='ocrx_word' id='word_1_232' title='bbox 1980 1691 2119 1763; x_wconf 89' lang='lat' dir='ltr'><strong>quod</strong></span> <span class='ocrx_word' id='word_1_233' title='bbox 2151 1703 2198 1762; x_wconf 84' lang='grc' dir='ltr'><strong>Β</strong></span> <span class='ocrx_word' id='word_1_234' title='bbox 2224 1688 2354 1742; x_wconf 88' lang='lat' dir='ltr'><strong>ravit</strong></span> <span class='ocrx_word' id='word_1_235' title='bbox 2380 1687 2724 1742; x_wconf 75' lang='lat' dir='ltr'><strong>Adamantius</strong></span> <span class='ocrx_word' id='word_1_236' title='bbox 2750 1705 2923 1753; x_wconf 76' lang='lat' dir='ltr'><strong>senex,</strong></span> <span class='ocrx_word' id='word_1_237' title='bbox 2948 1705 3011 1742; x_wconf 79' lang='lat' dir='ltr'><strong>ea:</strong></span> <span class='ocrx_word' id='word_1_238' title='bbox 3034 1706 3202 1761; x_wconf 76' lang='lat' dir='ltr'><strong>gra&#39;co</strong></span> <span class='ocrx_word' id='word_1_239' title='bbox 3225 1690 3382 1744; x_wconf 84' lang='lat' dir='ltr'><strong>latine</strong></span> <span class='ocrx_word' id='word_1_240' title='bbox 3408 1691 3500 1744; x_wconf 84' lang='lat' dir='ltr'><strong>tibi</strong></span> <span class='ocrx_word' id='word_1_241' title='bbox 3524 1707 3616 1761; x_wconf 89' lang='lat' dir='ltr'><strong>pro</strong></span> <span class='ocrx_word' id='word_1_242' title='bbox 3636 1691 3823 1746; x_wconf 85' lang='lat' dir='ltr'><strong>virium</strong></span> 
     </span>
    </p>
   </div>
   <div class='ocr_carea' id='block_1_34' title="bbox 521 1784 2120 1854">
    <p class='ocr_par' dir='ltr' id='par_1_34' title="bbox 521 1784 2120 1854">
     <span class='ocr_line' id='line_1_34' title="bbox 521 1784 2120 1854; baseline 0 -17"><span class='ocrx_word' id='word_1_243' title='bbox 521 1785 584 1838; x_wconf 90' lang='lat' dir='ltr'><strong>de</strong></span> <span class='ocrx_word' id='word_1_244' title='bbox 610 1801 719 1837; x_wconf 87' lang='lat' dir='ltr'><strong>meo</strong></span> <span class='ocrx_word' id='word_1_245' title='bbox 747 1802 848 1838; x_wconf 86' lang='lat' dir='ltr'><strong>non</strong></span> <span class='ocrx_word' id='word_1_246' title='bbox 878 1785 1055 1850; x_wconf 82' lang='lat' dir='ltr'><strong>habui,</strong></span> <span class='ocrx_word' id='word_1_247' title='bbox 1090 1785 1153 1838; x_wconf 90' lang='lat' dir='ltr'><strong>de</strong></span> <span class='ocrx_word' id='word_1_248' title='bbox 1177 1785 1358 1854; x_wconf 85' lang='lat' dir='ltr'><strong>fratris</strong></span> <span class='ocrx_word' id='word_1_249' title='bbox 1387 1785 1619 1837; x_wconf 89' lang='lat' dir='ltr'><strong>unanimi</strong></span> <span class='ocrx_word' id='word_1_250' title='bbox 1659 1784 1978 1853; x_wconf 86' lang='lat' dir='ltr'><strong>apulentiore</strong></span> <span class='ocrx_word' id='word_1_251' title='bbox 2005 1785 2120 1837; x_wconf 88' lang='lat' dir='ltr'><strong>the-</strong></span> 
     </span>
    </p>
   </div>
   <div class='ocr_carea' id='block_1_35' title="bbox 521 1875 2124 1949">
    <p class='ocr_par' dir='ltr' id='par_1_35' title="bbox 521 1875 2124 1949">
     <span class='ocr_line' id='line_1_35' title="bbox 521 1875 2124 1949; baseline -0.002 -16"><span class='ocrx_word' id='word_1_252' title='bbox 521 1894 675 1934; x_wconf 84' lang='lat' dir='ltr'><strong>sauro</strong></span> <span class='ocrx_word' id='word_1_253' title='bbox 703 1878 891 1949; x_wconf 85' lang='lat' dir='ltr'><strong>petivi;</strong></span> <span class='ocrx_word' id='word_1_254' title='bbox 915 1889 965 1933; x_wconf 92' lang='lat' dir='ltr'><strong>et</strong></span> <span class='ocrx_word' id='word_1_255' title='bbox 994 1878 1159 1949; x_wconf 89' lang='lat' dir='ltr'><strong>ipsam</strong></span> <span class='ocrx_word' id='word_1_256' title='bbox 1187 1879 1570 1932; x_wconf 85' lang='lat' dir='ltr'><strong>annotationem</strong></span> <span class='ocrx_word' id='word_1_257' title='bbox 1593 1919 1608 1945; x_wconf 92' lang='lat'><strong>,</strong></span> <span class='ocrx_word' id='word_1_258' title='bbox 1637 1894 1791 1945; x_wconf 87' lang='lat' dir='ltr'><strong>quam</strong></span> <span class='ocrx_word' id='word_1_259' title='bbox 1828 1875 2124 1931; x_wconf 86' lang='lat' dir='ltr'><strong>Commoni-</strong></span> 
     </span>
    </p>
   </div>
   <div class='ocr_carea' id='block_1_36' title="bbox 523 1968 2115 2035">
    <p class='ocr_par' dir='ltr' id='par_1_36' title="bbox 523 1968 2115 2035">
     <span class='ocr_line' id='line_1_36' title="bbox 523 1968 2115 2035; baseline -0.001 -11"><span class='ocrx_word' id='word_1_260' title='bbox 523 1971 644 2025; x_wconf 90' lang='lat' dir='ltr'><strong>torii</strong></span> <span class='ocrx_word' id='word_1_261' title='bbox 665 1971 772 2026; x_wconf 89' lang='lat' dir='ltr'><strong>vice</strong></span> <span class='ocrx_word' id='word_1_262' title='bbox 801 1971 1042 2032; x_wconf 89' lang='lat' dir='ltr'><strong>miseras,</strong></span> <span class='ocrx_word' id='word_1_263' title='bbox 1074 1971 1257 2024; x_wconf 85' lang='lat' dir='ltr'><strong>litteris</strong></span> <span class='ocrx_word' id='word_1_264' title='bbox 1285 1971 1412 2024; x_wconf 84' lang='lat' dir='ltr'><strong>meis</strong></span> <span class='ocrx_word' id='word_1_265' title='bbox 1439 1971 1690 2035; x_wconf 86' lang='lat' dir='ltr'><strong>inditam,</strong></span> <span class='ocrx_word' id='word_1_266' title='bbox 1719 1968 1888 2024; x_wconf 74' lang='lat' dir='ltr'><strong>direxi</strong></span> <span class='ocrx_word' id='word_1_267' title='bbox 1915 1970 1984 2022; x_wconf 91' lang='lat' dir='ltr'><strong>ad</strong></span> <span class='ocrx_word' id='word_1_268' title='bbox 2010 1968 2115 2022; x_wconf 85' lang='lat' dir='ltr'><strong>Ru-</strong></span> 
     </span>
    </p>
   </div>
   <div class='ocr_carea' id='block_1_37' title="bbox 525 2061 2122 2135">
    <p class='ocr_par' dir='ltr' id='par_1_37' title="bbox 525 2061 2122 2135">
     <span class='ocr_line' id='line_1_37' title="bbox 525 2061 2122 2135; baseline -0.001 -19"><span class='ocrx_word' id='word_1_269' title='bbox 525 2063 691 2132; x_wconf 83' lang='lat' dir='ltr'><strong>finum</strong></span> <span class='ocrx_word' id='word_1_270' title='bbox 733 2062 1108 2135; x_wconf 81' lang='lat' dir='ltr'><strong>presbyterum,</strong></span> <span class='ocrx_word' id='word_1_271' title='bbox 1155 2072 1348 2117; x_wconf 78' lang='lat' dir='ltr'><strong>sancta:</strong></span> <span class='ocrx_word' id='word_1_272' title='bbox 1386 2061 1631 2116; x_wconf 72' lang='lat' dir='ltr'><strong>Melaniae</strong></span> <span class='ocrx_word' id='word_1_273' title='bbox 1668 2062 1893 2133; x_wconf 83' lang='lat' dir='ltr'><strong>spiritali</strong></span> <span class='ocrx_word' id='word_1_274' title='bbox 1927 2061 1983 2114; x_wconf 90' lang='lat' dir='ltr'><strong>in</strong></span> <span class='ocrx_word' id='word_1_275' title='bbox 2018 2062 2122 2116; x_wconf 88' lang='lat' dir='ltr'><strong>vita</strong></span> 
     </span>
    </p>
   </div>
   <div class='ocr_carea' id='block_1_38' title="bbox 528 2151 2123 2225">
    <p class='ocr_par' dir='ltr' id='par_1_38' title="bbox 528 2151 2123 2225">
     <span class='ocr_line' id='line_1_38' title="bbox 528 2151 2123 2225; baseline -0.003 -16"><span class='ocrx_word' id='word_1_276' title='bbox 528 2155 788 2220; x_wconf 89' lang='lat' dir='ltr'><strong>comitem,</strong></span> <span class='ocrx_word' id='word_1_277' title='bbox 819 2171 935 2209; x_wconf 85' lang='lat' dir='ltr'><strong>vere</strong></span> <span class='ocrx_word' id='word_1_278' title='bbox 964 2165 1198 2210; x_wconf 88' lang='lat' dir='ltr'><strong>sanctum</strong></span> <span class='ocrx_word' id='word_1_279' title='bbox 1227 2164 1272 2208; x_wconf 93' lang='lat' dir='ltr'><strong>et</strong></span> <span class='ocrx_word' id='word_1_280' title='bbox 1298 2155 1382 2225; x_wconf 91' lang='lat' dir='ltr'><strong>pie</strong></span> <span class='ocrx_word' id='word_1_281' title='bbox 1403 2153 1628 2216; x_wconf 87' lang='lat' dir='ltr'><strong>doctum,</strong></span> <span class='ocrx_word' id='word_1_282' title='bbox 1663 2163 1711 2206; x_wconf 87' lang='lat' dir='ltr'><strong>et</strong></span> <span class='ocrx_word' id='word_1_283' title='bbox 1738 2153 1799 2206; x_wconf 90' lang='lat' dir='ltr'><strong>ob</strong></span> <span class='ocrx_word' id='word_1_284' title='bbox 1819 2151 1918 2206; x_wconf 88' lang='lat' dir='ltr'><strong>hoc</strong></span> <span class='ocrx_word' id='word_1_285' title='bbox 1942 2153 2123 2205; x_wconf 86' lang='lat' dir='ltr'><strong>intima</strong></span> 
     </span>
    </p>
   </div>
   <div class='ocr_carea' id='block_1_39' title="bbox 526 2244 2124 2318">
    <p class='ocr_par' dir='ltr' id='par_1_39' title="bbox 526 2244 2124 2318">
     <span class='ocr_line' id='line_1_39' title="bbox 526 2244 2124 2318; baseline -0.002 -18"><span class='ocrx_word' id='word_1_286' title='bbox 526 2247 655 2301; x_wconf 89' lang='lat' dir='ltr'><strong>mihi</strong></span> <span class='ocrx_word' id='word_1_287' title='bbox 683 2246 956 2313; x_wconf 75' lang='lat' dir='ltr'><strong>affectione</strong></span> <span class='ocrx_word' id='word_1_288' title='bbox 977 2249 1333 2318; x_wconf 89' lang='lat' dir='ltr'><strong>conjunctum.</strong></span> <span class='ocrx_word' id='word_1_289' title='bbox 1368 2246 1430 2302; x_wconf 89' lang='lat' dir='ltr'><strong>Si</strong></span> <span class='ocrx_word' id='word_1_290' title='bbox 1464 2245 1554 2300; x_wconf 87' lang='lat' dir='ltr'><strong>ille</strong></span> <span class='ocrx_word' id='word_1_291' title='bbox 1577 2244 1694 2312; x_wconf 82' lang='lat' dir='ltr'><strong>has,</strong></span> <span class='ocrx_word' id='word_1_292' title='bbox 1729 2261 1845 2315; x_wconf 75' lang='lat' dir='ltr'><strong>qua:</strong></span> <span class='ocrx_word' id='word_1_293' title='bbox 1871 2245 2050 2299; x_wconf 88' lang='lat' dir='ltr'><strong>merito</strong></span> <span class='ocrx_word' id='word_1_294' title='bbox 2077 2254 2124 2298; x_wconf 90' lang='lat' dir='ltr'><strong>te</strong></span> 
     </span>
    </p>
   </div>
   <div class='ocr_carea' id='block_1_40' title="bbox 526 2339 2124 2411">
    <p class='ocr_par' dir='ltr' id='par_1_40' title="bbox 526 2339 2124 2411">
     <span class='ocr_line' id='line_1_40' title="bbox 526 2339 2124 2411; baseline -0.003 -17"><span class='ocrx_word' id='word_1_295' title='bbox 526 2349 820 2411; x_wconf 87' lang='lat' dir='ltr'><strong>permovent</strong></span> <span class='ocrx_word' id='word_1_296' title='bbox 844 2341 908 2394; x_wconf 88' lang='lat' dir='ltr'><strong>de</strong></span> <span class='ocrx_word' id='word_1_297' title='bbox 941 2356 1198 2394; x_wconf 90' lang='lat' dir='ltr'><strong>annorum</strong></span> <span class='ocrx_word' id='word_1_298' title='bbox 1225 2339 1331 2392; x_wconf 87' lang='lat' dir='ltr'><strong>sive</strong></span> <span class='ocrx_word' id='word_1_299' title='bbox 1368 2353 1646 2410; x_wconf 81' lang='lat' dir='ltr'><strong>regnorum</strong></span> <span class='ocrx_word' id='word_1_300' title='bbox 1677 2353 1780 2390; x_wconf 87' lang='lat' dir='ltr'><strong>non</strong></span> <span class='ocrx_word' id='word_1_301' title='bbox 1811 2346 2124 2407; x_wconf 86' lang='lat' dir='ltr'><strong>congruente</strong></span> 
     </span>
    </p>
   </div>
   <div class='ocr_carea' id='block_1_41' title="bbox 523 2429 2124 2498">
    <p class='ocr_par' dir='ltr' id='par_1_41' title="bbox 523 2429 2124 2498">
     <span class='ocr_line' id='line_1_41' title="bbox 523 2429 2124 2498; baseline -0.002 -13"><span class='ocrx_word' id='word_1_302' title='bbox 523 2432 749 2498; x_wconf 84' lang='lat' dir='ltr'><strong>calculo,</strong></span> <span class='ocrx_word' id='word_1_303' title='bbox 783 2431 978 2485; x_wconf 86' lang='lat' dir='ltr'><strong>hiantis</strong></span> <span class='ocrx_word' id='word_1_304' title='bbox 1027 2431 1258 2486; x_wconf 77' lang='lat' dir='ltr'><strong>historia:</strong></span> <span class='ocrx_word' id='word_1_305' title='bbox 1299 2446 1483 2484; x_wconf 84' lang='lat' dir='ltr'><strong>causas</strong></span> <span class='ocrx_word' id='word_1_306' title='bbox 1525 2447 1630 2484; x_wconf 87' lang='lat' dir='ltr'><strong>nan</strong></span> <span class='ocrx_word' id='word_1_307' title='bbox 1668 2429 1918 2492; x_wconf 84' lang='lat' dir='ltr'><strong>ediderit,</strong></span> <span class='ocrx_word' id='word_1_308' title='bbox 1952 2429 2037 2496; x_wconf 89' lang='lat' dir='ltr'><strong>qui</strong></span> <span class='ocrx_word' id='word_1_309' title='bbox 2075 2438 2124 2482; x_wconf 88' lang='lat' dir='ltr'><strong>et</strong></span> 
     </span>
    </p>
   </div>
   <div class='ocr_carea' id='block_1_42' title="bbox 521 2522 2122 2593">
    <p class='ocr_par' dir='ltr' id='par_1_42' title="bbox 521 2522 2122 2593">
     <span class='ocr_line' id='line_1_42' title="bbox 521 2522 2122 2593; baseline -0.002 -13"><span class='ocrx_word' id='word_1_310' title='bbox 521 2524 845 2580; x_wconf 86' lang='lat' dir='ltr'><strong>scholasticis</strong></span> <span class='ocrx_word' id='word_1_311' title='bbox 871 2534 916 2578; x_wconf 88' lang='lat' dir='ltr'><strong>et</strong></span> <span class='ocrx_word' id='word_1_312' title='bbox 940 2525 1256 2579; x_wconf 84' lang='lat' dir='ltr'><strong>salutaribus</strong></span> <span class='ocrx_word' id='word_1_313' title='bbox 1283 2523 1468 2578; x_wconf 86' lang='lat' dir='ltr'><strong>litteris</strong></span> <span class='ocrx_word' id='word_1_314' title='bbox 1506 2522 1702 2593; x_wconf 89' lang='lat' dir='ltr'><strong>(sacris</strong></span> <span class='ocrx_word' id='word_1_315' title='bbox 1731 2531 1787 2576; x_wconf 90' lang='lat' dir='ltr'><strong>et</strong></span> <span class='ocrx_word' id='word_1_316' title='bbox 1827 2522 2122 2577; x_wconf 89' lang='lat' dir='ltr'><strong>humanio-</strong></span> 
     </span>
    </p>
   </div>
   <div class='ocr_carea' id='block_1_43' title="bbox 526 2603 2126 2692">
    <p class='ocr_par' dir='ltr' id='par_1_43' title="bbox 526 2603 2126 2692">
     <span class='ocr_line' id='line_1_43' title="bbox 526 2603 2126 2692; baseline -0.002 -18"><span class='ocrx_word' id='word_1_317' title='bbox 526 2619 701 2689; x_wconf 83' lang='lat' dir='ltr'><strong>ribus)</strong></span> <span class='ocrx_word' id='word_1_318' title='bbox 736 2634 904 2690; x_wconf 73' lang='lat' dir='ltr'><strong>grtcce</strong></span> <span class='ocrx_word' id='word_1_319' title='bbox 921 2621 1083 2692; x_wconf 72' lang='lat' dir='ltr'><strong>juxta</strong></span> <span class='ocrx_word' id='word_1_320' title='bbox 1111 2636 1174 2672; x_wconf 89' lang='lat' dir='ltr'><strong>ac</strong></span> <span class='ocrx_word' id='word_1_321' title='bbox 1199 2619 1358 2672; x_wconf 89' lang='lat' dir='ltr'><strong>latine</strong></span> <span class='ocrx_word' id='word_1_322' title='bbox 1388 2618 1530 2672; x_wconf 87' lang='lat' dir='ltr'><strong>dives</strong></span> <span class='ocrx_word' id='word_1_323' title='bbox 1555 2627 1664 2684; x_wconf 89' lang='lat' dir='ltr'><strong>est,</strong></span> <span class='ocrx_word' id='word_1_324' title='bbox 1697 2633 1875 2672; x_wconf 88' lang='lat' dir='ltr'><strong>vereor</strong></span> <span class='ocrx_word' id='word_1_325' title='bbox 1896 2634 1958 2671; x_wconf 90' lang='lat' dir='ltr'><strong>ne</strong></span> <span class='ocrx_word' id='word_1_326' title='bbox 1984 2603 2126 2688; x_wconf 82' lang='lat' dir='ltr'><strong>apud</strong></span> 
     </span>
    </p>
   </div>
   <div class='ocr_carea' id='block_1_44' title="bbox 526 2709 2124 2784">
    <p class='ocr_par' dir='ltr' id='par_1_44' title="bbox 526 2709 2124 2784">
     <span class='ocr_line' id='line_1_44' title="bbox 526 2709 2124 2784; baseline 0.001 -20"><span class='ocrx_word' id='word_1_327' title='bbox 526 2713 688 2766; x_wconf 85' lang='lat' dir='ltr'><strong>alium</strong></span> <span class='ocrx_word' id='word_1_328' title='bbox 742 2713 797 2766; x_wconf 92' lang='lat' dir='ltr'><strong>in</strong></span> <span class='ocrx_word' id='word_1_329' title='bbox 847 2713 929 2766; x_wconf 89' lang='lat' dir='ltr'><strong>his</strong></span> <span class='ocrx_word' id='word_1_330' title='bbox 979 2712 1273 2784; x_wconf 76' lang='lat' dir='ltr'><strong>regionibus</strong></span> <span class='ocrx_word' id='word_1_331' title='bbox 1329 2709 1585 2782; x_wconf 58' lang='lat' dir='ltr'><strong>(Italiae)</strong></span> <span class='ocrx_word' id='word_1_332' title='bbox 1638 2714 1835 2781; x_wconf 85' lang='lat' dir='ltr'><strong>frustra</strong></span> <span class='ocrx_word' id='word_1_333' title='bbox 1886 2711 2124 2781; x_wconf 82' lang='lat' dir='ltr'><strong>requira-</strong></span> 
     </span>
    </p>
   </div>
   <div class='ocr_carea' id='block_1_45' title="bbox 529 2821 732 2858">
    <p class='ocr_par' dir='ltr' id='par_1_45' title="bbox 529 2821 732 2858">
     <span class='ocr_line' id='line_1_45' title="bbox 529 2821 732 2858; baseline 0.005 0"><span class='ocrx_word' id='word_1_334' title='bbox 529 2821 640 2858; x_wconf 87' lang='lat' dir='ltr'><strong>mus</strong></span> <span class='ocrx_word' id='word_1_335' title='bbox 648 2845 661 2858; x_wconf 86' lang='lat'><strong>.</strong></span> <span class='ocrx_word' id='word_1_336' title='bbox 725 2847 732 2853; x_wconf 82' lang='lat'><strong>-</strong></span> 
     </span>
    </p>
   </div>
   <div class='ocr_carea' id='block_1_46' title="bbox 535 2895 2126 2972">
    <p class='ocr_par' dir='ltr' id='par_1_46' title="bbox 535 2895 2126 2972">
     <span class='ocr_line' id='line_1_46' title="bbox 535 2895 2126 2972; baseline -0.001 -21"><span class='ocrx_word' id='word_1_337' title='bbox 535 2964 548 2972; x_wconf 88' lang='lat'><em>_</em></span> <span class='ocrx_word' id='word_1_338' title='bbox 599 2897 802 2953; x_wconf 88' lang='lat' dir='ltr'><strong>Mentio</strong></span> <span class='ocrx_word' id='word_1_339' title='bbox 833 2897 1086 2953; x_wconf 65' lang='lat' dir='ltr'><strong>Melaniae</strong></span> <span class='ocrx_word' id='word_1_340' title='bbox 1109 2897 1381 2964; x_wconf 90' lang='lat' dir='ltr'><strong>senioris,</strong></span> <span class='ocrx_word' id='word_1_341' title='bbox 1413 2912 1536 2952; x_wconf 92' lang='lat' dir='ltr'><strong>cum</strong></span> <span class='ocrx_word' id='word_1_342' title='bbox 1568 2912 1672 2967; x_wconf 88' lang='lat' dir='ltr'><strong>qua</strong></span> <span class='ocrx_word' id='word_1_343' title='bbox 1706 2895 2011 2965; x_wconf 79' lang='lat' dir='ltr'><strong>Spiritalem</strong></span> <span class='ocrx_word' id='word_1_344' title='bbox 2046 2896 2126 2950; x_wconf 91' lang='lat' dir='ltr'><strong>vi-</strong></span> 
     </span>
    </p>
   </div>
   <div class='ocr_carea' id='block_1_47' title="bbox 529 2991 2126 3063">
    <p class='ocr_par' dir='ltr' id='par_1_47' title="bbox 529 2991 2126 3063">
     <span class='ocr_line' id='line_1_47' title="bbox 529 2991 2126 3063; baseline -0.001 -17"><span class='ocrx_word' id='word_1_345' title='bbox 529 2999 637 3047; x_wconf 91' lang='lat' dir='ltr'><strong>tam</strong></span> <span class='ocrx_word' id='word_1_346' title='bbox 669 2991 724 3046; x_wconf 92' lang='lat' dir='ltr'><strong>in</strong></span> <span class='ocrx_word' id='word_1_347' title='bbox 753 2991 989 3063; x_wconf 59' lang='grc' dir='ltr'><strong>λεωριο</strong></span> <span class='ocrx_word' id='word_1_348' title='bbox 1009 3000 1066 3046; x_wconf 91' lang='lat' dir='ltr'><strong>et</strong></span> <span class='ocrx_word' id='word_1_349' title='bbox 1085 2991 1486 3063; x_wconf 77' lang='lat' dir='ltr'><strong>HierOsolytnis</strong></span> <span class='ocrx_word' id='word_1_350' title='bbox 1510 2991 1692 3061; x_wconf 85' lang='lat' dir='ltr'><strong>plures</strong></span> <span class='ocrx_word' id='word_1_351' title='bbox 1719 3006 1891 3044; x_wconf 90' lang='lat' dir='ltr'><strong>annos</strong></span> <span class='ocrx_word' id='word_1_352' title='bbox 1917 2999 2126 3045; x_wconf 83' lang='lat' dir='ltr'><strong>transe-</strong></span> 
     </span>
    </p>
   </div>
   <div class='ocr_carea' id='block_1_48' title="bbox 2225 1781 3824 1852">
    <p class='ocr_par' dir='ltr' id='par_1_48' title="bbox 2225 1781 3824 1852">
     <span class='ocr_line' id='line_1_48' title="bbox 2225 1781 3824 1852; baseline 0.003 -18"><span class='ocrx_word' id='word_1_353' title='bbox 2225 1796 2454 1835; x_wconf 88' lang='lat' dir='ltr'><strong>mearum</strong></span> <span class='ocrx_word' id='word_1_354' title='bbox 2485 1781 2737 1851; x_wconf 87' lang='lat' dir='ltr'><strong>parvitate</strong></span> <span class='ocrx_word' id='word_1_355' title='bbox 2779 1782 3020 1836; x_wconf 87' lang='lat' dir='ltr'><strong>disserui.</strong></span> <span class='ocrx_word' id='word_1_356' title='bbox 3053 1781 3232 1852; x_wconf 90' lang='lat' dir='ltr'><strong>Ipsum</strong></span> <span class='ocrx_word' id='word_1_357' title='bbox 3275 1782 3648 1838; x_wconf 88' lang='lat' dir='ltr'><strong>Chromatium</strong></span> <span class='ocrx_word' id='word_1_358' title='bbox 3675 1799 3824 1840; x_wconf 86' lang='lat' dir='ltr'><strong>com-</strong></span> 
     </span>
    </p>
   </div>
   <div class='ocr_carea' id='block_1_49' title="bbox 2224 1872 3826 1944">
    <p class='ocr_par' dir='ltr' id='par_1_49' title="bbox 2224 1872 3826 1944">
     <span class='ocr_line' id='line_1_49' title="bbox 2224 1872 3826 1944; baseline 0.004 -18"><span class='ocrx_word' id='word_1_359' title='bbox 2224 1883 2381 1944; x_wconf 90' lang='lat' dir='ltr'><strong>parat</strong></span> <span class='ocrx_word' id='word_1_360' title='bbox 2407 1873 2689 1938; x_wconf 89' lang='lat' dir='ltr'><strong>Beseleeli,</strong></span> <span class='ocrx_word' id='word_1_361' title='bbox 2719 1889 2879 1943; x_wconf 89' lang='lat' dir='ltr'><strong>quem</strong></span> <span class='ocrx_word' id='word_1_362' title='bbox 2915 1872 3101 1928; x_wconf 89' lang='lat' dir='ltr'><strong>Divina</strong></span> <span class='ocrx_word' id='word_1_363' title='bbox 3138 1874 3420 1944; x_wconf 89' lang='lat' dir='ltr'><strong>Scriptura</strong></span> <span class='ocrx_word' id='word_1_364' title='bbox 3447 1875 3616 1929; x_wconf 81' lang='lat' dir='ltr'><strong>Exodi</strong></span> <span class='ocrx_word' id='word_1_365' title='bbox 3649 1877 3826 1943; x_wconf 87' lang='lat' dir='ltr'><strong>capite</strong></span> 
     </span>
    </p>
   </div>
   <div class='ocr_carea' id='block_1_50' title="bbox 2223 1968 3823 2038">
    <p class='ocr_par' dir='ltr' id='par_1_50' title="bbox 2223 1968 3823 2038">
     <span class='ocr_line' id='line_1_50' title="bbox 2223 1968 3823 2038; baseline 0.001 -18"><span class='ocrx_word' id='word_1_366' title='bbox 2223 1981 2353 2020; x_wconf 77' lang='lat' dir='ltr'><strong>xxxt</strong></span> <span class='ocrx_word' id='word_1_367' title='bbox 2382 1977 2570 2021; x_wconf 89' lang='lat' dir='ltr'><strong>narrat</strong></span> <span class='ocrx_word' id='word_1_368' title='bbox 2595 2007 2611 2034; x_wconf 94' lang='lat'><strong>,</strong></span> <span class='ocrx_word' id='word_1_369' title='bbox 2666 1968 2949 2037; x_wconf 88' lang='lat' dir='ltr'><strong>impletum</strong></span> <span class='ocrx_word' id='word_1_370' title='bbox 2982 1969 3149 2023; x_wconf 90' lang='lat' dir='ltr'><strong>fuisse</strong></span> <span class='ocrx_word' id='word_1_371' title='bbox 3181 1969 3389 2038; x_wconf 86' lang='lat' dir='ltr'><strong>Spiritu</strong></span> <span class='ocrx_word' id='word_1_372' title='bbox 3417 1968 3512 2023; x_wconf 89' lang='lat' dir='ltr'><strong>Dei</strong></span> <span class='ocrx_word' id='word_1_373' title='bbox 3542 1970 3823 2038; x_wconf 80' lang='lat' dir='ltr'><strong>sapientia,</strong></span> 
     </span>
    </p>
   </div>
   <div class='ocr_carea' id='block_1_51' title="bbox 2225 2044 3825 2134">
    <p class='ocr_par' dir='ltr' id='par_1_51' title="bbox 2225 2044 3825 2134">
     <span class='ocr_line' id='line_1_51' title="bbox 2225 2044 3825 2134; baseline 0.004 -22"><span class='ocrx_word' id='word_1_374' title='bbox 2225 2067 2272 2112; x_wconf 91' lang='lat' dir='ltr'><strong>et</strong></span> <span class='ocrx_word' id='word_1_375' title='bbox 2296 2059 2656 2131; x_wconf 87' lang='lat' dir='ltr'><strong>intelligentia,</strong></span> <span class='ocrx_word' id='word_1_376' title='bbox 2689 2069 2736 2114; x_wconf 84' lang='lat' dir='ltr'><strong>et</strong></span> <span class='ocrx_word' id='word_1_377' title='bbox 2762 2061 2975 2115; x_wconf 88' lang='lat' dir='ltr'><strong>scientia</strong></span> <span class='ocrx_word' id='word_1_378' title='bbox 2989 2062 3042 2115; x_wconf 90' lang='lat' dir='ltr'><strong>in</strong></span> <span class='ocrx_word' id='word_1_379' title='bbox 3067 2044 3205 2115; x_wconf 77' lang='lat' dir='ltr'><strong>omni</strong></span> <span class='ocrx_word' id='word_1_380' title='bbox 3229 2078 3381 2134; x_wconf 89' lang='lat' dir='ltr'><strong>opere</strong></span> <span class='ocrx_word' id='word_1_381' title='bbox 3404 2062 3472 2118; x_wconf 91' lang='lat' dir='ltr'><strong>ad</strong></span> <span class='ocrx_word' id='word_1_382' title='bbox 3498 2064 3825 2119; x_wconf 83' lang='lat' dir='ltr'><strong>exstructio-</strong></span> 
     </span>
    </p>
   </div>
   <div class='ocr_carea' id='block_1_52' title="bbox 2226 2152 2740 2208">
    <p class='ocr_par' dir='ltr' id='par_1_52' title="bbox 2226 2152 2740 2208">
     <span class='ocr_line' id='line_1_52' title="bbox 2226 2152 2740 2208; baseline 0 -2"><span class='ocrx_word' id='word_1_383' title='bbox 2226 2166 2354 2207; x_wconf 88' lang='lat' dir='ltr'><strong>nem</strong></span> <span class='ocrx_word' id='word_1_384' title='bbox 2382 2152 2740 2208; x_wconf 86' lang='lat' dir='ltr'><strong>tabernaculi.</strong></span> 
     </span>
    </p>
   </div>
   <div class='ocr_carea' id='block_1_53' title="bbox 2297 2245 3824 2318">
    <p class='ocr_par' dir='ltr' id='par_1_53' title="bbox 2297 2245 3824 2318">
     <span class='ocr_line' id='line_1_53' title="bbox 2297 2245 3824 2318; baseline 0.004 -19"><span class='ocrx_word' id='word_1_385' title='bbox 2297 2245 2573 2310; x_wconf 86' lang='lat' dir='ltr'><strong>lleraclio,</strong></span> <span class='ocrx_word' id='word_1_386' title='bbox 2612 2260 2773 2316; x_wconf 88' lang='lat' dir='ltr'><strong>quem</strong></span> <span class='ocrx_word' id='word_1_387' title='bbox 2819 2250 3033 2317; x_wconf 81' lang='lat' dir='ltr'><strong>fratrem</strong></span> <span class='ocrx_word' id='word_1_388' title='bbox 3071 2247 3335 2318; x_wconf 85' lang='lat' dir='ltr'><strong>appellat,</strong></span> <span class='ocrx_word' id='word_1_389' title='bbox 3384 2257 3726 2318; x_wconf 88' lang='lat' dir='ltr'><strong>nuncupatos</strong></span> <span class='ocrx_word' id='word_1_390' title='bbox 3755 2249 3824 2305; x_wconf 84' lang='lat' dir='ltr'><strong>ab</strong></span> 
     </span>
    </p>
   </div>
   <div class='ocr_carea' id='block_1_54' title="bbox 2226 2337 3826 2410">
    <p class='ocr_par' dir='ltr' id='par_1_54' title="bbox 2226 2337 3826 2410">
     <span class='ocr_line' id='line_1_54' title="bbox 2226 2337 3826 2410; baseline 0.001 -16"><span class='ocrx_word' id='word_1_391' title='bbox 2226 2338 2418 2394; x_wconf 90' lang='lat' dir='ltr'><strong>eodem</strong></span> <span class='ocrx_word' id='word_1_392' title='bbox 2448 2337 2644 2393; x_wconf 80' lang='lat' dir='ltr'><strong>Ruﬁno</strong></span> <span class='ocrx_word' id='word_1_393' title='bbox 2677 2340 2947 2396; x_wconf 86' lang='lat' dir='ltr'><strong>habemus</strong></span> <span class='ocrx_word' id='word_1_394' title='bbox 2963 2339 3400 2396; x_wconf 89' lang='lat' dir='ltr'><strong>Commentarios</strong></span> <span class='ocrx_word' id='word_1_395' title='bbox 3426 2343 3670 2410; x_wconf 86' lang='lat' dir='ltr'><strong>ejusdem</strong></span> <span class='ocrx_word' id='word_1_396' title='bbox 3699 2341 3826 2398; x_wconf 81' lang='lat' dir='ltr'><strong>Ori-</strong></span> 
     </span>
    </p>
   </div>
   <div class='ocr_carea' id='block_1_55' title="bbox 2225 2431 3822 2501">
    <p class='ocr_par' dir='ltr' id='par_1_55' title="bbox 2225 2431 3822 2501">
     <span class='ocr_line' id='line_1_55' title="bbox 2225 2431 3822 2501; baseline 0.004 -17"><span class='ocrx_word' id='word_1_397' title='bbox 2225 2432 2380 2501; x_wconf 86' lang='lat' dir='ltr'><strong>genis</strong></span> <span class='ocrx_word' id='word_1_398' title='bbox 2424 2431 2479 2486; x_wconf 90' lang='lat' dir='ltr'><strong>in</strong></span> <span class='ocrx_word' id='word_1_399' title='bbox 2524 2432 2822 2501; x_wconf 87' lang='lat' dir='ltr'><strong>Epistolam</strong></span> <span class='ocrx_word' id='word_1_400' title='bbox 2868 2433 2934 2488; x_wconf 92' lang='lat' dir='ltr'><strong>ad</strong></span> <span class='ocrx_word' id='word_1_401' title='bbox 2971 2433 3245 2489; x_wconf 83' lang='lat' dir='ltr'><strong>Romanos</strong></span> <span class='ocrx_word' id='word_1_402' title='bbox 3282 2436 3449 2490; x_wconf 93' lang='lat' dir='ltr'><strong>latine</strong></span> <span class='ocrx_word' id='word_1_403' title='bbox 3508 2436 3822 2490; x_wconf 81' lang='lat' dir='ltr'><strong>translatos.</strong></span> 
     </span>
    </p>
   </div>
   <div class='ocr_carea' id='block_1_56' title="bbox 2226 2525 3824 2598">
    <p class='ocr_par' dir='ltr' id='par_1_56' title="bbox 2226 2525 3824 2598">
     <span class='ocr_line' id='line_1_56' title="bbox 2226 2525 3824 2598; baseline 0.003 -18"><span class='ocrx_word' id='word_1_404' title='bbox 2226 2525 2284 2580; x_wconf 86' lang='lat' dir='ltr'><strong>In</strong></span> <span class='ocrx_word' id='word_1_405' title='bbox 2315 2527 2678 2596; x_wconf 87' lang='lat' dir='ltr'><strong>peroratione,</strong></span> <span class='ocrx_word' id='word_1_406' title='bbox 2711 2542 2874 2596; x_wconf 92' lang='lat' dir='ltr'><strong>quam</strong></span> <span class='ocrx_word' id='word_1_407' title='bbox 2901 2542 3180 2598; x_wconf 88' lang='lat' dir='ltr'><strong>perperam</strong></span> <span class='ocrx_word' id='word_1_408' title='bbox 3212 2527 3542 2597; x_wconf 82' lang='lat' dir='ltr'><strong>Hieronymo</strong></span> <span class='ocrx_word' id='word_1_409' title='bbox 3566 2529 3824 2584; x_wconf 89' lang='lat' dir='ltr'><strong>tributam</strong></span> 
     </span>
    </p>
   </div>
   <div class='ocr_carea' id='block_1_57' title="bbox 2229 2619 3827 2689">
    <p class='ocr_par' dir='ltr' id='par_1_57' title="bbox 2229 2619 3827 2689">
     <span class='ocr_line' id='line_1_57' title="bbox 2229 2619 3827 2689; baseline 0.001 -16"><span class='ocrx_word' id='word_1_410' title='bbox 2229 2619 2282 2673; x_wconf 93' lang='lat' dir='ltr'><strong>in</strong></span> <span class='ocrx_word' id='word_1_411' title='bbox 2298 2619 2528 2689; x_wconf 85' lang='lat' dir='ltr'><strong>vulgatis</strong></span> <span class='ocrx_word' id='word_1_412' title='bbox 2545 2619 2872 2674; x_wconf 89' lang='lat' dir='ltr'><strong>editiouibus</strong></span> <span class='ocrx_word' id='word_1_413' title='bbox 2886 2621 3081 2675; x_wconf 91' lang='lat' dir='ltr'><strong>evincit</strong></span> <span class='ocrx_word' id='word_1_414' title='bbox 3097 2619 3405 2675; x_wconf 89' lang='lat' dir='ltr'><strong>Cotelerius</strong></span> <span class='ocrx_word' id='word_1_415' title='bbox 3432 2636 3500 2675; x_wconf 77' lang='lat' dir='ltr'><strong>ex</strong></span> <span class='ocrx_word' id='word_1_416' title='bbox 3519 2635 3652 2676; x_wconf 89' lang='lat' dir='ltr'><strong>mss.</strong></span> <span class='ocrx_word' id='word_1_417' title='bbox 3675 2620 3827 2676; x_wconf 84' lang='lat' dir='ltr'><strong>codi-</strong></span> 
     </span>
    </p>
   </div>
   <div class='ocr_carea' id='block_1_58' title="bbox 2227 2714 3824 2784">
    <p class='ocr_par' dir='ltr' id='par_1_58' title="bbox 2227 2714 3824 2784">
     <span class='ocr_line' id='line_1_58' title="bbox 2227 2714 3824 2784; baseline 0 -14"><span class='ocrx_word' id='word_1_418' title='bbox 2227 2715 2402 2780; x_wconf 88' lang='lat' dir='ltr'><strong>cibus,</strong></span> <span class='ocrx_word' id='word_1_419' title='bbox 2435 2730 2571 2783; x_wconf 86' lang='lat' dir='ltr'><strong>opus</strong></span> <span class='ocrx_word' id='word_1_420' title='bbox 2600 2715 2744 2770; x_wconf 88' lang='lat' dir='ltr'><strong>aliud</strong></span> <span class='ocrx_word' id='word_1_421' title='bbox 2766 2725 3053 2782; x_wconf 91' lang='lat' dir='ltr'><strong>memorat,</strong></span> <span class='ocrx_word' id='word_1_422' title='bbox 3078 2714 3220 2782; x_wconf 83' lang='lat' dir='ltr'><strong>quod</strong></span> <span class='ocrx_word' id='word_1_423' title='bbox 3243 2716 3549 2784; x_wconf 90' lang='lat' dir='ltr'><strong>postulante</strong></span> <span class='ocrx_word' id='word_1_424' title='bbox 3566 2714 3824 2770; x_wconf 89' lang='lat' dir='ltr'><strong>Gauden-</strong></span> 
     </span>
    </p>
   </div>
   <div class='ocr_carea' id='block_1_59' title="bbox 2230 2806 3823 2878">
    <p class='ocr_par' dir='ltr' id='par_1_59' title="bbox 2230 2806 3823 2878">
     <span class='ocr_line' id='line_1_59' title="bbox 2230 2806 3823 2878; baseline -0.001 -16"><span class='ocrx_word' id='word_1_425' title='bbox 2230 2809 2306 2862; x_wconf 90' lang='lat' dir='ltr'><strong>tio</strong></span> <span class='ocrx_word' id='word_1_426' title='bbox 2351 2807 2612 2878; x_wconf 85' lang='lat' dir='ltr'><strong>episcopo</strong></span> <span class='ocrx_word' id='word_1_427' title='bbox 2656 2807 2910 2862; x_wconf 82' lang='lat' dir='ltr'><strong>Brixiano</strong></span> <span class='ocrx_word' id='word_1_428' title='bbox 2954 2821 3244 2878; x_wconf 85' lang='lat' dir='ltr'><strong>aggressus</strong></span> <span class='ocrx_word' id='word_1_429' title='bbox 3276 2807 3455 2862; x_wconf 89' lang='lat' dir='ltr'><strong>fuerat</strong></span> <span class='ocrx_word' id='word_1_430' title='bbox 3484 2827 3498 2862; x_wconf 84' lang='lat'><strong>:</strong></span> <span class='ocrx_word' id='word_1_431' title='bbox 3532 2806 3660 2861; x_wconf 87' lang='lat' dir='ltr'><strong>Post</strong></span> <span class='ocrx_word' id='word_1_432' title='bbox 3702 2808 3823 2874; x_wconf 88' lang='lat' dir='ltr'><strong>hoc,</strong></span> 
     </span>
    </p>
   </div>
   <div class='ocr_carea' id='block_1_60' title="bbox 2230 2899 3824 2973">
    <p class='ocr_par' dir='ltr' id='par_1_60' title="bbox 2230 2899 3824 2973">
     <span class='ocr_line' id='line_1_60' title="bbox 2230 2899 3824 2973; baseline 0 -18"><span class='ocrx_word' id='word_1_433' title='bbox 2230 2900 2500 2970; x_wconf 88' lang='lat' dir='ltr'><strong>inquiens,</strong></span> <span class='ocrx_word' id='word_1_434' title='bbox 2545 2916 2668 2954; x_wconf 86' lang='lat' dir='ltr'><strong>sane</strong></span> <span class='ocrx_word' id='word_1_435' title='bbox 2696 2911 2838 2954; x_wconf 90' lang='lat' dir='ltr'><strong>vocat</strong></span> <span class='ocrx_word' id='word_1_436' title='bbox 2878 2917 2970 2955; x_wconf 89' lang='lat' dir='ltr'><strong>nos</strong></span> <span class='ocrx_word' id='word_1_437' title='bbox 3000 2917 3151 2973; x_wconf 83' lang='lat' dir='ltr'><strong>Opus,</strong></span> <span class='ocrx_word' id='word_1_438' title='bbox 3176 2899 3314 2972; x_wconf 88' lang='lat' dir='ltr'><strong>quod</strong></span> <span class='ocrx_word' id='word_1_439' title='bbox 3341 2901 3464 2954; x_wconf 90' lang='lat' dir='ltr'><strong>olim</strong></span> <span class='ocrx_word' id='word_1_440' title='bbox 3489 2900 3696 2971; x_wconf 86' lang='lat' dir='ltr'><strong>quidem</strong></span> <span class='ocrx_word' id='word_1_441' title='bbox 3737 2902 3824 2955; x_wconf 87' lang='lat' dir='ltr'><strong>in-</strong></span> 
     </span>
    </p>
   </div>
   <div class='ocr_carea' id='block_1_61' title="bbox 2221 2991 3826 3066">
    <p class='ocr_par' dir='ltr' id='par_1_61' title="bbox 2221 2991 3826 3066">
     <span class='ocr_line' id='line_1_61' title="bbox 2221 2991 3826 3066; baseline 0.001 -20"><span class='ocrx_word' id='word_1_442' title='bbox 2221 2995 2463 3064; x_wconf 87' lang='lat' dir='ltr'><strong>junctum</strong></span> <span class='ocrx_word' id='word_1_443' title='bbox 2495 3002 2590 3059; x_wconf 86' lang='lat' dir='ltr'><strong>est,</strong></span> <span class='ocrx_word' id='word_1_444' title='bbox 2629 2991 2719 3047; x_wconf 88' lang='lat' dir='ltr'><strong>sed</strong></span> <span class='ocrx_word' id='word_1_445' title='bbox 2761 3009 2893 3047; x_wconf 90' lang='lat' dir='ltr'><strong>nunc</strong></span> <span class='ocrx_word' id='word_1_446' title='bbox 2914 3010 2946 3046; x_wconf 92' lang='lat' dir='ltr'><strong>a</strong></span> <span class='ocrx_word' id='word_1_447' title='bbox 2975 2991 3040 3046; x_wconf 88' lang='grc' dir='ltr'><strong>Β.</strong></span> <span class='ocrx_word' id='word_1_448' title='bbox 3069 2991 3362 3047; x_wconf 78' lang='lat' dir='ltr'><strong>Gaudentio</strong></span> <span class='ocrx_word' id='word_1_449' title='bbox 3411 2993 3648 3066; x_wconf 79' lang='lat' dir='ltr'><strong>episcOpo</strong></span> <span class='ocrx_word' id='word_1_450' title='bbox 3676 2991 3826 3048; x_wconf 86' lang='lat' dir='ltr'><strong>vehe-</strong></span> 
     </span>
    </p>
   </div>
   <div class='ocr_carea' id='block_1_62' title="bbox 527 3083 3824 3159">
    <p class='ocr_par' dir='ltr' id='par_1_62' title="bbox 527 3083 3824 3159">
     <span class='ocr_line' id='line_1_62' title="bbox 527 3083 3824 3159; baseline 0 -19"><span class='ocrx_word' id='word_1_451' title='bbox 527 3096 680 3156; x_wconf 80' lang='lat' dir='ltr'><strong>gerat</strong></span> <span class='ocrx_word' id='word_1_452' title='bbox 708 3085 966 3151; x_wconf 80' lang='lat' dir='ltr'><strong>Rufinus,</strong></span> <span class='ocrx_word' id='word_1_453' title='bbox 1010 3085 1246 3140; x_wconf 85' lang='lat' dir='ltr'><strong>reditum</strong></span> <span class='ocrx_word' id='word_1_454' title='bbox 1276 3085 1521 3154; x_wconf 85' lang='lat' dir='ltr'><strong>ejusdem</strong></span> <span class='ocrx_word' id='word_1_455' title='bbox 1553 3084 1907 3153; x_wconf 67' lang='lat' dir='ltr'><strong>pientissimae</strong></span> <span class='ocrx_word' id='word_1_456' title='bbox 1946 3083 2122 3137; x_wconf 74' lang='lat' dir='ltr'><strong>vidua:</strong></span> <span class='ocrx_word' id='word_1_457' title='bbox 2151 3089 2197 3151; x_wconf 72' lang='grc' dir='ltr'><strong>ί]</strong></span> <span class='ocrx_word' id='word_1_458' title='bbox 2230 3086 2450 3139; x_wconf 90' lang='lat' dir='ltr'><strong>mentius</strong></span> <span class='ocrx_word' id='word_1_459' title='bbox 2468 3096 2794 3158; x_wconf 86' lang='lat' dir='ltr'><strong>perurgetur,</strong></span> <span class='ocrx_word' id='word_1_460' title='bbox 2827 3085 3099 3140; x_wconf 87' lang='lat' dir='ltr'><strong>Clementis</strong></span> <span class='ocrx_word' id='word_1_461' title='bbox 3122 3087 3314 3140; x_wconf 86' lang='lat' dir='ltr'><strong>scilicet</strong></span> <span class='ocrx_word' id='word_1_462' title='bbox 3341 3088 3544 3140; x_wconf 88' lang='lat' dir='ltr'><strong>romani</strong></span> <span class='ocrx_word' id='word_1_463' title='bbox 3572 3088 3824 3159; x_wconf 83' lang='lat' dir='ltr'><strong>episcopi,</strong></span> 
     </span>
    </p>
   </div>
   <div class='ocr_carea' id='block_1_63' title="bbox 529 3174 2123 3246">
    <p class='ocr_par' dir='ltr' id='par_1_63' title="bbox 529 3174 2123 3246">
     <span class='ocr_line' id='line_1_63' title="bbox 529 3174 2123 3246; baseline -0.002 -14"><span class='ocrx_word' id='word_1_464' title='bbox 529 3177 583 3232; x_wconf 89' lang='lat' dir='ltr'><strong>in</strong></span> <span class='ocrx_word' id='word_1_465' title='bbox 613 3176 827 3232; x_wconf 86' lang='lat' dir='ltr'><strong>Italiam</strong></span> <span class='ocrx_word' id='word_1_466' title='bbox 874 3177 1121 3232; x_wconf 88' lang='lat' dir='ltr'><strong>indicare</strong></span> <span class='ocrx_word' id='word_1_467' title='bbox 1159 3176 1394 3231; x_wconf 85' lang='lat' dir='ltr'><strong>videtur.</strong></span> <span class='ocrx_word' id='word_1_468' title='bbox 1428 3176 1485 3230; x_wconf 85' lang='lat' dir='ltr'><strong>In</strong></span> <span class='ocrx_word' id='word_1_469' title='bbox 1530 3187 1796 3246; x_wconf 88' lang='lat' dir='ltr'><strong>sequente</strong></span> <span class='ocrx_word' id='word_1_470' title='bbox 1837 3191 1968 3230; x_wconf 89' lang='lat' dir='ltr'><strong>sane</strong></span> <span class='ocrx_word' id='word_1_471' title='bbox 2008 3174 2123 3246; x_wconf 87' lang='lat' dir='ltr'><strong>epi—</strong></span> 
     </span>
    </p>
   </div>
   <div class='ocr_carea' id='block_1_64' title="bbox 527 3267 2126 3337">
    <p class='ocr_par' dir='ltr' id='par_1_64' title="bbox 527 3267 2126 3337">
     <span class='ocr_line' id='line_1_64' title="bbox 527 3267 2126 3337; baseline -0.002 -11"><span class='ocrx_word' id='word_1_472' title='bbox 527 3269 667 3326; x_wconf 88' lang='lat' dir='ltr'><strong>stola</strong></span> <span class='ocrx_word' id='word_1_473' title='bbox 716 3268 784 3323; x_wconf 92' lang='lat' dir='ltr'><strong>ad</strong></span> <span class='ocrx_word' id='word_1_474' title='bbox 833 3269 1086 3324; x_wconf 91' lang='lat' dir='ltr'><strong>eumdem</strong></span> <span class='ocrx_word' id='word_1_475' title='bbox 1136 3269 1381 3324; x_wconf 73' lang='lat' dir='ltr'><strong>Set-erum</strong></span> <span class='ocrx_word' id='word_1_476' title='bbox 1421 3267 1570 3332; x_wconf 87' lang='lat' dir='ltr'><strong>data,</strong></span> <span class='ocrx_word' id='word_1_477' title='bbox 1615 3268 1804 3322; x_wconf 88' lang='lat' dir='ltr'><strong>laudes</strong></span> <span class='ocrx_word' id='word_1_478' title='bbox 1852 3269 1972 3337; x_wconf 89' lang='lat' dir='ltr'><strong>ejus</strong></span> <span class='ocrx_word' id='word_1_479' title='bbox 2009 3283 2126 3323; x_wconf 85' lang='lat' dir='ltr'><strong>am-</strong></span> 
     </span>
    </p>
   </div>
   <div class='ocr_carea' id='block_1_65' title="bbox 531 3364 2128 3437">
    <p class='ocr_par' dir='ltr' id='par_1_65' title="bbox 531 3364 2128 3437">
     <span class='ocr_line' id='line_1_65' title="bbox 531 3364 2128 3437; baseline 0 -18"><span class='ocrx_word' id='word_1_480' title='bbox 531 3366 778 3437; x_wconf 90' lang='lat' dir='ltr'><strong>plissime</strong></span> <span class='ocrx_word' id='word_1_481' title='bbox 803 3366 1153 3436; x_wconf 89' lang='lat' dir='ltr'><strong>persequitur</strong></span> <span class='ocrx_word' id='word_1_482' title='bbox 1188 3365 1454 3420; x_wconf 85' lang='lat' dir='ltr'><strong>Paulinus</strong></span> <span class='ocrx_word' id='word_1_483' title='bbox 1489 3382 1501 3416; x_wconf 92' lang='lat'>:</span> <span class='ocrx_word' id='word_1_484' title='bbox 1534 3364 1816 3433; x_wconf 86' lang='lat' dir='ltr'><strong>ipsamque</strong></span> <span class='ocrx_word' id='word_1_485' title='bbox 1847 3373 2032 3418; x_wconf 86' lang='lat' dir='ltr'><strong>narrat</strong></span> <span class='ocrx_word' id='word_1_486' title='bbox 2061 3379 2128 3419; x_wconf 83' lang='lat' dir='ltr'><strong>ex</strong></span> 
     </span>
    </p>
   </div>
   <div class='ocr_carea' id='block_1_66' title="bbox 534 3456 2126 3530">
    <p class='ocr_par' dir='ltr' id='par_1_66' title="bbox 534 3456 2126 3530">
     <span class='ocr_line' id='line_1_66' title="bbox 534 3456 2126 3530; baseline 0 -17"><span class='ocrx_word' id='word_1_487' title='bbox 534 3456 862 3513; x_wconf 85' lang='lat' dir='ltr'><strong>Hierusalem</strong></span> <span class='ocrx_word' id='word_1_488' title='bbox 892 3468 1005 3530; x_wconf 89' lang='lat' dir='ltr'><strong>post</strong></span> <span class='ocrx_word' id='word_1_489' title='bbox 1025 3459 1247 3528; x_wconf 88' lang='lat' dir='ltr'><strong>quinque</strong></span> <span class='ocrx_word' id='word_1_490' title='bbox 1271 3459 1436 3513; x_wconf 88' lang='lat' dir='ltr'><strong>lustra</strong></span> <span class='ocrx_word' id='word_1_491' title='bbox 1463 3468 1771 3512; x_wconf 88' lang='lat' dir='ltr'><strong>remeantem</strong></span> <span class='ocrx_word' id='word_1_492' title='bbox 1793 3473 1854 3512; x_wconf 87' lang='lat' dir='ltr'><strong>se</strong></span> <span class='ocrx_word' id='word_1_493' title='bbox 1877 3457 2126 3528; x_wconf 86' lang='lat' dir='ltr'><strong>hospicio</strong></span> 
     </span>
    </p>
   </div>
   <div class='ocr_carea' id='block_1_67' title="bbox 530 3547 2128 3620">
    <p class='ocr_par' dir='ltr' id='par_1_67' title="bbox 530 3547 2128 3620">
     <span class='ocr_line' id='line_1_67' title="bbox 530 3547 2128 3620; baseline 0 -17"><span class='ocrx_word' id='word_1_494' title='bbox 530 3549 805 3618; x_wconf 69' lang='lat' dir='ltr'><strong>excepisse.</strong></span> <span class='ocrx_word' id='word_1_495' title='bbox 837 3549 938 3604; x_wconf 88' lang='lat' dir='ltr'><strong>Ubi</strong></span> <span class='ocrx_word' id='word_1_496' title='bbox 969 3564 1143 3604; x_wconf 87' lang='lat' dir='ltr'><strong>annos</strong></span> <span class='ocrx_word' id='word_1_497' title='bbox 1173 3547 1364 3620; x_wconf 85' lang='lat' dir='ltr'><strong>viginti</strong></span> <span class='ocrx_word' id='word_1_498' title='bbox 1398 3549 1644 3619; x_wconf 90' lang='lat' dir='ltr'><strong>quinque</strong></span> <span class='ocrx_word' id='word_1_499' title='bbox 1674 3548 2128 3604; x_wconf 81' lang='lat' dir='ltr'><strong>commorationis</strong></span> 
     </span>
    </p>
   </div>
   <div class='ocr_carea' id='block_1_68' title="bbox 529 3642 2128 3714">
    <p class='ocr_par' dir='ltr' id='par_1_68' title="bbox 529 3642 2128 3714">
     <span class='ocr_line' id='line_1_68' title="bbox 529 3642 2128 3714; baseline -0.003 -14"><span class='ocrx_word' id='word_1_500' title='bbox 529 3642 1046 3714; x_wconf 76' lang='lat' dir='ltr'><strong>Hierosolymitana:</strong></span> <span class='ocrx_word' id='word_1_501' title='bbox 1072 3653 1325 3699; x_wconf 90' lang='lat' dir='ltr'><strong>numerat</strong></span> <span class='ocrx_word' id='word_1_502' title='bbox 1356 3644 1475 3710; x_wconf 90' lang='lat' dir='ltr'><strong>ille,</strong></span> <span class='ocrx_word' id='word_1_503' title='bbox 1509 3650 1722 3712; x_wconf 90' lang='lat' dir='ltr'><strong>septem</strong></span> <span class='ocrx_word' id='word_1_504' title='bbox 1754 3654 1936 3698; x_wconf 89' lang='lat' dir='ltr'><strong>autem</strong></span> <span class='ocrx_word' id='word_1_505' title='bbox 1963 3658 2128 3713; x_wconf 87' lang='lat' dir='ltr'><strong>supra</strong></span> 
     </span>
    </p>
   </div>
   <div class='ocr_carea' id='block_1_69' title="bbox 529 3737 1692 3808">
    <p class='ocr_par' dir='ltr' id='par_1_69' title="bbox 529 3737 1692 3808">
     <span class='ocr_line' id='line_1_69' title="bbox 529 3737 1692 3808; baseline 0 -15"><span class='ocrx_word' id='word_1_506' title='bbox 529 3738 719 3808; x_wconf 80' lang='lat' dir='ltr'><strong>viginti</strong></span> <span class='ocrx_word' id='word_1_507' title='bbox 746 3737 1022 3794; x_wconf 88' lang='lat' dir='ltr'><strong>Palladius</strong></span> <span class='ocrx_word' id='word_1_508' title='bbox 1051 3739 1104 3792; x_wconf 91' lang='lat' dir='ltr'><strong>in</strong></span> <span class='ocrx_word' id='word_1_509' title='bbox 1138 3738 1375 3794; x_wconf 84' lang='lat' dir='ltr'><strong>llistoria</strong></span> <span class='ocrx_word' id='word_1_510' title='bbox 1406 3738 1692 3793; x_wconf 88' lang='lat' dir='ltr'><strong>Lausiaca.</strong></span> 
     </span>
    </p>
   </div>
   <div class='ocr_carea' id='block_1_70' title="bbox 602 3831 2128 3900">
    <p class='ocr_par' dir='ltr' id='par_1_70' title="bbox 602 3831 2128 3900">
     <span class='ocr_line' id='line_1_70' title="bbox 602 3831 2128 3900; baseline 0.002 -15"><span class='ocrx_word' id='word_1_511' title='bbox 602 3831 855 3886; x_wconf 81' lang='lat' dir='ltr'><strong>Reditum</strong></span> <span class='ocrx_word' id='word_1_512' title='bbox 881 3832 1127 3887; x_wconf 76' lang='lat' dir='ltr'><strong>Melania:</strong></span> <span class='ocrx_word' id='word_1_513' title='bbox 1155 3849 1300 3887; x_wconf 85' lang='lat' dir='ltr'><strong>anno</strong></span> <span class='ocrx_word' id='word_1_514' title='bbox 1321 3833 1428 3888; x_wconf 71' lang='lat'><strong>402</strong></span> <span class='ocrx_word' id='word_1_515' title='bbox 1451 3833 1663 3900; x_wconf 83' lang='lat' dir='ltr'><strong>illigant</strong></span> <span class='ocrx_word' id='word_1_516' title='bbox 1685 3832 1925 3888; x_wconf 88' lang='lat' dir='ltr'><strong>editores</strong></span> <span class='ocrx_word' id='word_1_517' title='bbox 1954 3833 2128 3888; x_wconf 85' lang='lat' dir='ltr'><strong>Bene-</strong></span> 
     </span>
    </p>
   </div>
   <div class='ocr_carea' id='block_1_71' title="bbox 530 3923 2123 3995">
    <p class='ocr_par' dir='ltr' id='par_1_71' title="bbox 530 3923 2123 3995">
     <span class='ocr_line' id='line_1_71' title="bbox 530 3923 2123 3995; baseline 0 -15"><span class='ocrx_word' id='word_1_518' title='bbox 530 3925 717 3980; x_wconf 89' lang='lat' dir='ltr'><strong>dictini</strong></span> <span class='ocrx_word' id='word_1_519' title='bbox 740 3925 976 3995; x_wconf 88' lang='lat' dir='ltr'><strong>Operutn</strong></span> <span class='ocrx_word' id='word_1_520' title='bbox 1005 3923 1064 3980; x_wconf 91' lang='lat' dir='ltr'><strong>S.</strong></span> <span class='ocrx_word' id='word_1_521' title='bbox 1093 3925 1379 3994; x_wconf 83' lang='lat' dir='ltr'><strong>Augustini</strong></span> <span class='ocrx_word' id='word_1_522' title='bbox 1408 3933 1561 3979; x_wconf 92' lang='lat' dir='ltr'><strong>tomo</strong></span> <span class='ocrx_word' id='word_1_523' title='bbox 1617 3924 1661 3978; x_wconf 93' lang='lat' dir='ltr'><strong>ll</strong></span> <span class='ocrx_word' id='word_1_524' title='bbox 1698 3925 1750 3978; x_wconf 92' lang='lat' dir='ltr'><strong>in</strong></span> <span class='ocrx_word' id='word_1_525' title='bbox 1782 3925 2123 3995; x_wconf 69' lang='lat' dir='ltr'><strong>praefatione,</strong></span> 
     </span>
    </p>
   </div>
   <div class='ocr_carea' id='block_1_72' title="bbox 531 4015 2131 4086">
    <p class='ocr_par' dir='ltr' id='par_1_72' title="bbox 531 4015 2131 4086">
     <span class='ocr_line' id='line_1_72' title="bbox 531 4015 2131 4086; baseline 0 -16"><span class='ocrx_word' id='word_1_526' title='bbox 531 4015 823 4070; x_wconf 86' lang='lat' dir='ltr'><strong>Lebrunus</strong></span> <span class='ocrx_word' id='word_1_527' title='bbox 867 4017 918 4069; x_wconf 93' lang='lat' dir='ltr'><strong>in</strong></span> <span class='ocrx_word' id='word_1_528' title='bbox 965 4031 1102 4071; x_wconf 90' lang='lat' dir='ltr'><strong>nova</strong></span> <span class='ocrx_word' id='word_1_529' title='bbox 1146 4018 1384 4086; x_wconf 90' lang='lat' dir='ltr'><strong>Operum</strong></span> <span class='ocrx_word' id='word_1_530' title='bbox 1432 4016 1491 4071; x_wconf 94' lang='lat' dir='ltr'><strong>S.</strong></span> <span class='ocrx_word' id='word_1_531' title='bbox 1544 4016 1752 4071; x_wconf 88' lang='lat' dir='ltr'><strong>Paulini</strong></span> <span class='ocrx_word' id='word_1_532' title='bbox 1795 4017 1985 4071; x_wconf 83' lang='lat' dir='ltr'><strong>Nolani</strong></span> <span class='ocrx_word' id='word_1_533' title='bbox 2022 4018 2131 4072; x_wconf 78' lang='lat' dir='ltr'><strong>edi-</strong></span> 
     </span>
    </p>
   </div>
   <div class='ocr_carea' id='block_1_73' title="bbox 531 4105 2125 4175">
    <p class='ocr_par' dir='ltr' id='par_1_73' title="bbox 531 4105 2125 4175">
     <span class='ocr_line' id='line_1_73' title="bbox 531 4105 2125 4175; baseline -0.001 -12"><span class='ocrx_word' id='word_1_534' title='bbox 531 4109 698 4175; x_wconf 91' lang='lat' dir='ltr'><strong>tione,</strong></span> <span class='ocrx_word' id='word_1_535' title='bbox 734 4117 791 4161; x_wconf 93' lang='lat' dir='ltr'><strong>et</strong></span> <span class='ocrx_word' id='word_1_536' title='bbox 819 4105 1203 4162; x_wconf 87' lang='lat' dir='ltr'><strong>Tillemontius</strong></span> <span class='ocrx_word' id='word_1_537' title='bbox 1233 4117 1356 4162; x_wconf 91' lang='lat' dir='ltr'><strong>nota</strong></span> <span class='ocrx_word' id='word_1_538' title='bbox 1383 4108 1420 4160; x_wconf 77' lang='lat'><strong>2</strong></span> <span class='ocrx_word' id='word_1_539' title='bbox 1452 4108 1502 4161; x_wconf 91' lang='lat' dir='ltr'><strong>in</strong></span> <span class='ocrx_word' id='word_1_540' title='bbox 1540 4107 1720 4162; x_wconf 83' lang='lat' dir='ltr'><strong>Vitam</strong></span> <span class='ocrx_word' id='word_1_541' title='bbox 1754 4108 1811 4162; x_wconf 92' lang='lat' dir='ltr'><strong>S.</strong></span> <span class='ocrx_word' id='word_1_542' title='bbox 1855 4108 2125 4163; x_wconf 70' lang='lat' dir='ltr'><strong>Melanitc.</strong></span> 
     </span>
    </p>
   </div>
   <div class='ocr_carea' id='block_1_74' title="bbox 532 4200 2125 4272">
    <p class='ocr_par' dir='ltr' id='par_1_74' title="bbox 532 4200 2125 4272">
     <span class='ocr_line' id='line_1_74' title="bbox 532 4200 2125 4272; baseline -0.001 -15"><span class='ocrx_word' id='word_1_543' title='bbox 532 4201 757 4272; x_wconf 86' lang='lat' dir='ltr'><strong>Pagium</strong></span> <span class='ocrx_word' id='word_1_544' title='bbox 790 4200 1172 4255; x_wconf 87' lang='lat' dir='ltr'><strong>adversantem</strong></span> <span class='ocrx_word' id='word_1_545' title='bbox 1207 4201 1482 4264; x_wconf 89' lang='lat' dir='ltr'><strong>novimus,</strong></span> <span class='ocrx_word' id='word_1_546' title='bbox 1515 4200 1671 4270; x_wconf 89' lang='lat' dir='ltr'><strong>cujus</strong></span> <span class='ocrx_word' id='word_1_547' title='bbox 1703 4201 1974 4256; x_wconf 89' lang='lat' dir='ltr'><strong>sententia</strong></span> <span class='ocrx_word' id='word_1_548' title='bbox 2002 4209 2125 4255; x_wconf 88' lang='lat' dir='ltr'><strong>cst:</strong></span> 
     </span>
    </p>
   </div>
   <div class='ocr_carea' id='block_1_75' title="bbox 533 4290 2126 4357">
    <p class='ocr_par' dir='ltr' id='par_1_75' title="bbox 533 4290 2126 4357">
     <span class='ocr_line' id='line_1_75' title="bbox 533 4290 2126 4357; baseline -0.001 -11"><span class='ocrx_word' id='word_1_549' title='bbox 533 4291 790 4347; x_wconf 83' lang='lat' dir='ltr'><strong>Ruﬁnum</strong></span> <span class='ocrx_word' id='word_1_550' title='bbox 824 4290 983 4345; x_wconf 86' lang='lat' dir='ltr'><strong>simul</strong></span> <span class='ocrx_word' id='word_1_551' title='bbox 1012 4307 1134 4347; x_wconf 90' lang='lat' dir='ltr'><strong>cum</strong></span> <span class='ocrx_word' id='word_1_552' title='bbox 1164 4291 1417 4357; x_wconf 84' lang='lat' dir='ltr'><strong>Melania,</strong></span> <span class='ocrx_word' id='word_1_553' title='bbox 1458 4298 1573 4345; x_wconf 90' lang='lat' dir='ltr'><strong>tum</strong></span> <span class='ocrx_word' id='word_1_554' title='bbox 1606 4292 1709 4346; x_wconf 88' lang='lat' dir='ltr'><strong>iter</strong></span> <span class='ocrx_word' id='word_1_555' title='bbox 1746 4292 1799 4346; x_wconf 88' lang='lat' dir='ltr'><strong>in</strong></span> <span class='ocrx_word' id='word_1_556' title='bbox 1846 4292 2126 4348; x_wconf 88' lang='lat' dir='ltr'><strong>Orientem</strong></span> 
     </span>
    </p>
   </div>
   <div class='ocr_carea' id='block_1_76' title="bbox 529 4383 2130 4454">
    <p class='ocr_par' dir='ltr' id='par_1_76' title="bbox 529 4383 2130 4454">
     <span class='ocr_line' id='line_1_76' title="bbox 529 4383 2130 4454; baseline -0.001 -14"><span class='ocrx_word' id='word_1_557' title='bbox 529 4386 864 4454; x_wconf 85' lang='lat' dir='ltr'><strong>suscepisse.</strong></span> <span class='ocrx_word' id='word_1_558' title='bbox 890 4393 1004 4439; x_wconf 92' lang='lat' dir='ltr'><strong>tum</strong></span> <span class='ocrx_word' id='word_1_559' title='bbox 1034 4385 1088 4438; x_wconf 88' lang='lat' dir='ltr'><strong>in</strong></span> <span class='ocrx_word' id='word_1_560' title='bbox 1115 4385 1325 4439; x_wconf 87' lang='lat' dir='ltr'><strong>Italiam</strong></span> <span class='ocrx_word' id='word_1_561' title='bbox 1350 4383 1697 4453; x_wconf 85' lang='lat' dir='ltr'><strong>remigrassc.</strong></span> <span class='ocrx_word' id='word_1_562' title='bbox 1723 4384 1934 4439; x_wconf 88' lang='lat' dir='ltr'><strong>Prioris</strong></span> <span class='ocrx_word' id='word_1_563' title='bbox 1955 4385 2130 4439; x_wconf 85' lang='lat' dir='ltr'><strong>Chro-</strong></span> 
     </span>
    </p>
   </div>
   <div class='ocr_carea' id='block_1_77' title="bbox 2225 3177 3825 3251">
    <p class='ocr_par' dir='ltr' id='par_1_77' title="bbox 2225 3177 3825 3251">
     <span class='ocr_line' id='line_1_77' title="bbox 2225 3177 3825 3251; baseline 0.001 -19"><span class='ocrx_word' id='word_1_564' title='bbox 2225 3179 2579 3246; x_wconf 86' lang='lat' dir='ltr'><strong>apostolorum</strong></span> <span class='ocrx_word' id='word_1_565' title='bbox 2617 3179 2816 3232; x_wconf 86' lang='lat' dir='ltr'><strong>comitis</strong></span> <span class='ocrx_word' id='word_1_566' title='bbox 2855 3185 2903 3231; x_wconf 87' lang='lat' dir='ltr'><strong>et</strong></span> <span class='ocrx_word' id='word_1_567' title='bbox 2946 3179 3288 3242; x_wconf 83' lang='lat' dir='ltr'><strong>successoris,</strong></span> <span class='ocrx_word' id='word_1_568' title='bbox 3340 3178 3404 3231; x_wconf 92' lang='lat' dir='ltr'><strong>de</strong></span> <span class='ocrx_word' id='word_1_569' title='bbox 3461 3177 3825 3251; x_wconf 83' lang='lat' dir='ltr'><strong>Recognitione</strong></span> 
     </span>
    </p>
   </div>
   <div class='ocr_carea' id='block_1_78' title="bbox 2227 3268 3827 3348">
    <p class='ocr_par' dir='ltr' id='par_1_78' title="bbox 2227 3268 3827 3348">
     <span class='ocr_line' id='line_1_78' title="bbox 2227 3268 3827 3348; baseline 0.002 -26"><span class='ocrx_word' id='word_1_570' title='bbox 2227 3268 2367 3334; x_wconf 90' lang='lat' dir='ltr'><strong>libri,</strong></span> <span class='ocrx_word' id='word_1_571' title='bbox 2399 3279 2454 3322; x_wconf 88' lang='lat' dir='ltr'><strong>ut</strong></span> <span class='ocrx_word' id='word_1_572' title='bbox 2492 3269 2546 3321; x_wconf 92' lang='lat' dir='ltr'><strong>in</strong></span> <span class='ocrx_word' id='word_1_573' title='bbox 2587 3269 2814 3348; x_wconf 79' lang='lat' dir='ltr'><strong>latinum</strong></span> <span class='ocrx_word' id='word_1_574' title='bbox 2848 3277 3224 3324; x_wconf 89' lang='lat' dir='ltr'><strong>vertantur.....</strong></span> <span class='ocrx_word' id='word_1_575' title='bbox 3264 3269 3416 3336; x_wconf 84' lang='lat' dir='ltr'><strong>Quod</strong></span> <span class='ocrx_word' id='word_1_576' title='bbox 3458 3272 3503 3324; x_wconf 89' lang='lat' dir='ltr'><strong>si</strong></span> <span class='ocrx_word' id='word_1_577' title='bbox 3524 3287 3604 3324; x_wconf 87' lang='lat' dir='ltr'><strong>me</strong></span> <span class='ocrx_word' id='word_1_578' title='bbox 3642 3269 3827 3325; x_wconf 88' lang='lat' dir='ltr'><strong>Dami-</strong></span> 
     </span>
    </p>
   </div>
   <div class='ocr_carea' id='block_1_79' title="bbox 2225 3363 3826 3436">
    <p class='ocr_par' dir='ltr' id='par_1_79' title="bbox 2225 3363 3826 3436">
     <span class='ocr_line' id='line_1_79' title="bbox 2225 3363 3826 3436; baseline 0.002 -18"><span class='ocrx_word' id='word_1_579' title='bbox 2225 3381 2322 3418; x_wconf 89' lang='lat' dir='ltr'><strong>nus</strong></span> <span class='ocrx_word' id='word_1_580' title='bbox 2348 3365 2565 3433; x_wconf 87' lang='lat' dir='ltr'><strong>implere</strong></span> <span class='ocrx_word' id='word_1_581' title='bbox 2595 3365 2902 3435; x_wconf 87' lang='lat' dir='ltr'><strong>permiserit,</strong></span> <span class='ocrx_word' id='word_1_582' title='bbox 2949 3363 3231 3418; x_wconf 75' lang='lat' dir='ltr'><strong>redibimus</strong></span> <span class='ocrx_word' id='word_1_583' title='bbox 3259 3364 3324 3418; x_wconf 89' lang='lat' dir='ltr'><strong>ad</strong></span> <span class='ocrx_word' id='word_1_584' title='bbox 3347 3365 3467 3418; x_wconf 89' lang='lat' dir='ltr'><strong>illos</strong></span> <span class='ocrx_word' id='word_1_585' title='bbox 3493 3364 3826 3436; x_wconf 80' lang='lat' dir='ltr'><strong>(Adamantii</strong></span> 
     </span>
    </p>
   </div>
   <div class='ocr_carea' id='block_1_80' title="bbox 2228 3455 3823 3526">
    <p class='ocr_par' dir='ltr' id='par_1_80' title="bbox 2228 3455 3823 3526">
     <span class='ocr_line' id='line_1_80' title="bbox 2228 3455 3823 3526; baseline 0.001 -17"><span class='ocrx_word' id='word_1_586' title='bbox 2228 3455 2396 3509; x_wconf 91' lang='lat' dir='ltr'><strong>libros</strong></span> <span class='ocrx_word' id='word_1_587' title='bbox 2429 3455 2682 3510; x_wconf 86' lang='lat' dir='ltr'><strong>versione</strong></span> <span class='ocrx_word' id='word_1_588' title='bbox 2711 3456 2877 3509; x_wconf 88' lang='lat' dir='ltr'><strong>latina</strong></span> <span class='ocrx_word' id='word_1_589' title='bbox 2907 3455 3229 3526; x_wconf 87' lang='lat' dir='ltr'><strong>vulgandos)</strong></span> <span class='ocrx_word' id='word_1_590' title='bbox 3258 3465 3303 3508; x_wconf 88' lang='lat' dir='ltr'><strong>et</strong></span> <span class='ocrx_word' id='word_1_591' title='bbox 3330 3455 3398 3508; x_wconf 92' lang='lat' dir='ltr'><strong>ad</strong></span> <span class='ocrx_word' id='word_1_592' title='bbox 3432 3467 3521 3510; x_wconf 91' lang='lat' dir='ltr'><strong>tua</strong></span> <span class='ocrx_word' id='word_1_593' title='bbox 3543 3456 3823 3524; x_wconf 85' lang='lat' dir='ltr'><strong>desideria,</strong></span> 
     </span>
    </p>
   </div>
   <div class='ocr_carea' id='block_1_81' title="bbox 2230 3549 3827 3623">
    <p class='ocr_par' dir='ltr' id='par_1_81' title="bbox 2230 3549 3827 3623">
     <span class='ocr_line' id='line_1_81' title="bbox 2230 3549 3827 3623; baseline 0.001 -19"><span class='ocrx_word' id='word_1_594' title='bbox 2230 3561 2282 3604; x_wconf 88' lang='lat' dir='ltr'><strong>ut</strong></span> <span class='ocrx_word' id='word_1_595' title='bbox 2311 3552 2364 3604; x_wconf 89' lang='lat' dir='ltr'><strong>in</strong></span> <span class='ocrx_word' id='word_1_596' title='bbox 2395 3550 2742 3604; x_wconf 86' lang='lat' dir='ltr'><strong>Numerorum</strong></span> <span class='ocrx_word' id='word_1_597' title='bbox 2779 3561 2828 3604; x_wconf 89' lang='lat' dir='ltr'><strong>et</strong></span> <span class='ocrx_word' id='word_1_598' title='bbox 2858 3550 2912 3603; x_wconf 90' lang='lat' dir='ltr'><strong>in</strong></span> <span class='ocrx_word' id='word_1_599' title='bbox 2956 3549 3342 3604; x_wconf 89' lang='lat' dir='ltr'><strong>Deuteronomii</strong></span> <span class='ocrx_word' id='word_1_600' title='bbox 3364 3549 3542 3613; x_wconf 87' lang='lat' dir='ltr'><strong>libros,</strong></span> <span class='ocrx_word' id='word_1_601' title='bbox 3578 3549 3688 3605; x_wconf 89' lang='lat' dir='ltr'><strong>Deo</strong></span> <span class='ocrx_word' id='word_1_602' title='bbox 3708 3568 3827 3623; x_wconf 84' lang='lat' dir='ltr'><strong>per-</strong></span> 
     </span>
    </p>
   </div>
   <div class='ocr_carea' id='block_1_82' title="bbox 2228 3642 3824 3713">
    <p class='ocr_par' dir='ltr' id='par_1_82' title="bbox 2228 3642 3824 3713">
     <span class='ocr_line' id='line_1_82' title="bbox 2228 3642 3824 3713; baseline 0.002 -18"><span class='ocrx_word' id='word_1_603' title='bbox 2228 3644 2479 3707; x_wconf 88' lang='lat' dir='ltr'><strong>mittente,</strong></span> <span class='ocrx_word' id='word_1_604' title='bbox 2518 3643 2694 3713; x_wconf 88' lang='lat' dir='ltr'><strong>aliqua</strong></span> <span class='ocrx_word' id='word_1_605' title='bbox 2734 3643 2986 3696; x_wconf 85' lang='lat' dir='ltr'><strong>dicamus.</strong></span> <span class='ocrx_word' id='word_1_606' title='bbox 3033 3642 3236 3697; x_wconf 88' lang='lat' dir='ltr'><strong>Morem</strong></span> <span class='ocrx_word' id='word_1_607' title='bbox 3284 3643 3452 3713; x_wconf 79' lang='lat' dir='ltr'><strong>gessit</strong></span> <span class='ocrx_word' id='word_1_608' title='bbox 3495 3643 3824 3710; x_wconf 84' lang='lat' dir='ltr'><strong>Gaudentio,</strong></span> 
     </span>
    </p>
   </div>
   <div class='ocr_carea' id='block_1_83' title="bbox 2229 3734 3826 3804">
    <p class='ocr_par' dir='ltr' id='par_1_83' title="bbox 2229 3734 3826 3804">
     <span class='ocr_line' id='line_1_83' title="bbox 2229 3734 3826 3804; baseline 0.003 -16"><span class='ocrx_word' id='word_1_609' title='bbox 2229 3735 2390 3790; x_wconf 90' lang='lat' dir='ltr'><strong>ﬁdem</strong></span> <span class='ocrx_word' id='word_1_610' title='bbox 2423 3751 2575 3789; x_wconf 81' lang='lat' dir='ltr'><strong>suum</strong></span> <span class='ocrx_word' id='word_1_611' title='bbox 2613 3741 2798 3804; x_wconf 89' lang='lat' dir='ltr'><strong>postea</strong></span> <span class='ocrx_word' id='word_1_612' title='bbox 2829 3734 3078 3789; x_wconf 84' lang='lat' dir='ltr'><strong>l-leraelio</strong></span> <span class='ocrx_word' id='word_1_613' title='bbox 3110 3735 3460 3790; x_wconf 89' lang='lat' dir='ltr'><strong>liberaturus.</strong></span> <span class='ocrx_word' id='word_1_614' title='bbox 3491 3734 3582 3790; x_wconf 82' lang='lat' dir='ltr'><strong>Ait</strong></span> <span class='ocrx_word' id='word_1_615' title='bbox 3614 3751 3746 3792; x_wconf 90' lang='lat' dir='ltr'><strong>vero</strong></span> <span class='ocrx_word' id='word_1_616' title='bbox 3772 3737 3826 3793; x_wconf 91' lang='lat' dir='ltr'><strong>in</strong></span> 
     </span>
    </p>
   </div>
   <div class='ocr_carea' id='block_1_84' title="bbox 2230 3826 3824 3899">
    <p class='ocr_par' dir='ltr' id='par_1_84' title="bbox 2230 3826 3824 3899">
     <span class='ocr_line' id='line_1_84' title="bbox 2230 3826 3824 3899; baseline -0.001 -16"><span class='ocrx_word' id='word_1_617' title='bbox 2230 3830 2457 3899; x_wconf 84' lang='lat' dir='ltr'><strong>prologo</strong></span> <span class='ocrx_word' id='word_1_618' title='bbox 2489 3829 2939 3899; x_wconf 80' lang='lat' dir='ltr'><strong>Recoguitionum</strong></span> <span class='ocrx_word' id='word_1_619' title='bbox 2971 3844 2986 3879; x_wconf 88' lang='lat'><strong><em>:</em></strong></span> <span class='ocrx_word' id='word_1_620' title='bbox 3019 3826 3131 3881; x_wconf 87' lang='lat' dir='ltr'><strong>Tibi</strong></span> <span class='ocrx_word' id='word_1_621' title='bbox 3150 3829 3374 3897; x_wconf 85' lang='lat' dir='ltr'><strong>quidem,</strong></span> <span class='ocrx_word' id='word_1_622' title='bbox 3396 3827 3676 3896; x_wconf 80' lang='lat' dir='ltr'><strong>Gaudenti,</strong></span> <span class='ocrx_word' id='word_1_623' title='bbox 3706 3845 3824 3882; x_wconf 85' lang='lat' dir='ltr'><strong>nos-</strong></span> 
     </span>
    </p>
   </div>
   <div class='ocr_carea' id='block_1_85' title="bbox 2229 3922 3825 3995">
    <p class='ocr_par' dir='ltr' id='par_1_85' title="bbox 2229 3922 3825 3995">
     <span class='ocr_line' id='line_1_85' title="bbox 2229 3922 3825 3995; baseline 0.003 -19"><span class='ocrx_word' id='word_1_624' title='bbox 2229 3933 2426 3977; x_wconf 87' lang='lat' dir='ltr'><strong>trorum</strong></span> <span class='ocrx_word' id='word_1_625' title='bbox 2456 3922 2611 3977; x_wconf 89' lang='lat' dir='ltr'><strong>decus</strong></span> <span class='ocrx_word' id='word_1_626' title='bbox 2646 3924 2847 3993; x_wconf 85' lang='lat' dir='ltr'><strong>insigne</strong></span> <span class='ocrx_word' id='word_1_627' title='bbox 2887 3924 3274 3980; x_wconf 88' lang='lat' dir='ltr'><strong>doctorum.....</strong></span> <span class='ocrx_word' id='word_1_628' title='bbox 3328 3941 3479 3992; x_wconf 82' lang='lat' dir='ltr'><strong>opus,</strong></span> <span class='ocrx_word' id='word_1_629' title='bbox 3520 3925 3654 3995; x_wconf 85' lang='lat' dir='ltr'><strong>quod</strong></span> <span class='ocrx_word' id='word_1_630' title='bbox 3699 3925 3825 3980; x_wconf 82' lang='lat' dir='ltr'><strong>olim</strong></span> 
     </span>
    </p>
   </div>
   <div class='ocr_carea' id='block_1_86' title="bbox 2230 4014 3827 4086">
    <p class='ocr_par' dir='ltr' id='par_1_86' title="bbox 2230 4014 3827 4086">
     <span class='ocr_line' id='line_1_86' title="bbox 2230 4014 3827 4086; baseline 0.001 -17"><span class='ocrx_word' id='word_1_631' title='bbox 2230 4017 2534 4069; x_wconf 73' lang='lat' dir='ltr'><strong>veneranda:</strong></span> <span class='ocrx_word' id='word_1_632' title='bbox 2572 4015 2831 4068; x_wconf 81' lang='lat' dir='ltr'><strong>memoria:</strong></span> <span class='ocrx_word' id='word_1_633' title='bbox 2867 4014 3008 4085; x_wconf 88' lang='lat' dir='ltr'><strong>virgo</strong></span> <span class='ocrx_word' id='word_1_634' title='bbox 3059 4015 3224 4069; x_wconf 84' lang='lat' dir='ltr'><strong>Silvia</strong></span> <span class='ocrx_word' id='word_1_635' title='bbox 3267 4016 3583 4086; x_wconf 66' lang='lat' dir='ltr'><strong>injunaterat,</strong></span> <span class='ocrx_word' id='word_1_636' title='bbox 3623 4026 3680 4071; x_wconf 88' lang='lat' dir='ltr'><strong>ut</strong></span> <span class='ocrx_word' id='word_1_637' title='bbox 3720 4015 3827 4072; x_wconf 83' lang='lat' dir='ltr'><strong>Cle-</strong></span> 
     </span>
    </p>
   </div>
   <div class='ocr_carea' id='block_1_87' title="bbox 2231 4106 3826 4182">
    <p class='ocr_par' dir='ltr' id='par_1_87' title="bbox 2231 4106 3826 4182">
     <span class='ocr_line' id='line_1_87' title="bbox 2231 4106 3826 4182; baseline 0.003 -23"><span class='ocrx_word' id='word_1_638' title='bbox 2231 4116 2451 4161; x_wconf 88' lang='lat' dir='ltr'><strong>mentem</strong></span> <span class='ocrx_word' id='word_1_639' title='bbox 2477 4117 2666 4160; x_wconf 77' lang='lat' dir='ltr'><strong>nostra:</strong></span> <span class='ocrx_word' id='word_1_640' title='bbox 2693 4107 2883 4177; x_wconf 77' lang='lat' dir='ltr'><strong>linguw</strong></span> <span class='ocrx_word' id='word_1_641' title='bbox 2909 4106 3262 4173; x_wconf 85' lang='lat' dir='ltr'><strong>redderemus,</strong></span> <span class='ocrx_word' id='word_1_642' title='bbox 3283 4116 3330 4160; x_wconf 92' lang='lat' dir='ltr'><strong>et</strong></span> <span class='ocrx_word' id='word_1_643' title='bbox 3360 4118 3412 4161; x_wconf 88' lang='lat' dir='ltr'><strong>tu</strong></span> <span class='ocrx_word' id='word_1_644' title='bbox 3446 4108 3684 4178; x_wconf 86' lang='lat' dir='ltr'><strong>deinceps</strong></span> <span class='ocrx_word' id='word_1_645' title='bbox 3701 4112 3826 4182; x_wconf 86' lang='lat' dir='ltr'><strong>jure</strong></span> 
     </span>
    </p>
   </div>
   <div class='ocr_carea' id='block_1_88' title="bbox 2229 4200 3826 4273">
    <p class='ocr_par' dir='ltr' id='par_1_88' title="bbox 2229 4200 3826 4273">
     <span class='ocr_line' id='line_1_88' title="bbox 2229 4200 3826 4273; baseline 0.004 -21"><span class='ocrx_word' id='word_1_646' title='bbox 2229 4200 2560 4255; x_wconf 78' lang='lat' dir='ltr'><strong>hcereditario</strong></span> <span class='ocrx_word' id='word_1_647' title='bbox 2589 4201 2850 4268; x_wconf 85' lang='lat' dir='ltr'><strong>poscebas,</strong></span> <span class='ocrx_word' id='word_1_648' title='bbox 2874 4200 2990 4255; x_wconf 87' lang='lat' dir='ltr'><strong>licet</strong></span> <span class='ocrx_word' id='word_1_649' title='bbox 3031 4202 3220 4256; x_wconf 84' lang='lat' dir='ltr'><strong>multas</strong></span> <span class='ocrx_word' id='word_1_650' title='bbox 3243 4212 3358 4273; x_wconf 88' lang='lat' dir='ltr'><strong>post</strong></span> <span class='ocrx_word' id='word_1_651' title='bbox 3397 4219 3587 4267; x_wconf 89' lang='lat' dir='ltr'><strong>moras,</strong></span> <span class='ocrx_word' id='word_1_652' title='bbox 3621 4203 3826 4258; x_wconf 85' lang='lat' dir='ltr'><strong>tandem</strong></span> 
     </span>
    </p>
   </div>
   <div class='ocr_carea' id='block_1_89' title="bbox 2231 4291 3828 4365">
    <p class='ocr_par' dir='ltr' id='par_1_89' title="bbox 2231 4291 3828 4365">
     <span class='ocr_line' id='line_1_89' title="bbox 2231 4291 3828 4365; baseline 0.004 -21"><span class='ocrx_word' id='word_1_653' title='bbox 2231 4291 2514 4360; x_wconf 88' lang='lat' dir='ltr'><strong>aliquando</strong></span> <span class='ocrx_word' id='word_1_654' title='bbox 2551 4293 2893 4347; x_wconf 89' lang='lat' dir='ltr'><strong>restituimus.</strong></span> <span class='ocrx_word' id='word_1_655' title='bbox 2949 4292 3005 4348; x_wconf 86' lang='lat' dir='ltr'><strong>In</strong></span> <span class='ocrx_word' id='word_1_656' title='bbox 3062 4296 3227 4349; x_wconf 88' lang='lat' dir='ltr'><strong>citata</strong></span> <span class='ocrx_word' id='word_1_657' title='bbox 3299 4297 3655 4362; x_wconf 85' lang='lat' dir='ltr'><strong>peroratione</strong></span> <span class='ocrx_word' id='word_1_658' title='bbox 3703 4303 3828 4365; x_wconf 89' lang='lat' dir='ltr'><strong>post</strong></span> 
     </span>
    </p>
   </div>
   <div class='ocr_carea' id='block_1_90' title="bbox 2231 4387 3825 4460">
    <p class='ocr_par' dir='ltr' id='par_1_90' title="bbox 2231 4387 3825 4460">
     <span class='ocr_line' id='line_1_90' title="bbox 2231 4387 3825 4460; baseline 0.004 -21"><span class='ocrx_word' id='word_1_659' title='bbox 2231 4388 2655 4441; x_wconf 89' lang='lat' dir='ltr'><strong>commentarios</strong></span> <span class='ocrx_word' id='word_1_660' title='bbox 2701 4387 2753 4440; x_wconf 88' lang='lat' dir='ltr'><strong>in</strong></span> <span class='ocrx_word' id='word_1_661' title='bbox 2795 4387 3084 4456; x_wconf 86' lang='lat' dir='ltr'><strong>epistolam</strong></span> <span class='ocrx_word' id='word_1_662' title='bbox 3117 4388 3184 4443; x_wconf 89' lang='lat' dir='ltr'><strong>ad</strong></span> <span class='ocrx_word' id='word_1_663' title='bbox 3231 4388 3527 4455; x_wconf 83' lang='lat' dir='ltr'><strong>Romanos,</strong></span> <span class='ocrx_word' id='word_1_664' title='bbox 3573 4391 3825 4460; x_wconf 88' lang='lat' dir='ltr'><strong>Origenis</strong></span> 
     </span>
    </p>
   </div>
   <div class='ocr_carea' id='block_1_91' title="bbox 527 4475 3825 4553">
    <p class='ocr_par' dir='ltr' id='par_1_91' title="bbox 527 4475 3825 4553">
     <span class='ocr_line' id='line_1_91' title="bbox 527 4475 3825 4553; baseline 0.001 -20"><span class='ocrx_word' id='word_1_665' title='bbox 527 4477 847 4549; x_wconf 72' lang='lat' dir='ltr'><strong>nograpbia:</strong></span> <span class='ocrx_word' id='word_1_666' title='bbox 871 4478 1098 4532; x_wconf 89' lang='lat' dir='ltr'><strong>calculis</strong></span> <span class='ocrx_word' id='word_1_667' title='bbox 1125 4479 1545 4547; x_wconf 80' lang='lat' dir='ltr'><strong>acquiescimus,</strong></span> <span class='ocrx_word' id='word_1_668' title='bbox 1567 4492 1703 4548; x_wconf 84' lang='lat' dir='ltr'><strong>quos</strong></span> <span class='ocrx_word' id='word_1_669' title='bbox 1718 4479 1932 4548; x_wconf 81' lang='lat' dir='ltr'><strong>egregie</strong></span> <span class='ocrx_word' id='word_1_670' title='bbox 1955 4479 2126 4548; x_wconf 87' lang='lat' dir='ltr'><strong>pluri-</strong></span> <span class='ocrx_word' id='word_1_671' title='bbox 2151 4475 2205 4536; x_wconf 91' lang='lat' dir='ltr'><strong>D</strong></span> <span class='ocrx_word' id='word_1_672' title='bbox 2233 4477 2508 4533; x_wconf 88' lang='lat' dir='ltr'><strong>volumina</strong></span> <span class='ocrx_word' id='word_1_673' title='bbox 2537 4489 2809 4544; x_wconf 90' lang='lat' dir='ltr'><strong>recenset,</strong></span> <span class='ocrx_word' id='word_1_674' title='bbox 2841 4496 2962 4550; x_wconf 66' lang='lat' dir='ltr'><strong>quae</strong></span> <span class='ocrx_word' id='word_1_675' title='bbox 2992 4481 3161 4537; x_wconf 90' lang='lat' dir='ltr'><strong>latino</strong></span> <span class='ocrx_word' id='word_1_676' title='bbox 3200 4495 3454 4536; x_wconf 84' lang='lat' dir='ltr'><strong>sermone</strong></span> <span class='ocrx_word' id='word_1_677' title='bbox 3500 4482 3825 4553; x_wconf 80' lang='lat' dir='ltr'><strong>interpreta-</strong></span> 
     </span>
    </p>
   </div>
   <div class='ocr_carea' id='block_1_92' title="bbox 527 4571 2129 4640">
    <p class='ocr_par' dir='ltr' id='par_1_92' title="bbox 527 4571 2129 4640">
     <span class='ocr_line' id='line_1_92' title="bbox 527 4571 2129 4640; baseline 0.001 -15"><span class='ocrx_word' id='word_1_678' title='bbox 527 4571 632 4626; x_wconf 90' lang='lat' dir='ltr'><strong>bus</strong></span> <span class='ocrx_word' id='word_1_679' title='bbox 659 4574 1001 4640; x_wconf 83' lang='lat' dir='ltr'><strong>argumentis</strong></span> <span class='ocrx_word' id='word_1_680' title='bbox 1034 4571 1317 4626; x_wconf 89' lang='lat' dir='ltr'><strong>vindicant</strong></span> <span class='ocrx_word' id='word_1_681' title='bbox 1337 4586 1400 4626; x_wconf 88' lang='lat' dir='ltr'><strong>ac</strong></span> <span class='ocrx_word' id='word_1_682' title='bbox 1424 4586 1675 4626; x_wconf 82' lang='lat' dir='ltr'><strong>asserunt</strong></span> <span class='ocrx_word' id='word_1_683' title='bbox 1699 4572 1890 4626; x_wconf 87' lang='lat' dir='ltr'><strong>Petrus</strong></span> <span class='ocrx_word' id='word_1_684' title='bbox 1921 4582 1977 4626; x_wconf 90' lang='lat' dir='ltr'><strong>et</strong></span> <span class='ocrx_word' id='word_1_685' title='bbox 2005 4571 2129 4626; x_wconf 89' lang='lat' dir='ltr'><strong>Hic-</strong></span> 
     </span>
    </p>
   </div>
   <div class='ocr_carea' id='block_1_93' title="bbox 529 4663 2133 4737">
    <p class='ocr_par' dir='ltr' id='par_1_93' title="bbox 529 4663 2133 4737">
     <span class='ocr_line' id='line_1_93' title="bbox 529 4663 2133 4737; baseline -0.002 -15"><span class='ocrx_word' id='word_1_686' title='bbox 529 4681 794 4737; x_wconf 90' lang='lat' dir='ltr'><strong>ronymus</strong></span> <span class='ocrx_word' id='word_1_687' title='bbox 839 4665 1062 4720; x_wconf 90' lang='lat' dir='ltr'><strong>Fratres</strong></span> <span class='ocrx_word' id='word_1_688' title='bbox 1093 4665 1352 4719; x_wconf 89' lang='lat' dir='ltr'><strong>Ballerini</strong></span> <span class='ocrx_word' id='word_1_689' title='bbox 1376 4706 1390 4729; x_wconf 94' lang='lat'><strong>,</strong></span> <span class='ocrx_word' id='word_1_690' title='bbox 1429 4664 1734 4735; x_wconf 88' lang='lat' dir='ltr'><strong>presbyteri</strong></span> <span class='ocrx_word' id='word_1_691' title='bbox 1772 4665 1927 4736; x_wconf 80' lang='lat'><strong>155</strong></span> <span class='ocrx_word' id='word_1_692' title='bbox 1958 4663 2133 4718; x_wconf 86' lang='lat' dir='ltr'><strong>Vero-</strong></span> 
     </span>
    </p>
   </div>
   <div class='ocr_carea' id='block_1_94' title="bbox 530 4755 2130 4826">
    <p class='ocr_par' dir='ltr' id='par_1_94' title="bbox 530 4755 2130 4826">
     <span class='ocr_line' id='line_1_94' title="bbox 530 4755 2130 4826; baseline -0.002 -13"><span class='ocrx_word' id='word_1_693' title='bbox 530 4773 734 4813; x_wconf 89' lang='lat' dir='ltr'><strong>nenses</strong></span> <span class='ocrx_word' id='word_1_694' title='bbox 765 4757 908 4813; x_wconf 90' lang='lat' dir='ltr'><strong>libro</strong></span> <span class='ocrx_word' id='word_1_695' title='bbox 940 4773 957 4811; x_wconf 87' lang='lat'>1</span> <span class='ocrx_word' id='word_1_696' title='bbox 984 4757 1444 4812; x_wconf 81' lang='lat' dir='ltr'><strong>Observationum</strong></span> <span class='ocrx_word' id='word_1_697' title='bbox 1486 4759 1538 4811; x_wconf 94' lang='lat' dir='ltr'><strong>in</strong></span> <span class='ocrx_word' id='word_1_698' title='bbox 1576 4773 1740 4826; x_wconf 85' lang='lat' dir='ltr'><strong>opera</strong></span> <span class='ocrx_word' id='word_1_699' title='bbox 1770 4756 1989 4811; x_wconf 82' lang='lat' dir='ltr'><strong>Henrici</strong></span> <span class='ocrx_word' id='word_1_700' title='bbox 2018 4755 2130 4810; x_wconf 86' lang='lat' dir='ltr'><strong>No-</strong></span> 
     </span>
    </p>
   </div>
   <div class='ocr_carea' id='block_1_95' title="bbox 531 4847 2131 4920">
    <p class='ocr_par' dir='ltr' id='par_1_95' title="bbox 531 4847 2131 4920">
     <span class='ocr_line' id='line_1_95' title="bbox 531 4847 2131 4920; baseline -0.001 -16"><span class='ocrx_word' id='word_1_701' title='bbox 531 4850 648 4904; x_wconf 89' lang='lat' dir='ltr'><strong>risii</strong></span> <span class='ocrx_word' id='word_1_702' title='bbox 678 4851 855 4915; x_wconf 88' lang='lat' dir='ltr'><strong>capite</strong></span> <span class='ocrx_word' id='word_1_703' title='bbox 882 4849 939 4916; x_wconf 68' lang='lat'><strong>2,</strong></span> <span class='ocrx_word' id='word_1_704' title='bbox 975 4865 1125 4905; x_wconf 90' lang='lat' dir='ltr'><strong>num.</strong></span> <span class='ocrx_word' id='word_1_705' title='bbox 1151 4849 1204 4904; x_wconf 83' lang='lat'><strong>5.</strong></span> <span class='ocrx_word' id='word_1_706' title='bbox 1232 4849 1368 4905; x_wconf 89' lang='lat' dir='ltr'><strong>l-linc</strong></span> <span class='ocrx_word' id='word_1_707' title='bbox 1397 4849 1659 4904; x_wconf 87' lang='lat' dir='ltr'><strong>Paulinus</strong></span> <span class='ocrx_word' id='word_1_708' title='bbox 1689 4850 1952 4920; x_wconf 62' lang='lat' dir='ltr'><strong>praedicto</strong></span> <span class='ocrx_word' id='word_1_709' title='bbox 1980 4847 2131 4902; x_wconf 83' lang='lat' dir='ltr'><strong>Ruﬁ-</strong></span> 
     </span>
    </p>
   </div>
   <div class='ocr_carea' id='block_1_96' title="bbox 532 4937 2130 5010">
    <p class='ocr_par' dir='ltr' id='par_1_96' title="bbox 532 4937 2130 5010">
     <span class='ocr_line' id='line_1_96' title="bbox 532 4937 2130 5010; baseline -0.002 -15"><span class='ocrx_word' id='word_1_710' title='bbox 532 4957 662 4996; x_wconf 89' lang='lat' dir='ltr'><strong>num</strong></span> <span class='ocrx_word' id='word_1_711' title='bbox 707 4948 941 4994; x_wconf 76' lang='lat' dir='ltr'><strong>exornat</strong></span> <span class='ocrx_word' id='word_1_712' title='bbox 983 4941 1165 5010; x_wconf 87' lang='lat' dir='ltr'><strong>elogio</strong></span> <span class='ocrx_word' id='word_1_713' title='bbox 1206 4951 1327 5010; x_wconf 88' lang='lat' dir='ltr'><strong>post</strong></span> <span class='ocrx_word' id='word_1_714' title='bbox 1370 4955 1596 5010; x_wconf 86' lang='lat' dir='ltr'><strong>magnos</strong></span> <span class='ocrx_word' id='word_1_715' title='bbox 1635 4942 1685 4993; x_wconf 91' lang='lat' dir='ltr'><strong>in</strong></span> <span class='ocrx_word' id='word_1_716' title='bbox 1731 4941 1904 5008; x_wconf 87' lang='lat' dir='ltr'><strong>ipsmu</strong></span> <span class='ocrx_word' id='word_1_717' title='bbox 1943 4937 2130 4992; x_wconf 67' lang='lat' dir='ltr'><strong>Roma:</strong></span> 
     </span>
    </p>
   </div>
   <div class='ocr_carea' id='block_1_97' title="bbox 531 5031 2126 5101">
    <p class='ocr_par' dir='ltr' id='par_1_97' title="bbox 531 5031 2126 5101">
     <span class='ocr_line' id='line_1_97' title="bbox 531 5031 2126 5101; baseline -0.001 -15"><span class='ocrx_word' id='word_1_718' title='bbox 531 5031 796 5086; x_wconf 91' lang='lat' dir='ltr'><strong>tumultus</strong></span> <span class='ocrx_word' id='word_1_719' title='bbox 825 5031 1150 5085; x_wconf 88' lang='lat' dir='ltr'><strong>concitatos.</strong></span> <span class='ocrx_word' id='word_1_720' title='bbox 1179 5031 1410 5086; x_wconf 82' lang='lat' dir='ltr'><strong>Accedit</strong></span> <span class='ocrx_word' id='word_1_721' title='bbox 1449 5031 1794 5086; x_wconf 85' lang='lat' dir='ltr'><strong>conﬁrmatio</strong></span> <span class='ocrx_word' id='word_1_722' title='bbox 1819 5045 1884 5085; x_wconf 87' lang='lat' dir='ltr'><strong>ex</strong></span> <span class='ocrx_word' id='word_1_723' title='bbox 1916 5031 2126 5101; x_wconf 86' lang='lat' dir='ltr'><strong>epocha</strong></span> 
     </span>
    </p>
   </div>
   <div class='ocr_carea' id='block_1_98' title="bbox 527 5123 2126 5194">
    <p class='ocr_par' dir='ltr' id='par_1_98' title="bbox 527 5123 2126 5194">
     <span class='ocr_line' id='line_1_98' title="bbox 527 5123 2126 5194; baseline -0.001 -14"><span class='ocrx_word' id='word_1_724' title='bbox 527 5125 851 5194; x_wconf 71' lang='lat' dir='ltr'><strong>conscripta:</strong></span> <span class='ocrx_word' id='word_1_725' title='bbox 879 5141 910 5180; x_wconf 88' lang='lat' dir='ltr'><strong>a</strong></span> <span class='ocrx_word' id='word_1_726' title='bbox 944 5125 1184 5194; x_wconf 81' lang='lat' dir='ltr'><strong>Sulpicio</strong></span> <span class='ocrx_word' id='word_1_727' title='bbox 1212 5124 1421 5180; x_wconf 90' lang='lat' dir='ltr'><strong>Severo</strong></span> <span class='ocrx_word' id='word_1_728' title='bbox 1453 5125 1709 5179; x_wconf 63' lang='lat' dir='ltr'><strong>Historiae</strong></span> <span class='ocrx_word' id='word_1_729' title='bbox 1733 5123 1936 5189; x_wconf 82' lang='lat' dir='ltr'><strong>Sacrae,</strong></span> <span class='ocrx_word' id='word_1_730' title='bbox 1963 5139 2126 5193; x_wconf 91' lang='lat' dir='ltr'><strong>quam</strong></span> 
     </span>
    </p>
   </div>
   <div class='ocr_carea' id='block_1_99' title="bbox 526 5216 2122 5288">
    <p class='ocr_par' dir='ltr' id='par_1_99' title="bbox 526 5216 2122 5288">
     <span class='ocr_line' id='line_1_99' title="bbox 526 5216 2122 5288; baseline -0.002 -16"><span class='ocrx_word' id='word_1_731' title='bbox 526 5217 728 5273; x_wconf 87' lang='lat' dir='ltr'><strong>ducere</strong></span> <span class='ocrx_word' id='word_1_732' title='bbox 757 5217 939 5271; x_wconf 85' lang='lat' dir='ltr'><strong>animo</strong></span> <span class='ocrx_word' id='word_1_733' title='bbox 977 5228 1303 5288; x_wconf 84' lang='lat' dir='ltr'><strong>conceperat</strong></span> <span class='ocrx_word' id='word_1_734' title='bbox 1333 5234 1493 5287; x_wconf 85' lang='lat' dir='ltr'><strong>usque</strong></span> <span class='ocrx_word' id='word_1_735' title='bbox 1524 5217 1576 5270; x_wconf 91' lang='lat' dir='ltr'><strong>in</strong></span> <span class='ocrx_word' id='word_1_736' title='bbox 1608 5216 1907 5270; x_wconf 83' lang='lat' dir='ltr'><strong>Sliltconem</strong></span> <span class='ocrx_word' id='word_1_737' title='bbox 1935 5232 2122 5269; x_wconf 89' lang='lat' dir='ltr'><strong>consu-</strong></span> 
     </span>
    </p>
   </div>
   <div class='ocr_carea' id='block_1_100' title="bbox 522 5307 2124 5376">
    <p class='ocr_par' dir='ltr' id='par_1_100' title="bbox 522 5307 2124 5376">
     <span class='ocr_line' id='line_1_100' title="bbox 522 5307 2124 5376; baseline -0.001 -12"><span class='ocrx_word' id='word_1_738' title='bbox 522 5309 645 5376; x_wconf 88' lang='lat' dir='ltr'><strong>lem,</strong></span> <span class='ocrx_word' id='word_1_739' title='bbox 673 5319 731 5366; x_wconf 95' lang='lat' dir='ltr'><strong>ut</strong></span> <span class='ocrx_word' id='word_1_740' title='bbox 751 5312 828 5364; x_wconf 87' lang='lat' dir='ltr'><strong>ait</strong></span> <span class='ocrx_word' id='word_1_741' title='bbox 853 5309 991 5366; x_wconf 90' lang='lat' dir='ltr'><strong>libro</strong></span> <span class='ocrx_word' id='word_1_742' title='bbox 1019 5311 1282 5374; x_wconf 85' lang='lat' dir='ltr'><strong>secundo,</strong></span> <span class='ocrx_word' id='word_1_743' title='bbox 1310 5324 1509 5364; x_wconf 87' lang='lat' dir='ltr'><strong>annum</strong></span> <span class='ocrx_word' id='word_1_744' title='bbox 1534 5311 1747 5364; x_wconf 89' lang='lat' dir='ltr'><strong>scilicet</strong></span> <span class='ocrx_word' id='word_1_745' title='bbox 1769 5307 1969 5364; x_wconf 87' lang='lat' dir='ltr'><strong>Christi</strong></span> <span class='ocrx_word' id='word_1_746' title='bbox 1996 5308 2124 5364; x_wconf 77' lang='grc'><strong>400.</strong></span> 
     </span>
    </p>
   </div>
   <div class='ocr_carea' id='block_1_101' title="bbox 523 5402 2120 5472">
    <p class='ocr_par' dir='ltr' id='par_1_101' title="bbox 523 5402 2120 5472">
     <span class='ocr_line' id='line_1_101' title="bbox 523 5402 2120 5472; baseline 0 -16"><span class='ocrx_word' id='word_1_747' title='bbox 523 5402 638 5458; x_wconf 87' lang='lat' dir='ltr'><strong>Hoc</strong></span> <span class='ocrx_word' id='word_1_748' title='bbox 667 5403 828 5472; x_wconf 86' lang='lat' dir='ltr'><strong>igitur</strong></span> <span class='ocrx_word' id='word_1_749' title='bbox 858 5417 1002 5458; x_wconf 88' lang='lat' dir='ltr'><strong>anno</strong></span> <span class='ocrx_word' id='word_1_750' title='bbox 1035 5404 1322 5458; x_wconf 87' lang='lat' dir='ltr'><strong>historiam</strong></span> <span class='ocrx_word' id='word_1_751' title='bbox 1350 5419 1503 5457; x_wconf 91' lang='lat' dir='ltr'><strong>suam</strong></span> <span class='ocrx_word' id='word_1_752' title='bbox 1529 5403 1832 5456; x_wconf 88' lang='lat' dir='ltr'><strong>adornabat</strong></span> <span class='ocrx_word' id='word_1_753' title='bbox 1861 5402 2120 5468; x_wconf 89' lang='lat' dir='ltr'><strong>Severus,</strong></span> 
     </span>
    </p>
   </div>
   <div class='ocr_carea' id='block_1_102' title="bbox 523 5496 2126 5570">
    <p class='ocr_par' dir='ltr' id='par_1_102' title="bbox 523 5496 2126 5570">
     <span class='ocr_line' id='line_1_102' title="bbox 523 5496 2126 5570; baseline -0.003 -15"><span class='ocrx_word' id='word_1_754' title='bbox 523 5514 752 5570; x_wconf 87' lang='lat' dir='ltr'><strong>eamque</strong></span> <span class='ocrx_word' id='word_1_755' title='bbox 778 5516 885 5554; x_wconf 86' lang='lat' dir='ltr'><strong>uno</strong></span> <span class='ocrx_word' id='word_1_756' title='bbox 920 5499 1007 5554; x_wconf 91' lang='lat' dir='ltr'><strong>vel</strong></span> <span class='ocrx_word' id='word_1_757' title='bbox 1045 5499 1219 5553; x_wconf 88' lang='lat' dir='ltr'><strong>altero</strong></span> <span class='ocrx_word' id='word_1_758' title='bbox 1263 5506 1382 5564; x_wconf 91' lang='lat' dir='ltr'><strong>post</strong></span> <span class='ocrx_word' id='word_1_759' title='bbox 1419 5513 1563 5552; x_wconf 89' lang='lat' dir='ltr'><strong>anno</strong></span> <span class='ocrx_word' id='word_1_760' title='bbox 1595 5498 1870 5552; x_wconf 88' lang='lat' dir='ltr'><strong>absolvit:</strong></span> <span class='ocrx_word' id='word_1_761' title='bbox 1902 5496 2126 5551; x_wconf 88' lang='lat' dir='ltr'><strong>eodem-</strong></span> 
     </span>
    </p>
   </div>
   <div class='ocr_carea' id='block_1_103' title="bbox 520 5589 2125 5662">
    <p class='ocr_par' dir='ltr' id='par_1_103' title="bbox 520 5589 2125 5662">
     <span class='ocr_line' id='line_1_103' title="bbox 520 5589 2125 5662; baseline -0.001 -17"><span class='ocrx_word' id='word_1_762' title='bbox 520 5608 628 5662; x_wconf 91' lang='lat' dir='ltr'><strong>que</strong></span> <span class='ocrx_word' id='word_1_763' title='bbox 652 5594 875 5647; x_wconf 90' lang='lat' dir='ltr'><strong>circiter</strong></span> <span class='ocrx_word' id='word_1_764' title='bbox 907 5601 1155 5658; x_wconf 88' lang='lat' dir='ltr'><strong>tempore</strong></span> <span class='ocrx_word' id='word_1_765' title='bbox 1181 5589 1570 5647; x_wconf 87' lang='lat' dir='ltr'><strong>difﬁcultatum</strong></span> <span class='ocrx_word' id='word_1_766' title='bbox 1591 5631 1608 5658; x_wconf 93' lang='lat'><strong>,</strong></span> <span class='ocrx_word' id='word_1_767' title='bbox 1641 5606 1777 5661; x_wconf 86' lang='lat' dir='ltr'><strong>quas</strong></span> <span class='ocrx_word' id='word_1_768' title='bbox 1810 5589 2125 5644; x_wconf 63' lang='lat' dir='ltr'><strong>offendebat</strong></span> 
     </span>
    </p>
   </div>
   <div class='ocr_carea' id='block_1_104' title="bbox 517 5681 2121 5754">
    <p class='ocr_par' dir='ltr' id='par_1_104' title="bbox 517 5681 2121 5754">
     <span class='ocr_line' id='line_1_104' title="bbox 517 5681 2121 5754; baseline 0 -14"><span class='ocrx_word' id='word_1_769' title='bbox 517 5683 779 5751; x_wconf 85' lang='lat' dir='ltr'><strong>Severus,</strong></span> <span class='ocrx_word' id='word_1_770' title='bbox 797 5685 1281 5741; x_wconf 88' lang='lat' dir='ltr'><strong>commonitorium</strong></span> <span class='ocrx_word' id='word_1_771' title='bbox 1302 5693 1588 5754; x_wconf 89' lang='lat' dir='ltr'><strong>acceptum</strong></span> <span class='ocrx_word' id='word_1_772' title='bbox 1609 5685 1758 5740; x_wconf 88' lang='lat' dir='ltr'><strong>misit</strong></span> <span class='ocrx_word' id='word_1_773' title='bbox 1777 5683 1843 5739; x_wconf 90' lang='lat' dir='ltr'><strong>ad</strong></span> <span class='ocrx_word' id='word_1_774' title='bbox 1866 5681 2121 5740; x_wconf 76' lang='lat' dir='ltr'><strong>Ruﬁnum</strong></span> 
     </span>
    </p>
   </div>
   <div class='ocr_carea' id='block_1_105' title="bbox 2230 4567 3826 4637">
    <p class='ocr_par' dir='ltr' id='par_1_105' title="bbox 2230 4567 3826 4637">
     <span class='ocr_line' id='line_1_105' title="bbox 2230 4567 3826 4637; baseline 0.004 -16"><span class='ocrx_word' id='word_1_775' title='bbox 2230 4576 2314 4622; x_wconf 92' lang='lat' dir='ltr'><strong>tus</strong></span> <span class='ocrx_word' id='word_1_776' title='bbox 2338 4568 2452 4637; x_wconf 89' lang='lat' dir='ltr'><strong>jam</strong></span> <span class='ocrx_word' id='word_1_777' title='bbox 2483 4567 2697 4623; x_wconf 88' lang='lat' dir='ltr'><strong>fuerat:</strong></span> <span class='ocrx_word' id='word_1_778' title='bbox 2742 4569 3001 4625; x_wconf 83' lang='lat' dir='ltr'><strong>Homilias</strong></span> <span class='ocrx_word' id='word_1_779' title='bbox 3027 4574 3131 4625; x_wconf 88' lang='lat' dir='ltr'><strong>sive</strong></span> <span class='ocrx_word' id='word_1_780' title='bbox 3160 4571 3528 4626; x_wconf 85' lang='lat' dir='ltr'><strong>Oratiunculas</strong></span> <span class='ocrx_word' id='word_1_781' title='bbox 3563 4573 3617 4626; x_wconf 87' lang='lat' dir='ltr'><strong>in</strong></span> <span class='ocrx_word' id='word_1_782' title='bbox 3655 4572 3826 4628; x_wconf 80' lang='lat' dir='ltr'><strong>Gene-</strong></span> 
     </span>
    </p>
   </div>
   <div class='ocr_carea' id='block_1_106' title="bbox 2227 4660 3826 4726">
    <p class='ocr_par' dir='ltr' id='par_1_106' title="bbox 2227 4660 3826 4726">
     <span class='ocr_line' id='line_1_106' title="bbox 2227 4660 3826 4726; baseline 0.005 -15"><span class='ocrx_word' id='word_1_783' title='bbox 2227 4661 2344 4726; x_wconf 90' lang='lat' dir='ltr'><strong>sim,</strong></span> <span class='ocrx_word' id='word_1_784' title='bbox 2376 4669 2421 4712; x_wconf 87' lang='lat' dir='ltr'><strong>el</strong></span> <span class='ocrx_word' id='word_1_785' title='bbox 2463 4661 2516 4712; x_wconf 89' lang='lat' dir='ltr'><strong>in</strong></span> <span class='ocrx_word' id='word_1_786' title='bbox 2569 4660 2928 4716; x_wconf 72' lang='lat' dir='ltr'><strong>Exodum.....</strong></span> <span class='ocrx_word' id='word_1_787' title='bbox 2965 4675 3009 4716; x_wconf 89' lang='lat' dir='ltr'><strong>et</strong></span> <span class='ocrx_word' id='word_1_788' title='bbox 3044 4665 3097 4717; x_wconf 90' lang='lat' dir='ltr'><strong>in</strong></span> <span class='ocrx_word' id='word_1_789' title='bbox 3129 4663 3319 4717; x_wconf 89' lang='lat' dir='ltr'><strong>librum</strong></span> <span class='ocrx_word' id='word_1_790' title='bbox 3361 4663 3666 4719; x_wconf 88' lang='lat' dir='ltr'><strong>Levitici....</strong></span> <span class='ocrx_word' id='word_1_791' title='bbox 3698 4665 3826 4719; x_wconf 87' lang='lat' dir='ltr'><strong>etin</strong></span> 
     </span>
    </p>
   </div>
   <div class='ocr_carea' id='block_1_107' title="bbox 2226 4749 3825 4830">
    <p class='ocr_par' dir='ltr' id='par_1_107' title="bbox 2226 4749 3825 4830">
     <span class='ocr_line' id='line_1_107' title="bbox 2226 4749 3825 4830; baseline 0.004 -26"><span class='ocrx_word' id='word_1_792' title='bbox 2226 4749 2408 4805; x_wconf 82' lang='lat' dir='ltr'><strong>Jesum</strong></span> <span class='ocrx_word' id='word_1_793' title='bbox 2436 4751 2604 4818; x_wconf 86' lang='lat' dir='ltr'><strong>Nave,</strong></span> <span class='ocrx_word' id='word_1_794' title='bbox 2635 4764 2684 4806; x_wconf 89' lang='lat' dir='ltr'><strong>et</strong></span> <span class='ocrx_word' id='word_1_795' title='bbox 2731 4755 2786 4807; x_wconf 90' lang='lat' dir='ltr'><strong>in</strong></span> <span class='ocrx_word' id='word_1_796' title='bbox 2829 4754 3081 4809; x_wconf 72' lang='lat' dir='ltr'><strong>Iudicum</strong></span> <span class='ocrx_word' id='word_1_797' title='bbox 3119 4755 3323 4821; x_wconf 88' lang='lat' dir='ltr'><strong>libram,</strong></span> <span class='ocrx_word' id='word_1_798' title='bbox 3347 4767 3390 4809; x_wconf 85' lang='lat' dir='ltr'><strong>et</strong></span> <span class='ocrx_word' id='word_1_799' title='bbox 3421 4756 3474 4810; x_wconf 90' lang='lat' dir='ltr'><strong>in</strong></span> <span class='ocrx_word' id='word_1_800' title='bbox 3505 4757 3825 4830; x_wconf 86' lang='lat' dir='ltr'><strong>trigesimum</strong></span> 
     </span>
    </p>
   </div>
   <div class='ocr_carea' id='block_1_108' title="bbox 2227 4848 3826 4922">
    <p class='ocr_par' dir='ltr' id='par_1_108' title="bbox 2227 4848 3826 4922">
     <span class='ocr_line' id='line_1_108' title="bbox 2227 4848 3826 4922; baseline 0.004 -23"><span class='ocrx_word' id='word_1_801' title='bbox 2227 4857 2448 4912; x_wconf 72' lang='lat' dir='ltr'><strong>sextum,</strong></span> <span class='ocrx_word' id='word_1_802' title='bbox 2473 4857 2517 4900; x_wconf 89' lang='lat' dir='ltr'><strong>et</strong></span> <span class='ocrx_word' id='word_1_803' title='bbox 2545 4848 2598 4900; x_wconf 88' lang='lat' dir='ltr'><strong>in</strong></span> <span class='ocrx_word' id='word_1_804' title='bbox 2620 4850 2941 4921; x_wconf 88' lang='lat' dir='ltr'><strong>trigesimum</strong></span> <span class='ocrx_word' id='word_1_805' title='bbox 2961 4852 3258 4916; x_wconf 75' lang='lat' dir='ltr'><strong>septimum,</strong></span> <span class='ocrx_word' id='word_1_806' title='bbox 3284 4864 3328 4905; x_wconf 89' lang='lat' dir='ltr'><strong>et</strong></span> <span class='ocrx_word' id='word_1_807' title='bbox 3351 4852 3670 4922; x_wconf 84' lang='lat' dir='ltr'><strong>trigesimum</strong></span> <span class='ocrx_word' id='word_1_808' title='bbox 3686 4863 3826 4907; x_wconf 83' lang='lat' dir='ltr'><strong>octa-</strong></span> 
     </span>
    </p>
   </div>
   <div class='ocr_carea' id='block_1_109' title="bbox 2228 4942 3826 5012">
    <p class='ocr_par' dir='ltr' id='par_1_109' title="bbox 2228 4942 3826 5012">
     <span class='ocr_line' id='line_1_109' title="bbox 2228 4942 3826 5012; baseline 0.007 -22"><span class='ocrx_word' id='word_1_809' title='bbox 2228 4955 2343 4991; x_wconf 89' lang='lat' dir='ltr'><strong>vum</strong></span> <span class='ocrx_word' id='word_1_810' title='bbox 2372 4942 2651 5010; x_wconf 88' lang='lat' dir='ltr'><strong>psalmum.</strong></span> <span class='ocrx_word' id='word_1_811' title='bbox 2699 4942 2816 4995; x_wconf 81' lang='lat' dir='ltr'><strong>Alia</strong></span> <span class='ocrx_word' id='word_1_812' title='bbox 2844 4942 2967 5012; x_wconf 84' lang='lat' dir='ltr'><strong>ejus</strong></span> <span class='ocrx_word' id='word_1_813' title='bbox 3007 4958 3174 5012; x_wconf 86' lang='lat' dir='ltr'><strong>opera</strong></span> <span class='ocrx_word' id='word_1_814' title='bbox 3213 4942 3442 4998; x_wconf 82' lang='lat' dir='ltr'><strong>Paulino</strong></span> <span class='ocrx_word' id='word_1_815' title='bbox 3471 4943 3704 5010; x_wconf 79' lang='lat' dir='ltr'><strong>Nolano,</strong></span> <span class='ocrx_word' id='word_1_816' title='bbox 3733 4944 3826 5001; x_wconf 75' lang='lat' dir='ltr'><strong>Ur~</strong></span> 
     </span>
    </p>
   </div>
   <div class='ocr_carea' id='block_1_110' title="bbox 2227 5032 3825 5110">
    <p class='ocr_par' dir='ltr' id='par_1_110' title="bbox 2227 5032 3825 5110">
     <span class='ocr_line' id='line_1_110' title="bbox 2227 5032 3825 5110; baseline 0.007 -25"><span class='ocrx_word' id='word_1_817' title='bbox 2227 5032 2342 5086; x_wconf 90' lang='lat' dir='ltr'><strong>seio</strong></span> <span class='ocrx_word' id='word_1_818' title='bbox 2381 5032 2583 5098; x_wconf 87' lang='lat' dir='ltr'><strong>abbati,</strong></span> <span class='ocrx_word' id='word_1_819' title='bbox 2634 5042 2690 5089; x_wconf 90' lang='lat' dir='ltr'><strong>et</strong></span> <span class='ocrx_word' id='word_1_820' title='bbox 2733 5035 2946 5090; x_wconf 87' lang='lat' dir='ltr'><strong>Donato</strong></span> <span class='ocrx_word' id='word_1_821' title='bbox 2975 5045 3308 5107; x_wconf 90' lang='lat' dir='ltr'><strong>nuncupata,</strong></span> <span class='ocrx_word' id='word_1_822' title='bbox 3351 5037 3528 5108; x_wconf 88' lang='lat' dir='ltr'><strong>capite</strong></span> <span class='ocrx_word' id='word_1_823' title='bbox 3563 5049 3825 5110; x_wconf 86' lang='lat' dir='ltr'><strong>sequente</strong></span> 
     </span>
    </p>
   </div>
   <div class='ocr_carea' id='block_1_111' title="bbox 2229 5125 2671 5180">
    <p class='ocr_par' dir='ltr' id='par_1_111' title="bbox 2229 5125 2671 5180">
     <span class='ocr_line' id='line_1_111' title="bbox 2229 5125 2671 5180; baseline 0.005 -2"><span class='ocrx_word' id='word_1_824' title='bbox 2229 5125 2671 5180; x_wconf 88' lang='lat' dir='ltr'><strong>memorabimus.</strong></span> 
     </span>
    </p>
   </div>
   <div class='ocr_carea' id='block_1_112' title="bbox 2308 5216 3822 5291">
    <p class='ocr_par' dir='ltr' id='par_1_112' title="bbox 2308 5216 3822 5291">
     <span class='ocr_line' id='line_1_112' title="bbox 2308 5216 3822 5291; baseline 0.005 -23"><span class='ocrx_word' id='word_1_825' title='bbox 2308 5217 2466 5288; x_wconf 73' lang='lat'><strong>156</strong></span> <span class='ocrx_word' id='word_1_826' title='bbox 2499 5217 2582 5271; x_wconf 79' lang='lat' dir='ltr'><strong>Vl.</strong></span> <span class='ocrx_word' id='word_1_827' title='bbox 2617 5217 2697 5273; x_wconf 81' lang='lat' dir='ltr'><strong>Ad</strong></span> <span class='ocrx_word' id='word_1_828' title='bbox 2739 5216 3115 5274; x_wconf 88' lang='lat' dir='ltr'><strong>Chromatium</strong></span> <span class='ocrx_word' id='word_1_829' title='bbox 3162 5231 3410 5277; x_wconf 90' lang='lat' dir='ltr'><strong>nostrum</strong></span> <span class='ocrx_word' id='word_1_830' title='bbox 3456 5221 3598 5278; x_wconf 89' lang='lat' dir='ltr'><strong>redit</strong></span> <span class='ocrx_word' id='word_1_831' title='bbox 3625 5221 3822 5291; x_wconf 88' lang='lat' dir='ltr'><strong>oratio,</strong></span> 
     </span>
    </p>
   </div>
   <div class='ocr_carea' id='block_1_113' title="bbox 2228 5310 3825 5383">
    <p class='ocr_par' dir='ltr' id='par_1_113' title="bbox 2228 5310 3825 5383">
     <span class='ocr_line' id='line_1_113' title="bbox 2228 5310 3825 5383; baseline 0.003 -18"><span class='ocrx_word' id='word_1_832' title='bbox 2228 5310 2381 5380; x_wconf 90' lang='lat' dir='ltr'><strong>cujus</strong></span> <span class='ocrx_word' id='word_1_833' title='bbox 2403 5312 2716 5367; x_wconf 87' lang='lat' dir='ltr'><strong>sollicitudo</strong></span> <span class='ocrx_word' id='word_1_834' title='bbox 2741 5327 2838 5381; x_wconf 87' lang='lat' dir='ltr'><strong>per</strong></span> <span class='ocrx_word' id='word_1_835' title='bbox 2866 5315 2981 5368; x_wconf 85' lang='lat' dir='ltr'><strong>haec</strong></span> <span class='ocrx_word' id='word_1_836' title='bbox 3010 5323 3248 5383; x_wconf 90' lang='lat' dir='ltr'><strong>tempora</strong></span> <span class='ocrx_word' id='word_1_837' title='bbox 3271 5317 3505 5372; x_wconf 81' lang='lat' dir='ltr'><strong>maxime</strong></span> <span class='ocrx_word' id='word_1_838' title='bbox 3523 5315 3746 5371; x_wconf 89' lang='lat' dir='ltr'><strong>emicuit</strong></span> <span class='ocrx_word' id='word_1_839' title='bbox 3769 5317 3825 5370; x_wconf 90' lang='lat' dir='ltr'><strong>in</strong></span> 
     </span>
    </p>
   </div>
   <div class='ocr_carea' id='block_1_114' title="bbox 2229 5406 3828 5481">
    <p class='ocr_par' dir='ltr' id='par_1_114' title="bbox 2229 5406 3828 5481">
     <span class='ocr_line' id='line_1_114' title="bbox 2229 5406 3828 5481; baseline 0.005 -23"><span class='ocrx_word' id='word_1_840' title='bbox 2229 5406 2374 5474; x_wconf 88' lang='lat' dir='ltr'><strong>gravi</strong></span> <span class='ocrx_word' id='word_1_841' title='bbox 2397 5421 2560 5460; x_wconf 88' lang='lat' dir='ltr'><strong>causa</strong></span> <span class='ocrx_word' id='word_1_842' title='bbox 2588 5406 2814 5462; x_wconf 79' lang='lat' dir='ltr'><strong>Joannis</strong></span> <span class='ocrx_word' id='word_1_843' title='bbox 2855 5408 3258 5481; x_wconf 73' lang='lat' dir='ltr'><strong>Chrysostomi,</strong></span> <span class='ocrx_word' id='word_1_844' title='bbox 3285 5412 3414 5467; x_wconf 89' lang='lat' dir='ltr'><strong>sedc</strong></span> <span class='ocrx_word' id='word_1_845' title='bbox 3436 5413 3828 5468; x_wconf 88' lang='lat' dir='ltr'><strong>Constantino-</strong></span> 
     </span>
    </p>
   </div>
   <div class='ocr_carea' id='block_1_115' title="bbox 2231 5499 3825 5572">
    <p class='ocr_par' dir='ltr' id='par_1_115' title="bbox 2231 5499 3825 5572">
     <span class='ocr_line' id='line_1_115' title="bbox 2231 5499 3825 5572; baseline 0.004 -20"><span class='ocrx_word' id='word_1_846' title='bbox 2231 5499 2471 5566; x_wconf 90' lang='lat' dir='ltr'><strong>politaua</strong></span> <span class='ocrx_word' id='word_1_847' title='bbox 2522 5515 2619 5570; x_wconf 88' lang='lat' dir='ltr'><strong>per</strong></span> <span class='ocrx_word' id='word_1_848' title='bbox 2668 5501 2774 5556; x_wconf 91' lang='lat' dir='ltr'><strong>vim</strong></span> <span class='ocrx_word' id='word_1_849' title='bbox 2807 5516 2870 5556; x_wconf 88' lang='lat' dir='ltr'><strong>ac</strong></span> <span class='ocrx_word' id='word_1_850' title='bbox 2917 5503 3168 5572; x_wconf 88' lang='lat' dir='ltr'><strong>injuriam</strong></span> <span class='ocrx_word' id='word_1_851' title='bbox 3215 5503 3512 5559; x_wconf 89' lang='lat' dir='ltr'><strong>deturbati.</strong></span> <span class='ocrx_word' id='word_1_852' title='bbox 3567 5503 3825 5558; x_wconf 76' lang='lat' dir='ltr'><strong>Eudoxite</strong></span> 
     </span>
    </p>
   </div>
   <div class='ocr_carea' id='block_1_116' title="bbox 2228 5593 3826 5669">
    <p class='ocr_par' dir='ltr' id='par_1_116' title="bbox 2228 5593 3826 5669">
     <span class='ocr_line' id='line_1_116' title="bbox 2228 5593 3826 5669; baseline 0.003 -21"><span class='ocrx_word' id='word_1_853' title='bbox 2228 5593 2476 5663; x_wconf 85' lang='lat' dir='ltr'><strong>superbae</strong></span> <span class='ocrx_word' id='word_1_854' title='bbox 2535 5594 2897 5667; x_wconf 87' lang='lat' dir='ltr'><strong>imperatricis</strong></span> <span class='ocrx_word' id='word_1_855' title='bbox 2955 5596 3342 5667; x_wconf 84' lang='lat' dir='ltr'><strong>instigatione,</strong></span> <span class='ocrx_word' id='word_1_856' title='bbox 3407 5613 3470 5654; x_wconf 91' lang='lat' dir='ltr'><strong>ac</strong></span> <span class='ocrx_word' id='word_1_857' title='bbox 3537 5597 3826 5669; x_wconf 84' lang='lat' dir='ltr'><strong>Theophili</strong></span> 
     </span>
    </p>
   </div>
   <div class='ocr_carea' id='block_1_117' title="bbox 2234 5682 3826 5762">
    <p class='ocr_par' dir='ltr' id='par_1_117' title="bbox 2234 5682 3826 5762">
     <span class='ocr_line' id='line_1_117' title="bbox 2234 5682 3826 5762; baseline 0.004 -21"><span class='ocrx_word' id='word_1_858' title='bbox 2234 5682 2583 5743; x_wconf 81' lang='lat' dir='ltr'><strong>Alexandrini</strong></span> <span class='ocrx_word' id='word_1_859' title='bbox 2616 5696 2671 5744; x_wconf 86' lang='lat' dir='ltr'><strong>et</strong></span> <span class='ocrx_word' id='word_1_860' title='bbox 2698 5690 3105 5760; x_wconf 89' lang='lat' dir='ltr'><strong>coujuratorum</strong></span> <span class='ocrx_word' id='word_1_861' title='bbox 3127 5691 3509 5762; x_wconf 88' lang='lat' dir='ltr'><strong>episcoporum</strong></span> <span class='ocrx_word' id='word_1_862' title='bbox 3538 5691 3698 5749; x_wconf 87' lang='lat' dir='ltr'><strong>malis</strong></span> <span class='ocrx_word' id='word_1_863' title='bbox 3737 5704 3826 5747; x_wconf 83' lang='lat' dir='ltr'><strong>ar-</strong></span> 
     </span>
    </p>
   </div>
  </div>
