4344 6174
323 242 435 301 ιῖἔι

1158 241 1601 301 DILUCIDATIO
1642 242 1950 307 ALTERA.
1992 240 2339 301 BERNABDI
2383 246 2472 301 DE
2513 244 2783 301 RUBEIS.

3526 254 3631 312 ‘26

324 356 492 424 tibus,
528 358 842 414 damnatum
876 358 1280 416 sanctissimum
1323 361 1502 416 virum
1544 376 1688 415 anno
1728 360 1831 416 405
1876 359 1929 415 in
1959 360 2251 426 Acadium
2302 362 2457 434 157
2492 362 2962 417 transmittendas.
3018 363 3249 420 Fuerint
3279 365 3513 422 fortasse
3568 369 3634 423 ad

323 450 775 525 pseudo-synodo
823 452 1006 508 habita
1058 456 1109 508 in
1156 456 1418 509 suburbin
1457 454 1817 510 Chalcedonis
1863 454 1929 509 ad

324 540 625 611 Quercum,
672 546 896 603 decreto
934 563 1034 601 suo
1063 547 1330 603 Arcadius
1368 547 1650 620 Augustus,
1685 548 1933 604 exsulare

321 633 506 707 jussit.
561 636 769 707 Ingenti
818 649 977 694 terra:
1019 652 1170 694 motu
1204 639 1370 706 facto,
1399 654 1463 695 ac
1496 641 1651 710 plebe
1682 640 1748 695 ad
1792 640 1935 695 sedi-

325 731 532 787 tionem
567 743 853 805 vergente,
876 735 944 789 ab
971 735 1170 791 exsilio
1204 746 1496 791 revocatus
1524 746 1628 791 est.
1660 737 1937 807 lmpoten-

324 829 435 878 tem
462 822 606 877 haud
630 826 845 879 remisit
875 824 1011 880 iram
1040 826 1308 892 Eudoxia,
1338 825 1516 884 donec
1540 828 1737 883 iterum
1764 829 1816 882 iu
1839 844 1930 898 sy-

322 916 472 974 nodo
499 916 978 990 Constantinopoli
1020 936 1166 976 anno
1196 921 1304 976 40’s
1342 923 1621 978 celebrata
1650 924 1719 978 ab
1743 923 1935 979 adver-

323 1015 487 1069 sariis
511 1028 810 1084 oppressus
839 1015 891 1069 in
932 1015 1185 1070 exsilium
1226 1013 1652 1088 Chrysostomus
1682 1015 1933 1086 deporta-

326 1111 450 1159 tur:
495 1118 603 1174 quo
655 1105 1012 1175 perdorante,
1074 1108 1482 1162 sanctissimum
1545 1108 1669 1161 vita:
1716 1122 1934 1162 cursum

325 1200 727 1256 consummavit
776 1199 867 1256 die
920 1201 985 1255 14
1025 1195 1356 1271 Septembris
1396 1203 1524 1255 anni
1566 1200 1693 1256 407.
1738 1201 1935 1258 Sedem

326 1307 492 1364 porro
522 1293 709 1348 eximii
743 1294 993 1364 prresulis
1017 1294 1069 1349 in
1095 1296 1347 1351 exsilium
1370 1297 1474 1351 acti
1516 1296 1800 1366 occupavit
1832 1296 1942 1365 pri-

327 1402 473 1444 mum
508 1389 787 1453 Arsacias,
814 1398 925 1443 tum
958 1389 1192 1445 Atticus.

399 1480 545 1537 Sede
571 1496 667 1535 sua
696 1497 818 1537 cum
848 1481 1051 1551 injuste
1081 1482 1339 1551 depulsus
1364 1482 1615 1537 exsilium
1637 1486 1943 1553 patiebatur

328 1572 776 1645 Cltrysostomus,
826 1573 1036 1629 litteras
1074 1574 1227 1629 dedit
1264 1574 1331 1629 ad
1370 1574 1744 1630 Innocentium
1778 1575 1829 1641 l,
1856 1592 1943 1630 ro-

328 1682 550 1724 manum
582 1667 915 1735 pontiﬁcem,
948 1668 1041 1737 qui
1068 1667 1360 1723 Anastasio
1377 1684 1522 1724 anno
1544 1668 1642 1725 401
1681 1668 1945 1723 sull'ectus

2034 459 2211 526 ipsum
2244 460 2701 530 Chrysosmtnum
2733 460 2875 514 data:
2916 462 3012 532 (ὁ).

2106 549 2338 618 Operam
2370 550 2458 603 ille
2490 551 2710 605 rescivit
2734 551 2789 606 in
2816 552 3208 623 exsilio,quam
3235 571 3332 625 pro
3357 574 3452 610 sua
3470 572 3633 614 causa

2035 643 2453 715 diligentissime
2479 654 2773 701 navaverat
2795 647 3167 717 Aquileiensis
3197 652 3484 721 episcopus
3502 694 3515 716 ,
3544 653 3634 722 qui

2035 737 2273 805 amplum
2303 736 2511 791 idcirco
2542 739 2609 792 ab
2636 738 2828 794 eodem
2856 737 3249 810 Chrysostomo
3278 743 3551 812 elogium,
3579 751 3637 799 et

2037 828 2232 883 multas
2265 839 2449 898 grates
2492 845 2637 884 anno
2662 829 2770 885 406
2801 842 3132 887 consecutus
3160 841 3265 887 est.
3299 834 3385 889 Ait
3414 837 3557 889 enim
3584 835 3637 890 in

2038 921 2235 977 litteris
2264 921 2331 976 ad
2376 921 2553 991 ipsum
2589 923 2733 978 datis
2762 941 2774 979 :
2808 923 3109 979 Clarissima
3153 927 3396 996 [eruentis
3437 937 3543 983 tua:
3579 945 3640 982 ae

2038 1014 2251 1069 sincera:
2277 1016 2549 1071 charitatis
2578 1017 2699 1071 tuba
2726 1016 2795 1069 ad
2817 1033 2908 1070 nos
2944 1034 3103 1087 usque
3136 1035 3320 1073 sonum
3353 1037 3506 1074 suum
3533 1022 3640 1092 dif-

2040 1107 2197 1177 fudit.
2227 1145 2242 1160 .
2270 1147 2283 1161 .
2313 1148 2325 1162 .
2362 1108 2474 1163 Nec
2512 1110 2607 1162 hos
2628 1153 2641 1175 ,
2677 1110 2795 1165 licet
2820 1112 3019 1180 alioqui
3050 1122 3155 1164 tam
3185 1110 3337 1184 longe
3364 1114 3643 1185 disjuncti.

2042 1198 2209 1250 minus
2239 1213 2393 1267 quam
2428 1197 2462 1250 ii
2491 1199 2579 1269 qui
2603 1199 2795 1254 adsunt
2818 1200 3313 1255 vehementissimam
3339 1213 3494 1272 atque
3522 1204 3644 1275 igne

2043 1290 2243 1359 plenam
2269 1290 2601 1357 charitatem,
2625 1291 2980 1363 sincerumque
3009 1302 3057 1345 et
3092 1296 3286 1363 ingenti
3318 1296 3550 1350 libertate
3578 1314 3641 1350 ac

2044 1383 2239 1452 ﬁducia
2288 1385 2555 1454 perfusam
2588 1384 2857 1457 linguam,
2891 1396 3043 1456 atque
3084 1388 3473 1441 adantuntinam
3514 1405 3642 1443 con-

2043 1477 2321 1531 tentionem
2351 1480 2676 1544 exploratam
2700 1476 2967 1533 habemus.
2995 1478 3210 1532 Gratias
3237 1480 3350 1549 agit
3373 1480 3647 1549 amplissi-

2046 1585 2162 1624 mas
2196 1587 2289 1639 pro
2318 1570 2667 1640 diligentiore
2693 1572 2896 1637 studio,
2926 1571 3070 1641 quod
3102 1588 3290 1642 magna
3318 1574 3484 1628 animi
3510 1589 3643 1629 con-

2046 1663 2285 1718 tentione
2329 1664 2380 1716 in
2426 1663 2542 1732 ejus
2583 1664 2870 1730 prmstabat
2916 1680 3075 1719 causa
3105 1684 3119 1719 :
3148 1666 3431 1738 ipsumque
3462 1680 3645 1737 rogat,

328 1759 508 1816 fuerat
545 1759 635 1815 die
664 1759 699 1813 4
735 1760 1070 1823 decembris,
1111 1770 1207 1815 aut
1252 1776 1395 1814 διιηο
1441 1762 1763 1832 insequente
1809 1760 1938 1829 402,
1971 1766 2020 1826 Β
2048 1763 2105 1808 ut
2144 1754 2188 1808 si
2235 1754 2501 1809 tabellarii
2546 1766 2876 1821 occurrant,
2905 1756 2993 1825 qui
3038 1756 3103 1811 ad
3148 1757 3269 1826 ejus
3298 1758 3644 1814 solitudinem

329 1851 419 1908 die
446 1852 516 1908 2⁸1
545 1853 760 1921 aprilis,
793 1864 848 1907 ut
879 1853 1002 1907 aliis
1022 1853 1225 1924 placet.
1262 1852 1497 1909 Litteras
1526 1853 1745 1908 easdem
1771 1852 1941 1908 refert

332 1944 610 2001 Palladius
643 1945 695 2000 in
730 1945 946 2016 dialogo
988 1945 1055 1999 de
1089 1944 1206 1999 Vita
1237 1945 1481 2013 ejusdem
1522 1945 1937 2017 Chrysostomi:

330 2035 649 2106 similesque
678 2048 904 2092 tesmtur
927 2035 1004 2109 (ιι)
1033 2036 1268 2107 scriptas
1289 2037 1357 2092 ab
1386 2052 1452 2092 eo
1479 2037 1648 2093 fuisse
1676 2037 1745 2090 ad
1777 2036 1939 2091 Vene-

332 2129 469 2185 rium
491 2131 788 2203 episcopum
810 2130 1126 2197 Mediolani,
1157 2140 1204 2184 et
1223 2131 1291 2184 ad
1313 2129 1668 2185 Chromatium
1696 2130 1942 2200 Aquileia:

335 2228 653 2297 episcOpum.

409 2315 579 2387 Opem
615 2315 1008 2390 Chrysostomo
1041 2335 1140 2389 pro
1178 2335 1274 2374 sua
1305 2322 1631 2376 auctoritate
1663 2337 1727 2379 ac
1772 2322 1945 2393 digni-

336 2420 449 2466 tate
497 2412 792 2467 collaturus
832 2412 1209 2475 Iunoccntius,
1261 2414 1477 2470 litteras
1527 2417 1594 2471 ad
1647 2416 1942 2471 llouorium

336 2503 729 2574 imperatorem
765 2506 933 2560 misit.
970 2505 1066 2560 llis
1114 2508 1346 2577 Augusti
1376 2509 1539 2578 pietas
1574 2519 1715 2562 mota
1758 2509 1946 2579 (verba

338 2610 467 2657 Sunt
499 2599 750 2669 Palladii)
775 2600 921 2670 jubet
966 2600 1386 2655 Occidentalium
1421 2602 1680 2673 synodum
1720 2603 1872 2672 cogi:
1902 2610 1949 2655 et

340 2708 459 2748 cum
500 2708 658 2745 unum
694 2693 851 2746 simul
893 2693 1199 2747 sententiam
1240 2694 1500 2759 tulissent,
1534 2693 1753 2748 eamad
1800 2709 1949 2747 suam

347 2787 592 2857 pietatem
627 2787 835 2858 referri.
860 2786 1238 2859 Cougregatos
1266 2799 1455 2843 narrat
1482 2790 1628 2843 idem
1670 2788 1952 2844 Palladius

346 2881 528 2939 Italia:
555 2884 869 2952 episcOpos.
932 2884 1115 2937 Itonia:
1147 2883 1389 2956 synodus
1421 2884 1600 2937 habita
1646 2892 1749 2939 est.
1783 2883 1953 2938 Orant

345 2990 480 3031 vero
536 2976 726 3030 Patres
784 2976 1129 3044 supplicibus
1179 2976 1247 3030 ad
1304 2976 1695 3043 imperatorem
1751 2976 1953 3031 oblatis

348 3067 579 3133 libellis,
609 3068 740 3122 velit
771 3069 890 3138 ipse
918 3068 1074 3123 fratri
1106 3086 1208 3124 suo
1238 3078 1295 3124 et
1325 3069 1539 3138 imperii
1571 3071 1957 3134 Consorti,Ar-

350 3158 519 3215 Cadio
548 3160 875 3222 rescribere,
912 3170 967 3213 ut
988 3161 1181 3230 jnbeat
1207 3161 1479 3234 synodum
1518 3162 1637 3217 ﬁeri
1669 3162 1961 3219 Tltessalo-
1989 3154 2035 3217 C

355 3250 532 3317 uicae;
566 3265 676 3319 quo
701 3250 917 3306 facilius
943 3262 1174 3322 utraque
1203 3269 1333 3322 pars
1356 3253 1600 3309 Orientis
1618 3263 1674 3309 et
1700 3254 1969 3309 Occiden-

359 3345 429 3401 tis
456 3356 666 3400 certum
703 3360 766 3401 ac
812 3346 1177 3402 indubitatum
1224 3347 1293 3403 de
1322 3348 1552 3402 Joannis
1583 3347 1967 3420 Chrysostomi

360 3450 527 3492 causa
576 3437 843 3505 judicium
873 3439 1032 3494 lerat.
1068 3439 1410 3494 Sanctissimi
1436 3441 1533 3493 viri
1578 3455 1799 3494 causam
1832 3451 1973 3494 stre-

362 3544 476 3585 ntte
526 3528 802 3583 tutabatur
853 3529 1226 3594 Chromatius,
1287 3532 1446 3598 cujus
1502 3532 1795 3597 epistolam
1863 3548 1968 3586 una

364 3636 493 3678 cum
536 3620 736 3676 litteris
767 3622 976 3676 romani
1030 3622 1314 3691 poatilicis
1343 3621 1543 3693 delegit
1580 3622 1879 3687 Honorius,
1918 3631 1977 3676 ut

368 3730 463 3772 eas
492 3713 558 3769 ad
589 3712 884 3769 Arcadium
918 3713 1186 3769 mitteret.
1222 3714 1347 3769 llaec
1390 3715 1458 3767 ad
1492 3730 1697 3768 annum
1724 3715 1829 3770 405
1854 3729 1975 3783 per-

371 3807 567 3863 tinent.
601 3808 693 3861 Ait
721 3821 855 3861 vero
885 3806 1158 3862 Honorius
1188 3807 1241 3862 in
1274 3807 1508 3876 epistola
1539 3806 1604 3862 ad
1640 3808 1933 3863 Arcadium
1961 3828 1974 3861 :

377 3899 628 3967 Quwnam
666 3900 803 3954 enim
838 3900 903 3954 sit
950 3900 1365 3955 Occidentalium
1405 3903 1468 3957 de
1488 3900 1695 3957 Joanne
1734 3903 1977 3973 episcopo

373 3994 648 4055 sententia.
695 4010 757 4048 ea:
804 3994 1042 4048 omnibus
1088 3994 1343 4066 epistolis,
1382 4011 1495 4063 qua:
1534 3994 1604 4049 ad
1646 4011 1725 4047 me
1772 3995 1980 4061 scripta:

375 4097 519 4149 sunt.
560 4087 691 4141 duas
736 4087 980 4157 subjunxi
1008 4130 1021 4151 ,
1054 4105 1213 4143 unam
1252 4087 1517 4155 Romani,
1559 4090 1780 4144 alteram
1816 4089 1978 4160 Aqui-

379 4180 588 4235 leiensis
609 4182 857 4252 episcOpi.

2043 1858 2134 1903 aut
2158 1849 2334 1904 exsilii
2364 1850 2542 1904 locum
2574 1851 2844 1915 venerint,
2874 1850 2941 1905 de
2956 1865 3055 1905 sua
3082 1851 3395 1907 valetudine
3421 1854 3647 1909 scribat.

2046 1940 2163 1996 Scis
2191 1941 2324 1995 enim
2345 1982 2360 2007 ,
2391 1941 2594 2011 inquit,
2624 1954 2874 2012 quantum
2896 1942 3017 1997 hinc
3048 1948 3329 2014 voluptatis
3351 1948 3650 2019 percepturi

2044 2035 2238 2098 simus,
2271 2050 2389 2088 cum
2426 2035 2489 2088 de
2523 2034 2792 2088 hominum
2833 2045 2939 2090 tam
2972 2037 3219 2092 ardenter
3246 2055 3338 2092 nos
3366 2042 3651 2095 amantium

2046 2145 2293 2201 prospera
2322 2129 2615 2184 valetudine
2646 2129 2875 2183 crebrius
2916 2130 2984 2183 ad
3025 2147 3118 2184 nos
3147 2129 3414 2197 offeratur.
3448 2131 3650 2188 Infecta

2046 2237 2140 2287 re,
2169 2222 2332 2293 legati
2363 2222 2676 2286 redierunt;
2710 2222 3043 2292 impediente
3073 2223 3403 2295 The0philo,
3434 2242 3502 2281 ne
3525 2241 3655 2294 syn-

2046 2315 2184 2372 odus
2230 2317 2628 2382 celebraretur,
2671 2317 2722 2370 in
2766 2332 2901 2385 qua.
2936 2317 3166 2372 detectis
3208 2319 3347 2373 dolis
3398 2320 3550 2388 ejus,
3590 2321 3657 2376 li-

2049 2408 2214 2477 quido
2260 2409 2523 2477 patuisset
2564 2409 2873 2463 innocentia
2917 2410 3321 2481 Chrysostomi.
3368 2412 3568 2467 Misero
3600 2424 3657 2469 et

2051 2500 2241 2568 iniquo
2271 2500 2600 2555 sanctissimi
2629 2501 2734 2555 viri
2763 2502 2960 2556 exsilio
2990 2517 3138 2558 mors
3161 2502 3323 2557 linem
3359 2504 3615 2574 imposuit
3641 2524 3656 2562 :

2051 2596 2284 2664 egregiae
2315 2609 2445 2648 vero
2472 2592 2775 2648 Chromatii
2811 2595 2984 2648 nostri
3018 2610 3146 2665 erga
3168 2596 3341 2664 ipsum
3377 2598 3661 2655 charitatis

2052 2698 2108 2745 et
2131 2688 2521 2744 sollicitudinis
2552 2704 2847 2755 numquam
2878 2688 3093 2743 excidet
3117 2691 3405 2745 memoria.

2645 2801 2875 2859 CAPUT
2916 2803 3055 2859 XIII.

2055 2901 2263 2951 Mortem
2288 2897 2391 2946 ohit
2418 2893 2742 2953 Chromatius,
2766 2897 2905 2957 cujus
2928 2909 3082 2955 Opera
3109 2906 3455 2949 recensentur.
3477 2900 3661 2951 Sedem

2119 2958 2493 3020 Aquileiensetn
2521 2960 2824 3020 Augustinus
2849 2960 3151 3020 conscendit.
3194 2959 3416 3019 Aquileia
3451 2963 3664 3013 discedit

2117 3018 2337 3089 Rutulus.
2364 3020 2586 3089 (Reliqua
2608 3018 2753 3089 hujus
2771 3018 2945 3083 capitis
2964 3018 3263 3079 omittuntur,
3284 3034 3394 3085 aute
3417 3026 3483 3073 ad
3509 3024 3661 3076 Chro-

2119 3080 2318 3134 matium
2336 3095 2429 3134 non
2452 3080 2731 3144 pertinent.)

2137 3166 2179 3220 l.
2211 3166 2623 3221 Sanctissimatn
2644 3164 2881 3235 denique
2902 3165 3092 3227 vitam,
3121 3166 3446 3237 laboresque
3468 3171 3668 3227 multos

2070 3259 2469 3328 przrclarosque
2517 3273 2614 3328 pro
2656 3257 2900 3312 Ecclesia
2947 3258 3198 3312 universa
3241 3269 3296 3315 et
3335 3261 3674 3330 Aquileiensi

2068 3350 2416 3405 Chromatius
2446 3350 2875 3415 consummavit,
2907 3350 3065 3418 eujns
3095 3356 3356 3406 memoria
3395 3353 3485 3408 die
3518 3354 3554 3409 2
3580 3356 3677 3411 dc-

2071 3444 2308 3500 cembris
2333 3445 2534 3499 colitur
2572 3447 2623 3497 in
2669 3442 2929 3498 Ecclesia:
2962 3443 3139 3498 fastis.
3172 3445 3308 3499 Viue
3338 3446 3458 3511 ejus
3489 3450 3679 3503 termi-

2073 3552 2200 3592 num
2233 3536 2345 3605 ligit
2372 3534 2649 3590 Dandulus
2678 3549 2822 3590 anno
2848 3534 3053 3590 Christi
3082 3537 3212 3590 407.
3232 3537 3381 3591 llanc
3409 3540 3673 3608 epocltam

2075 3628 2300 3683 indicari
2344 3642 2374 3680 a
2417 3626 2647 3681 Paulino
2690 3625 2899 3680 Nolano
2942 3626 2996 3679 in
3038 3628 3268 3695 epistola
3315 3630 3380 3682 ad
3418 3629 3672 3687 Ruﬁnum

2075 3721 2227 3785 data,
2262 3720 2398 3772 iul'ra
2428 3718 2718 3773 dicendum
2751 3727 2856 3773 est.
2887 3718 3151 3774 Tenuissc
3180 3718 3553 3778 Chromatium
3582 3725 3679 3780 ad-

2075 3812 2155 3867 dit
2197 3810 2477 3865 Dandulus
2522 3809 2824 3866 Ecclesiam
2860 3808 3125 3879 Aquili-ia:
3147 3853 3161 3875 ,
3193 3813 3344 3866 annis
3373 3814 3571 3884 l8jam
3618 3835 3679 3872 ea:

2076 3903 2429 3958 invasionibus
2464 3900 2816 3955 Barbarorum
2846 3901 3133 3971 plurimum
3162 3899 3326 3957 Italia
3354 3907 3678 3975 perturbata.

2082 3994 2259 4049 Prima
2292 3993 2503 4048 scilicet
2525 3994 2642 4047 vice
2669 3992 2919 4047 Alaricus
2946 4008 3092 4047 anno
3118 3993 3245 4059 400,
3273 3996 3469 4065 irrupit
3498 4000 3548 4053 in
3578 4001 3685 4055 lta-

2081 4087 2242 4152 liam,
2287 4086 2442 4154 longe
2487 4085 2706 4154 lateque
2739 4084 2964 4138 vastatis
3008 4086 3153 4152 agris
3194 4086 3684 4156 Aquileiensibus:

2084 4193 2262 4250 neque
2304 4178 2535 4233 recessit
2576 4178 2626 4231 in
2658 4177 3024 4237 Pannoniam,
3058 4178 3160 4231 nisi
3203 4189 3326 4248 post
3351 4197 3585 4251 pugnam
3618 4186 3686 4242 ad

450 4273 712 4327 Romanae
755 4273 1017 4329 Ecclesia:
1056 4274 1243 4345 legati,
1284 4274 1468 4329 litteris
1496 4274 1723 4346 acceptis
1757 4274 1982 4345 impera-
2086 4274 2437 4339 Pollentiam,
2474 4268 2708 4340 Liguriae
2754 4269 3036 4340 oppidum.
3077 4269 3338 4327 Eamdetn
3372 4286 3559 4343 postea
3603 4295 3691 4333 re-

385 4368 512 4422 toris
562 4366 811 4431 Honorii,
856 4366 1180 4432 Innocentii,
1214 4377 1260 4421 ct
1301 4366 1556 4421 Italarum
1598 4368 1982 4435 episcoporum,
2085 4367 2303 4437 giooem
2334 4379 2479 4417 anno
2506 4362 2634 4430 404,
2667 4372 2759 4416 aut
2790 4363 3111 4431 insequente
3153 4351 3386 4420 tentavit
3416 4367 3688 4440 lladagai-

388 4460 674 4515 Chrontutii
733 4461 1107 4531 Aquileiensis,
1153 4472 1201 4517 et
1269 4460 1471 4515 Venerii
1538 4460 1983 4525 Mediolaneusis,
2089 4475 2216 4523 sus,
2262 4458 2399 4513 alter
2427 4457 2728 4511 Gothorum
2775 4471 2909 4522 rex,
2952 4456 3041 4526 qui
3086 4456 3271 4511 multis
3302 4462 3527 4516 vastatis
3558 4464 3693 4520 locis
3782 4510 3795 4519 .

388 4564 541 4622 atque
560 4554 804 4612 aliorum.
835 4571 1033 4608 necnon
1063 4555 1456 4608 commonitorio
1495 4554 1683 4626 synodi
1711 4556 1864 4608 totius
1890 4553 1991 4607 Oc-
2018 4547 2066 4605 D
2094 4552 2358 4609 occubuit
2402 4552 2455 4604 in
2484 4550 2742 4606 Thuscia.
2778 4551 2851 4603 De
2880 4550 3113 4605 secunda
3147 4551 3349 4608 Alarici
3390 4555 3695 4627 irruptione

390 4648 610 4702 cidentis
636 4691 651 4714 ,
695 4647 913 4718 publica
947 4648 1237 4703 evectione
1287 4647 1819 4717 ConstantinOpolitn
1861 4661 1988 4717 pro—

397 4740 522 4797 feeti
564 4749 705 4794 sunt.
740 4740 842 4793 llas
870 4738 1168 4795 Chromatii
1200 4740 1461 4809 epistolas
1494 4749 1620 4809 puto
1648 4740 1718 4794 ab
1764 4737 1874 4794 illis
1913 4737 1995 4792 di-

396 4847 605 4897 versas,
630 4848 759 4902 quas
786 4843 1051 4887 memorat
1074 4831 1369 4900 Honorius,
1397 4848 1501 4886 una
1519 4847 1640 4887 cum
1668 4832 1781 4887 suis
1806 4832 1872 4887 ad
1897 4832 1995 4887 Ar-

476 5037 555 5113 (a)
604 5038 1028 5113 Ha_udqttawtatn
1076 5045 1290 5113 testatur
1336 5033 1612 5113 Palladius
1675 5033 2013 5113 scriptasab

408 5103 616 5167 Joanne
656 5103 1054 5180 Chrysnstomo
1100 5110 1294 5180 similes
1328 5106 1587 5180 epistolas
1629 5103 1714 5180 ad“
1744 5104 2013 5180 Venerium

408 5176 901 5241 Dii-tlitilattettsettt,
948 5189 1003 5233 et
1050 5180 1118 5231 ad
1152 5176 1505 5233 Chromatium
1558 5176 2011 5242 Attnilt-iettscttt:

408 5253 507 5309 Sed
536 5247 963 5323 Chrysostomus
1008 5252 1125 5317 ipse
1153 5260 1269 5323 est.
1302 5249 1393 5315 qui
1448 5247 1518 5299 ita
1559 5246 1775 5323 scribit,
1810 5248 2016 5314 epism-

412 5324 522 5380 lam
572 5320 726 5379 suam
763 5321 1062 5385 claudens;
1114 5321 1190 5375 uti
1236 5335 1344 5373 non
1389 5333 1497 5371 uno
1545 5333 1609 5372 ex
1649 5320 1825 5384 capite
1863 5325 2015 5371 recte

412 5395 640 5461 coniicit
667 5408 728 5448 ac
758 5392 1047 5462 persuadet
1076 5391 1429 5462 Constantius
1458 5390 1513 5462 in
1547 5387 1829 5462 Notatione
1854 5402 2012 5453 quam

414 5459 639 5533 Sultjicit
664 5466 729 5517 ad
758 5459 919 5519 'ltunc
963 5464 1329 5533 locum.inter
1350 5459 1627 5533 _I'.'pistola_s
1653 5459 2015 5533 Romanorum

416 5530 744 5605 poniiﬁcum,
783 5535 889 5589 col.
920 5534 1023 5589 787
1055 5532 1315 5605 editionis
1349 5530 1525 5605 Paris.
1568 5530 1697 5605 Vide
1750 5532 2013 5605 integram

420 5598 842 5674 'illins'cpistoltc
864 5603 1242 5676 Chrysostonti
1269 5603 1572 5676 clausulam
1605 5598 2019 5676 interi/elerum

417 5671 764 5741 Testimonia,
798 5692 918 5743 qua:
957 5671 1330 5745 congessimus
1380 5674 1431 5729 in
1464 5672 1645 5729 fronte
1682 5671 1842 5743 hujus
1870 5673 2022 5727 volu-

420 5748 597 5808 minis
628 5761 748 5816 post
770 5747 1145 5818 prtcfationmt.

713 5841 989 5903 Ρλτιοι..
1034 5839 1181 5900 XX.

2097 4661 2220 4700 mox
2245 4643 2538 4713 agendum.

2171 4738 2438 4793 Nonnulla
2462 4736 2676 4807 vulgata
2705 4734 2953 4789 feruntur
2983 4736 3265 4803 opuscula,
3292 4753 3411 4805 qua:
3432 4738 3695 4795 Chroma-

2104 4832 2180 4886 tio
2213 4831 2373 4886 tribui
2408 4829 2607 4884 solent.
2640 4828 2831 4883 Plures
2862 4828 3017 4884 abeo
3042 4828 3195 4883 datas
3226 4829 3290 4881 ad
3323 4829 3697 4892 Innocentium

2190 5033 2262 5102 (ι)
2292 5032 2367 5086 κς
2401 5031 2485 5085 his
2508 5030 2729 5102 Palladii
2760 5030 2963 5092 vet-his,
2998 5031 3137 5085 unde
3165 5034 3383 5101 conjieit
3410 5036 3483 5089 De
3509 5040 3712 5101 Rubris

2117 5101 2268 5178 datas
2310 5107 2527 5178 fortasse
2569 5118 2596 5178 ξι
2645 5101 3046 5178 Chromatio_ad
3082 5103 3253 5178 ipsum
3282 5103 3707 5178 Chrysostomum

2115 5172 2348 5234 litteras.
2378 5173 2654 5246 colligebat
2675 5174 2926 5246 superius
2950 5172 3300 5239 Fontaninus,
3326 5172 3447 5246 cap.
3477 5183 3532 5243 3,
3558 5201 3708 5240 nul...

2117 5246 2172 5306 6.
2218 5262 2321 5298 non
2351 5243 2418 5297 ad
2452 5243 2752 5298 Honorium
2795 5244 3154 5307 solummodo,
3187 5247 3278 5299 sed
3318 5243 3406 5302 ad'
3431 5253 3711 5310 Arcadium

2116 5332 2319 5385 quoque
2343 5320 2639 5383 Augustum
2664 5316 2861 5369 litteras
2889 5314 3091 5369 dedisse
3113 5316 3463 5374 Chromatium
3488 5326 3541 5377 in
3559 5342 3715 5381 causa

2120 5387 2491 5456 tjltrgsostami.
2526 5385 2578 5439 Id
2622 5386 2801 5445 ipsum
2843 5402 2965 5439 cum
3001 5387 3305 5442 Fontauiuo
3345 5395 3511 5447 sentit
3550 5399 3714 5451 etiam

2120 5459 2431 5514 Ccilliertts.
2468 5456 2607 5529 Hist.
2626 5457 2811 5512 Céuér.
2839 5459 2929 5529 des
2952 5458 3171 5512 Auteurs
3189 5459 3397 5521 Sacrés.
3423 5474 3555 5529 ete.,
3583 5476 3716 5523 tom.

2124 5529 2202 5593 χ,
2232 5531 2393 5591 (ειηιμ,
2424 5529 2476 5584 5,
2513 5527 2541 5599 §
2567 5528 2632 5584 V.
2663 5528 2864 5597 Quidni
2893 5529 2957 5581 ad
2984 5538 3296 5593 utrumque.
3324 5533 3392 5585 ad
3427 5527 3720 5594 Art-adium

2128 5617 2323 5727 27mm
2349 5611 2401 5684 et
2429 5599 2494 5707 at;
2527 5600 3000 5670 Chrysostomum,
3032 5615 3098 5654 ea
3125 5602 3417 5660 occasione
3444 5608 3733 5679 scripserit

2190 5683 2481 5727 tramattus.

2174 5673 2481 5727 hromatiusl

3132 5828 3207 5891 1’s
