4344 6174
581 231 692 292 421

1545 217 1634 280 DE
1672 221 1732 282 S.
1772 211 2176 279 CHROMATIO
2215 207 2435 274 EPISC.
2479 200 2920 277 AQUILEIENSI

3771 205 3881 266 ηε

585 348 930 421 pontiﬁcem,
962 341 1344 406 Ambrosium,
1379 339 1767 410 Hieronymum
1788 377 1803 403 ,
1839 335 1998 412 153
2018 333 2180 388 Joan-
2208 336 2258 400 Α
2285 326 2549 382 debemus
2580 321 2934 378 Tillemontio
2980 319 3534 381 animadversionem.
3571 317 3774 375 Deinde
3803 319 3884 373 'vi-

588 460 713 501 nem
746 442 1215 510 thrysostomum,
1255 430 1698 492 memoravimus,
1729 428 2017 498 epistulas,
2063 439 2182 495 qua)

589 539 890 610 perierunt.
938 530 1193 602 Ejusdem
1217 568 1230 591 ,
1260 535 1313 581 et
1340 524 1618 580 Heliodori
1650 524 1870 577 nomine
1897 521 2181 592 epistulam

587 635 653 689 ad
686 632 1070 700 llieronymum
1099 621 1359 692 scriptam
1390 620 1582 674 recitat
1613 619 1880 673 Baronius
1905 618 1954 670 in
1986 614 2150 686 prmia
2170 639 2184 653 ο

589 729 734 788 tione
763 724 830 780 ad
864 718 1306 792 martyrologium
1347 730 1633 770 romanum
1665 713 1844 784 capite
1884 711 1938 775 5,
1985 709 2037 763 in
2079 723 2182 777 qua

594 821 873 894 postulare
903 813 1261 886 perhibentur
1289 807 1653 880 ιπωικιιὶςςίῐηί
1688 804 1986 894 praesules}
2018 811 2072 856 ut
2102 801 2186 868 fa-

588 893 904 972 mosissimas
942 906 1150 978 feriales
1190 903 1253 957 de
1282 902 1525 957 Archivio
1561 898 1622 955 S.
1660 896 1897 960 Eusebii,
1938 893 2187 948 Caesarea!

590 1005 894 1062 Palazstina:
914 999 1161 1074 episcopi.
1183 995 1470 1066 inquirens,
1496 991 1789 1064 Martyrum
1816 987 2008 1062 dirigat
2032 989 2184 1058 festa.

594 1099 744 1156 lianc
769 1113 889 1152 cum
926 1091 1236 1162 Hieronymi
1269 1085 1622 1156 responsione
1650 1084 1790 1138 inter
1813 1079 2028 1156 spurias
2054 1092 2188 1133 ψει-η

589 1208 684 1251 cos
709 1192 832 1264 jure
873 1187 1175 1255 meritoque
1207 1179 1383 1250 rejicit
1411 1177 1682 1234 annalium
1716 1189 1935 1245 parens.
1966 1169 2188 1226 Prodic-

590 1297 720 1346 runt
763 1286 925 1340 etiam
969 1281 1111 1336 inter
1153 1293 1316 1348 opera
1365 1271 1680 1344 Hieronymi
1723 1269 1824 1329 sub
1872 1265 2185 1324 eorumdem

592 1378 876 1438 Chromatii
907 1384 952 1430 et
987 1370 1258 1427 Heliodori
1291 1368 1511 1425 nomine
1539 1365 1603 1421 ad
1635 1362 1892 1421 eumdem
1923 1358 2186 1428 cpistola,

591 1469 946 1544 ejusdemque
973 1463 1042 1518 ad
1076 1462 1195 1516 illos
1221 1459 1507 1527 responsio
1535 1455 1602 1511 de
1629 1454 1809 1510 Libris
1838 1449 2151 1544 apocryphis
2170 1489 2184 1514 ,

592 1542 850 1619 videlicet
899 1556 976 1614 De
997 1565 1116 1610 ortu
1151 1553 1335 1607 Maria:
1386 1550 1597 1624 Regina:
1647 1548 1912 1622 Virginis,
1955 1542 2114 1598 simul
2145 1553 2190 1596 et

594 1651 882 1710 Nativttate
919 1657 1070 1718 atque
1096 1644 1317 1715 infantia
1353 1640 1564 1695 Domini
1596 1639 1757 1694 nostri
1797 1635 1926 1691 Jesu
1958 1633 2146 1687 Christi
2174 1648 2192 1687 :

2287 419 2489 476 dentur
2530 416 2776 486 ejusdem
2819 415 3055 470 auctoris
3100 430 3222 469 esse
3255 414 3529 484 pra-dieue
3558 427 3748 467 ou‘ines
3790 413 3882 466 bo-

2287 513 2474 573 milite,
2504 527 2626 564 cum
2653 510 2706 565 in
2737 508 2940 566 eisdem
2972 508 3087 582 pari
3118 508 3279 570 modo
3305 507 3608 582 doxologiae
3639 505 3882 560 formula:

2291 606 2674 661 adhibeantur.

2357 697 2503 751 Inter
2535 695 2790 749 liomilias
2823 695 2873 750 in
2922 705 3084 766 caput
3126 695 3375 760 quintum
3421 701 3478 750 et
3507 701 3720 748 sextum
3749 690 3884 746 Malo

2289 791 2413 845 threi
2463 788 2744 858 Expo~itio
2790 788 3085 846 Doniinirae
3127 787 3402 846 Orationis
3452 786 3714 850 habetur;
3767 800 3888 854 qua:

2291 900 2418 939 num
2449 883 2640 938 eadem
2670 883 2768 948 sit,
2804 897 2867 938 ac
2911 882 3003 937 illa
3045 898 3208 951 quam
3241 880 3532 940 llenichius
3569 880 3729 956 159
3765 893 3889 948 pro-

2291 975 2479 1047 ponit,
2527 974 2819 1030 consulere
2868 976 3065 1044 poterit
3111 975 3202 1043 qui
3247 973 3628 1031 Ecclesiaslica
3689 975 3891 1043 potitur

2290 1068 2534 1139 ejusdem
2567 1069 2818 1122 Historia.
2847 1068 2973 1125 lltcc
2997 1066 3186 1122 eadem
3217 1083 3380 1136 opera
3405 1066 3458 1121 in
3481 1066 3752 1138 aliquibus
3773 1066 3890 1121 edi—

2292 1162 2528 1217 tionibus
2547 1161 2915 1217 inscribuntur
2939 1161 3089 1218 titulo
3109 1159 3393 1216 Chromatii
3414 1160 3615 1218 romani
3637 1159 3884 1229 episcopi.

2293 1256 2432 1312 Hinc
2464 1256 2705 1326 plerique
2728 1255 2831 1309 viri
2856 1255 3002 1308 docti
3027 1254 3216 1309 eadem
3245 1252 3564 1312 Clirnmatio
3594 1263 3780 1308 nostro
3803 1252 3892 1306 ab-

2287 1347 2578 1419 judicanda
2631 1356 2880 1401 censent.
2929 1345 3169 1400 Tilulum
3227 1345 3479 1405 eumdem
3532 1344 3889 1416 exposuimus

2293 1443 2472 1514 capite
2504 1439 2573 1504 X,
2611 1455 2760 1494 num.
2792 1439 2848 1492 2.

2367 1535 2427 1590 ll.
2473 1531 2794 1588 Cbromatio
2833 1530 3078 1588 succedit
3120 1531 3479 1601 Augustinus.
3530 1528 3684 1586 inita:
3734 1528 3893 1586 Sedis

2297 1637 2542 1698 tempora
2568 1668 2581 1692 ,
2617 1626 2868 1700 pra'sulis
2901 1625 3134 1696 patrium
3161 1665 3176 1688 ,
3212 1638 3541 1692 morumque
3577 1637 3641 1678 ac
3681 1623 3892 1678 littera-

590 1762 710 1826 quec
738 1715 1052 1800 criticorum
1075 1735 1319 1794 omnium
1350 1732 1574 1788 calculis
1597 1729 1957 1800 supposititizc
1984 1725 2189 1780 liaben-
2224 1732 2264 1791 ῃ
2296 1737 2413 1778 rum
2470 1719 2846 1789 prrestantiam
2891 1717 3140 1772 declarat
3183 1716 3465 1772 Dandulus
3492 1715 3545 1770 in
3577 1715 3890 1770 Chronico:

592 1819 680 1898 tur
723 1853 788 1893 ac
829 1835 1049 1906 SpuriIB.
1087 1832 1325 1899 Denique
1361 1828 1550 1882 Petrus
1580 1822 1872 1880 Wastelius
1908 1819 2184 1874 rarinelita

589 1933 644 1989 in
674 1927 924 1984 vindiciis
947 1923 1173 1980 Joannis
1203 1916 1714 1988 llierosolymitani,
1743 1911 2065 1970 Chromalio
2095 1910 2188 1962 ho.

590 2024 762 2078 milias
791 2019 1071 2087 nonaginta
1102 2013 1397 2084 adjudicat,
1425 2025 1542 2079 quae
1577 2010 1717 2062 inter
1748 2021 1910 2074 Opera
1941 2003 2185 2072 Chryse.

591 2114 752 2176 stoini
781 2111 946 2169 edita:
987 2117 1113 2163 sunt
1142 2124 1154 2158 :
1185 2105 1270 2159 cui
1315 2113 1496 2157 tamen
1537 2099 1777 2154 calculos
1807 2107 2027 2152 nostros
2057 2093 2191 2166 adji-

591 2225 718 2270 cere
768 2222 874 2262 non
926 2204 1071 2260 licet.
1117 2201 1244 2270 Ejus
1288 2199 1453 2253 etiam
1500 2194 1891 2267 Expositionem
1925 2189 2190 2246 Orationis

593 2300 883 2358 Dominica:
922 2295 1065 2351 sistit
1107 2289 1402 2346 lienicbius
1444 2296 1596 2360 parte
1633 2286 1675 2340 ll
1712 2285 1959 2338 Historite
2001 2281 2188 2335 Eccle-

590 2391 849 2456 siasticae,
883 2396 940 2442 nt
971 2387 1141 2441 refert
1161 2381 1465 2438 Gottt'ridus
1493 2377 1741 2432 Olearins
1773 2377 1826 2428 in
1857 2371 2189 2428 Bibliotheca

590 2488 922 2558 scriptorum
952 2500 963 2535 :
996 2494 1106 2551 quo
1129 2478 1196 2534 de
1228 2490 1397 2547 opere
1427 2472 1631 2528 mentio
1661 2469 1796 2524 infra
1831 2473 2098 2523 recurret.

663 2582 782 2642 Alia
815 2577 1061 2634 feruntur
1087 2586 1276 2644 opera,
1299 2569 1381 2624 vel
1408 2566 1586 2638 potius
1615 2578 1841 2634 operum
1863 2560 2192 2628 fragmenta,

583 2674 685 2730 sub
716 2673 833 2740 ejus
866 2665 1083 2721 nomine
1107 2661 1308 2730 smpius
1331 2660 1570 2728 vulgata,
1595 2670 1716 2726 qum
1743 2663 1892 2708 tonio
1922 2651 1961 2705 V
1996 2650 2195 2706 llihlin-

588 2769 762 2824 theca:
785 2763 1005 2817 Patrum
1028 2751 1412 2825 Lugdunensis
1448 2750 1552 2804 hoc
1576 2748 1769 2802 ordine
1799 2750 2157 2799 recensentur
2181 2759 2192 2793 :

591 2859 633 2914 1.
669 2856 744 2911 De
774 2865 889 2908 octo
925 2845 1344 2904 Beatitudinibus
1364 2885 1378 2909 ,
1408 2859 1496 2896 seu
1527 2842 1580 2894 in
1605 2848 1755 2910 caput
1787 2837 2019 2912 quintum
2060 2831 2197 2886 illat-

499 2999 504 3003 .
590 2950 730 3008 litari.
775 2946 834 3004 Ii.
885 2942 950 3000 In
998 2948 1152 3014 caput
1205 2938 1439 3009 quintum
1478 2935 1737 3003 integrum
1780 2926 2018 3002 ejusdem
2058 2924 2197 2984 Mot-

591 3042 746 3103 thwi,
796 3054 857 3093 ac
905 3042 1107 3104 partem
1133 3030 1320 3101 cupitis
1365 3027 1520 3082 sexti.
1565 3023 1647 3079 ιιι.
1684 3021 1750 3076 In
1787 3029 1945 3085 caput
1991 3019 2195 3072 tertium

2291 1816 2646 1884 Augustinus,
2683 1813 2969 1883 inquiens,
3019 1813 3290 1886 episcopus
3334 1809 3677 1879 Aquileiensis
3727 1810 3893 1866 intro-

2290 1909 2491 1960 nizatus
2527 1917 2600 1961 est
2631 1922 2768 1960 amto
2797 1905 2860 1958 ab
2890 1903 3266 1960 Incarnatione
3309 1903 3521 1958 Domini
3562 1903 3728 1957 nostri
3763 1901 3893 1958 Jesu

2291 1998 2486 2058 Christi
2519 1999 2643 2065 407,
2675 2001 2795 2071 quia
2823 1998 2964 2070 plebs
2994 1998 3252 2052 catholica
3279 2013 3346 2051 ea:
3373 1996 3726 2052 Borburorum
3752 1996 3900 2050 inra-v

2289 2092 2435 2145 sione
2463 2091 2746 2162 plurimum
2777 2091 2971 2162 agitata
2995 2132 3008 2156 ,
3040 2106 3142 2142 una
3183 2106 3300 2144 cum
3340 2089 3490 2146 Claro
3531 2088 3598 2144 ad
3639 2088 3762 2160 fidei
3789 2103 3900 2146 sua:

2290 2184 2467 2248 robur,
2521 2183 2658 2236 hunc
2702 2184 2900 2254 origine
2946 2182 3395 2246 Beneventanum,
3440 2185 3605 2236 virum
3648 2181 3899 2238 orthodo-

2291 2293 2451 2345 xam,
2502 2287 2547 2330 et
2595 2273 2801 2328 Divinis
2844 2275 3135 2345 Scripturis
3180 2277 3305 2329 satis
3355 2275 3650 2339 eruditum,
3701 2275 3797 2328 sibi
3844 2275 3898 2328 in

2295 2369 2602 2438 Ponti/iaetu
2661 2368 2946 2440 elegerunt.
3010 2369 3410 2423 Brevissimum
3467 2376 3555 2426 est
3608 2369 3897 2436 elogium,

2293 2464 2435 2536 quod
2487 2464 2536 2522 in
2586 2463 2864 2516 Chronico
2918 2462 3266 2532 Aquileiensi
3323 2463 3564 2532 legitur:
3597 2460 3901 2518 Chrontatio

2292 2557 2539 2610 successit
2564 2557 2888 2626 Augustinus
2915 2554 3217 2628 patriarcha
3237 2597 3250 2620 ,
3282 2556 3369 2620 qui
3398 2565 3513 2626 post
3542 2572 3708 2610 annos
3741 2557 3809 2611 i9
3839 2558 3900 2611 ab

2291 2649 2620 2702 ordinatione
2641 2666 2770 2713 sua,
2813 2659 2964 2703 aucto
3005 2649 3196 2722 populo
3240 2647 3372 2716 Dei,
3417 2665 3537 2706 cum
3582 2647 3795 2704 Sanctis
3843 2649 3901 2704 in

2297 2757 2424 2810 pace
2451 2740 2664 2808 quievit.

2364 2833 2526 2888 Sedis
2578 2835 2794 2890 initium
2853 2834 3058 2902 pendet
3099 2850 3164 2888 ex
3207 2851 3354 2890 anno
3396 2834 3692 2890 emortuali
3730 2833 3902 2892 Cbro~

2294 2925 2448 2979 matii
2511 2927 2742 2980 inferius
2803 2927 3166 2998 designandi».
3227 2927 3366 2982 Tum
3419 2943 3551 2983 vero
3606 2927 3899 2997 imperium

2297 3019 2540 3073 Orientis
2593 3020 2772 3074 adhuc
2827 3022 3053 3075 tenebat
3105 3021 3408 3087 Arcadius,
3466 3021 3553 3076 cui
3602 3036 3752 3074 anno
3799 3021 3905 3077 408

591 3129 849 3186 ΜαιιΙιιεὶ.
885 3125 1122 3180 Primum
1158 3117 1480 3188 opusculum
1516 3125 1597 3169 est
1626 3111 1870 3175 humilia,
1901 3109 2189 3163 occnSimIe
2219 3111 2264 3173 C
2297 3124 2417 3182 post
2458 3113 2722 3168 calendas
2766 3113 2936 3168 maias
2976 3113 3162 3180 jnnior
3192 3113 3545 3172 Theodosius
3591 3113 3901 3168 successit:

591 3220 958 3277 nundinarum
992 3213 1200 3266 habita.
1230 3208 1424 3276 incipit
1454 3225 1466 3258 :
1499 3204 1601 3258 Dat
1633 3203 1799 3266 nobis,
1828 3203 2040 3272 fratres,
2072 3215 2192 3251 con-

592 3322 771 3368 ventus
802 3309 885 3362 hic
916 3305 1128 3374 populi,
1173 3310 1220 3355 et
1261 3308 1516 3353 mercatus
1557 3295 1844 3368 frequentia
1872 3293 2193 3346 occasionem

598 3400 921 3477 praponendi
976 3395 1224 3452 sermonis
1304 3389 1621 3461 Evangelici.
1693 3387 1954 3456 Seligitur
2011 3399 2194 3439 sermo

593 3476 795 3557 Christi
857 3491 996 3562 apud
1048 3485 1362 3544 Matthmum
1417 3483 1486 3537 de
1545 3491 1672 3536 octo
1731 3476 2191 3533 Beatitndinibus.

599 3589 846 3647 Desinit:
880 3583 948 3640 Ut
977 3593 1147 3636 autem
1178 3577 1340 3631 verbis
1384 3575 1504 3644 ﬁnis
1549 3590 1664 3627 cum
1715 3572 2022 3643 prmfatione
2072 3586 2196 3623 con.-

598 3682 809 3742 cordet,
857 3678 901 3731 si
951 3684 1022 3729 est
1067 3670 1320 3746 gaudium
1365 3665 1737 3720 mercatoribus
1785 3674 1996 3732 promer
2048 3664 2196 3716 lucra

599 3772 875 3848 praesentia
902 3778 948 3822 et
974 3766 1190 3827 caduca,
1222 3761 1384 3830 magis
1413 3758 1729 3829 gaudeamus
1771 3771 1946 3810 omnes
1978 3765 2022 3808 et
2058 3756 2198 3808 lecte-

601 3847 706 3924 mur
770 3864 888 3933 quia
930 3859 1057 3913 tales
1106 3853 1311 3908 Domini
1349 3850 1500 3904 hodie
1528 3849 1812 3903 invenimus
1846 3847 2155 3917 margaritas
2181 3888 2194 3911 ,

599 3957 783 4032 quibus
813 3953 956 4006 nulla
985 3947 1178 4017 possint
1225 3947 1357 3998 bona
1387 3943 1560 3995 StL’Cllll
1592 3957 1886 4010 comparari
1924 3981 1935 3994 .
1969 3939 2113 4004 Quas
2144 3947 2200 3990 ut

603 4031 896 4121 acquirere,
947 4042 1208 4102 obtinere,
1258 4036 1518 4109 possidere
1572 4048 1881 4094 mereamur,
1941 4031 2199 4084 auxilium

605 4142 749 4199 nobis
779 4150 822 4194 et
853 4136 1018 4208 gratia
1047 4147 1162 4185 cum
1191 4131 1374 4184 virtute
1405 4128 1467 4180 ab
1494 4128 1607 4194 ipso
1633 4123 1854 4176 Domino
1879 4123 2194 4188 postulanda

605 4245 701 4298 est,
730 4231 813 4287 cui
835 4230 898 4284 sit
927 4225 1092 4298 gloria
1122 4225 1174 4276 in
1197 4221 1386 4276 swcula
1413 4218 1737 4273 swculorum.
1760 4217 1939 4270 Amen.
1964 4215 2199 4269 Doxolo-

607 4329 750 4400 giam
777 4318 1174 4377 animadverte.

681 4420 811 4486 Qun:
838 4414 948 4469 duo
973 4416 1290 4477 sequuntur.
1323 4405 1622 4470 fragmenta
1663 4409 1787 4454 sunt
1824 4400 2202 4454 commentarii

2297 3204 2628 3274 regebatque
2665 3206 2936 3259 llonorius
2967 3206 3234 3260 Occiduas
3270 3217 3456 3276 partes
3479 3245 3492 3268 ,
3525 3219 3662 3275 quas
3705 3205 3903 3260 Barba-

2296 3312 2482 3352 rorutn
2519 3297 2690 3354 turba:
2726 3298 3175 3367 poj‘inlationibns
3201 3307 3255 3364 et
3288 3295 3559 3356 incendiis
3588 3299 3902 3354 vastabant.

2300 3391 2480 3443 Patria
2512 3388 2932 3444 Beneventanum
2973 3401 3134 3444 vocat
3174 3389 3538 3461 Augustinum
3584 3389 3900 3454 llandulus;

2295 3485 2458 3553 cujus
2489 3486 2566 3537 rei
2600 3494 2746 3538 certa
2771 3527 2784 3547 ,
2814 3499 2876 3537 ac
2909 3495 3119 3539 vetusta
3149 3485 3349 3539 desunt
3378 3495 3755 3542 monumenta.
3788 3483 3897 3538 Nu-

2297 3578 2606 3632 chdecim
2641 3578 2789 3633 sedis
2839 3594 3013 3634 annos
3065 3589 3316 3634 numerat
3367 3578 3677 3636 Chronimu
3723 3580 3892 3648 Aqui-

2299 3669 2504 3724 lciense
2530 3687 2543 3736 ;
2574 3687 2766 3724 novem
2791 3672 2929 3724 alios
2969 3671 3118 3725 addit
3156 3671 3434 3728 cbronisla
3461 3670 3702 3726 Vnietns
3730 3689 3742 3724 :
3782 3672 3894 3726 Au-

2300 3765 2537 3840 gustinus
2560 3805 2575 3830 ,
2610 3765 2860 3834 inquiens
2881 3807 2894 3830 ,
2935 3765 3227 3835 Episcopus
3259 3766 3528 3838 Aquiltic,
3557 3781 3665 3820 sua:
3695 3765 3900 3820 inthra.

2303 3857 2576 3910 nizationis
2607 3872 2744 3908 anno
2771 3856 2840 3910 28
2873 3857 3151 3924 defunctus
3195 3868 3290 3920 est.

2374 3946 2694 4002 Chromatio
2727 3965 2831 4001 non
2870 3952 3231 4019 Augustinum
3257 3991 3271 4016 ,
3307 3949 3402 4008 sed
3433 3949 3675 4006 Nieetam
3712 3966 3908 4008 nume-

2305 4049 2386 4094 rat
2416 4040 2728 4098 Immeiliate
2771 4041 3059 4102 sull'eetum
3107 4043 3371 4114 Ugbellus
3417 4045 3470 4099 in
3514 4045 3666 4104 ltalia
3709 4045 3904 4101 Sacra.

2306 4132 2536 4188 Errasse
2566 4136 2741 4188 virum
2769 4176 2782 4199 ,
2820 4135 2963 4189 bene
2994 4144 3050 4190 et
3081 4138 3290 4204 optime
3321 4138 3388 4192 de
3432 4138 3697 4194 Ecclesiis
3739 4139 3908 4194 halitu

2309 4226 2563 4279 meritum
2587 4265 2600 4287 ,
2631 4227 2888 4281 evincunt
2919 4227 3152 4298 allegzita
3189 4231 3452 4291 chronica
3481 4273 3496 4297 ,
3537 4232 3736 4302 quibus
3776 4248 3908 4286 con-

2307 4331 2466 4375 sonat
2495 4322 2776 4391 catalogus
2808 4321 3240 4391 Forojuliensis,
3278 4342 3438 4395 quem
3480 4327 3634 4394 juxta
3677 4327 3910 4382 formam

2311 4414 2691 4484 diptycborum
2739 4415 3049 4469 confectura
3105 4419 3569 4480 memoravimus.
3619 4433 3682 4473 ac
3733 4421 3908 4488 primo

610 4517 664 4570 in
697 4507 1045 4578 Evangelinm
1078 4498 1339 4556 Mattha‘i.
1374 4496 1674 4566 DoXtiIogia
1714 4497 1965 4566 superius
1999 4512 2205 4550 mcmo-
2229 4503 2282 4562 D
2310 4503 2430 4560 loco
2464 4505 2654 4561 damus
2688 4506 2737 4559 in
2770 4508 3096 4575 appendice.
3141 4507 3256 4560 Alia
3301 4508 3459 4563 nobis
3502 4519 3667 4566 erunt
3710 4512 3906 4566 certis-

611 4618 752 4668 rala,
783 4617 887 4674 qua
917 4597 1037 4652 linis
1067 4592 1367 4660 imponitur
1395 4588 1633 4643 humilia}
1663 4588 1725 4642 de
1763 4599 1876 4642 octo
1914 4587 2208 4642 Beatitudi-

610 4701 786 4762 nibus,
825 4688 1161 4762 frequentius
1201 4685 1396 4754 legitur
1443 4684 1495 4736 in
1531 4681 1742 4736 duobus
1791 4681 2012 4750 reliquis
2063 4686 2206 4752 frag-

613 4789 829 4850 mentis,
853 4792 946 4840 aut
966 4781 1170 4844 eisdem
1193 4785 1287 4830 aut
1308 4774 1682 4830 consimilibus
1703 4774 1884 4828 verbis
1906 4786 2204 4844 concepta:

615 4897 828 4950 nempe,
847 4877 939 4929 (.‘ui
958 4876 1072 4928 laus
1106 4880 1146 4923 et
1178 4869 1345 4937 gloria
1365 4869 1415 4919 in
1442 4868 1632 4921 sa’cula
1661 4867 1988 4928 swculorum,
2015 4868 2208 4932 Amen;

613 4978 695 5031 vel
723 4973 816 5028 Cui
867 4978 941 5022 est
982 4966 1167 5026 honor,
1207 4964 1347 5018 laus.
1390 4969 1438 5011 et
1479 4958 1649 5028 gloria
1687 4974 1788 5010 una
1838 4975 1950 5011 cum
1995 4958 2201 5020 Spiritu

615 5070 807 5125 Sancto
833 5070 951 5114 ante
1002 5055 1176 5110 omnia
1209 5050 1427 5112 stecula,
1472 5059 1518 5103 et
1547 5066 1683 5102 nunc
1712 5060 1761 5103 et
1795 5067 2012 5120 semper,
2061 5061 2106 5102 et
2152 5052 2203 5102 in

615 5159 806 5218 strcula
841 5151 1170 5208 saeculorum.
1223 5145 1415 5207 Amen;
1462 5143 1546 5196 vel
1585 5141 1782 5208 Quicst
1830 5143 2124 5198 benedictus
2152 5144 2203 5196 in

611 5252 838 5315 saecula;
875 5244 956 5303 vel
995 5240 1095 5308 Qui
1142 5247 1214 5294 est
1251 5235 1544 5290 benedictus
1573 5235 1626 5288 in
1653 5237 1842 5288 scccula
1873 5236 2202 5300 sa'culorum,

609 5351 794 5404 Amen.
845 5340 1087 5404 Itemque
1128 5331 1349 5385 demum
1393 5327 1483 5380 illa
1531 5326 1696 5382 verba
1742 5326 2056 5380 habentur:
2102 5325 2206 5380 Ρω-

611 5440 873 5495 Christum
921 5427 1198 5482 Dominum
1235 5431 1486 5476 nostrum.
1521 5420 1658 5474 Hinc
1699 5419 1807 5472 duo
1851 5421 2200 5490 Colliguntur.

606 5535 792 5592 Primo
835 5525 1092 5584 videntur
1132 5512 1524 5574 Commentarii
1573 5515 1624 5568 in
1670 5513 1911 5567 Itatuilias
1966 5514 2149 5568 tributi
2187 5531 2198 5567 :

598 5641 722 5695 inire
746 5623 900 5694 juxta
930 5625 1215 5670 numerum
1248 5604 1494 5674 repetitae
1528 5603 1873 5673 Doxologire,
1904 5602 2096 5661 decem
2142 5614 2197 5661 et

593 5726 803 5784 septem
856 5707 940 5762 vol
989 5702 1151 5758 etiam
1199 5695 1504 5753 octodecim
1561 5696 1988 5767 distinguuntur.
2045 5697 2193 5754 Hanc

2307 4597 2439 4648 sima
2473 4600 2680 4650 erroris
2709 4606 3031 4666 argtnnenta
3061 4600 3392 4672 proferenda
3418 4643 3431 4668 ,
3463 4616 3585 4656 cum
3617 4603 3685 4657 de
3715 4601 3905 4660 Niceta

2307 4688 2575 4759 agendum
2610 4687 2798 4742 fuerit.

2383 4778 2467 4832 Ill.
2519 4780 2594 4833 De
2625 4780 2778 4833 obitu
2812 4780 3114 4836 Cbromalii
3151 4784 3378 4839 nimium
3412 4785 3609 4841 dolens
3639 4786 3865 4843 Ruﬁnus
3887 4831 3900 4854 ,

2306 4887 2509 4941 anceps
2557 4873 2831 4938 halrebtt,
2867 4891 2932 4927 an
2967 4875 3232 4945 Aquileia:
3280 4894 3490 4932 moram
3546 4885 3762 4934 trahere
3809 4882 3903 4936 (le-

2309 4965 2498 5028 heret,
2533 4981 2598 5018 an
2641 4967 2766 5018 alibi
2801 4969 3095 5035 qua~rentla
3138 4970 3296 5024 sedes
3338 4973 3517 5026 foret:
3563 4972 3903 5044 Romamque

2304 5067 2492 5128 petere
2541 5074 2662 5112 cum
2715 5063 3044 5126 cogitasset,
3098 5061 3212 5116 lia-c
3262 5063 3337 5117 illi
3369 5075 3550 5120 tamen
3597 5080 3745 5120 Cvt‘ttt
3794 5084 3902 5123 non

2306 5150 2590 5206 insi-debat
2627 5153 2810 5205 animo
2853 5155 3153 5210 sententia.
3201 5157 3314 5214 Iloc
3350 5159 3703 5227 intelligenda
3736 5176 3902 5216 sensu

2306 5253 2560 5314 putamus
2605 5246 2813 5298 Paulini
2839 5246 3031 5300 Nolani
3059 5250 3246 5313 verba,
3273 5268 3394 5320 quae
3424 5252 3476 5304 in
3501 5252 3626 5322 ejus
3667 5256 3901 5322 episuila

2307 5334 2662 5399 46,ῖι1ἱ;ι547,
2684 5338 2746 5392 ad
2769 5337 3018 5415 [inlinunt
3052 5340 3199 5406 data,
3236 5342 3465 5412 legimus
3497 5363 3508 5396 :
3546 5345 3702 5399 Nunc
3734 5364 3818 5400 tos
3845 5349 3902 5403 in

2309 5433 2437 5479 cestu
2449 5428 2838 5494 sollicitudinis,
2853 5441 2899 5484 et
2923 5432 3122 5488 incerto
3145 5450 3430 5501 morarum,
3457 5436 3678 5491 Romam
3697 5442 3799 5508 peti
3802 5443 3902 5511 ju-

2304 5516 2537 5578 dicastis.
2567 5519 2828 5587 Quaenam
2858 5523 2961 5578 alia
2997 5525 3158 5579 fuerit
3187 5542 3352 5581 causa
3378 5569 3390 5590 ,
3428 5537 3487 5583 ut
3523 5538 3658 5585 aestu
3690 5532 3901 5586 sollici—

2299 5613 2501 5668 tudinis
2535 5616 2842 5681 laboraret,
2889 5633 2951 5673 ac
2981 5619 3222 5676 incertus
3267 5633 3321 5677 et
3364 5639 3567 5696 anceps
3611 5625 3900 5682 ﬂuctuaret

2297 5705 2525 5762 Ruﬁnus
2578 5710 2666 5764 ubi
2713 5710 3107 5780 diversarelur,
3162 5715 3624 5784 nisiChromatii
3671 5720 3896 5776 obitus?
