4210 6190
471 224 576 296 tsi

1447 229 1536 288 DE
1574 227 1634 288 S.
1675 223 2080 285 CHROMATIO
2119 224 2334 286 EPISC.
2366 220 2812 294 AQUILEIENSI

3676 219 3781 278 ιω

479 346 962 420 Ilieronymianum
1012 353 1069 402 et
1122 344 1454 400 Gellonense
1499 342 1641 412 apud
1703 342 2029 398 Dacherium
2057 383 2072 407 ,
2102 341 2265 404 Adie
2307 342 2338 395 ὕ
2387 340 2518 394 Maii
2552 339 2677 394 anni
2722 317 3036 407 insequentis
3081 334 3224 404 589,
3271 348 3334 390 ac
3385 332 3548 390 etiam
3577 332 3778 400 Legem

478 442 829 498 Labbeanum
882 449 936 494 et
985 439 1298 494 Auctarium
1330 435 1678 498 Usuardi,et
1726 435 1888 490 Bcdae
1936 434 2076 504 apud

478 535 687 593 laudati
713 532 956 590 Bollandi
983 532 1421 585 Continuatores.
1466 527 1830 592 Valentinum,
1855 543 2080 598 corrup-

484 639 542 682 to
571 626 784 682 scilicet
826 623 1087 678 Valeriani
1131 621 1348 677 nomine
1390 620 1651 676 exhibent
1697 620 2079 691 Martyrologia

484 720 908 788 Antuerpieuse,
955 726 1010 772 et
1046 715 1275 779 Babani,
1324 731 1353 768 a
1406 715 1745 770 Florentinio
1787 716 1946 770 citata
1978 755 1992 777 ,
2027 725 2083 769 et

481 811 919 868 Itirhcnoviensc
949 826 986 864 ιι
1030 811 1098 864 ab
1128 809 1338 865 eisdem
1369 807 1739 864 Bollaudianis
1781 809 2080 877 vulgatum.

553 903 636 961 Ad
663 919 865 958 annum
913 903 1096 958 obitus
1124 901 1269 973 quod
1313 902 1538 967 attinet,
1571 917 1634 956 ac
1677 899 2081 955 successionem

485 997 773 1054 cltromatii
805 999 855 1052 in
885 997 1080 1051 Sedem
1115 995 1544 1065 Aquileiensem,
1575 995 1646 1048 ita
1673 992 2005 1048 disserebam
2029 993 2081 1046 in

487 1092 853 1148 Monumentis
899 1090 1079 1160 eapite
1111 1089 1199 1156 10,
1233 1107 1384 1145 num.
1425 1091 1475 1145 1.
1515 1109 1532 1142 ι
1573 1089 1686 1144 lloc
1713 1105 1849 1143 anno
1875 1088 2085 1143 cadente

485 1189 626 1256 588,
663 1190 744 1243 vel
791 1188 954 1242 etiam
1001 1187 1204 1240 ineunte
1244 1203 1384 1240 anno
1423 1186 1563 1248 589,
1597 1185 1933 1239 diversatum
1965 1197 2086 1237 esse

487 1281 817 1336 Ambrosium
844 1278 1095 1348 Aquileite
1125 1277 1402 1333 novimus:
1432 1277 1577 1332 unde
1607 1276 1917 1346 conjeCIura
1946 1273 2086 1328 sumi

483 1384 665 1445 potest
686 1415 700 1437 ,
729 1389 849 1428 eam
883 1376 933 1427 in
970 1371 1166 1428 lbbem
1200 1371 1502 1442 profectqu
1526 1386 1649 1424 esse
1678 1369 2084 1425 sanctissimum

485 1466 785 1521 antistitem
829 1463 897 1517 ad
927 1465 1042 1518 novi
1087 1464 1315 1536 episcopi
1355 1463 1814 1518 consecrationem.
1850 1461 2086 1515 Primum

483 1576 586 1614 nos
616 1557 774 1612 docet
807 1556 1064 1612 Paulinus
1093 1559 1144 1611 itt
1174 1556 1454 1611 Ambrosii
1487 1555 1603 1611 Vita
1624 1598 1637 1620 ,
1673 1572 1820 1609 Itum.
1854 1555 1944 1619 21,
1981 1553 2090 1609 Ex-

485 1651 676 1704 stincto
692 1647 745 1703 Μ
752 1651 946 1712 aximo,
973 1649 1246 1716 inquiens,
1265 1649 1435 1715 posito
1451 1645 1742 1700 Theodosio
1767 1645 1791 1698 Ι
1803 1657 2090 1712 mperatore

2179 448 2266 486 six
2300 430 2376 485 De
2409 431 2710 492 "tt'rclicis,
2739 431 2772 484 ϐ
2799 429 2917 485 Kal.
2945 421 3289 493 Decembris,
3323 441 3419 482 seu
3453 426 3537 480 die
3560 424 3632 480 26
3665 423 3781 478 No-

2181 525 2419 578 vembris.
2449 523 2585 578 lliuc
2614 537 2746 576 vero
2772 521 2976 589 colligit
3010 519 3378 582 Fontaninus,
3412 515 3784 571 Theodosium

2182 631 2327 670 anno
2355 616 2460 671 588
2500 615 2766 686 Aquileia:
2812 613 3125 668 substitisse
3157 612 3246 667 die
3293 610 3365 664 26
3412 609 3782 680 Septembris,

2181 708 2487 779 eodemque
2514 724 2660 764 anno
2689 715 2966 763 versatum
3007 721 3129 761 esse
3155 704 3445 760 Mediolani
3475 703 3560 759 die
3590 702 3656 760 10
3682 702 3786 758 0c-

2185 803 2380 858 tobris.

2262 912 2280 944 ι
2311 893 2428 963 Quo
2456 894 2631 962 spatio
2660 894 2921 963 temporis
2967 893 3254 958 interjecto
3281 891 3606 948 Ambrosius
3647 892 3785 965 (Viri

2184 984 2328 1040 docti
2358 987 2520 1039 verba
2540 984 2713 1055 sunt),
2748 985 2998 1039 exstincto
3030 983 3280 1050 Maximo,
3305 990 3472 1053 posita
3492 983 3782 1039 Theodosio

2185 1077 2510 1146 Imperatore
2565 1077 2896 1144 Mediolani,
2939 1086 2998 1133 ut
3040 1079 3115 1132 ait
3169 1078 3455 1144 Paulinus,
3491 1078 3783 1148 Aquileiam

2188 1171 2538 1238 properavit:
2568 1169 2705 1223 alias
2733 1171 2784 1224 in
2813 1170 3072 1224 alterutra
3102 1169 3270 1235 urbe,
3297 1185 3403 1223 non
3432 1171 3626 1225 litteris
3647 1213 3661 1235 ,
3687 1171 3785 1226 sed

2189 1274 2373 1316 coram
2405 1261 2468 1313 de
2509 1259 2773 1332 Rescripta
2803 1261 2856 1314 in
2895 1261 3213 1316 Christianos
3260 1259 3548 1316 Mediolani
3576 1262 3785 1332 vulgato

2190 1351 2332 1422 apud
2385 1354 2680 1422 Augustum
2732 1353 3149 1421 expostulasset.
3186 1372 3205 1405 ι
3239 1353 3374 1407 Τιιιιι
3423 1355 3787 1410 corisuleudos

2191 1444 2448 1499 admonet
2502 1444 2904 1499 Sammaurteos
2940 1444 3210 1500 Auctores
3264 1446 3642 1501 Admouitionis
3689 1463 3786 1514 pro

2191 1533 2383 1588 ordine
2404 1535 2759 1601 epistularum
2790 1538 2961 1590 sancti
2994 1537 3268 1590 Ambrosii
3300 1537 3328 1608 ᾗ
3360 1537 3420 1590 11
3440 1580 3454 1599 ,
3485 1537 3671 1603 εἰοιιιιθ
3693 1537 3788 1593 de.

2192 1641 2339 1679 mum
2387 1625 2501 1681 ait:
2561 1645 2579 1677 ι
2631 1626 2767 1680 Cum
2818 1635 3001 1682 autem
3045 1627 3126 1699 (ut
3169 1627 3428 1697 vidimus)
3487 1625 3788 1682 Valerianus

490 1742 803 1808 Mediolani,
828 1743 1097 1796 Ambrosio
1124 1758 1239 1796 rcro
1261 1743 1501 1810 episcopo
1521 1742 1800 1795 constituto
1818 1740 2092 1810 Aquileia);
2123 1733 2171 1793 B
2199 1722 2382 1776 σθίενίί
2420 1723 2502 1776 die
2528 1722 2636 1778 260
2677 1722 2982 1777 Νουεηιῦνίδ
3010 1740 3030 1789 ἕ
3077 1723 3202 1777 “ille
3241 1736 3490 1778 COIls'm‘e
3510 1765 3525 1786 ν
3557 1723 3792 1778 Αηιιντο·

485 1835 635 1890 dedit
663 1837 776 1904 ipse
808 1834 1134 1890 Ambrosius
1161 1833 1229 1888 ad
1274 1834 1658 1902 imperatorem
1689 1831 1972 1899 epistolam
1993 1871 2006 1893 ,
2036 1831 2088 1884 in

486 1929 728 1984 editione
761 1927 1064 1982 Nonrriana
1085 1925 1185 1986 40.
1218 1936 1275 1978 ιιι
1302 1927 1476 1992 ipsum
1509 1940 1538 1978 a
1572 1923 1841 1979 sententia
1871 1937 2093 1977 revoca-

485 2032 574 2078 ret
605 2022 667 2075 de
701 2037 968 2093 synagoga
993 2020 1218 2089 quadam
1242 2016 1549 2072 Judtcorum
1579 2017 1646 2070 ab
1675 2017 1929 2086 episeopo
1961 2015 2093 2071 Cas-

489 2116 560 2170 tri
589 2113 838 2169 Calliniei
884 2111 1297 2172 reaeditieauda,
1326 2109 1502 2179 deque
1547 2108 1821 2164 Monacbis
1873 2109 1962 2177 qui
2011 2112 2091 2178 {a-

491 2224 614 2262 num
654 2205 1138 2260 Valentinianorum
1165 2201 1548 2258 Hazreticorum
1568 2243 1583 2269 ,
1615 2202 1684 2257 ab
1721 2202 1786 2255 iis
1812 2211 2096 2255 contume-

488 2300 562 2358 lia
627 2299 907 2370 provocati
977 2296 1376 2360 incenderant,
1434 2296 1701 2365 supplicio
1770 2293 2093 2348 alliciendis.

499 2395 664 2466 Atqui
706 2402 858 2448 certo
902 2391 1206 2461 colligimus
1246 2407 1312 2446 ex
1341 2390 1543 2445 Codice
1571 2388 1950 2444 Theodosiano
1971 2427 1985 2449 ,
2017 2388 2098 2456 ip-

492 2503 614 2543 sum
671 2489 969 2558 Augustum
999 2485 1366 2541 Theodosium
1403 2483 1638 2539 nondum
1671 2484 1754 2537 die
1783 2499 1855 2537 xu
1891 2483 2008 2553 (seu
2041 2483 2094 2551 κ)

493 2579 623 2636 Kal.
657 2581 892 2636 Octobris
933 2579 1063 2648 (hoc
1109 2588 1192 2633 est
1237 2578 1326 2632 die
1356 2577 1427 2633 20
1473 2588 1564 2630 aut
1613 2575 1685 2630 22
1733 2571 2094 2644 Septembris)

491 2674 624 2729 anni
669 2673 776 2729 588
821 2672 1144 2726 discessisse
1190 2671 1482 2738 Aquileia:
1535 2670 1823 2740 ipsumque
1869 2684 1920 2722 v1
1967 2665 2095 2720 Idus

494 2765 726 2839 ejusdem
749 2765 935 2820 mensis
951 2765 1064 2833 jam
1092 2763 1458 2820 Mediolanum
1489 2763 1722 2828 venisse,
1751 2777 1852 2831 qua
1881 2759 1934 2814 in
1964 2758 2097 2814 urbe

491 2877 671 2932 usque
712 2859 779 2914 ad
809 2858 1008 2914 Maium
1048 2856 1390 2926 insequentis
1419 2855 1547 2910 am.i
1589 2863 1961 2908 commoratus
1989 2861 2093 2908 est.

490 2953 683 3023 Itaque
712 2952 1034 3009 Ambrosius
1059 2961 1197 3005 'auno
1243 2949 1458 3004 cadente
1483 2946 1618 3011 588,
1647 2947 1732 3000 vel
1762 2947 1968 3000 ineunte
1987 2986 2002 3010 ,
2036 2960 2097 2998 ac

492 3045 717 3112 incepto
737 3043 876 3109 589,
919 3042 1176 3096 manebat
1225 3039 1532 3110 Aquileiae:
1578 3039 1759 3106 ibique
1811 3037 2094 3108 allegatum

2196 1814 2337 1871 simu
2364 1825 2512 1879 ante,
2538 1831 2644 1869 non
2670 1826 2790 1885 post
2816 1816 3020 1870 obitum
3055 1814 3329 1870 Valeriani
3356 1815 3641 1881 Aquileiam
3671 1826 3790 1886 pro-

2197 1910 2424 1977 fectum;
2459 1908 2690 1978 ideoque
2719 1909 2877 1963 aliam
2923 1909 2983 1963 ob
3031 1926 3242 1963 causam
3269 1951 3282 1974 ,
3315 1925 3472 1980 quam
3523 1910 3593 1964 ob
3623 1907 3790 1965 Chro-

2197 2003 2412 2054 matium
2446 2001 2727 2057 Valeriano
2749 2003 3137 2073 subrogandum
3157 2046 3171 2068 ,
3201 2005 3290 2074 qui
3321 2005 3551 2058 nondum
3581 2020 3647 2060 ex
3691 2005 3792 2060 hac

2197 2091 2306 2146 vita
2336 2093 2678 2162 migraverat.
2718 2113 2737 2146 ι

2270 2184 2490 2240 Minime
2534 2197 2695 2254 puto,
2735 2188 2959 2258 spatium
3009 2187 3254 2257 temporis
3279 2228 3293 2250 ,
3330 2202 3443 2258 quo
3489 2186 3791 2257 Aquileiam

2200 2277 2510 2344 properavit
2538 2275 2882 2346 Ambrosius,
2908 2277 3038 2331 illud
3065 2279 3293 2348 intelligi
3323 2279 3462 2349 quod
3496 2279 3636 2333 inter
3658 2279 3792 2333 diem

2196 2367 2266 2422 26
2298 2366 2613 2440 Septembris
2660 2369 2847 2436 ﬂuxit,
2880 2386 2943 2424 ac
2982 2370 3117 2424 diem
3150 2371 3218 2427 10
3247 2369 3522 2426 Octobris:
3546 2371 3793 2442 adeoque

2199 2470 2309 2516 tota
2342 2477 2601 2517 corruere
2640 2462 2858 2518 videtur
2899 2462 3190 2518 Fontauiui
3238 2464 3606 2518 ratiocinatio.
3641 2463 3796 2520 Samo

2200 2556 2422 2610 maurzci
2451 2555 2706 2611 Editores
2735 2556 2968 2625 Operam
2994 2557 3165 2611 sancti
3197 2555 3501 2624 Ambrosii,
3538 2571 3671 2626 quos
3695 2557 3794 2612 hac

2197 2648 2267 2704 de
2297 2665 2356 2703 re
2402 2649 2768 2704 consulendos
2797 2650 2979 2717 jubet,
3007 2658 3266 2720 quantum
3298 2664 3484 2704 eorum
3517 2664 3580 2704 ex
3614 2650 3794 2704 verbis

2199 2742 2482 2811 intelligo,
2523 2760 2629 2797 non
2672 2742 3053 2798 adversantur.
3095 2763 3113 2794 ι
3159 2741 3515 2798 Statuendum
3567 2742 3789 2812 itaque,

2201 2836 2502 2908 (inquiunt)
2541 2837 2674 2891 hanc
2719 2837 2992 2908 epistolam
3037 2836 3162 2910 (ιι,
3210 2852 3372 2906 supra
3413 2836 3794 2907 memoratam)

2200 2938 2318 3004 tunc
2343 2929 2584 3000 temporis
2609 2927 2773 2984 fuisse
2821 2929 3113 2997 scriptam,
3142 2945 3265 2984 cum
3298 2929 3580 2999 proﬂigato
3629 2930 3796 2984 Maxi-

2201 3037 2290 3076 mo
2312 3065 2326 3087 ,
2360 3020 2717 3088 Mediolanum
2760 3023 2915 3075 rediit
2941 3023 3259 3090 imperator.
3292 3022 3452 3091 Atqui
3478 3038 3544 3077 ex
3593 3021 3795 3077 Codice

494 3138 647 3193 dedit
677 3137 743 3190 ad
791 3136 1182 3206 imperatorem
1227 3131 1595 3188 Theodosium
1628 3130 1938 3200 epistolam.
1969 3129 2092 3183 llazc

2198 3114 2581 3170 Theodosiano
2610 3117 2968 3186 intelligitur,
3000 3117 3251 3170 eumdem
3299 3116 3366 3170 12
3396 3115 3523 3170 Kal.
3561 3115 3738 3172 Cctobi
3752 3118 3797 3171 is

494 3232 680 3284 animo
727 3228 1075 3298 perpendens
1124 3225 1395 3281 Baronius
1426 3224 1492 3277 ad
1522 3239 1722 3278 aunmn
1768 3222 1908 3284 588.
1944 3237 2094 3276 num.

494 3321 566 3377 84
597 3321 676 3376 sic
699 3320 807 3374 ait:
841 3319 996 3386 Quod
1032 3329 1205 3372 autent
1238 3317 1558 3371 detineretur
1590 3315 1890 3370 Ambrosius
1936 3314 2098 3386 Aqui-

497 3415 612 3469 leite
632 3454 648 3479 ,
679 3428 797 3466 cum
841 3411 1046 3464 nullum
1072 3409 1172 3463 hoc
1203 3417 1430 3480 tempore
1459 3409 1708 3462 memoria
1737 3408 1804 3460 sit
1851 3408 1923 3462 ibi
1966 3408 2100 3461 cele-

495 3508 697 3560 bratum
746 3505 909 3574 fuisse
935 3501 1254 3556 concilium:
1283 3500 1518 3571 equidem
1549 3500 1788 3554 existimo
1809 3542 1824 3567 ,
1853 3499 1982 3552 illuc
2019 3514 2099 3552 es-

495 3615 551 3654 se
579 3596 869 3666 profectum
898 3612 963 3649 ea:
1010 3609 1150 3648 more
1181 3593 1252 3646 ad
1293 3593 1410 3646 novi
1454 3593 1766 3646 creationem
1812 3591 2054 3645 antistitis
2080 3631 2095 3656 ,

492 3704 609 3743 cum
626 3689 873 3758 defuncto
899 3685 1188 3741 Valeriano
1203 3687 1316 3758 ejus
1330 3685 1556 3739 civitatis
1579 3685 1846 3756 episcopo,
1864 3685 1916 3736 in
1940 3683 2097 3755 162

493 3785 664 3838 locum
708 3783 822 3855 ejus
873 3788 947 3834 est
985 3778 1298 3848 subrogatus
1348 3785 1560 3832 sanctus
1589 3774 1946 3832 Chromatius.
1979 3775 2096 3831 Non

487 3874 709 3930 inanem
740 3880 869 3941 puto
907 3870 1299 3938 conjecturam.
1341 3887 1360 3921 ›

570 3964 720 4020 lianc
741 3963 919 4031 rejicit
942 3961 1365 4030 archiepiscopus
1383 3960 1689 4030 Ancyranus
1709 3999 1724 4026 ,
1746 3955 1927 4013 Justus
1955 3955 2100 4012 Fon-

496 4059 740 4121 taninus;
771 4055 998 4124 ejusque
1026 4052 1252 4122 vestigia
1300 4054 1496 4120 premit
1529 4052 1687 4105 Joan.
1722 4050 1983 4119 Iosephus
2011 4048 2101 4102 Li-

497 4147 602 4200 ruti
650 4145 700 4198 iu
748 4142 927 4210 Opere
971 4142 1137 4195 citato
1186 4138 1423 4209 (Notizie
1470 4139 1606 4194 delle
1661 4139 1774 4193 Vite
1819 4140 1882 4192 ed
1932 4138 2100 4206 Opere

497 4241 672 4294 scritte
689 4236 774 4290 du‘
797 4233 1045 4288 Letterati
1070 4233 1153 4288 del
1179 4231 1378 4300 Friuli)
1403 4233 1453 4284 in
1477 4231 1596 4287 Vita
1626 4231 1950 4287 Clnomatii.
1974 4231 2100 4286 llaec

497 4346 634 4388 vero
664 4327 828 4385 tradit
855 4327 946 4382 ille
978 4327 1029 4378 in
1067 4324 1295 4378 Historia
1329 4323 1610 4377 Litteraria
1658 4323 1976 4392 Aquileieusi
2006 4323 2100 4379 Li-

501 4424 604 4478 bro
633 4437 710 4486 ut,
742 4419 921 4487 capite
947 4419 1001 4479 5,
1037 4431 1185 4470 nmn.
1217 4414 1274 4476 2,
1305 4415 1517 4469 scilicet
1550 4433 1562 4469 :
1599 4415 1652 4470 1°
1683 4415 1798 4470 Vita
1836 4417 2098 4481 migrasse

2203 3209 2313 3280 (die
2354 3208 2426 3262 ΞΕ).
2471 3207 2834 3281 Septembris)
2884 3226 3021 3263 anno
3069 3209 3175 3265 588
3222 3209 3458 3264 nondum
3503 3211 3796 3266 recessisse

2200 3302 2480 3368 Aquileia:
2513 3304 2546 3357 6
2570 3319 2689 3358 vero
2714 3301 2845 3357 ldus
2894 3303 3136 3371 ejusdem
3171 3304 3377 3360 mensis
3407 3303 3659 3359 Octobris
3689 3304 3795 3372 (die

2201 3393 2294 3463 10)
2317 3394 2426 3460 jam
2455 3393 2670 3448 venisse
2697 3394 3096 3449 Mediolanum:
3125 3410 3227 3465 qua
3268 3396 3319 3450 in
3349 3395 3483 3450 urbe
3515 3412 3676 3464 usque
3725 3394 3794 3450 ad

2201 3484 2403 3540 Maium
2432 3487 2687 3555 sequentis
2722 3487 2846 3540 anui
2868 3495 3236 3542 commoratus
3266 3497 3368 3543 est.
3400 3488 3474 3542 Ex
3505 3488 3703 3559 quibus
3731 3488 3794 3542 li-

2198 3589 2358 3650 quet,
2387 3579 2484 3634 hoc
2514 3581 2627 3651 ipso
2654 3579 2921 3634 intervallo
2946 3589 3191 3636 Sanctum
3226 3580 3546 3650 prmsitlem,
3580 3581 3668 3651 qui
3701 3595 3796 3635 ne-

2197 3675 2469 3745 godorum
2489 3691 2711 3731 suorum
2735 3690 2895 3730 causa
2919 3675 3204 3746 Aquileiam
3223 3691 3278 3730 se
3296 3674 3604 3735 contulerat.
3631 3688 3796 3743 super

2201 3769 2485 3824 memorati
2529 3769 2693 3825 edicti
2726 3768 3078 3824 revocatione
3108 3767 3398 3839 scripsisse
3440 3767 3509 3824 ad
3543 3766 3798 3823 Theodo-

2199 3861 2363 3917 sium.
2399 3880 2418 3912 ι

2275 3952 2376 4007 Ubi
2405 3950 2735 4004 intervallum
2761 3951 2894 4004 illud
2938 3960 3284 4020 computassc
3311 3950 3554 4021 intelligo
3591 3949 3795 4004 doctis-

2200 4043 2370 4098 simos
2396 4043 2546 4096 viros
2569 4059 2599 4095 a
2622 4042 2707 4096 die
2740 4042 2805 4098 l0
2832 4042 3067 4098 Octobris
3092 4045 3215 4098 anui
3239 4044 3343 4100 588
3375 4056 3654 4114 βοειφιίιιη
3686 4043 3796 4098 Me-

2201 4134 2481 4190 diolanum
2511 4133 2674 4189 rediit
2698 4135 3029 4202 imperator,
3055 4135 3124 4190 ad
3150 4135 3354 4190 Maium
3377 4138 3500 4189 anui
3526 4137 3795 4204 insequen-

2201 4228 2282 4283 tis.
2313 4228 2752 4296 lnterpretationi
2789 4228 2945 4300 163
2969 4237 3168 4284 nostra}
3195 4228 3373 4283 lavent
3398 4229 3607 4283 Paulini
3633 4229 3795 4284 verba

2202 4321 2254 4376 in
2285 4321 2408 4375 \‘ita
2430 4320 2601 4375 sancti
2625 4320 2918 4376 Ambrosii.
2945 4322 3032 4376 Ait
3063 4321 3172 4385 ille,
3197 4337 3347 4376 num.
3377 4320 3449 4375 22
3476 4338 3488 4374 :
3527 4320 3794 4376 Exstincto

2204 4414 2469 4479 Maximo,
2499 4413 2666 4484 posito
2699 4411 2990 4467 Theodosio
3024 4413 3348 4480 Mediolani,
3378 4412 3650 4467 Ambrosio
3681 4428 3797 4467 rero

502 4523 752 4570 sanctum
785 4509 1130 4564 Valerianum
1176 4506 1210 4562 6
1237 4505 1363 4560 Kal.
1397 4505 1721 4574 Decembris,
1753 4522 1850 4562 seu
1893 4507 1982 4561 die
2023 4507 2094 4562 26
2123 4506 2176 4567 D
2200 4508 2436 4580 episc0po
2455 4506 2734 4561 constituto
2756 4506 3010 4575 Aquileia:
3033 4505 3426 4578 (animadverte
3446 4505 3793 4561 Ambrosium

498 4601 854 4666 Novembris;
883 4599 943 4654 2°
976 4598 1269 4654 Maximum
1317 4597 1626 4669 Tyrannum
1679 4598 1744 4651 ad
1779 4600 2001 4653 tertium
2029 4600 2099 4654 ab

495 4698 744 4772 Aquileia
797 4693 1031 4766 lapidem
1084 4709 1220 4748 anno
1265 4691 1371 4747 588
1399 4692 1668 4746 devicmm
1700 4691 1867 4746 fuisse
1904 4691 1938 4746 5
1969 4690 2093 4746 Kal.

497 4792 759 4862 Augustas
783 4828 799 4854 ,
828 4802 926 4842 seu
955 4785 1048 4840 dte
1075 4783 1146 4838 27
1174 4783 1300 4838 Julii
1328 4825 1342 4845 ,
1371 4783 1527 4852 juxta
1553 4783 1788 4838 ldacium
1824 4783 1876 4838 in
1918 4783 2096 4840 Fastis

494 4886 835 4942 Labheanis:
865 4897 1025 4938 secus
1076 4895 1208 4933 vero
1236 4879 1268 4933 6
1318 4877 1446 4933 Kal.
1482 4878 1828 4950 Septembris,
1866 4895 1962 4935 seu
2009 4880 2098 4936 die

491 4981 564 5036 2‘7
599 4977 845 5044 Augusti,
881 4987 932 5028 ut
965 4973 1134 5029 habet
1159 4972 1443 5037 Socrates;
1467 4973 1528 5026 5°
1557 4973 1720 5028 lloste
1747 4975 1897 5038 fuso,
1931 4974 2100 5042 Aqui-

490 5072 616 5128 leia:
645 5066 1011 5123 Theodosium
1058 5064 1369 5134 aliquandiu
1401 5064 1744 5120 substitisse:
1780 5082 1902 5120 nam
1937 5067 2022 5121 lex
2066 5083 2098 5122 χ

497 5163 564 5218 de
589 5157 922 5232 inﬁrmandis
949 5157 1014 5210 iis
1041 5171 1155 5224 qua:
1181 5156 1277 5210 sub
1307 5154 1562 5226 Tyranuis
1588 5167 1704 5211 acta
1725 5159 1957 5224 fuerant,
2001 5158 2100 5212 ibi-

492 5255 618 5311 dem
668 5251 792 5306 data
825 5257 911 5303 est
946 5250 980 5303 6
1014 5245 1134 5301 Kal.
1174 5245 1439 5314 Octobris,
1469 5262 1564 5302 seu
1613 5249 1701 5304 die
1740 5249 1811 5304 26
1842 5251 2096 5322 Septem-

487 5345 645 5409 bris;
677 5340 741 5396 4°
772 5339 901 5396 Post
946 5337 1205 5391 sexdecim
1235 5353 1358 5390 IIIOX
1411 5338 1520 5392 dies
1541 5380 1556 5400 .
1586 5338 1784 5406 Legem
1825 5342 2057 5396 similem
2080 5386 2094 5410 ,

485 5455 560 5494 vtt
593 5439 647 5492 iu
675 5433 877 5489 Codice
907 5431 1320 5497 Tbeodusiano,
1353 5429 1640 5485 Mediolani
1670 5433 1829 5486 latam
1865 5433 2030 5488 fuisse
2055 5437 2088 5490 6

487 5530 619 5585 Idus
668 5526 903 5581 Octobris
934 5565 950 5591 ,
1001 5539 1098 5580 seu
1145 5523 1353 5578 decima
1411 5523 1499 5576 die
1547 5524 1794 5593 ejusdem
1846 5527 2083 5592 mensis;

481 5623 541 5679 5'
569 5619 793 5676 :Eadeat
833 5619 886 5672 in
914 5617 1049 5673 urbe
1082 5615 1472 5669 Mediolanensi
1502 5615 1570 5669 ab
1628 5617 1745 5687 ipso
1774 5616 2086 5674 Theodosio

481 5715 665 5769 datam
691 5710 891 5779 Legem
924 5723 1031 5763 χιιι
1064 5704 1144 5763 De
1174 5704 1468 5774 Htercticis,
1497 5706 1531 5762 6
1551 5705 1734 5765 Nonas
1772 5707 1959 5779 Maias,
1987 5723 2083 5767 seu

2195 4601 2302 4656 diei
2333 4603 2684 4657 constitutum
2717 4601 2985 4671 Aquileia:
3017 4609 3299 4670 postquam
3331 4599 3619 4656 Mediolani
3654 4598 3799 4668 posi-

2196 4705 2282 4750 tus
2306 4706 2422 4749 erat
2442 4691 2833 4762 Theodosius).
2860 4695 2914 4748 in
2940 4694 3186 4764 partibus
3213 4692 3456 4749 Orientis
3482 4695 3533 4747 in
3557 4693 3792 4760 quodam

2194 4787 2424 4843 castello
2459 4801 2490 4840 a
2535 4786 2864 4842 Christianis
2894 4785 3025 4842 viris
3079 4802 3344 4858 synagoga
3387 4783 3701 4840 ludworum
3739 4790 3797 4840 et

2195 4881 2341 4933 lucus
2375 4877 2852 4934 Valentiniauorum
2874 4889 3218 4934 cooeremata
3247 4887 3443 4933 sunt...
3467 4879 3573 4932 Sed
3597 4876 3667 4933 de
3696 4879 3811 4940 hu-_

2197 4971 2435 5040 jusmodi
2468 4970 2610 5026 facto
2642 4986 2827 5026 comes
2857 4971 3094 5027 Orientis
3138 4971 3205 5024 ad
3247 4972 3631 5042 imperatorem
3659 4970 3794 5025 rela-

2201 5062 2403 5117 tionem
2442 5063 2662 5130 direxit,
2705 5079 2808 5134 qua
2837 5073 3057 5133 accepta
3105 5063 3400 5130 imperator
3429 5071 3791 5133 pra-ceperat,

2202 5169 2254 5213 ut
2287 5173 2558 5230 synagoga
2602 5159 2957 5228 abepiscopo
3002 5157 3106 5212 lori
3152 5157 3646 5212 reaediliearetur...
3684 5155 3791 5212 Sed

2199 5251 2359 5321 hujus
2413 5251 2666 5322 prmccpti
2721 5259 2880 5307 tenor
2933 5267 3055 5306 cum
3113 5249 3180 5305 ad
3238 5265 3398 5306 aures
3455 5249 3794 5319 pervenisset

2195 5343 2523 5416 venerabilis
2569 5344 2668 5397 viri
2717 5344 2977 5399 Ambrosii
3008 5345 3272 5416 episcOpi,
3311 5343 3514 5400 direxit
3537 5343 3605 5397 ad
3632 5344 3796 5409 impe-

2193 5444 2414 5489 ratorem
2463 5436 2776 5503 epistolam,
2809 5437 2931 5506 quia
2983 5437 3099 5505 ipse
3147 5438 3200 5490 in
3252 5447 3476 5508 tempore
3523 5450 3794 5490 excurrere

2192 5544 2293 5581 non
2324 5539 2566 5598 poterat:
2596 5545 2698 5600 qua
2749 5529 2896 5583 illum
2924 5529 3208 5594 convenit,
3250 5541 3310 5583 ut
3347 5529 3396 5583 id
3433 5527 3572 5597 quod
3603 5526 3671 5580 ab
3701 5541 3795 5580 eo-

2188 5618 2311 5676 dem
2339 5630 2601 5676 statutum
2660 5621 2868 5690 fuerat,
2900 5633 3270 5677 revocaretur.
3313 5639 3331 5675 ι
3384 5619 3504 5690 Quo
3552 5635 3620 5676 ex
3672 5619 3791 5675 loco

2188 5714 2477 5783 perspicue
2527 5713 2862 5772 addiscimus
2883 5754 2898 5778 ,
2931 5712 3274 5779 Theodosio,
3309 5722 3432 5786 post
3486 5709 3792 5784 Aquileiam
