4210 6190
426 382 531 438 453

1270 384 1715 441 DILUCIDATIO
1756 385 2057 457 ALTERA,
2100 389 2452 448 BERNARDI
2489 392 2580 449 DE
2620 394 2898 451 RUBEIS.

3624 403 3734 459 ιδι

424 498 674 555 relictam
703 502 815 570 jam
848 502 1024 570 posito
1057 502 1381 569 Mediolani,
1412 503 1483 559 de
1514 504 1811 577 Synagoga:
1845 507 2032 563 incen-
2058 511 2106 570 Λ
2136 508 2227 563 dio
2257 511 2646 564 consulcndam
2680 525 2804 566 esse
2831 511 3125 566 cathedram
3154 510 3316 581 Petri,
3348 524 3394 569 et
3423 517 3579 587 ﬁdem
3604 536 3737 587 apo-

426 593 519 649 dio
549 596 839 650 certiorem
870 596 1066 649 factum
1093 595 1259 652 fni~se
1286 613 1315 651 a
1346 599 1546 652 comite
1575 597 1844 653 Orientis:
1870 611 2029 670 atque

426 696 557 742 lttnc
606 688 952 742 Ambrosium
1004 689 1262 758 Aquileia:
1311 692 1665 744 eonstitutum
1709 693 1913 745 litteras
1962 692 2028 746 ad

426 781 820 851 imperatorem
871 781 1088 837 dedisse
1128 782 1197 837 de
1243 784 1593 838 rththlione
1637 783 1821 839 edicti.
1856 783 2031 839 Locus

425 889 558 941 ergo
612 873 940 943 relinquitur
979 873 1191 928 Barnnii
1220 877 1590 944 eonjccluraa,
1626 887 1683 930 ut
1725 877 1886 930 etiam
1915 885 2029 947 post

421 964 558 1018 diem
596 964 666 1020 26
715 964 1024 1019 Novembris
1066 966 1338 1021 Valeriani
1382 967 1735 1021 enmrtualem
1761 1008 1775 1033 ,
1807 968 1860 1022 in
1907 984 2027 1022 eam

421 1058 613 1113 urbem
650 1058 971 1113 Ambrosius
1024 1062 1362 1129 perrexerit,
1391 1060 1762 1117 Chromatium
1801 1063 2027 1117 ordina-

418 1159 579 1204 turus
609 1149 949 1219 episeopnm.
977 1152 1244 1206 Cteterum
1278 1153 1475 1223 Legem
1525 1155 1778 1223 superius
1809 1155 2025 1208 citatam

425 1259 477 1298 vt
509 1243 573 1297 de
603 1244 931 1308 infirmandis
960 1245 1071 1309 Itis,
1102 1254 1233 1309 etc..
1266 1246 1445 1300 datam
1477 1247 1738 1317 Aquileia:
1762 1288 1774 1311 ,
1807 1248 2030 1301 exhibet

420 1332 462 1390 C
488 1336 607 1389 idex
638 1335 1079 1403 Theudosianas,
1116 1352 1221 1392 non
1256 1339 1322 1393 12
1354 1338 1477 1393 Kal.
1518 1340 1778 1403 Octobris.
1815 1352 1871 1394 ut
1906 1341 2029 1394 lidi-

422 1440 569 1485 tOres
600 1431 956 1484 Sarnmauraai
988 1430 1220 1496 habent;
1249 1448 1427 1503 neque
1454 1433 1488 1487 6
1512 1432 1635 1487 Kal.
1668 1432 1936 1500 Octobris,
1971 1442 2031 1488 ut

422 1520 761 1576 Foutaninus
791 1522 981 1578 aﬂ'ert:
1009 1524 1103 1578 sed
1161 1523 1228 1579 iO
1268 1523 1395 1578 Kal.
1434 1524 1703 1593 Octobris,
1734 1524 2028 1580 Theodosio

423 1610 487 1666 II
517 1624 568 1667 et
594 1613 819 1684 Cynegio
850 1615 1021 1679 Coss.,
1045 1629 1189 1669 anno
1218 1616 1346 1670 588.

491 1709 584 1764 Vl.
633 1710 934 1765 Chromatii
984 1713 1153 1766 nostri
1201 1710 1473 1781 Opnscnla
1527 1712 1736 1781 primus
1784 1713 2027 1780 vulgavit

418 1800 580 1857 Joan.
636 1801 928 1858 Sic/tardus
977 1820 1080 1857 una
1127 1818 1251 1858 cum
1286 1803 1598 1875 Symmachi
1634 1820 1787 1874 papa:
1816 1804 2025 1875 Apolo-

2132 605 2316 657 stolico
2346 620 2435 658 ore
2476 602 2741 657 laudatam
2775 621 2793 657 :
2823 619 2881 658 se
2913 622 3131 660 rursum
3160 608 3256 672 ait,
3301 608 3559 664 cathedra:
3589 610 3737 667 Petri

2131 698 2486 751 conmtuniouc
2515 699 2803 750 consoriari
2828 716 2845 764 ;
2870 714 2931 754 ac
2958 699 3175 754 demum
3206 701 3386 756 subdit
3423 720 3437 757 :
3466 704 3611 758 Absit
3638 710 3737 759 hoc

2130 810 2162 845 a
2196 793 2429 846 Romana
2474 792 2599 855 ﬁde.
2653 793 2768 847 Non
2802 809 2933 861 ergo
2975 809 3033 848 se
3066 797 3429 868 Hieronymus
3473 797 3735 853 hominem

2132 882 2430 937 Romanum
2459 886 2673 937 vocavit
2702 902 2762 940 ea
2794 886 2968 940 solum
3003 888 3232 953 ratione,
3268 892 3392 958 quia
3418 889 3621 945 Latina:
3643 908 3737 946 seu

2137 976 2485 1030 Occidentalis
2519 976 2767 1031 Ecclesia:
2793 976 2945 1031 homo
2972 989 3126 1034 esset.

2204 1071 2396 1125 Testes
2426 1070 2579 1124 addit
2621 1068 2885 1124 Gelasium
2918 1071 3247 1143 Cyzicenum.
3292 1074 3433 1129 libro
3463 1090 3481 1129 ι
3512 1076 3737 1131 concilii

2131 1160 2333 1217 Nicmni
2361 1204 2375 1228 ,
2427 1163 2479 1216 in
2521 1162 2884 1225 Pro-latione,
2933 1163 3116 1219 Patres
3162 1163 3395 1221 Nica’na:
3436 1168 3624 1237 synodi
3653 1183 3731 1235 ιι,

2132 1255 2361 1310 Actione
2391 1271 2408 1310 ι
2435 1297 2450 1320 ,
2496 1267 2552 1309 et
2581 1255 2827 1310 Pharium
2856 1302 2870 1323 ,
2916 1254 3119 1312 Codice
3149 1274 3353 1315 Lxxxtx
3373 1301 3387 1324 ,
3423 1261 3511 1331 qui
3543 1261 3736 1316 Roma-

2133 1366 2253 1403 num
2280 1349 2465 1403 dixere
2500 1349 2768 1418 Ruﬁnum.
2803 1352 2883 1403 An
2916 1366 3045 1404 vero
3071 1353 3407 1407 conveniens
3452 1354 3609 1408 fuerit
3643 1370 3739 1409 eo-

2133 1457 2252 1495 rum
2289 1443 2664 1497 testimoninm
2696 1443 2719 1495 ?
2750 1442 2803 1496 In
2841 1442 3033 1498 Graeco
3063 1454 3211 1499 textu
3237 1445 3516 1517 Cyziceni,
3558 1447 3735 1503 Nicia-

2132 1548 2435 1602 noruntque
2469 1533 2689 1588 Patrum
2724 1536 2844 1605 lego
2866 1536 3123 1590 Itulinum
3155 1539 3508 1616 πρεσϐύτερον
3540 1538 3735 1612 Ῥώμης

2131 1629 2481 1699 presbyterum
2530 1627 2710 1683 Roma:
2741 1645 2760 1683 :
2791 1645 2911 1699 qua:
2942 1645 3108 1685 voces
3154 1633 3396 1687 indicant
3420 1675 3433 1698 ,
3473 1633 3731 1688 Rnlinum

2135 1722 2203 1775 ab
2237 1722 2342 1776 illis
2371 1721 2639 1775 creditum
2690 1722 2981 1776 Montanum
3007 1739 3025 1777 :
3054 1740 3157 1776 non
3188 1722 3432 1778 Latinum
3451 1766 3464 1789 ,
3492 1736 3539 1778 et
3581 1723 3736 1780 Occi-

2132 1814 2352 1868 dentalis
2382 1813 2626 1869 Ecclesia?
2654 1816 3034 1885 presbyterum
3066 1815 3329 1869 duntaxat
3358 1832 3373 1881 ;
3406 1817 3501 1871 sed
3534 1815 3737 1872 Roma-

418 1897 601 1967 getieo
628 1938 643 1961 ,
692 1913 755 1950 ex
781 1899 1125 1951 vetustissimo
1150 1899 1328 1952 codice
1353 1898 1457 1953 sub
1484 1898 1585 1952 hoc
1612 1898 1768 1952 titulo
1799 1916 1811 1950 :
1862 1898 2029 1952 (.‘Itro-

2135 1925 2259 1961 ntnu
2287 1908 2454 1975 patria
2484 1919 2529 1962 et
2559 1917 2695 1961 ortu.
2717 1909 2840 1974 Quo
2870 1909 3035 1963 etiam
3068 1923 3258 1962 errore
3285 1910 3515 1962 fortasse
3543 1918 3738 1977 Captus

418 1990 563 2042 mutii
586 1989 871 2041 doctissimi
892 1990 1127 2058 episcopi
1152 1989 1401 2052 Romani,
1430 2001 1562 2054 etc.,
1597 1989 1845 2055 Basilem,
1880 1991 2023 2062 apud

419 2084 684 2137 Adamum
718 2083 983 2149 Petrum,
1020 2100 1210 2139 mense
1239 2085 1434 2139 Martio
1470 2086 1627 2149 1528,
1660 2086 1822 2140 in-b’.
1876 2086 2027 2140 Dilli-

416 2177 677 2232 cultatcm
727 2178 926 2248 ingerit
974 2181 1266 2249 appellatio
1318 2181 1562 2236 Romani.
1617 2182 1852 2237 Patriam
1907 2183 2025 2248 ejus

418 2274 643 2342 putabat
689 2274 986 2342 signiﬁcari
1035 2273 1223 2329 Sixtus
1285 2274 1566 2331 Senensis.
1642 2276 2022 2331 Chromatium

429 2374 589 2418 vocat
646 2363 936 2436 Hispanum
985 2366 1261 2420 Dandnlus
1311 2384 1323 2419 :
1373 2377 1428 2421 at
1476 2368 1590 2421 ullo
1630 2369 1750 2422 sine
1798 2368 2026 2437 probato

419 2458 553 2512 vade
577 2468 847 2513 asseritur
867 2461 913 2514 si
937 2476 1002 2515 ve
1029 2461 1297 2515 Romanus
1317 2463 1511 2533 patria,
1541 2463 1662 2518 sive
1688 2466 1896 2517 natione
1930 2462 2027 2516 Ili—
2066 2498 2075 2505 ι

418 2568 635 2620 spanus.
669 2551 933 2608 Baronins
960 2596 973 2617 ,
1008 2554 1060 2607 in
1093 2555 1485 2626 Martyrologio
1510 2594 1527 2621 ,
1559 2556 1625 2610 ad
1658 2556 1800 2611 diem
1833 2556 1905 2610 22
1931 2556 2027 2611 Ju—

420 2643 525 2701 nii.
556 2654 609 2697 et
634 2643 670 2696 9.
701 2645 1018 2700 iteceinbris
1044 2687 1059 2710 ,
1102 2646 1155 2701 in
1191 2649 1333 2702 nmis
1356 2691 1370 2713 ,
1401 2651 1697 2715 observat,
1739 2650 2026 2719 Aquileiam

420 2733 618 2789 dictam
676 2736 971 2806 aliquando
1028 2738 1304 2792 civitatem
1365 2737 1651 2793 Romanam
1700 2757 1718 2793 :
1778 2740 2027 2810 adeoque

421 2825 803 2881 Chromatium
856 2828 1040 2883 vocari
1080 2829 1384 2900 episcopum
1436 2832 1726 2885 llatnanum
1755 2875 1769 2897 ,
1802 2833 2026 2901 perinde

420 2931 546 2973 esse
589 2934 651 2972 ac
699 2919 1021 2990 Episcopum
1076 2922 1477 2990 Aquileiensem.
1535 2924 1907 2991 Quesnellus,
1957 2925 2027 2979 ad

423 3012 709 3078 epistolam
738 3026 903 3066 cum
935 3014 1107 3067 sancti
1142 3012 1358 3079 [.eonis,
1392 3013 1419 3085 §
1451 3015 1517 3078 4;
1552 3014 1748 3084 Pagius
1775 3057 1790 3081 ,
1824 3015 1891 3069 ad
1929 3031 2030 3070 an-

423 3120 551 3157 num
584 3104 689 3159 596
714 3147 729 3169 ,
766 3122 915 3159 num.
950 3108 1022 3171 7;
1071 3106 1462 3163 Tillemontius
1488 3151 1503 3174 ,
1567 3111 1622 3162 in
1655 3111 2028 3166 Monumentis

425 3193 634 3250 Hister.
664 3196 902 3261 Eecles.,
931 3207 1077 3253 tomo
1108 3199 1203 3266 XI,
1237 3202 1438 3255 dictum
1470 3201 1763 3257 Romanum
1791 3205 2024 3272 docent,

2129 1999 2379 2062 letius,
2407 1998 2663 2054 Rulinum
2692 2010 2849 2053 vocat
2873 2006 2966 2055 τοῦ
2992 2000 3264 2071 Ῥωμαίου.
3300 2004 3366 2052 At
3396 2002 3592 2054 mirum
3626 2014 3734 2054 non

2129 2101 2318 2158 esset,
2371 2092 2591 2149 Grzccos
2621 2092 2934 2162 Scriptores
2978 2108 3204 2146 vocasse
3251 2090 3509 2147 Rulinum
3541 2090 3738 2146 Roma-

2129 2200 2272 2244 num.
2305 2185 2405 2237 hoc
2434 2194 2519 2237 est
2565 2185 2804 2250 latinum,
2847 2194 2903 2238 et
2946 2184 3290 2237 Occidentalis
3321 2182 3568 2240 Ecclesia:
3610 2185 3739 2238 scri-

2128 2286 2327 2346 ptorem
2354 2294 2372 2329 :
2405 2276 2550 2329 subit
2574 2284 2812 2330 attamen
2840 2274 3082 2342 miratio,
3114 2275 3257 2344 apud
3282 2277 3433 2345 ipsos
3463 2274 3733 2330 Occiden-

2130 2369 2265 2422 tales
2292 2369 2475 2423 vocari
2512 2367 2887 2423 Chromatium
2924 2367 3237 2434 Romanum,
3272 2368 3326 2423 id
3357 2378 3441 2424 est
3480 2367 3733 2423 Latinum

2129 2470 2181 2514 et.
2217 2460 2581 2515 Occidentalis
2614 2460 2877 2515 Ecclesiae
2908 2460 3249 2529 episcopum.

2201 2551 2597 2605 Testimonium
2650 2551 2924 2621 denique,
2980 2552 3149 2606 veluti
3194 2552 3685 2620 locupletissimum
3714 2593 3731 2619 ,

2128 2642 2351 2697 aﬂ‘erlur
2390 2643 2571 2699 Albini
2628 2653 2992 2711 cognomento
3031 2644 3245 2699 Alcuini
3273 2685 3286 2708 ,
3316 2646 3403 2714 qni
3435 2644 3487 2698 in
3530 2643 3731 2699 Libello

2129 2744 2306 2787 contra
2339 2734 2574 2788 ltwresim
2618 2732 2808 2787 Felicis
2840 2734 3080 2787 nondum
3120 2734 3269 2788 edito
3296 2777 3311 2801 ,
3343 2749 3735 2805 asservatoqne

2130 2824 2271 2878 inter
2298 2825 2578 2879 Palatinos
2604 2824 2965 2879 Biblimltcca:
2998 2825 3277 2879 Vaticana:
3307 2826 3560 2891 Codices,
3594 2827 3736 2881 inter

2129 2917 2351 2971 Patrum
2395 2918 2712 2973 Latinorum
2746 2918 2912 2981 dicta,
2953 2918 3253 2991 Augustini,
3278 2918 3496 2982 Isidmi,
3521 2928 3579 2975 et
3599 2918 3734 2974 Leo-

2128 3010 2207 3063 nis
2233 3052 2248 3074 ,
2278 3009 2438 3064 εισι-τι
2467 3011 2631 3065 etiam
2666 3008 2951 3064 Cltromatii
2993 3011 3324 3065 sententiam
3376 3011 3460 3064 bis
3506 3011 3733 3066 verbis:

2131 3101 2461 3159 Chromatius
2506 3121 2708 3176 quoque
2750 3118 2944 3160 sancta:
2973 3105 3223 3159 Romana!
3250 3104 3494 3160 Ecclesia:
3521 3107 3735 3159 antistes

2130 3198 2182 3250 in
2214 3197 2438 3263 Libello,
2469 3216 2617 3269 queat
2645 3199 2708 3253 de
2730 3208 2843 3253 octo
2873 3199 3289 3253 Beatitudinibus
3317 3199 3598 3271 inscripsit,
3624 3212 3734 3255 etc.

425 3288 528 3342 hoc
560 3301 644 3343 est
676 3288 1034 3356 catholicum,
1086 3293 1171 3346 vel
1217 3295 1380 3347 etiam
1429 3297 1723 3365 episcopum
1776 3282 2101 3353 EcclesiazC
2132 3288 2590 3345 Animadvertere
2648 3302 2867 3361 prastat
2913 3290 3211 3346 Chromatii
3269 3293 3439 3345 verba
3494 3307 3615 3362 qua:
3668 3293 3738 3347 ab

427 3378 663 3433 Romano
686 3382 739 3434 in
764 3384 978 3450 imperio
1005 3386 1205 3450 positaz.
1238 3385 1337 3455 Tot
1372 3385 1517 3440 inter
1549 3388 1896 3455 conjecturas
1928 3390 2031 3443 tui-

430 3472 481 3528 hi
512 3474 673 3529 etiam
714 3492 834 3544 qua:
866 3479 1032 3531 menti
1079 3494 1214 3533 mea:
1241 3479 1507 3533 inciderat
1537 3522 1550 3545 ,
1585 3482 1833 3550 proferre
1878 3482 2031 3538 licuit

425 3567 481 3621 in
535 3566 886 3622 Monumentis
939 3567 1185 3625 Ecclesia:
1246 3572 1627 3640 Aquileiensis,
1683 3574 1864 3643 capite
1919 3576 2026 3643 10,

425 3676 575 3715 num.
608 3662 665 3725 2,
697 3672 754 3715 nt
784 3677 982 3731 nempe
1012 3678 1077 3717 eo
1110 3665 1382 3718 vocabulo
1408 3666 1579 3734 patria
1617 3664 1915 3721 (lbromatii
1948 3667 2030 3721 in-

427 3753 724 3817 dicaretur,
758 3770 933 3823 eaque
966 3755 1127 3810 fuerit
1158 3756 1447 3812 Concordia
1474 3800 1488 3823 ,
1527 3760 1594 3813 de
1625 3775 1727 3829 qua
1758 3761 1834 3815 sic
1863 3760 2027 3816 habet

431 3846 635 3901 Plinius
670 3846 826 3901 Libro
857 3864 933 3909 ut.
956 3849 1136 3919 capite
1170 3852 1266 3904 18:
1300 3851 1516 3905 Colonia
1546 3851 1859 3913 Concordia.
1897 3851 2031 3906 Flu-

428 3954 543 3992 men
574 3949 621 3991 et
657 3939 847 3995 Portus
880 3940 1177 3995 llomatium
1204 3959 1222 4007 ;
1269 3941 1516 4011 adeoque
1544 3944 1892 3998 Chromatius
1922 3944 2029 3999 dici

428 4035 607 4103 potius
628 4034 885 4089 debuerit
914 4035 1181 4090 Iiomatius
1209 4079 1222 4099 ,
1256 4053 1352 4091 seu
1383 4038 1688 4091 Romatinus
1716 4040 1888 4107 patria
1919 4080 1933 4104 ,
1963 4053 2029 4094 ac

426 4124 626 4179 deinde
651 4127 921 4197 episcOpus
950 4128 1336 4197 Aquileiensis.

498 4215 635 4271 Justi
667 4217 954 4271 Funtanini
983 4218 1257 4287 post/ruma
1300 4219 1537 4274 Historia
1564 4219 1840 4275 Litteraria
1871 4222 2032 4292 Aqui-

430 4306 633 4363 leiensis
663 4309 838 4363 locem
869 4310 1004 4364 vidit
1030 4312 1173 4381 typis
1204 4311 1465 4365 Romanis
1497 4328 1643 4366 anno
1674 4314 1834 4366 1749..
1885 4313 2028 4384 lnje-

428 4410 568 4452 etam
614 4398 993 4453 difﬁcultatem
1024 4401 1285 4469 expendit
1314 4401 1456 4455 libro
1488 4418 1568 4463 ιιι,
1598 4407 1775 4471 capite
1792 4403 1849 4468 4,
1877 4420 2025 4457 ηιιηι.

428 4492 480 4555 2,
524 4508 683 4562 quam
720 4492 788 4545 ita
816 4493 955 4547 solvi
987 4493 1188 4548 debere
1221 4501 1374 4562 putat
1407 4536 1421 4558 ,
1468 4504 1523 4547 ut
1558 4494 1824 4549 Romanus
1853 4497 2030 4551 dictus

429 4584 972 4641 lucritChromatins
1001 4628 1014 4649 ,
1052 4587 1151 4641 hoc
1192 4597 1275 4641 est
1322 4586 1522 4642 Latiare
1564 4605 1652 4641 seu
1684 4589 2031 4644 Ocridentalis

2134 3383 2336 3437 Albino
2366 3398 2461 3438 seu
2505 3383 2740 3439 Alcuino
2770 3385 3049 3450 citantur,
3100 3385 3152 3437 in
3205 3384 3468 3452 przedicto
3510 3396 3740 3441 exstare

2133 3475 2370 3541 Libello,
2412 3494 2571 3545 qnetn
2602 3477 2767 3531 edidit
2791 3475 3090 3532 Sicbardus
3120 3494 3132 3529 :
3160 3477 3226 3531 ad
3258 3478 3559 3548 eademque
3595 3478 3738 3536 hanc

2133 3568 2353 3637 appingi
2385 3582 2412 3618 a
2443 3567 2712 3623 Sicbardo
2739 3581 2921 3621 notam
2954 3570 3005 3621 in
3039 3568 3185 3623 Libri
3221 3568 3466 3638 margine
3494 3587 3507 3623 :
3534 3569 3737 3626 Citatur

2134 3659 2220 3711 hic
2253 3657 2394 3711 locus
2422 3662 2486 3713 ab
2514 3658 2703 3712 Albino
2737 3672 2915 3714 contra
2962 3659 3189 3713 Felicem
3238 3677 3301 3714 ea:
3325 3660 3612 3714 Chromatii
3648 3662 3741 3715 Li-

2134 3750 2268 3803 brllo
2300 3752 2363 3803 de
2391 3750 2520 3803 Octo
2541 3748 2979 3806 Bealitudinibus.
3029 3752 3161 3805 llinc
3193 3768 3326 3805 vero
3364 3753 3734 3822 colligendum

2134 3852 2220 3897 est
2245 3886 2258 3905 ,
2286 3859 2348 3898 ex
2393 3844 2493 3896 hoc
2525 3843 2737 3898 Alcoini
2772 3844 2911 3909 loco,
2943 3860 3047 3898 non
3076 3843 3185 3898 alio
3212 3860 3277 3898 ex
3313 3841 3517 3899 Codice
3554 3844 3737 3898 Chro-

2135 3936 2363 3989 matium
2396 3934 2448 3988 in
2489 3937 2728 4003 Operum
2761 3936 2881 4004 ejus
2911 3936 3152 3991 editione
3197 3951 3227 3990 a
3255 3935 3519 3992 Sicltardo
3549 3936 3737 4008 appel-

2135 4029 2300 4082 latum
2325 4030 2617 4100 epist-apum
2646 4029 2955 4083 Romanum.

2208 4124 2312 4180 Sed
2347 4124 2515 4177 hocce
2543 4124 2828 4189 vocabulo,
2855 4134 2948 4177 aut
2977 4125 3159 4179 verbis
3190 4125 3297 4180 illis
3323 4134 3518 4179 sancta:
3546 4124 3741 4180 Roma-

2136 4232 2216 4270 ηαξ
2249 4215 2496 4270 Ecclesia:
2538 4216 2750 4269 antistes
2792 4216 2843 4268 id
2880 4232 3042 4270 untttn
3085 4216 3392 4284 signiﬁcare
3444 4216 3734 4270 Alcninum

2135 4308 2423 4370 voluisse,
2477 4308 2621 4377 quod
2671 4306 3020 4361 Chromatius
3060 4307 3223 4361 fuerit
3266 4305 3645 4372 Occidentalis,
3692 4315 3745 4360 et

2134 4399 2342 4455 Latina:
2384 4400 2627 4457 Ecclesia:
2664 4404 2874 4457 antistes
2921 4402 3169 4475 quidam,
3218 4404 3398 4456 minus
3438 4401 3739 4457 verisimile

2137 4493 2375 4549 videtur.
2425 4493 2539 4549 Cur
2569 4497 2683 4565 pari
2717 4497 2875 4549 titulo
2914 4497 3289 4563 Augustinum,
3330 4506 3384 4549 et
3424 4494 3690 4550 Isidorum
3716 4536 3734 4562 ,

2136 4586 2256 4640 sine
2286 4587 2454 4639 dubio
2496 4587 2718 4641 Latinos
2749 4597 2804 4642 et
2827 4586 3204 4642 Occidentales
3231 4590 3549 4658 episcopos,
3598 4601 3740 4658 quo-

434 4682 680 4736 Ecclesire
708 4691 852 4745 pater
876 4724 889 4747 ,
924 4691 969 4734 et
1012 4683 1304 4749 episcOpus.
1357 4681 1868 4751 Interpretationem
1913 4699 2031 4737 am-
2057 4671 2109 4730 D
2136 4696 2255 4732 rttm
2302 4681 2610 4734 testimonia
2649 4680 2916 4751 decerpit,
2956 4695 3061 4733 non
3094 4681 3430 4751 insigniverit
3455 4681 3477 4732 'l
3507 4681 3738 4734 Alcuino

430 4774 684 4843 plcetitnr
707 4770 936 4826 Joannes
965 4771 1221 4844 Iosephus
1254 4772 1440 4827 Liruti.
1471 4773 1527 4828 In
1560 4784 1880 4843 argumenta
1904 4790 2026 4845 quae

436 4863 596 4937 164,
609 4864 1488 4933 proferuntur,auimadversiones
1501 4865 1662 4919 addo.
1675 4866 1851 4919 Testis
1866 4881 2029 4921 voca-

431 4969 520 5013 tur
542 4970 763 5012 Sanr-tus
787 4959 1172 5030 Hieronymus,
1192 4961 1282 5028 qui
1312 4960 1361 5012 in
1381 4959 1610 5028 cpistola
1644 4960 1708 5011 ad
1732 4959 2025 5014 Damasum

432 5052 529 5123 (xv
559 5051 612 5105 in
646 5052 884 5107 editione
913 5052 1233 5123 Veronensi)
1257 5052 1331 5106 ait
1366 5070 1379 5105 :
1429 5051 1707 5105 Novellum
1734 5069 1765 5103 a
1791 5070 1868 5106 me
1892 5094 1906 5116 ,
1936 5054 2030 5105 lto-

432 5146 566 5197 mine
598 5142 831 5198 Romano
856 5186 870 5208 ,
905 5160 1085 5197 nomen
1113 5146 1337 5215 exigitur
1362 5160 1381 5198 :
1422 5145 1475 5198 in
1506 5159 1570 5197 ea
1614 5144 1863 5205 scilicet,
1906 5159 2031 5212 qum

432 5246 559 5291 tunc.
587 5237 655 5291 de
688 5253 791 5290 una
820 5280 834 5301 ,
887 5237 970 5291 vel
1024 5238 1199 5291 tribus
1230 5239 1279 5290 in
1313 5238 1422 5291 Deo
1452 5236 1846 5306 llypostasilms
1890 5247 2033 5290 mota

430 5327 609 5384 fuerat
643 5329 695 5381 in
718 5330 941 5383 Oriente
968 5329 1365 5383 controversia.
1420 5327 1596 5382 Minus
1639 5337 1824 5396 aptum
1860 5328 2032 5383 \‘ideri

432 5430 612 5491 potest
637 5421 968 5488 exemplum.
1002 5420 1071 5474 Se
1098 5421 1300 5489 quippe
1331 5417 1624 5472 Romanum
1655 5419 1896 5488 appellat
1940 5418 2033 5472 Ito-

434 5514 618 5567 minem
651 5512 1037 5581 Hieronymus,
1093 5527 1201 5564 non
1231 5526 1292 5564 ea
1325 5510 1500 5563 solum
1540 5512 1751 5562 ratione
1782 5509 1903 5576 quia
1936 5526 2031 5561 na-

436 5617 515 5660 tus
543 5606 596 5659 in
632 5604 908 5658 Occidente
930 5643 944 5664 .
992 5618 1055 5656 ac
1086 5604 1266 5655 latinre
1311 5600 1504 5671 lingula
1545 5602 1707 5653 homo
1736 5609 1853 5653 erat
1888 5617 1898 5651 :
1936 5614 2029 5653 ve-

433 5716 553 5755 rum
587 5697 711 5765 quia
746 5696 981 5751 maxime
1010 5696 1270 5750 ltomanae
1298 5695 1571 5749 catliedrm
1600 5692 1852 5748 addictus
1878 5702 1996 5747 erat
2018 5733 2033 5759 ,

435 5805 500 5847 ac
543 5789 670 5846 ﬁdei
724 5790 1000 5860 professor
1039 5804 1201 5859 quam
1251 5790 1305 5843 in
1354 5803 1418 5843 ea
1456 5787 1760 5857 quaestione
1792 5787 2036 5843 Romana

437 5879 601 5939 indu
632 5878 901 5937 tradebat.
954 5874 1106 5935 Unde
1134 5880 1514 5949 praemiserat,
1551 5879 1654 5935 sibi
1690 5876 1743 5933 ln
1775 5892 1841 5933 eo
1870 5873 2034 5938 distiio

2135 4771 2428 4840 synehroni
2463 4770 2767 4825 Galliarum
2789 4812 2803 4835 ,
2838 4784 2888 4826 ct
2913 4770 3220 4826 Germanim
3246 4772 3487 4840 episcopi
3513 4771 3564 4825 in
3589 4769 3734 4841 Syn-

2133 4863 2289 4917 odica
2344 4864 2413 4917 ad
2453 4863 2716 4918 Prwsules
2749 4863 3019 4937 Hispania:
3047 4875 3225 4919 contra
3265 4863 3495 4919 Felicem
3537 4876 3582 4920 et
3612 4863 3734 4919 Eli-

2140 4954 2407 5025 pandum,
2456 4971 2576 5025 qua:
2624 4966 2803 5011 exstat
2852 4960 2902 5011 in
2951 4959 3183 5012 concilio
3226 4956 3738 5024 Francolordicnsi,

2138 5062 2260 5101 cum
2296 5046 2486 5101 Patres
2517 5049 2774 5102 Ecclesia:
2804 5049 3014 5104 Latium
3042 5062 3095 5104 ct
3135 5050 3510 5106 Occidentalis
3547 5050 3738 5107 lliero-

2138 5154 2352 5209 nymum
2381 5150 2433 5194 et
2464 5140 2837 5211 Augustinum,
2864 5153 2915 5197 et
2950 5142 3316 5197 Cassiodorutn
3350 5146 3606 5215 allegent,
3639 5159 3735 5201 eos

2139 5248 2247 5285 non
2284 5234 2564 5301 appellant
2604 5235 2865 5289 Romanos
2893 5277 2907 5301 ,
2936 5246 3029 5290 aut
3058 5234 3310 5292 Ecclesia:
3338 5237 3588 5293 Romana!
3629 5237 3740 5306 cpio

2137 5339 2316 5391 capas,
2343 5333 2389 5377 et
2415 5324 2600 5380 Patres
2632 5344 2650 5381 :
2678 5344 2788 5397 quo
2807 5338 2999 5396 postea
3024 5329 3179 5383 titulo
3201 5329 3551 5384 PaScliasium
3579 5327 3736 5400 165

2140 5414 2454 5479 diaConum.
2501 5430 2555 5473 et
2586 5418 2911 5488 Gregorium
2957 5420 3205 5491 Magnum
3240 5422 3534 5491 insignium
3567 5437 3580 5474 :
3630 5418 3738 5472 Ρα-

2142 5509 2378 5563 scltasius
2406 5520 2598 5565 sancta:
2623 5513 2871 5567 Romana:
2894 5512 3147 5568 Ecclesiw
3167 5514 3455 5581 diaronus(
3488 5511 3739 5579 inquien-

2144 5603 2274 5672 tcs),
2317 5615 2360 5657 et
2389 5602 2665 5673 Gregorius
2699 5625 2836 5674 papa
2869 5607 3154 5662 Romanus.
3206 5605 3345 5673 Quid
3390 5612 3475 5658 est
3520 5618 3734 5657 rursum

2140 5696 2285 5765 quod
2308 5697 2519 5750 titulum
2536 5707 2733 5753 saneta:
2750 5699 2999 5754 Romana:
3015 5697 3261 5752 Ecclesia:
3282 5695 3528 5749 antistitis
3553 5696 3737 5776 minus

2140 5786 2300 5842 obvio
2331 5802 2496 5867 sensu
2522 5789 2857 5855 adhibuerit,
2881 5791 2949 5844 ad
2981 5791 3216 5845 lectores
3253 5780 3609 5856 decipiende
3641 5786 3739 5861 apé

2141 5872 2390 5931 llasimo?
