4210 6190
481 344 583 399 457

1062 341 1122 397 S.
1165 339 1562 397 VICTRICIUS
1606 336 1980 397 EPISCOPUS
2020 340 2634 398 RUTllOMAGENSIS.
2680 339 3219 399 PROLEGOMENA.

910 499 969 504 Α,
1038 498 1149 505 __..._.
1228 496 1766 505 _.—___—-r-.._-_
1814 496 2035 503 ...η-...-
2133 489 2184 500 σ-
2234 494 2505 503 —_—_.
2678 495 3049 501 ___
3220 494 3591 502 mw-
3632 493 3715 498 υ-π
3748 492 3757 499 ο

491 485 3773 543 εηιιιιιειιιμμιιιιῃμιηξέμμ-ῌΕΞ-ει-εεῦειιιιιιμ

1751 625 1920 671 ANNO
1951 623 2183 672 DOMIN!
2214 617 2506 671 CCCCVHI.

815 750 1882 915 SANCTUS
2015 750 3439 914 VICTBICIUS

1205 1014 1849 1105 EPISCOPUS
1924 1001 3034 1095 RHOTHOMAGENSIS

1767 1159 2473 1202 Ἦ

1686 1276 2542 1356 PROLEGOMENA.

1996 1410 2250 1426 ᾳ

541 1494 734 1549 Natum
771 1491 1085 1548 Victricium
1133 1491 1186 1546 in
1216 1489 1452 1546 nonullis
1483 1486 1696 1559 imperii
1745 1488 1941 1542 linibns
1983 1486 2070 1544 iu-
2099 1495 2153 1553 Α
2176 1494 2288 1538 met
2314 1489 2563 1538 testatur.
2591 1481 2761 1536 Porro
2791 1491 3027 1539 exeunte
3057 1499 3202 1540 anno
3231 1484 3336 1541 403
3364 1485 3593 1541 Romam
3643 1501 3774 1543 con-

472 1601 640 1640 nnere
669 1584 882 1640 videtur
907 1593 1130 1636 sanctus
1158 1582 1439 1647 Paulinus,
1467 1581 1595 1635 dum
1625 1583 1700 1635 ait
1729 1578 1940 1652 (Epist.
1977 1580 2065 1646 l8,

467 1695 522 1734 n.
545 1676 655 1748 4),
700 1678 876 1747 ipsum
927 1676 1092 1731 luisse
1123 1690 1154 1730 a
1187 1677 1418 1730 Domino
1453 1675 1506 1730 iu
1542 1676 1726 1730 lucem
1768 1675 1949 1744 populi
1981 1675 2065 1729 sui

465 1771 530 1828 de
549 1771 742 1823 extimo
782 1769 922 1823 orbis
954 1769 1210 1824 eductum
1245 1786 1258 1822 :
1291 1785 1358 1822 ex
1387 1768 1584 1836 quibus
1613 1766 1797 1822 verbis
1842 1765 2070 1832 conjicit

464 1862 546 1917 vir
594 1862 845 1916 eruditos
891 1859 1196 1931 (Lebeuf),
1232 1875 1357 1915 eum
1387 1859 1526 1913 forte
1553 1858 1723 1914 fuisse
1752 1869 1914 1928 gente
1949 1859 2065 1912 Bri-

463 1963 712 2010 tannum.
745 1953 928 2008 Erato
960 1955 1140 2022 impar
1170 1955 1328 2007 beato
1355 1954 1611 2018 Martino,
1638 1955 1728 2021 qui
1757 1963 1934 2006 ortum
1964 1953 2064 2007 du-

458 2049 694 2100 xitanoo
712 2043 816 2099 516
837 2056 927 2099 aut
949 2044 1073 2108 517,
1096 2044 1302 2098 militiae
1326 2045 1558 2114 primum
1583 2045 1831 2098 sa~culari
1859 2059 2057 2100 nomen

455 2136 628 2202 dedit,
652 2146 811 2206 atque
831 2137 886 2190 in
904 2138 1016 2204 ipsa
1034 2137 1223 2190 tnilitia
1239 2137 1601 2192 Christianam
1621 2135 1779 2191 [idem
1798 2136 1894 2191 fuit
1911 2154 2058 2191 com-

459 2228 668 2297 plexus.
686 2229 818 2286 Cum
837 2244 968 2283 vero
985 2230 1333 2297 postmodum
1351 2246 1410 2284 se
1433 2232 1445 2282 i
1453 2244 1549 2298 pse
1563 2239 1905 2284 sacramento
1926 2229 2060 2286 mili-

456 2321 556 2374 tari
581 2320 856 2387 solvisset,
888 2331 946 2376 ut
970 2319 1196 2378 Christo
1221 2331 1393 2376 totum
1417 2339 1538 2377 sese
1559 2322 1857 2387 addiceret;
1879 2325 2054 2378 conci-

451 2423 557 2468 tato
579 2414 632 2465 in
653 2414 818 2479 furias
843 2413 1069 2475 tribuno.
1099 2414 1363 2470 districtus
1385 2415 1437 2468 in
1468 2414 1673 2468 verbera
1701 2424 1747 2468 et
1769 2417 1924 2468 vastis
1943 2419 2054 2487 [us-

450 2505 584 2558 tibus
615 2504 850 2576 fractus,
905 2505 1088 2572 capite
1141 2505 1361 2559 demum
1402 2505 1712 2559 damnatus.
1757 2506 1862 2562 Sed
1894 2506 2054 2560 lictor

451 2598 624 2650 sancti
654 2597 987 2651 confessoris
1034 2607 1200 2666 caput
1236 2599 1463 2666 jamjam
1509 2606 1890 2667 atnputaturus
1914 2639 1930 2666 ,
1958 2615 2051 2656 ρας-ι

449 2690 610 2744 cassis
656 2689 799 2744 illico
827 2690 991 2744 oculis
1015 2730 1030 2751 ,
1055 2692 1284 2744 cacitote
1323 2707 1598 2762 percussus
1639 2702 1730 2746 est.
1766 2690 1886 2760 Ipse
1921 2708 2050 2747 vero

452 2783 683 2837 vinculis
734 2784 948 2840 solutus
981 2785 1116 2840 liber
1143 2786 1353 2840 evasit:
1387 2800 1548 2854 quem
1581 2797 1868 2854 prepterea
1903 2785 2045 2842 idem

451 2875 708 2930 Paulinus
736 2887 1013 2948 ntartyrcm
1046 2881 1213 2936 vivum
1243 2877 1499 2945 appellat.

519 2971 641 3037 Quo
682 2979 877 3024 autem
933 2971 1130 3026 exinde
1176 2986 1298 3026 sese
1346 2970 1648 3037 receperit,
1692 2969 1834 3026 haud
1889 2970 2046 3041 plane

449 3071 806 3131 compertum.
838 3062 973 3120 lllud
1005 3064 1244 3126 certius,
1278 3062 1608 3118 Morinorum
1633 3078 1695 3116 ac
1722 3061 2044 3120 Nerviorum

445 3163 638 3223 gentes
691 3155 982 3210 indomitas
1027 3152 1232 3209 Christi
1259 3155 1390 3224 jugo
1420 3169 1543 3210 eum
1568 3154 1866 3224 subjecisse
1893 3173 1904 3207 :
1937 3171 2045 3225 quo

449 3243 679 3314 proinde
705 3247 924 3300 nomine
954 3261 1078 3300 cum
1126 3246 1247 3314 ejus
1290 3245 1413 3300 lidei
1443 3261 1506 3299 ac
1557 3245 1838 3315 religionis
1894 3247 2043 3301 zelus

447 3337 609 3405 longe
645 3339 861 3408 lateque
895 3339 1244 3407 pervulgatus
1275 3348 1467 3402 esset,
1499 3338 1565 3394 ad
1600 3337 1898 3393 Ecclesium
1933 3338 2041 3393 Ro-

448 3432 857 3501 tltomagensem
885 3432 1179 3501 regendam
1219 3433 1318 3486 fuit
1345 3440 1627 3487 evocatus.
1664 3432 1717 3486 ld
1752 3447 1884 3487 vero
1915 3449 2044 3488 con-

445 3524 629 3592 tigerit
661 3535 788 3582 ante
812 3541 1012 3582 annum
1037 3526 1142 3582 390
1163 3567 1178 3590 ,
1213 3541 1320 3593 quo
1350 3527 1525 3594 ipsum
1551 3524 1772 3580 Viennae
1795 3528 2044 3583 Allobrt»

445 3631 571 3687 gum
605 3616 885 3685 Paulinus,
916 3619 1095 3674 adhuc
1141 3620 1329 3672 seculi
1362 3618 1521 3688 hujus
1552 3619 1700 3673 euris
1729 3619 2040 3689 implicitus,

446 3710 589 3778 apud
635 3720 884 3764 sanctum
942 3711 1228 3766 Martintun
1292 3712 1442 3764 vidit.
1485 3711 1673 3780 Neque
1707 3728 1870 3782 porro
1911 3713 2041 3768 illud

446 3803 980 3874 praetermittendum
1035 3804 1178 3873 quod
1231 3817 1410 3858 narrat
1442 3803 1718 3871 Sulpicius
1764 3806 2039 3872 Severus,

452 3894 766 3950 Victrit-ium
801 3911 998 3965 nempe
1023 3906 1167 3951 t-inta
1202 3896 1368 3950 fuisse
1396 3898 1710 3951 sanctitatis
1740 3897 1880 3950 fatua
1905 3913 2042 3967 prae—

445 4000 714 4056 stantem,
746 4000 802 4045 ut
828 4005 953 4046 cum
975 3989 1194 4046 Cat-noti
1230 4000 1372 4044 muta
1398 4006 1465 4045 ex
1493 4001 1651 4044 utero
1682 3991 1860 4061 puella
1885 3991 2042 4047 beato

445 4081 681 4138 Martiae
710 4083 905 4140 fuisset
931 4084 1117 4138 oblata
1147 4095 1164 4149 ,'
1210 4094 1266 4139 ut
1299 4084 1536 4152 linguam
1589 4083 1804 4153 ligatam
1833 4084 2040 4140 meritis

446 4176 563 4229 suis
598 4176 941 4240 absolveret;
975 4176 1068 4231 ille
1104 4176 1357 4231 curanda:
1398 4176 1734 4230 inﬁrmitatis
1775 4178 2036 4232 honorem

2180 1577 2353 1633 tendit
2381 1593 2393 1630 :
2427 1576 2580 1646 cujus
2615 1578 3070 1646 peregrinationis
3094 1580 3426 1635 mentionem
3457 1581 3628 1650 injicit
3656 1582 3743 1639 lau

2174 1671 2334 1725 datus
2364 1671 2646 1725 Paulinus.
2674 1667 2784 1724 Cur
2818 1672 3067 1726 veroitcr
3091 1672 3400 1742 bujusmodi
3431 1673 3767 1742 susceperit,

2173 1763 2305 1818 illud
2358 1779 2523 1816 unum
2581 1761 2634 1816 in
2690 1776 2940 1834 promptu
2974 1764 3238 1830 habetur.
3294 1767 3472 1835 ipsum
3515 1767 3772 1825 videlicet

2171 1853 2341 1910 fuisse
2370 1866 2680 1909 accusatum
2713 1857 2856 1926 apud
2898 1856 3199 1913 Romanum
3232 1861 3540 1929 pontiﬁcem
3561 1901 3575 1924 ,
3621 1859 3764 1930 quod

2169 1948 2236 2002 de
2270 1947 2377 2002 fide
2400 1965 2505 2001 non
2539 1959 2684 2003 recte
2709 1949 3001 2004 admodum
3025 1953 3284 2006 senserit.
3307 1952 3422 2008 Sub
3448 1955 3578 2008 anni
3601 1969 3765 2024 porro

2169 2041 2503 2112 insequentis
2538 2041 2748 2094 initium
2772 2086 2786 2109 ,
2834 2043 2962 2097 dum
3001 2044 3176 2098 adhuc
3210 2046 3398 2101 Roma:
3434 2049 3760 2104 consisteret

2167 2131 2350 2188 Victri.
2371 2134 2474 2199 ius,
2493 2134 2776 2190 uterudile
2805 2134 3142 2191 demonstrat
3175 2139 3242 2192 cl.
3264 2139 3605 2204 Coutautius,
3628 2141 3762 2196 insi-

2163 2241 2323 2296 gnem
2356 2227 2504 2280 illam
2539 2227 2822 2298 epistolam
2857 2228 2923 2284 ab
2965 2227 3280 2286 Innocentio
3317 2229 3340 2286 ι
3387 2247 3524 2302 papa
3559 2232 3762 2302 recepit

2162 2335 2282 2390 qua:
2299 2318 2615 2390 Regularum
2637 2321 2762 2375 liber
2783 2321 2924 2376 dicta
2945 2332 3048 2390 est,
3071 2324 3140 2377 ob
3159 2339 3280 2378 eam
3302 2324 3508 2379 scilicet
3536 2339 3754 2380 causam

2161 2413 2302 2481 quod
2328 2413 2378 2465 in
2403 2429 2486 2480 ea,
2509 2427 2677 2482 pauca
2700 2413 2954 2484 praefatus
2969 2415 3311 2470 beatissimus
3325 2416 3588 2486 pontifex,
3606 2417 3757 2488 plura

2159 2504 2417 2572 deinceps
2442 2505 2826 2560 ecclesiaSticze
2855 2506 3152 2574 disciplina:
3181 2509 3352 2576 capita
3385 2510 3628 2578 exponit.

2230 2597 2347 2652 Mox
2379 2612 2529 2662 vero,
2577 2597 2745 2651 Roma
2778 2598 2945 2653 redux
2994 2598 3392 2670 Rothomagum
3433 2600 3753 2665 Victricitts,

2157 2688 2352 2745 eodem
2373 2705 2517 2742 anno
2544 2705 2640 2758 per
2666 2691 3060 2744 (landidianum
3083 2707 3148 2746 ex
3179 2693 3298 2746 suis
3323 2693 3556 2748 alumnis
3590 2709 3754 2746 unum

2158 2784 2210 2837 in
2241 2783 2450 2839 Italiam
2477 2785 2700 2838 missum
2730 2783 2924 2840 breves
2953 2785 3167 2840 litteras
3197 2786 3350 2840 dedit
3371 2785 3437 2840 ad
3470 2785 3754 2842 Paulinum

2078 2891 2127 2950 Β
2154 2875 2458 2939 Nolanum;
2518 2877 2608 2947 qui
2651 2887 2941 2946 propterea
2984 2878 3276 2931 secundam
3332 2879 3430 2948 ipsi
3464 2877 3756 2934 Rat/toma-

2150 2967 2294 3038 gensi
2325 2967 2565 3037 episc0p0
2595 2967 2878 3036 inscripsit
2900 2967 3209 3036 epistolam,
3239 2979 3430 3040 eSIque
3476 2985 3625 3022 num.
3660 2970 3752 3027 56.

2149 3057 2228 3114 De
2270 3073 2375 3130 qua
2409 3058 2628 3128 quidem
2662 3057 2982 3114 Pauliniana
3035 3060 3264 3129 epistola
3304 3063 3385 3116 sic
3435 3060 3750 3119 edisserunt

2145 3149 2334 3205 Gallae
2361 3150 2684 3205 Christanim
2715 3152 3014 3218 scriptores
3041 3169 3053 3205 :
3085 3169 3102 3202 ι
3143 3153 3441 3207 Postremae
3470 3154 3576 3207 illa:
3604 3139 3742 3208 Pau-

2148 3244 2239 3296 lini
2275 3244 2470 3298 littera:
2504 3244 2760 3299 videntur
2791 3245 3017 3300 eruditis
3061 3247 3405 3301 Bollandistis
3459 3264 3566 3302 non
3625 3263 3748 3306 esse

2148 3337 2402 3405 scriptae,
2439 3336 2544 3390 nisi
2589 3347 2872 3408 postquam
2919 3339 3289 3407 episcopatum
3330 3339 3423 3394 ille
3476 3339 3747 3394 Nolanum

2147 3429 2374 3496 adeptus
2399 3439 2567 3484 esset.
2605 3429 2671 3484 Et
2703 3428 2847 3484 enim
2869 3470 2886 3496 ,
2921 3431 3206 3500 inquiunt,
3243 3433 3455 3501 priores
3484 3431 3606 3502 ejus
3656 3431 3744 3486 lit-

2145 3533 2276 3578 terae
2301 3525 2428 3578 anni
2459 3524 2596 3590 599,
2633 3525 2905 3593 inscripta:
2936 3534 3062 3578 sunt
3085 3523 3390 3578 Beatissimo
3420 3540 3579 3581 rs'rttt
3617 3523 3739 3579 Vic-

2147 3615 2295 3668 tricio
2329 3632 2347 3668 :
2379 3615 2712 3684 posteriores
2733 3628 2911 3670 autem
2937 3617 3063 3669 anni
3094 3614 3223 3680 404,
3258 3614 3517 3670 Unanimo
3545 3630 3742 3672 ruunt

2157 3707 2423 3762 Victricio.
2456 3706 2562 3764 Sed
2590 3723 2692 3762 vox
2720 3709 2808 3762 illa
2841 3713 3000 3778 frater
3028 3709 3166 3763 levis
3198 3721 3280 3764 est
3318 3713 3577 3765 momenti
3601 3709 3744 3778 apud

2146 3803 2456 3859 Paulinum.
2506 3802 2795 3858 Scribebat
2843 3802 2940 3857 ille
2995 3803 3153 3858 annis
3178 3803 3282 3858 594
3329 3811 3386 3858 et
3408 3804 3547 3869 595,
3579 3803 3740 3876 longe

2145 3911 2274 3954 ante
2295 3914 2454 3968 quam
2479 3898 2773 3966 episcopus
2802 3904 2952 3952 esset
2973 3935 2986 3960 ,
3021 3896 3284 3965 epistolas
3304 3898 3336 3952 4
3368 3904 3425 3951 et
3449 3897 3505 3962 6,
3537 3905 3742 3951 utram-

2145 4009 2249 4063 que
2289 3991 2594 4060 AttgttSIitto
2643 3990 2822 4060 fratri.
2877 3991 3040 4046 Certe
3066 3989 3133 4045 ad
3179 3991 3466 4059 episcopos
3498 4004 3610 4044 non
3655 3998 3742 4046 est

2143 4095 2366 4141 evectus
2395 4083 2652 4138 Paulinus
2671 4124 2687 4148 ,
2721 4084 2822 4137 nisi
2853 4099 2995 4136 anno
3021 4083 3154 4148 409,
3183 4079 3300 4152 quo'
3320 4082 3540 4153 quidem
3596 4095 3740 4138 anno

2145 4181 2212 4232 ad
2255 4188 2500 4233 sanctum
2522 4176 2886 4245 Augustinum
2917 4175 3198 4241 scribens,
3253 4176 3739 4242 prmstantissimos

449 4265 584 4321 Victi
601 4265 708 4321 icio
757 4267 1015 4322 detulerit
1066 4268 1149 4322 vel
1183 4267 1595 4332 Valentiniano,
1629 4270 1720 4338 qui
1753 4281 1864 4323 tum
1895 4273 2039 4326 l'otte
2068 4263 2114 4326 C
2149 4272 2408 4328 Ecclesire
2425 4269 3022 4339 Gallicana-episcopos
3048 4279 3177 4322 tunc
3199 4269 3444 4323 viventes
3466 4277 3738 4336 recenset,

443 4357 585 4411 latus
661 4359 828 4428 ipsius‘
903 4360 1234 4414 ambiebant.
1306 4360 1464 4414 Illum
1541 4372 1801 4429 praetcrea
1856 4362 2040 4418 laudat

447 4446 707 4502 Paulinus
744 4449 813 4502 ab
843 4449 1090 4506 instituto
1129 4449 1272 4518 epod
1306 4450 1777 4520 Rothomagenscs
1811 4467 1905 4522 per
1931 4453 2037 4507 ire

444 4552 676 4611 quentes
705 4541 980 4598 Ecclesias
1010 4554 1065 4598 et
1098 4546 1429 4598 rnonasteria
1457 4543 1776 4613 quotitliano
1805 4547 2035 4614 psallen-

447 4635 580 4688 tium
609 4647 915 4700 concentu;
962 4636 1047 4692 τιθὲ
1087 4637 1350 4706 quondam
1381 4636 1586 4692 scilicet
1619 4637 1821 4692 deserta
1862 4642 2034 4710 sylva-

441 4743 560 4781 rtmt
583 4744 645 4782 ac
669 4729 905 4783 lictorum
927 4731 1292 4798 paritcrintuta
1314 4732 1523 4786 attamen
1544 4731 1750 4786 barbari
1763 4743 1852 4788 aut
1874 4734 2036 4790 latro-

444 4837 531 4875 nes
558 4821 743 4876 incolis
769 4824 1182 4894 frequentabant.

515 4915 674 4970 Anno
699 4913 805 4969 394
835 4924 926 4969 aut
947 4916 1055 4972 595
1101 4916 1152 4967 iu
1185 4915 1431 4985 Angliam
1465 4916 1737 4985 perrexit,
1785 4917 1854 4972 ab
1892 4919 2034 4974 illius

442 5005 593 5073 regni
624 5005 962 5060 antistitibus
987 5015 1267 5072 evocatus,
1297 5005 1443 5076 pacis
1475 5008 1828 5064 coitcilianda:
1851 5026 2034 5078 causa,

443 5112 602 5166 quam
629 5113 764 5152 nova
789 5099 1198 5169 Pelagianorum
1227 5101 1453 5154 haeresis
1480 5101 1732 5157 turbabat
1756 5143 1771 5167 ,
1806 5113 1861 5157 ut
1891 5105 2036 5173 ipse-

2147 4364 2511 4433 Exsuperinm
2534 4363 2789 4418 videlicet
2812 4361 3170 4426 Tol0sanum,
3203 4361 3542 4431 Simplicium
3573 4360 3743 4416 Vien-

2147 4475 2369 4516 nensem
2396 4503 2410 4526 ,
2473 4458 2780 4514 Amandum
2823 4457 3304 4525 Burdigalensem,
3352 4455 3740 4526 Diogenianum

2145 4555 2496 4624 Albigensem
2525 4593 2542 4618 ,
2571 4550 2899 4622 Dynamium
2925 4549 3430 4618 Ettgolismeusem,
3459 4547 3740 4603 Veneran-

2142 4647 2272 4702 dum
2298 4645 2734 4704 Arverneusem,
2780 4640 3042 4695 Alithium
3092 4640 3530 4707 Cadurcensem,
3571 4637 3743 4709 Pega-

2143 4741 2282 4794 sium
2309 4738 2548 4806 denique
2593 4734 3062 4791 Petraeuricnsem
3105 4749 3121 4785 :
3159 4732 3226 4784 de
3251 4729 3509 4785 Victricio
3555 4739 3740 4784 autem

2144 4833 2285 4887 silet.
2317 4830 2473 4887 Unde
2501 4829 2714 4884 videtur
2754 4837 2975 4880 sanctus
3014 4825 3244 4878 antistes
3273 4819 3740 4892 Rothomageusis

2149 4933 2277 4978 tunc
2307 4923 2488 4976 vivere
2517 4921 2769 4974 desiisse.
2809 4935 2829 4968 ι

2221 5015 2515 5085 (Αηιριὶονα
2561 5013 2869 5066 docmncnta
2894 5011 2950 5065 in
2999 5007 3229 5081 subjecta
3277 5004 3502 5060 Joannis
3553 5002 3772 5074 Lebeuf

2150 5107 2477 5178 Prmfatione
2516 5105 2791 5176 reperies.)
2823 5159 2830 5165 ,

448 5217 3736 5245 mm

878 5331 1728 5448 PIUEFATIO-
1857 5347 2043 5454 J0

2161 5347 2542 5456 NNIS
2668 5333 3269 5450 LEBEUF

1018 5539 1124 5600 AD
1169 5539 1796 5616 SUBSEQUENTEM
1841 5548 2142 5614 LIBRUM
2191 5554 2298 5614 DE
2335 5549 2603 5615 LAUDE
2647 5547 3157 5612 SANCTORUM.

510 5731 673 5804 Operi
702 5735 846 5805 quod
878 5737 928 5788 in
963 5735 1139 5791 lucem
1171 5751 1198 5788 a
1230 5751 1317 5789 me
1347 5734 1640 5804 profertur,
1697 5734 2043 5790 occasionem
2071 5741 2126 5802 1)
2153 5738 2448 5809 Martyrum
2478 5743 2737 5809 receptio.
2758 5741 2892 5795 Illud
2923 5740 3172 5809 quisquis
3189 5735 3564 5807 perpenderit,
3581 5735 3750 5792 alicu-

443 5826 678 5896 pratbuit
738 5826 1109 5896 Reliquiarum
1176 5826 1499 5882 Sanctorum
1550 5827 1937 5897 Aposwlorum
1988 5837 2042 5882 et

2143 5830 2233 5899 jus
2249 5833 2701 5903 Rothomagensis
2724 5834 2962 5903 cpisc0pi
2994 5831 3277 5885 industriae
3299 5829 3460 5884 facile
3490 5828 3753 5884 ascribet.
