4344 6174
546 227 651 286 859

1411 233 1467 287 S.
1517 230 1904 288 VICTBICIUS
1948 227 2319 288 ilPlSCOPUS
2358 230 2965 289 ROTHOMAGENSIS.

3724 227 3832 289 440

550 342 680 399 Haec
705 346 868 402 verba
912 361 1033 417 quae
1065 346 1403 416 paragrapho
1432 344 1595 399 tertio
1623 344 1878 413 leguntur
1902 361 1915 398 :
1942 342 2031 397 Bis
2076 343 2143 397 ad
2172 346 2221 405 Α
2253 342 2577 399 Theodulus.
2615 343 2811 400 Verum
2842 358 2948 400 non
2979 358 3137 414 parva
3168 346 3342 401 oritur
3368 345 3661 401 difficultas
3686 346 3831 402 circa

546 435 1018 505 Rothomagensem
1062 437 1245 494 Sancti
1289 437 1504 491 veniunt
1531 438 1811 502 ciuitatem,
1846 437 2029 491 statim
2062 439 2145 491 in-

544 530 728 586 dicant
790 532 1068 598 lteliquias
1116 532 1169 584 in
1220 530 1351 585 urbe
1393 529 1815 600 liothomagensi
1864 540 2140 600 exceptas.

544 622 700 689 Quod
746 638 876 677 vero
923 623 1065 677 circa
1113 624 1271 676 linem
1305 622 1631 693 paragraphi
1662 624 1800 676 sexti
1841 622 2141 677 scribitur:

553 713 662 769 Sed
707 714 830 784 quid
860 731 952 785 ego
979 730 1176 784 pauper
1210 714 1492 768 Victricius
1536 714 1707 769 cultor
1749 723 1914 769 vester
1942 719 2003 769 de
2047 715 2145 769 loci

549 806 807 877 qualitate
834 807 1057 876 formido
1089 816 1236 861 ctare
1262 807 1501 861 oStendit
1528 816 1804 861 auctorem
1843 805 2007 860 fuisse
2042 805 2146 860 ltu-

545 899 636 965 jus
665 898 910 965 opusculi
936 898 992 954 S.
1025 897 1362 961 Victricium,
1395 898 1485 967 qui
1515 897 1658 951 illius
1684 899 1832 950 urbis
1863 901 2147 967 episcopa-

547 1000 660 1044 tum
710 990 883 1045 tenuit
930 1005 1120 1047 versus
1174 989 1335 1044 linem
1375 990 1553 1060 quarti
1604 992 1790 1045 surculi
1839 999 1893 1044 et
1934 989 2145 1045 initium

547 1086 747 1155 quinti.

621 1179 808 1251 Stylus
832 1178 993 1249 hujus
1012 1180 1195 1247 operis
1214 1193 1335 1234 cum
1362 1177 1503 1250 stylo
1526 1178 1701 1231 sancti
1728 1175 1963 1242 Paulini,
1986 1191 2147 1245 quem

551 1271 695 1326 inter
726 1280 780 1325 et
823 1280 1072 1325 sanctum
1118 1269 1428 1325 Victiicium
1475 1267 1778 1322 ποιῐεςίιιιίι
1820 1268 1918 1321 fuit
1962 1282 2151 1322 neces-

552 1367 709 1429 sitas,
745 1369 1035 1420 maximam
1069 1366 1231 1422 habet
1260 1365 1697 1419 similitudinem.
1730 1364 1862 1431 Quae
1892 1378 1958 1418 ex
2002 1362 2148 1417 Scri-

544 1472 699 1530 ptura
743 1476 923 1526 sacra,
969 1476 1030 1515 ea
1060 1476 1126 1515 ex
1158 1459 1348 1515 Latina
1399 1459 1655 1513 versione
1703 1467 1831 1511 tunc
1884 1455 2150 1525 temporis

549 1558 746 1609 usitata
778 1566 1033 1624 excerpta
1066 1566 1211 1608 sunt.
1251 1556 1313 1607 ῐ).
1346 1552 1648 1622 .llartianay
1680 1567 1743 1605 ex
1777 1548 2150 1617 manuscripto

545 1649 721 1701 sancti
769 1646 1080 1702 Germania
1111 1645 1291 1701 Pratis
1320 1645 1533 1709 codice,
1565 1643 1826 1698 nonnulla
1864 1642 2071 1706 retulit,
2096 1640 2147 1693 in

2249 437 2421 507 ipsum
2466 436 2830 501 Theodulum,
2873 454 2938 491 an
2985 437 3189 494 scilicet
3241 439 3328 493 ille
3372 439 3443 493 sit
3486 439 3835 495 amanuensis

2247 529 2390 584 beati
2420 530 2691 585 Ambrosii
2722 530 2791 585 de
2819 545 2929 599 quo
2958 531 3229 586 scribebat
3268 531 3524 586 Paulinus
3555 534 3832 605 presbyter

2249 622 2302 677 in
2338 622 2449 677 vita
2473 622 2714 693 ejusdem
2745 622 3020 678 Ambrodi
3042 639 3187 678 anno
3212 624 3338 688 M7,
3364 639 3424 677 ea
3453 640 3573 693 qua:
3598 640 3837 694 sequun-

2250 728 2337 770 tur
2365 733 2379 770 :
2408 715 2533 770 Cum
2577 716 2646 769 ad
2690 715 2939 788 palatium
2971 726 3199 788 pergeret
3250 718 3568 784 Ambrosius,
3624 734 3837 790 eumque

2249 826 2344 879 pro
2373 809 2485 861 loco
2512 809 2675 879 ofﬁcii
2709 810 2873 862 nostri
2898 826 3238 878 sequerentur,
3284 809 3549 864 Theodulo
3572 819 3694 864 tunc
3728 810 3840 865 Νο-

2249 904 2383 957 tario
2410 906 2494 969 qui
2545 913 2720 971 postea
2745 920 2945 956 summa
2970 919 3088 955 cum
3116 904 3284 975 gratia
3317 902 3659 958 Mutinensem
3704 904 3838 959 rexit

2252 992 2558 1057 Ecclesium,
2582 1003 2689 1048 etc.
2721 994 2774 1050 Si
2802 992 2946 1047 enim
2974 994 3255 1048 Victricins
3286 993 3353 1048 de
3380 995 3659 1063 episcopo,
3686 1012 3839 1051 men-

2251 1086 2450 1140 tionem
2483 1085 2659 1153 faciat,
2692 1086 2817 1140 hiuc
2842 1087 3009 1159 liquet
3039 1086 3199 1140 alium
3222 1101 3342 1141 esse
3367 1102 3395 1139 a
3418 1085 3699 1143 Theodulo
3726 1087 3840 1143 Mu-

2250 1179 2443 1233 tinensi
2466 1180 2743 1248 episcopo,
2769 1179 2912 1248 quod
2939 1195 3131 1247 nempe
3151 1178 3506 1234 Mutinensem
3524 1178 3837 1236 cathedram

2253 1270 2494 1324 nondum
2540 1271 2885 1333 ascenderat,
2915 1287 3037 1326 cum
3070 1271 3333 1341 Reliquis:
3362 1271 3684 1328 Sanctorum
3735 1273 3839 1343 ipsi

2250 1363 2535 1431 assignatas
2558 1363 2767 1417 fuerunt
2788 1379 2803 1427 ;
2828 1364 3090 1432 siquidem
3115 1377 3185 1418 ex
3212 1363 3332 1418 lnco
3354 1363 3563 1419 Paulini
3586 1366 3837 1433 superius

2252 1452 2484 1525 allegato
2518 1463 2724 1508 certum
2772 1465 2853 1508 est
2881 1469 3004 1509 eum
3035 1468 3179 1507 anno
3219 1452 3347 1521 395,
3382 1464 3501 1522 post
3546 1454 3839 1512 TheotiOsii

2255 1558 2484 1601 mortem
2516 1545 2720 1602 Notarii
2755 1547 2935 1601 munia
2978 1546 3079 1601 sub
3110 1558 3302 1603 sancto
3348 1546 3637 1602 Ambrosio
3665 1547 3843 1604 adhuc

2252 1639 2450 1709 egisse.
2480 1637 2683 1694 Scribit
2713 1637 2968 1708 Ughellus
2996 1639 3315 1693 memoriam
3344 1637 3568 1709 hujusce
3597 1638 3841 1709 episcopi

546 1741 749 1812 quibus
794 1742 990 1795 similis
1046 1740 1314 1811 reperitur
1341 1738 1399 1793 S.
1434 1737 1668 1792 Matthzei
1713 1735 2026 1798 translatio,
2078 1750 2143 1788 ex
2180 1748 2227 1808 Β
2255 1747 2411 1799 quem
2439 1729 2782 1785 Theodorum
2814 1730 2950 1784 male
2972 1740 3145 1796 vocat,
3172 1742 3386 1784 exstare
3406 1731 3457 1785 in
3482 1732 3846 1787 monumentis

547 1832 707 1902 cujus
758 1832 861 1888 lide
909 1832 1098 1887 Patres
1136 1831 1435 1899 Scriptura:
1482 1830 1793 1885 testimonia
1852 1824 2153 1881 afferebant

547 1936 673 1981 ante
696 1924 753 1981 S.
782 1926 1097 1997 Hieronymi
1125 1935 1365 1979 atatem.

622 2018 717 2073 llic
749 2019 802 2071 in
831 2019 1188 2086 qumsuoncm
1218 2016 1411 2070 venire
1439 2022 1623 2083 posset
1652 2027 1720 2067 an
1755 2025 1891 2081 opus
1923 2010 2055 2065 illud
2081 2009 2154 2065 sit

539 2110 733 2165 concio
764 2126 924 2180 quam
944 2125 1131 2163 coram
1160 2108 1361 2179 populo
1383 2104 1811 2175 Rothomagensi
1835 2103 2153 2158 recitaverit

546 2203 845 2258 Victricius
876 2203 961 2257 vel
993 2202 1211 2258 libellus
1240 2216 1402 2272 quem
1446 2200 1633 2270 populi
1663 2197 1929 2254 edocendi
1977 2198 2149 2267 gratia

541 2296 954 2365 composuerit?
999 2295 1079 2350 Ex
1107 2294 1321 2349 duobus
1360 2295 1543 2363 operis
1580 2292 1713 2345 locis
1753 2291 1996 2346 libellum
2025 2305 2150 2345 cre-

542 2387 670 2442 dam
704 2390 881 2458 potius
910 2402 1033 2443 esse
1076 2403 1238 2457 quam
1270 2385 1610 2442 concionem.
1646 2383 1753 2438 Sed
1802 2399 1918 2450 nos,
1954 2384 2148 2452 inquit,

549 2481 889 2550 paragrapho
929 2480 985 2545 9,
1013 2480 1068 2533 in
1098 2489 1245 2534 tanta
1292 2478 1647 2547 gratulatione
1687 2475 1877 2529 librum
1925 2474 2149 2528 tumultu

547 2573 892 2641 qutrstionum
916 2572 1216 2642 refercimus
1234 2586 1252 2624 :
1270 2580 1323 2624 et
1346 2584 1535 2622 versus
1561 2566 1722 2622 linem
1750 2567 2070 2641 paragraphi
2092 2566 2147 2633 9,

548 2665 610 2721 Si
637 2676 817 2719 nostra
845 2667 927 2719 cui
958 2664 1186 2719 sordebit
1211 2664 1405 2728 oratio,
1431 2663 1662 2716 studium
1685 2671 1819 2715 certe
1848 2660 2151 2727 neutiquam

546 2758 862 2826 displicebit,
910 2757 1166 2823 siquidem
1200 2773 1290 2809 nos
1323 2754 1515 2808 videbit
1561 2752 1754 2806 librum
1786 2752 2014 2823 simplici
2045 2751 2152 2818 ﬁde

544 2866 805 2915 exarasse,
834 2865 939 2903 non
961 2851 1154 2903 verbis.
1190 2848 1349 2902 Enim
1376 2863 1506 2901 vero
1536 2845 1659 2899 ﬁdei
1690 2844 1967 2898 confessio
1987 2858 2147 2912 qualn

542 2953 821 3010 nuncupat
868 2941 1215 3012 paragrapho
1245 2939 1302 3003 4,
1358 2948 1415 2994 et
1460 2936 1708 3007 repetitae
1760 2935 2149 2989 advocationes

547 3037 653 3093 SS.
682 3036 1067 3102 Apostolorum
1111 3046 1166 3090 et
1196 3035 1492 3104 Martyrum
1524 3045 1752 3101 quorum
1802 3029 2060 3098 Reliquiae
2092 3028 2145 3082 in

2259 1821 2648 1877 Mutinensibus
2701 1823 2764 1875 ad
2812 1838 3010 1876 annum
3067 1822 3192 1889 397,
3249 1838 3357 1893 quo
3411 1821 3548 1877 forte
3597 1832 3845 1892 tempore

2258 1918 2467 1973 obierat
2505 1917 2825 1972 Ambrosius
2860 1928 2915 1971 et
2944 1916 3260 1987 opusculum
3306 1915 3593 1972 Victricius
3619 1916 3845 1986 jamjam

2256 2022 2592 2068 GXONVCI‘RI.
3184 2024 3190 2029 ’

2326 2102 2459 2157 Cum
2509 2104 2671 2173 igitur
2718 2103 2881 2158 alium
2934 2103 3273 2159 Theodulum
3330 2104 3570 2175 assignet
3601 2103 3844 2174 Epistula

2254 2196 2470 2252 concilii
2497 2196 2914 2252 Mediolanensis
2942 2197 3009 2251 ad
3054 2198 3307 2253 Siricium
3342 2213 3530 2268 papam
3559 2200 3682 2252 anni
3714 2199 3842 2265 390,

2259 2290 2418 2343 istum
2468 2286 2609 2345 forte
2662 2289 3001 2345 Theodulum
3050 2290 3251 2345 indicat
3300 2293 3479 2361 petitis
3524 2290 3838 2346 Victricius.

2256 2382 2426 2451 Cujus
2465 2391 2645 2436 autem
2674 2383 2817 2436 sedis
2845 2382 3114 2437 exstiterit
3162 2383 3470 2453 episcopus,
3506 2381 3735 2437 infertur
3778 2397 3845 2437 ex

2256 2474 2745 2543 subscriptiOuibus
2775 2474 2992 2528 concilii
3020 2474 3380 2543 Aquileiensis
3408 2475 3535 2528 anni
3564 2473 3693 2535 581.
3724 2488 3844 2544 qua:

2258 2573 2577 2633 repetuntur
2632 2566 2684 2620 in
2731 2566 3027 2635 exemplari
3088 2566 3328 2620 llomano
3381 2566 3843 2636 snbscriptionum

2254 2657 2496 2727 ejusdem
2560 2657 2777 2713 concilii
2843 2658 3277 2713 Mcdiolanensis.
3340 2657 3395 2712 In
3446 2659 3512 2714 iis
3558 2657 3841 2713 Theodulo

2255 2750 2433 2823 (male
2478 2749 2797 2805 Theodorus
2840 2750 3017 2821 dicto)
3052 2751 3359 2820 assignatur
3401 2749 3558 2805 sedes
3603 2750 3843 2805 Octoduo

2255 2843 2449 2897 rensis.
2476 2843 2543 2897 At
2573 2856 2693 2896 cum
2720 2844 2771 2896 in
2798 2847 2915 2912 ejus
2944 2842 3218 2897 territorio
3244 2843 3589 2912 quiescerent
3611 2856 3842 2913 corpora

2253 2934 2545 3007 Martyrum
2577 2935 3002 3003 Agaunensium.
3032 2934 3079 2989 si
3111 2936 3385 3005 quidpiam
3421 2936 3488 2990 de
3518 2936 3841 2992 Sanctorum

2256 3026 2517 3097 Reliquiis
2546 3026 2801 3082 Victriciu
2832 3028 3100 3082 missurus
3126 3039 3246 3083 erat
3286 3027 3616 3095 Theodulus,
3649 3029 3718 3083 de
3744 3027 3843 3083 ho-

547 3129 738 3183 urbetu
786 3143 980 3182 recens
1030 3135 1311 3203 venerant,
1361 3124 1414 3177 in
1462 3124 1600 3177 libro
1643 3120 2143 3176 convcnieutiorcm
2175 3143 2220 3208 ρ
2253 3135 2368 3174 rum
2400 3117 2646 3188 proferto
2674 3119 2966 3190 Martyrum
3010 3120 3268 3189 sanguine
3297 3120 3581 3175 intinctam
3614 3123 3837 3177 humum

546 3234 709 3289 quam
750 3218 802 3272 in
833 3219 1081 3273 oratione
1122 3216 1307 3272 sedem
1341 3215 1610 3270 obtinent.

619 3310 677 3366 Si
724 3310 791 3364 de
839 3320 1085 3379 tempore
1112 3318 1389 3364 con5tarct
1428 3308 1483 3361 in
1525 3322 1634 3374 quo
1672 3306 1872 3360 mortui
1894 3306 2148 3375 suntepi-

543 3404 696 3472 scopi
744 3401 1164 3456 Mediolanensis
1194 3401 1487 3470 provincia;
1515 3399 1832 3454 Theodulus
1860 3411 1914 3453 et
1956 3398 2147 3452 Eusta-

543 3496 700 3550 chius
747 3496 814 3548 de
860 3494 1055 3563 quibus
1100 3494 1440 3562 paragrapho
1480 3491 1539 3556 ‘2,
1589 3492 1747 3545 sicuti
1797 3500 2034 3553 constat,
2079 3489 2147 3544 de

545 3595 796 3656 tempore
825 3599 933 3655 quo
954 3584 1086 3640 obiit
1109 3584 1167 3639 S.
1195 3584 1540 3649 Ambrosius,
1572 3582 1783 3639 facilius
1808 3597 2007 3636 annum
2040 3596 2147 3651 quo

553 3680 818 3749 Reliquia:
862 3680 969 3734 illa:
998 3678 1397 3747 Rotbomagum
1429 3677 1677 3731 advecta:
1705 3675 1924 3740 fuerint,
1957 3689 2147 3745 poise-

546 3786 669 3826 mus
718 3772 1020 3841 assignare.
1073 3769 1127 3823 Id
1171 3769 1345 3822 solum
1399 3784 1497 3836 pro
1533 3777 1687 3822 certo
1732 3766 1917 3821 haberi
1968 3775 2145 3835 potest

548 3862 1031 3935 (quandoquidem
1056 3860 1117 3917 S.
1146 3859 1471 3915 Ambrosius
1499 3874 1561 3913 ex
1590 3873 1818 3914 numero
1840 3858 2142 3912 fniteorum

540 3956 632 4023 qui
683 3956 735 4009 in
766 3956 824 4009 S.
865 3953 1099 4009 Victririi
1141 3954 1372 4023 gratiam
1410 3952 1682 4007 Ecclesias
1713 3967 1842 4005 suas
1870 3951 2141 4020 spoliave-

539 4050 673 4112 rint,
713 4058 767 4103 et
798 4048 1015 4116 quando
1055 4047 1195 4101 inter
1237 4046 1469 4101 Sanctus
1512 4046 1825 4099 morborum
1858 4056 2140 4100 curatores

541 4139 782 4211 appellat
851 4140 1134 4195 Victricius
1185 4139 1243 4194 S.
1292 4138 1578 4192 Nazarium
1642 4136 2140 4207 Mediolanensem)

542 4235 755 4290 “ilicet
786 4234 933 4288 illam
961 4233 1374 4287 translationem
1399 4233 1464 4285 ad
1496 4232 1630 4287 illud
1658 4242 1872 4301 tempus
1903 4245 2024 4286 esse
2056 4246 2141 4285 re-

542 4326 849 4391 ferendam,
878 4326 1021 4395 quod
1051 4333 1134 4379 e~t
1162 4325 1399 4377 medium
1443 4326 1585 4379 inter
1613 4322 1991 4378 Invenlionem
2020 4337 2141 4376 cor-

538 4434 734 4491 porum
766 4426 1079 4473 Sauctornm
1111 4416 1322 4470 Nazarii
1346 4427 1401 4472 ct
1429 4416 1595 4482 Celsi,
1626 4429 1689 4469 ac
1706 4416 1877 4469 sancti
1905 4414 2138 4467 Ambro-

2251 3228 2372 3283 qnte
2420 3225 2546 3269 tunc
2574 3212 2737 3268 etiam
2771 3213 3178 3284 religiosissime
3227 3216 3634 3279 asservabatur,
3667 3218 3721 3269 in
3745 3229 3837 3270 ca-

2253 3306 2458 3375 psulam
2486 3306 2741 3377 episcopo
2763 3305 3187 3376 Rothoinagensi
3210 3307 3533 3361 destinatam
3557 3307 3839 3378 deposuis-

2252 3407 2354 3452 set.
2391 3397 2572 3453 Altum
2631 3414 2761 3469 ergo
2790 3399 2856 3453 de
2900 3400 3071 3454 sancti
3105 3400 3337 3453 Matuitii
3372 3399 3632 3469 Reliquiis
3676 3399 3840 3455 silen-

2252 3496 2381 3545 tium
2438 3492 2672 3561 postulat
2718 3500 2777 3545 ut
2827 3491 3157 3561 intelligatur
3201 3490 3270 3547 de
3322 3492 3604 3548 Theodulo
3634 3492 3741 3548 alio
3771 3492 3839 3547 ab

2249 3584 2506 3654 episeopo
2535 3584 2892 3639 Octodurensi
2924 3600 2985 3639 ea
3014 3602 3132 3655 quin
3162 3587 3212 3640 in
3242 3594 3474 3640 tractatu
3507 3588 3678 3640 sancti
3717 3584 3837 3642 Vic-

2250 3677 2390 3731 tricii
2434 3678 2762 3733 referuntur.

2321 3768 2398 3825 De
2443 3770 2823 3841 qualicumque
2867 3770 3124 3840 episcOpo
3156 3772 3243 3826 vel
3286 3771 3541 3827 Ecclesia:
3580 3770 3831 3827 ministro

2247 3862 2446 3931 scripta
2477 3863 2696 3926 fuerint,
2731 3862 2911 3932 aliqua
2944 3863 3156 3918 libellus
3201 3863 3306 3918 iste
3332 3880 3489 3933 quem
3533 3863 3719 3918 lectori
3751 3863 3834 3918 of-

2249 3950 2366 4008 fero
2391 3952 2589 4023 dignus
2614 3964 2697 4008 est
2727 3956 3095 4022 veneratione,
3132 3965 3242 4010 tum
3283 3972 3347 4009 ex
3378 3965 3527 4025 parte
3551 3955 3836 4025 antiquita-

2246 4045 2335 4109 tis,
2365 4061 2483 4115 qua:
2520 4046 2799 4117 plusquam
2834 4048 2977 4102 inille
3009 4048 3526 4120 quadringentorum
3570 4066 3833 4104 annorum

2247 4148 2349 4205 est,
2388 4151 2498 4193 tum
2531 4156 2597 4193 ex
2632 4151 2784 4208 parte
2814 4140 3049 4195 auctoris
3078 4141 3233 4210 cujus
3276 4144 3497 4197 nomine
3524 4142 3829 4213 insignitnr,

2245 4234 2443 4299 quippe
2471 4232 2561 4301 qui
2593 4231 2789 4286 deinde
2818 4234 3035 4287 amissis
3081 4232 3273 4287 litteris
3302 4248 3436 4300 quas
3466 4234 3532 4288 ad
3562 4233 3619 4289 S.
3654 4233 3831 4287 Pauli-

2246 4337 2371 4376 num
2432 4323 2694 4379 Nolanum
2745 4325 3040 4393 scripserat
3095 4336 3316 4380 sanctus
3368 4325 3677 4390 Victrieins,
3733 4326 3832 4380 hoc

2242 4418 2496 4471 damnum
2532 4428 2767 4487 reparat,
2814 4428 2867 4473 et
2918 4419 3094 4488 aliqua
3129 4417 3492 4489 Epistolarum
3524 4418 3732 4473 Paulini
3768 4419 3834 4473 ad

535 4513 603 4568 sii
652 4522 906 4565 mortem.
959 4509 1094 4564 Cum
1148 4510 1309 4578 igitur
1340 4524 1445 4563 non
1496 4510 1768 4563 detexerit
1814 4505 2135 4561 Ambrosius
2163 4532 2214 4588 ι)
2248 4508 2554 4562 Victriciunt
2609 4509 2726 4563 loca
2770 4509 3023 4564 illustrat.
3071 4511 3343 4565 Cirterum
3392 4511 3438 4565 si
3475 4526 3616 4581 zegre
3658 4511 3833 4565 ferant

536 4617 731 4659 eorum
775 4603 1101 4657 Sanctorum
1132 4616 1366 4671 corpora
1407 4612 1533 4655 ante
1573 4600 1869 4655 Theodosii
1902 4612 2133 4653 mortem

535 4710 658 4764 qum.
685 4694 913 4764 contigit
932 4694 1020 4749 dic
1048 4693 1259 4747 decima
1288 4693 1516 4763 septima
1544 4691 1783 4745 Januarii
1812 4706 1954 4744 anno
1982 4688 2136 4745 Chri-

535 4789 604 4841 sti
646 4786 771 4851 595,
826 4787 1053 4857 ipseque
1105 4786 1429 4841 Ambrosius
1484 4785 1683 4841 ubicrit
1727 4800 1869 4839 anno
1910 4782 2011 4837 597
2044 4780 2134 4835 die

532 4881 739 4950 Aprilis
760 4888 975 4949 quarta,
1000 4880 1247 4949 sequitur
1276 4880 1411 4933 hanc
1440 4878 1831 4948 Exceptionem
1861 4875 2134 4944 Reliquia-

530 4987 650 5028 rum
674 4972 816 5040 apud
842 4970 1333 5042 Rothomagenses,
1366 4974 1509 5027 circa
1543 4986 1744 5025 annum
1790 4970 1896 5024 ’596
1928 4969 2125 5024 factam

527 5065 718 5120 luisse.
1444 5106 1447 5109 .

604 5155 683 5210 De
709 5155 984 5226 episcopis
1012 5154 1307 5211 Eustachio
1336 5164 1393 5212 et
1420 5155 1704 5212 Theodulo
1736 5158 1817 5229 (si
1846 5166 2028 5214 tamen
2062 5158 2130 5212 de

531 5249 805 5321 episc0pis
833 5259 955 5318 agat
989 5249 1313 5317 Virtricius)
1342 5259 1555 5305 constat
1600 5249 1745 5319 quod
1796 5251 1851 5305 in
1886 5251 2126 5321 Epistula

2242 4600 2480 4654 nonnulli
2512 4601 2601 4671 qui
2633 4611 2884 4657 auctores
2934 4602 3119 4658 Gallos
3148 4614 3201 4655 et
3253 4602 3490 4658 Francos
3542 4602 3829 4669 illitStrant,

2240 4691 2381 4760 quod
2416 4692 2711 4746 llouorium
2741 4693 2899 4763 vulgo
2929 4693 3504 4763 Augustodunensem,
3540 4709 3571 4748 e
3600 4709 3830 4748 numero

2238 4785 2565 4853 scriptorum
2615 4796 2922 4839 nom-orum
2965 4786 3276 4841 sustulerint
3326 4787 3715 4842 Dissertatione
3742 4801 3833 4841 su-

2240 4877 2419 4945 perius
2448 4877 2611 4943 edita,
2647 4879 2942 4933 observent
2977 4896 3061 4933 me
3092 4881 3141 4931 in
3178 4880 3357 4933 locum
3400 4878 3622 4933 Honorii
3654 4880 3829 4934 virum

2237 4968 2516 5025 sullecisse
2564 4981 2619 5025 et
2647 4972 2907 5041 dignitate
2952 4972 3374 5028 celeberrimum
3403 4984 3459 5029 et
3502 4975 3829 5046 antiquitate

2240 5061 2398 5133 longe
2426 5063 2937 5117 commendandum.

2306 5156 2683 5226 Digressiunes
2729 5156 2972 5225 plurimae
3001 5157 3201 5226 quibus
3233 5159 3335 5213 hoc
3364 5160 3625 5227 scriptum
3656 5155 3827 5213 refer-

2235 5260 2347 5304 tum
2375 5260 2478 5317 est,
2511 5254 2839 5305 sententiam
2874 5251 3127 5307 videntur
3153 5253 3390 5307 recentis
3418 5254 3659 5308 auctoris
3684 5251 3825 5309 Vitae

530 5341 765 5399 Coucilii
798 5340 1215 5397 Mediolanensis
1245 5342 1371 5395 anni
1403 5341 1508 5397 590
1536 5342 1751 5396 nomina
1791 5344 2129 5414 subscripse—
2231 5342 2289 5398 S.
2352 5343 2587 5397 Victricii
2633 5353 2658 5380 ιι
2698 5344 3045 5410 confirmare,
3088 5344 3156 5400 de
3187 5345 3475 5400 calumniis
3503 5346 3699 5415 quibus
3731 5360 3825 5415 pe-

530 5435 663 5500 rint,
706 5432 898 5487 saltem
928 5431 1086 5502 juxta
1132 5432 1425 5485 editionem
1448 5431 1648 5486 Labbei
1679 5442 1825 5487 tomo
1851 5432 1892 5487 ll
1914 5433 2126 5492 Concil.

537 5526 645 5581 col.
697 5525 836 5581 1017
878 5543 889 5577 :
926 5538 1049 5578 nam
1089 5524 1231 5594 apud
1272 5523 1408 5578 alios
1451 5523 1648 5593 legitur
1680 5524 1984 5581 Theodorus
2011 5542 2120 5583 non

594 5711 620 5740 ι
660 5702 735 5760 ιι
761 5698 907 5755 Brun
938 5699 1030 5756 des
1060 5698 1330 5758 Harum.

2228 5435 2359 5489 titus
2386 5433 2507 5504 fuit,
2532 5434 2685 5504 quasi
2713 5435 2766 5489 in
2789 5436 3061 5506 aliquibus
3084 5435 3209 5491 lidei
3231 5436 3475 5491 articulis
3498 5436 3821 5491 erravissct.

2226 5525 2471 5584 Credunt
2500 5526 2648 5582 illum
2692 5529 2742 5583 in
2792 5527 2999 5584 Italiam
3029 5538 3187 5584 antea
3219 5544 3279 5582 se.
3308 5524 3598 5599 purgatum
3630 5530 3819 5600 ivisse,
