4210 6190
460 282 562 341 ιιι

1075 279 1451 340 PREFATIO
1488 279 1537 336 J.
1583 279 1860 338 LEBEUF
1893 280 1984 335 Al)
2021 277 2281 335 LIBRUM
2326 279 2412 333 DF.
2457 278 2688 336 LAUDF.
2732 275 3183 339 SANCTORUM.

3637 277 3748 335 ΜΞ

455 399 598 456 unde
627 399 900 474 Reliquias
928 387 1142 456 deferre
1174 407 1448 471 potuerat,
1480 397 1679 470 quibus
1710 396 1830 453 illas
1859 396 2042 469 junxit
2066 399 2114 458 Α
2146 395 2382 451 Morinos
2412 406 2465 451 et
2512 395 2735 451 Nervios
2776 396 3183 464 evangelizavit.
3219 395 3346 450 llaec
3376 395 3558 450 omnia
3610 408 3744 450 uar-

452 510 594 567 quas
623 506 807 566 postea
839 496 1078 566 excepit;
1114 495 1214 548 nisi
1255 505 1438 550 tamen
1463 493 1554 548 alii
1589 493 1735 564 prius
1782 493 2038 548 obtinue—

450 597 592 643 rant.
628 589 814 644 Exstat
844 589 896 643 in
929 588 1189 644 suburbio
1212 587 1640 658 Rothomagcnsi
1669 587 1910 642 Ecclesia
1939 587 2040 641 sub

449 680 606 736 titulo
631 679 692 736 S.
723 680 992 736 Gervasii.
1028 681 1175 736 l-lauc
1202 697 1307 735 non
1331 681 1564 735 absurde
1602 679 1929 734 crediderim
1961 680 2039 733 lo-

447 792 570 834 cum
595 791 866 847 occupare
892 778 942 832 iu
966 794 1075 849 quo
1096 777 1154 834 S.
1187 778 1472 833 Victricius
1501 779 1758 847 templum
1786 785 2037 848 posuerat

447 871 516 927 de
545 889 653 941 quo
682 873 736 927 in
785 873 942 943 hujus
970 875 1152 943 operis
1183 875 1288 930 ﬁne
1327 875 1586 944 loquitur.
1613 875 1782 930 Tanta
1811 886 1893 929 est
1920 877 2037 943 ejus

446 966 784 1036 antiquitatis
810 967 1020 1037 Opinio,
1046 978 1102 1022 ut
1131 970 1268 1023 fama
1292 969 1364 1024 sit
1385 967 1445 1025 S.
1476 970 1718 1024 Mellouis
1747 968 1904 1037 primi
1930 968 2038 1023 Ro-

445 1057 816 1127 thomagensis
862 1059 1104 1128 episcopi
1137 1075 1336 1130 corpus
1365 1061 1418 1114 in
1445 1075 1507 1116 ea
1536 1061 1810 1129 sepultum
1845 1060 2031 1115 fuisse.

442 1145 592 1203 Illam
619 1150 869 1218 suspicor
898 1150 1064 1207 fuisse
1093 1151 1410 1207 mdiﬁcatam
1440 1162 1590 1208 extra
1620 1153 1887 1208 civitatcm
1920 1153 2032 1208 Ro-

441 1254 653 1296 manam
686 1242 776 1297 ubi
796 1243 948 1313 juxta
981 1243 1130 1316 leges
1152 1260 1380 1316 corpora
1433 1256 1591 1302 terra:
1628 1246 1888 1302 mandare
1919 1247 2033 1302 lici-

442 1344 552 1389 tum
583 1346 722 1401 erat,
765 1337 1102 1411 primamque
1136 1339 1456 1413 Rothomagi
1487 1341 1796 1397 C(emeterii
1820 1341 1910 1410 jus
1939 1341 2032 1395 ha-

435 1426 645 1494 buisse,
677 1444 838 1499 quam
874 1433 1213 1501 potissimum
1245 1432 1664 1505 frequentabant
1694 1433 1882 1489 ﬁdeles
1907 1447 2030 1504 pro—

436 1529 560 1591 pter
585 1519 907 1578 Sanctorum
941 1523 1220 1594 Reliquias
1248 1534 1303 1580 et
1331 1527 1604 1595 sepulcra.

504 1612 562 1668 ln
613 1613 815 1669 notnlis
864 1615 1000 1670 iul‘ra
1035 1620 1255 1689 paginas
1306 1620 1357 1674 iu
1392 1619 1492 1674 hac
1521 1619 1762 1675 editione
1807 1621 2027 1676 insertis

435 1704 663 1775 plurima
696 1708 798 1761 alia
837 1708 1086 1780 legentur
1113 1726 1232 1780 qua:
1261 1711 1328 1766 de
1360 1711 1465 1767 hoc
1497 1713 1873 1781 manuscriplo
1900 1728 2024 1768 sese

2148 497 2354 543 rautem
2403 487 2608 543 audivit
2652 489 2792 559 apud
2842 487 3030 544 Nolam
3078 487 3338 543 Paulinus
3386 487 3739 543 Paschasium

2145 582 2429 638 diaconum
2459 598 2620 652 quem
2650 599 2771 638 cum
2808 580 2942 638 Urso
2979 583 3378 637 catechumeno
3425 581 3480 636 in
3529 579 3737 634 Italiam

2145 678 2366 732 miserat
2396 675 2716 742 Victricius,
2747 677 2947 747 quique
2980 676 3186 732 Paulini
3219 676 3520 746 Epistolam
3549 676 3614 730 ad
3650 675 3739 731 Vi-

2141 771 2388 826 ctricium
2419 769 2627 824 retulit.
2662 771 2738 824 Et
2773 769 2998 825 Morinis
3036 770 3228 835 redux,
3281 770 3484 824 zizania
3518 769 3571 823 in
3605 784 3737 840 agro

2141 879 2240 919 suo
2289 867 2494 920 invenit
2537 864 2908 918 disseminata.
2963 861 3164 918 Contra
3215 862 3581 926 adversarios,
3634 879 3732 932 pro

2140 956 2402 1010 doctrinm
2427 973 2541 1011 suae
2573 956 2807 1026 puritate
2845 956 3145 1021 dimicavit,
3181 965 3238 1011 et
3262 971 3323 1011 ea
3356 955 3537 1010 fors-an
3569 969 3732 1009 causa

2138 1056 2240 1114 est,
2271 1062 2368 1102 cur
2391 1047 2616 1102 Romam
2644 1056 2850 1117 peteret
2878 1049 3024 1101 circa
3047 1062 3250 1101 annum
3274 1045 3400 1103 405.
3436 1045 3590 1102 Unde
3609 1060 3731 1099 cum

2137 1140 2408 1206 rediisset,
2459 1141 2687 1195 Paulino
2733 1140 2950 1210 scripsit
3006 1140 3236 1204 litteras,
3288 1139 3484 1207 quibus
3517 1138 3730 1192 veniam

2138 1235 2459 1304 precabatur
2505 1249 2573 1290 eo
2620 1233 2765 1304 quod
2807 1233 2872 1287 ad
2919 1233 3072 1286 illum
3102 1233 3205 1286 iter
3253 1245 3359 1285 non
3413 1230 3727 1285 direxisset.

2133 1327 2528 1382 Candidianqu
2573 1325 2640 1380 ad
2667 1341 2792 1381 eum
2822 1326 2967 1380 tnisit
2999 1341 3065 1379 ex
3104 1325 3218 1379 suis
3258 1324 3501 1379 alumnis
3534 1339 3724 1389 unum,

2132 1419 2223 1490 qui
2247 1433 2372 1474 cum
2405 1417 2672 1473 Poutiﬁce
2694 1417 2943 1472 Romano
2965 1417 3032 1471 de
3053 1417 3239 1486 aliquo
3269 1417 3490 1486 negotio
3514 1425 3728 1483 ageret.

2134 1515 2174 1566 Α
2203 1509 2544 1567 Candidiano
2591 1510 2784 1566 didicit
2815 1511 3077 1565 Paulinus
3118 1524 3482 1580 quaecumque
3527 1507 3728 1563 Victri-

2129 1605 2272 1660 cium
2333 1603 2674 1674 speetabant,
2721 1604 2883 1673 eique
2938 1603 3236 1657 secundam
3288 1601 3357 1655 ad
3408 1600 3724 1670 episcopum

2132 1698 2626 1768 Rothomagensem
2675 1697 2826 1754 dedit
2859 1696 3188 1762 Epistulam.
3241 1693 3296 1750 In
3346 1693 3555 1749 chartis
3585 1709 3727 1764 quas

433 1797 668 1854 offerunt
712 1803 1068 1871 exquirenda.
1096 1804 1299 1860 Caetera
1343 1805 1501 1859 omisi
1527 1805 1743 1860 Scholia
1775 1821 1894 1876 qu:e
1920 1806 2003 1860 illo

2129 1791 2194 1846 ad
2229 1791 2433 1861 Papam
2485 1791 2741 1845 mittebat
2788 1789 3108 1854 Victricius,
3143 1787 3485 1858 signiﬁcabat
3525 1802 3587 1842 se
3628 1786 3728 1841 ali-

435 1890 640 1945 nachus
665 1893 880 1962 quidam
909 1894 1090 1948 Sancti
1131 1894 1271 1951 Galli
1309 1897 1435 1951 noni
1466 1896 1697 1951 fortasse
1728 1898 1915 1953 smculi
1942 1899 2022 1952 vel

430 1981 624 2040 decimi
670 1987 1007 2054 observavit,
1059 1991 1183 2059 quia
1217 2005 1346 2045 sane
1378 1989 1431 2045 in
1478 1992 1729 2046 confesso
1756 2001 1838 2045 est
1871 1990 2022 2045 illum

430 2074 752 2132 Monachum
785 2078 1095 2150 (Notkerus
1135 2081 1300 2138 fuerit
1338 2085 1419 2139 vel
1467 2083 1820 2156 Ekkeardus)
1853 2085 2025 2154 pauli-

428 2180 556 2237 sper
582 2169 748 2225 fuisse
769 2170 984 2238 rudem,
1013 2172 1104 2243 qui
1128 2175 1274 2228 verbi
1297 2176 1474 2244 gratia
1498 2176 1697 2231 dixerit
1725 2175 2023 2230 Rothoma-

425 2272 646 2328 gensem
692 2263 988 2328 civitatem,
1047 2267 1319 2321 civitatem
1374 2267 1542 2323 fuisse
1607 2269 1918 2335 Britannia),
1966 2279 2020 2324 et

425 2353 546 2411 loco
575 2353 811 2410 Victricii
836 2372 994 2426 quem
1022 2375 1126 2412 non
1153 2372 1406 2427 noverat,
1441 2359 1578 2415 forte
1612 2361 1874 2416 i'imrium
1897 2381 2020 2420 esse

426 2443 736 2515 legendum,
771 2447 955 2519 idque,
1000 2452 1122 2521 quia
1174 2453 1346 2507 luerat
1386 2469 1414 2506 a
1447 2455 1714 2521 scriptore
1761 2457 2017 2526 deceptus

423 2539 515 2610 qui
541 2539 702 2612 hujus
723 2544 907 2612 operis
937 2557 1214 2602 auctorem
1250 2548 1308 2604 S.
1337 2547 1682 2604 Ambrosium
1715 2551 1883 2607 fuisse
1915 2568 2012 2623 pu-

425 2631 593 2698 tabat,
639 2649 704 2689 eo
733 2635 876 2704 quod
925 2637 978 2691 iu
1027 2642 1398 2712 manuscriplo
1441 2642 1629 2698 codice
1659 2660 1819 2713 quem
1851 2658 2012 2699 manu

425 2723 666 2790 tenebat,
697 2725 876 2798 aliqua
902 2732 1072 2784 sancti
1106 2732 1349 2788 Doctoris
1375 2735 1574 2803 scripta
1607 2737 1903 2805 exciperet.

492 2815 591 2872 Hic
633 2832 936 2888 opportune
963 2824 1021 2879 S.
1054 2825 1291 2882 Victricii
1336 2830 1462 2882 vitm
1507 2832 1745 2886 narratio
1773 2833 2010 2899 veniret,

420 2909 467 2965 si
497 2913 616 2982 quis
649 2911 790 2969 forte
822 2917 970 2971 illam
1003 2920 1300 2989 ignoraret.
1334 2922 1550 2992 Optime
1581 2926 1885 2996 conscripta
1913 2927 2010 2982 fuit

418 3016 448 3056 a
485 3002 694 3060 Joanne
731 3007 966 3077 Baptista
1006 3011 1080 3066 Le
1110 3012 1252 3068 Bruu
1286 3015 1709 3088 Rothomagensl
1755 3022 2010 3092 acolytho

409 3094 560 3166 juxta
589 3114 650 3153 ea
675 3116 795 3169 qua:
821 3103 889 3159 de
915 3105 1171 3161 Victricio
1197 3108 1248 3163 in
1275 3109 1533 3179 Epistolis
1564 3112 1623 3168 S.
1653 3114 1860 3170 Paulini
1883 3132 2002 3170 uar-

2127 1885 2324 1956 qnibus
2352 1885 2523 1939 teneri
2547 1881 2816 1951 scrupulis
2844 1891 3074 1952 propter
3107 1881 3328 1952 regulas
3361 1895 3499 1951 quas
3529 1880 3726 1935 obser-

2128 1990 2211 2033 vat
2247 1978 2487 2035 Ecclesia
2523 1978 2766 2031 Romana
2821 1978 2968 2032 circa
3005 1991 3221 2039 mores,
3272 1973 3342 2029 ad
3372 1972 3718 2028 coercendos

2123 2071 2408 2126 Canonum
2437 2070 2760 2124 violatores.
2795 2067 3153 2123 Innocentius
3177 2067 3381 2121 librum
3411 2064 3722 2138 Regulurem

2123 2165 2201 2218 illi
2231 2163 2401 2229 dedit,
2449 2162 2500 2216 id
2552 2171 2638 2217 est
2669 2162 2869 2216 librum
2914 2161 2966 2215 in
3015 2175 3125 2230 quo
3157 2159 3410 2213 Canones
3451 2159 3715 2240 Ecclesiae

2126 2257 2385 2313 Romanae
2411 2257 2864 2312 continebantur.
2895 2254 3020 2309 Haec
3054 2262 3265 2308 tantum
3292 2251 3361 2306 de
3381 2250 3442 2307 S.
3470 2250 3720 2306 Victricii

2124 2355 2234 2407 vita
2274 2361 2550 2416 leuentur,
2580 2350 2776 2420 quibus
2802 2346 3172 2419 adjungeudze
3196 2355 3324 2401 sunt
3353 2347 3720 2400 circumstan-

2123 2446 2210 2499 tiae
2241 2459 2375 2513 quas
2408 2444 2509 2499 hoc
2536 2459 2676 2514 opus
2707 2441 3042 2512 suppeditat.

2187 2535 2400 2607 Corpus
2426 2537 2544 2606 ejus
2571 2535 2928 2606 sequentibus
2959 2535 3175 2589 saeculis
3198 2532 3264 2588 ad
3290 2531 3544 2588 Castrum
3573 2532 3709 2588 Bra-

2121 2646 2242 2684 nam
2277 2631 2398 2700 pagi
2427 2629 2841 2683 Suessionensis
2871 2629 3106 2682 delatum
3139 2628 3263 2682 fuit.
3315 2627 3716 2682 Existitnarunt

2120 2725 2262 2782 Socii
2295 2724 2631 2778 Bollaudiani
2666 2740 2695 2778 a
2725 2723 3039 2778 Calvinistis
3071 2726 3120 2777 in
3154 2722 3372 2777 favillas
3421 2724 3708 2777 redactum

2117 2819 2284 2875 fuisse
2314 2835 2437 2874 cum
2469 2834 2665 2889 pagum
2706 2819 2859 2872 illum
2891 2817 3198 2887 deprxrdati
3228 2826 3376 2870 sunt.
3431 2821 3492 2870 At
3525 2830 3716 2871 rumor

2117 2914 2236 2978 iste,
2263 2911 2358 2982 qui
2381 2922 2434 2967 et
2455 2911 2527 2967 de
2551 2911 2798 2981 reliquiis
2824 2911 3130 2979 aliquorum
3164 2920 3484 2964 sanctorum
3515 2908 3711 2963 Galliae

2114 3006 2525 3074 circumfertur,
2573 3006 2712 3060 falso
2767 3005 2959 3059 nititur
3009 3005 3366 3057 fundamento
3417 3001 3596 3072 quoad
3645 3001 3706 3056 S.

2115 3095 2353 3152 Victricii
2385 3111 2588 3167 corpus
2635 3097 2930 3165 integrum.
2964 3094 3216 3162 Quinque
3263 3093 3520 3146 nimirum
3567 3094 3713 3145 inter

412 3202 622 3248 rantur.
656 3193 806 3250 Illam
845 3198 1191 3257 Bollaudistm
1244 3206 1436 3258 iterum
1479 3206 1772 3263 ediderunt
1814 3210 1865 3263 in
1918 3225 2002 3265 se-

2115 3192 2396 3260 grandiora
2428 3207 2552 3246 ossa
2593 3193 2845 3260 corporis
2897 3190 3068 3243 Sancti
3103 3187 3358 3243 Pra'sulis
3390 3186 3534 3257 apud
3579 3185 3709 3240 Bra-

411 3285 591 3341 cundo
619 3288 845 3359 Augusti
889 3302 1056 3347 tomo.
1095 3294 1167 3348 lbi
1199 3296 1395 3366 legitur
1429 3299 1741 3356 Victricium
1775 3303 1842 3357 ab
1873 3305 2001 3359 ado-

409 3375 665 3435 lescenlia
718 3382 1016 3440 militasse:
1047 3388 1184 3445 Tum
1232 3390 1446 3445 colendi
1497 3393 1589 3450 Dei
1629 3395 1901 3464 cupiditas
1933 3413 2000 3452 eo

408 3468 556 3526 illum
585 3474 830 3544 adduxit,
867 3490 921 3532 ut
951 3482 1017 3534 ad
1057 3480 1281 3536 Tribuni
1313 3485 1480 3554 pedes
1514 3501 1662 3540 arma
1697 3477 1999 3558 deponeret

404 3563 832 3638 missionemque
878 3583 1107 3640 peteret.
1147 3573 1300 3628 lluuc
1335 3574 1609 3630 Tribunus
1651 3577 1816 3647 virgis
1855 3579 1994 3633 credi

403 3667 459 3714 et
485 3659 537 3714 in
566 3676 841 3718 carcerem
872 3666 1062 3736 conjici
1090 3667 1270 3735 jussit.
1303 3668 1398 3723 Rei
1424 3670 1673 3724 militaris
1699 3672 1896 3726 Comes
1926 3671 1994 3725 ad

401 3764 560 3821 quem
625 3754 892 3811 adductus
940 3758 1040 3811 fuit
1092 3759 1407 3816 Victricium
1462 3764 1636 3831 capite
1689 3762 1991 3818 damnavit.

402 3842 583 3901 Lictor
618 3857 781 3918 caput
816 3849 1040 3919 jamjam
1075 3861 1192 3906 erat
1235 3866 1633 3923 :unputaturus,
1662 3869 1784 3908 cum
1815 3854 1991 3909 subito

398 3939 574 3996 oculis
607 3951 796 4013 captus
827 3952 929 4008 est,
974 3945 1151 4000 soluta
1187 3948 1395 4001 vincula
1424 3965 1436 4002 :
1462 3963 1585 4018 qua:
1613 3965 1738 4003 cum
1767 3949 1992 4004 vidisset

398 4031 617 4102 Comes,
649 4037 801 4091 illum
833 4039 900 4092 ad
933 4037 1318 4108 Imperatorem
1352 4043 1582 4110 remisit,
1613 4058 1773 4112 aquo
1797 4043 1988 4098 dimis-

394 4139 488 4180 sus
535 4135 638 4182 est.
676 4128 731 4183 lu
780 4145 942 4200 quem
990 4132 1165 4186 locum
1200 4148 1321 4187 sese
1370 4134 1662 4203 reet-perit,
1716 4136 1983 4188 incertum

392 4231 498 4286 est,
520 4221 616 4276 sed
643 4239 764 4277 eum
794 4222 1248 4296 Rothomagensis
1270 4228 1502 4297 pupulus
1529 4239 1648 4297 post
1675 4228 1816 4282 Petri
1843 4245 1972 4282 mor-

394 4325 499 4372 tem
545 4320 861 4390 episcopum
894 4323 1056 4391 elegit
1096 4323 1240 4377 circa
1273 4341 1472 4378 annum
1500 4325 1625 4385 585,
1665 4323 1980 4378 Victricium

388 4420 578 4479 postea
609 4413 752 4467 circa
787 4429 988 4468 annum
1032 4415 1138 4470 389
1167 4415 1421 4470 Paulinus
1453 4415 1584 4469 vidit
1613 4415 1836 4470 Viennae.
1858 4429 1980 4469 cum

387 4500 444 4556 S.
495 4501 723 4558 Martiuo
762 4503 1094 4560 Turonensi.
1145 4507 1274 4576 Ejus
1303 4517 1482 4561 autem
1531 4515 1678 4561 tanta
1711 4505 1809 4560 fuit
1839 4509 1977 4561 fama

2107 3300 2230 3339 nam
2259 3286 2362 3338 sub
2385 3284 2541 3339 altari
2573 3283 2818 3340 ecclesiae
2844 3282 3175 3351 parocliialis
3201 3280 3258 3336 S.
3294 3280 3504 3334 Nicolai
3536 3279 3701 3333 etiam

2103 3392 2132 3431 a
2173 3377 2439 3431 bellorum
2491 3377 2719 3430 istorum
2765 3373 3110 3443 temporibus
3151 3381 3428 3427 asservata
3475 3383 3601 3425 sunt
3645 3371 3701 3425 iu

2103 3468 2447 3539 sarcophago
2487 3469 2694 3538 ligneo,
2728 3467 2942 3522 scilicet
2972 3482 3033 3521 os
3066 3469 3313 3530 femoris,
3341 3480 3401 3518 os
3445 3465 3608 3525 tihizr,
3641 3479 3704 3518 os

2101 3561 2232 3615 illud
2261 3560 2406 3629 quod
2450 3563 2640 3630 peroné
2667 3568 2863 3613 vocant
2889 3601 2902 3621 ,
2939 3562 3066 3611 item
3125 3558 3386 3628 complete
3427 3564 3482 3609 et
3511 3557 3690 3610 coxis.

2096 3655 2356 3721 Qua-dam
2380 3655 2544 3708 etiam
2578 3656 2648 3707 de
2678 3652 2870 3707 eodem
2910 3668 3068 3706 sacro
3097 3667 3333 3719 corpore
3379 3652 3429 3704 in
3459 3651 3696 3705 ecclesia

2097 3746 2352 3802 abbatiali
2395 3746 2453 3801 S.
2507 3745 2695 3799 Evodii
2739 3745 2910 3813 ipsius
2956 3742 3140 3812 Oppidi
3183 3743 3691 3804 conscrvabantur;

2098 3857 2205 3895 non
2254 3854 2386 3894 vero
2419 3849 2587 3892 totum
2620 3854 2819 3905 corpus
2853 3847 2908 3890 ut
2953 3843 3240 3899 putaverat
3275 3833 3557 3888 Balletius.
3593 3834 3690 3887 liis

2095 3932 2234 3987 adde
2265 3931 2543 3986 brachium
2566 3929 2714 3999 quod
2744 3931 2853 3996 jam
2881 3931 2946 3982 ab
2981 3929 3134 3981 initio
3165 3926 3475 3982 duodecimi
3503 3927 3688 3982 smculi

2093 4029 2158 4080 τισι
2193 4026 2574 4080 Monasterinm
2617 4022 2920 4077 Cltaritatis
2959 4037 3121 4090 supra
3156 4020 3390 4090 Ligerim
3439 4021 3678 4074 delatum

2095 4120 2285 4173 fuerat.
2318 4118 2452 4172 Ossa
2482 4117 2724 4184 quinque
2745 4115 2998 4182 superius
3021 4113 3168 4166 dicta
3191 4111 3515 4165 solemuilcr
3545 4111 3688 4164 illata

2092 4219 2222 4264 sunt
2252 4209 2340 4263 die
2387 4209 2576 4278 quinta
2631 4205 2756 4262 Maii
2784 4211 2908 4260 anni
2967 4205 3105 4260 Πὂὸ
3151 4206 3202 4256 in
3238 4218 3430 4257 novam
3463 4217 3686 4271 Cttpsﬂltl

2092 4306 2344 4360 manibus
2367 4303 2499 4357 Rev.
2533 4303 2585 4355 in
2611 4301 2829 4356 Christo
2854 4300 3032 4353 Patris
3055 4299 3116 4351 υ.
3144 4297 3424 4351 Francisci
3454 4294 3527 4348 Le
3552 4292 3692 4349 Feb-

2088 4416 2174 4454 vre
2205 4399 2268 4452 de
2296 4397 2580 4452 Laubriére
2605 4397 2850 4466 episcopi
2889 4393 3330 4457 Sttcssioneusis,
3377 4380 3491 4459 qui,
3521 4400 3578 4444 ιιι
3613 4390 3691 4442 di-

2087 4493 2192 4547 dici
2224 4507 2292 4547 ex
2327 4506 2589 4561 processu
2617 4490 2849 4546 verbali.
2883 4489 3072 4542 statuit
3128 4487 3179 4540 in
3233 4494 3514 4553 posterum
3545 4484 3687 4538 hanc

385 4595 708 4660 sanctitatis,
737 4607 795 4650 ιιι
819 4612 940 4651 cum
964 4556 1390 4652 (ζηνηιιιίόιιιωδ
1423 4598 1614 4652 fuisse;
1645 4598 1804 4653 beato
1835 4598 1974 4653 Mar-
2012 4556 2062 4616 D
2088 4584 2497 4640 translationem
2531 4584 2638 4636 ritu
2668 4581 3016 4647 semiduplici
3053 4579 3105 4632 in
3131 4578 3241 4647 jam
3275 4577 3417 4630 dicta
3446 4576 3681 4631 ecclesia

386 4685 499 4739 tino
522 4686 926 4743 adolescentula
961 4699 1128 4754 muta,
1160 4690 1416 4744 curanda:
1445 4690 1771 4746 inﬁrmitatis
1803 4691 1974 4744 hono~

382 4791 497 4832 rem
545 4779 628 4833 illi
673 4779 927 4835 detulerit
975 4782 1257 4844 Martinus,
1293 4782 1380 4837 vel
1429 4783 1686 4852 episcopo
1735 4781 1975 4836 Valcnti-

381 4871 544 4927 niano
568 4889 581 4925 :
611 4873 755 4943 quod
784 4884 1012 4944 uterque
1041 4876 1311 4930 recusavit
1340 4893 1353 4928 :
1381 4876 1632 4946 populum
1664 4893 1820 4931 suum
1850 4892 1972 4932 cum

377 4965 731 5035 simplicitate
769 4967 1032 5023 edocebat
1055 4967 1367 5033 Victricius,
1399 4979 1454 5023 et
1481 4970 1793 5038 exemplum
1829 4985 1975 5023 sem-

376 5071 476 5127 per
499 5059 785 5130 prteceptis
812 5062 1192 5130 prmmitlebat.
1229 5061 1555 5117 Monasteria
1588 5062 1642 5116 in
1683 5064 1818 5117 urbe
1867 5063 1971 5116 Ro—

375 5147 717 5221 thomagensi
745 5167 809 5207 ac
840 5151 1065 5207 ltiaacesi
1091 5152 1405 5207 aediﬁcavit.
1431 5153 1578 5208 Multi
1611 5152 1730 5223 ejus
1752 5153 1971 5207 monitis

373 5246 429 5301 in
473 5248 819 5301 matrimonio
844 5247 1234 5302 continentiam
1259 5247 1655 5311 observabant;
1691 5251 1872 5316 plures
1896 5246 1969 5301 illi

371 5336 512 5393 bona
540 5352 637 5393 sua
665 5339 991 5407 aﬁ'erebant,
1019 5351 1074 5396 ut
1103 5341 1483 5412 eleemosynas
1511 5351 1783 5410 erogaret.
1815 5339 1969 5411 Apud

2085 4683 2144 4735 S.
2182 4679 2386 4734 NiColai
2422 4676 2651 4747 singulis
2680 4676 2840 4729 anuis
2878 4670 3247 4727 recolendam.

2154 4773 2425 4826 Cteterutn
2460 4768 2511 4822 in
2552 4767 2764 4822 edendo
2793 4766 2894 4820 hoc
2926 4763 3165 4816 Victi-inii
3198 4759 3466 4831 opttsculo
3504 4760 3678 4828 ipsam

2086 4878 2439 4919 numerorqu
2471 4858 2796 4914 divisionem
2824 4871 2946 4926 qum
2980 4855 3032 4908 iu
3077 4852 3268 4906 codice
3299 4853 3356 4906 S.
3411 4851 3550 4906 Galli
3585 4849 3683 4905 lia-

2085 4957 2263 5023 betur,
2299 4969 2524 5009 servare
2555 4964 2820 5021 propono,
2857 4964 2924 5003 ne
2953 4947 3250 5018 quidquam
3280 4945 3350 4999 de
3383 4954 3546 4998 tanta:
3573 4963 3670 4998 att-

2081 5049 2348 5119 tiquitatis
2390 5043 2759 5110 manuscripto
2795 5051 3002 5109 pereat,
3037 5039 3314 5107 possitque
3344 5037 3532 5092 lectori
3563 5054 3680 5092 ter-

2083 5153 2193 5195 tum
2218 5155 2363 5204 esse,
2387 5138 2566 5191 omnia
2596 5136 2661 5189 ad
2682 5134 2846 5188 ﬁdem
2871 5130 3168 5187 venerandi
3196 5128 3401 5184 codicis
3427 5128 3679 5199 religiose

2080 5233 2246 5288 fuisse
2288 5230 2509 5285 Collala.

2082 5338 2384 5395 Scribebat):
2418 5337 2643 5391 Parisiis
2678 5350 2849 5391 mense
2880 5333 3074 5391 Sextili
3101 5335 3225 5388 anni
3264 5333 3416 5387 1757.

1645 5585 2401 5622 ===
