4210 6190
426 370 535 428 MS

1536 371 1739 427 LIBER
1785 372 1871 428 DE
1914 372 2144 429 LAUDE
2184 372 2631 431 SANCTORUM.

3622 374 3729 433 446

436 501 552 545 tum
578 492 740 546 etiam
768 490 1161 560 exspettationi
1194 488 1400 560 gratias
1429 505 1551 560 ago.
1588 488 1693 545 Sed
1726 489 1898 545 labori
1930 501 2022 545 tuo
2052 495 2097 551 Α
2129 491 2426 577 Sequentis.
2480 484 2695 548 Nullius
2737 492 2827 549 hic
2873 492 3253 549 indumentum
3310 493 3505 571 tyrium
3559 493 3733 549 vomit

426 592 481 639 et
525 583 704 639 officio
755 585 1060 639 mercedem
1105 583 1215 654 jam
1249 582 1497 653 Apostoli
1538 598 1601 638 ac
1633 582 1898 655 Martyres
1926 600 2024 638 ex-

427 676 731 741 solverunt,
780 677 872 731 ditt
907 690 1085 732 tecum
1141 676 1384 731 fuerunt.
1418 678 1491 731 Da
1535 676 1715 748 igitur,
1772 676 1861 741 da,
1895 674 2026 747 qttid

426 769 698 823 moraris?
730 769 1055 824 Sanctorum
1093 770 1291 839 templa
1317 768 1595 839 porrigite.
1620 767 1847 837 Operari
1872 769 2021 837 lihet,

425 876 532 916 non
567 860 699 917 libet
730 862 896 930 loqui.
945 860 1079 915 Nam
1109 862 1153 914 si
1186 862 1396 916 curavit
1426 868 1628 914 attacta
1682 860 1875 915 leviter
1904 861 2021 915 fim-

425 955 541 1011 bria
582 954 910 1018 Salvatoris,
954 954 1144 1024 procul
1174 953 1340 1009 dubio
1371 954 1642 1009 curabunt
1687 955 2021 1023 amplexata,

425 1047 705 1102 domicilia
736 1046 1076 1116 passionum.
1110 1046 1224 1100 Huc
1251 1046 1461 1101 accedit
1484 1046 1627 1116 quod
1654 1046 2023 1116 fatigationem

426 1142 579 1197 labor
607 1142 709 1197 iste
740 1157 845 1196 non
878 1141 1066 1196 sentit.
1094 1140 1384 1209 Apostolus
1414 1156 1477 1196 ac
1516 1139 1779 1212 Martyres
1808 1151 2025 1195 nostros

426 1236 531 1291 ﬁde
562 1245 689 1290 ante
718 1236 1075 1306 portavimus.
1106 1234 1193 1289 Bis
1220 1234 1285 1289 ad
1319 1235 1816 1302 Rolbuntagensem
1840 1236 2025 1290 Sancti

422 1328 653 1382 veniunt
690 1327 963 1381 civitatem
996 1337 1019 1364 κ
1049 1346 1063 1381 :
1092 1327 1296 1381 dudum
1346 1336 1593 1381 nostrum
1639 1339 1829 1397 pectus
1860 1329 2025 1381 intra-

424 1431 581 1487 runt;
619 1420 781 1473 modo
808 1420 1095 1475 celebrant
1119 1418 1415 1474 Ecclesiam
1443 1416 1710 1473 Civitatis.
1738 1418 1880 1474 Ecce
1910 1434 2027 1472 om-

424 1514 510 1569 nis
538 1522 671 1568 tetas
709 1513 761 1567 in
788 1521 1030 1567 vestrum
1080 1511 1323 1567 funditur
1350 1510 1691 1577 famulatum,
1725 1512 1863 1565 alter
1890 1511 2026 1566 aite-

426 1622 548 1660 rum
577 1605 797 1661 vlucere
825 1606 1005 1660 studio
1030 1604 1306 1675 religionis
1328 1606 1548 1659 insistit.
1569 1605 1701 1659 iliuc
1720 1604 2023 1676 presbyteri

426 1699 763 1754 etdiacunes
786 1708 840 1753 et
874 1698 1052 1752 omnis
1074 1698 1231 1751 vobis
1274 1698 1591 1763 quotidiano
1626 1696 1882 1752 famulatu
1927 1712 2019 1753 co-

426 1792 606 1862 gnitus
662 1792 917 1847 minister
955 1793 1221 1847 occurrit.
1278 1791 1541 1847 Natorum
1592 1802 1718 1847 sunt
1761 1793 2023 1863 obsequia

2132 574 2405 648 ardorem,
2432 599 2533 640 nec
2556 585 2833 655 crepantis
2860 585 3021 641 seriei
3064 585 3226 642 unda:
3250 574 3583 641 ambulantis
3609 594 3726 649 arte

2130 677 2463 747 crispantur,
2497 678 2644 733 nulla
2676 679 2865 746 bacca,
2897 680 3080 735 nullus
3110 680 3229 737 auri
3262 678 3503 737 circulus
3531 679 3722 737 scitur.

2129 771 2365 827 Sordeut
2412 773 2553 827 enim
2588 773 2843 839 humana,
2898 773 2986 829 ubi
3042 774 3223 830 divina
3256 782 3575 843 pensantur.
3621 774 3729 829 Do-

2129 874 2288 918 cente
2318 862 2581 934 Apostulo
2616 882 2628 918 :
2660 860 2791 919 Ha’c
2829 868 3003 920 omnia
3033 881 3299 938 tamquam
3332 879 3562 921 stercora
3589 866 3729 922 arbi-

2132 965 2297 1010 tratus
2342 972 2479 1024 suut,
2512 966 2569 1011 ut
2600 954 2865 1013 Christum
2914 958 3295 1031 lucrifacerem.
3347 958 3612 1014 Incedunt
3645 959 3725 1017 tti-

2129 1048 2257 1103 ῑὶύιιι
2291 1049 2584 1116 flagrantes
2615 1050 2895 1119 crapulam
2926 1050 3212 1105 casdtatis.
3246 1049 3508 1106 incedunt
3530 1046 3724 1106 divinis

2130 1149 2578 1194 ornamentorum
2626 1141 2893 1195 redimiue
2946 1139 3284 1195 muneribus.
3341 1138 3567 1195 Pectora
3599 1145 3723 1205 sunt

2130 1230 2467 1285 Psalrnorum
2493 1229 2691 1286 referta
2721 1230 2943 1287 divitiis.
2969 1231 3123 1288 Nulla
3154 1247 3261 1287 nox
3283 1231 3589 1304 vigiliarum
3615 1240 3721 1295 est.

2131 1326 2185 1378 in
2218 1341 2320 1395 qua
2357 1324 2477 1380 talis
2502 1340 2718 1396 gemma
2754 1340 2861 1380 non
2893 1327 3076 1381 micet.
3111 1324 3303 1381 Nullus
3333 1326 3612 1396 religionis
3634 1333 3717 1393 est

2130 1417 2280 1473 locus
2313 1420 2361 1473 iu
2406 1435 2513 1491 quo
2558 1435 2665 1474 non
2697 1421 2984 1498 splendeat
3036 1420 3142 1476 tale
3173 1432 3545 1492 segmentum;
3591 1436 3720 1492 gau-

2130 1511 2276 1566 dium
2308 1522 2622 1568 sauctOruut
2656 1524 2741 1569 est
2763 1516 2920 1569 turba
2952 1524 3254 1569 castorum.
3284 1510 3519 1567 lrritatio
3546 1523 3718 1583 putcsr

2130 1612 2296 1658 tatum
2357 1614 2440 1658 est
2488 1604 2791 1673 viduarunt,
2840 1614 2896 1662 et
2942 1608 3341 1661 continentium
3405 1603 3718 1660 multitudo.

2129 1698 2270 1751 llinc
2316 1712 2508 1752 senum
2557 1698 2837 1770 lacryuue,
2872 1710 2923 1754 et
2955 1700 3147 1769 gaudia
3183 1700 3352 1753 mixta
3402 1694 3721 1764 funduntur,

2128 1790 2253 1843 hinc
2278 1798 2401 1845 vota
2432 1800 2687 1857 matrum,
2716 1790 2979 1846 infantum
3018 1806 3235 1863 quoque
3282 1793 3493 1847 animos
3533 1792 3725 1863 gaudia

422 1883 703 1954 gratiora:
738 1899 846 1938 non
879 1883 1024 1939 enim
1058 1884 1227 1939 amari
1255 1885 1447 1955 incipit
1487 1883 1756 1956 [Subaud.
1798 1885 2011 1959 notus],
2048 1884 2091 1948 Β
2121 1884 2223 1939 ista
2272 1890 2601 1954 pertentent,
2646 1883 2769 1938 hinc
2822 1884 3056 1953 denique
3111 1884 3279 1939 totius
3342 1882 3528 1955 populi
3582 1884 3724 1939 circa

426 1977 525 2030 sed
555 1978 759 2031 amoris
793 1977 1027 2047 acquirit
1052 1987 1426 2047 augmentum.

498 2067 587 2123 lli.
633 2067 747 2123 Huc
800 2069 1033 2133 accedit,
1084 2068 1229 2139 quod
1277 2069 1397 2140 plus
1444 2067 1734 2123 Dominum
1788 2076 2028 2124 meretur

436 2162 655 2231 cognita
682 2168 737 2215 et
761 2162 1063 2216 inveterata
1106 2161 1320 2216 militia.
1353 2161 1765 2232 Stipendiorum
1810 2161 2027 2217 addita-

431 2264 675 2305 mentum
711 2252 919 2306 timoris
949 2263 1032 2307 e5t
1072 2253 1489 2308 incrementum.
1543 2253 1709 2323 Magis
1743 2254 1885 2308 enim
1917 2254 2027 2308 for-

431 2342 601 2397 midat
624 2344 715 2412 qui
739 2343 902 2397 habet
933 2344 1077 2414 quod
1114 2346 1166 2398 in
1209 2344 1513 2398 offensione
1545 2345 1830 2411 deperdat.
1878 2345 2027 2399 Talis

426 2437 610 2506 igitur,
642 2437 765 2490 talis
805 2439 947 2492 circa
980 2438 1223 2492 officium
1251 2448 1491 2493 vestrum
1543 2447 1797 2508 tempore
1829 2440 2023 2505 explo-

428 2545 605 2599 ratus,
635 2534 779 2589 vitiis
803 2536 1128 2599 exantlatus,
1158 2534 1343 2590 labore
1370 2545 1426 2590 et
1456 2537 1657 2605 vigiliis
1693 2536 2026 2604 approbatus

428 2628 587 2683 miles
618 2630 860 2681 occurrit
886 2626 932 2677 δ.
965 2628 1137 2695 Talis,
1168 2630 1415 2696 inquam,
1437 2628 1754 2682 ministrare
1780 2628 2019 2692 festinat,

425 2719 522 2790 qui
566 2720 808 2775 laborem
837 2720 889 2775 in
923 2720 1254 2777 desiderium
1294 2728 1484 2787 vertit,
1538 2723 1626 2791 qui
1658 2721 1889 2775 fortunae
1937 2733 2028 2774 no-

427 2829 550 2869 men
586 2816 819 2884 ignorat,
867 2815 956 2885 qui
988 2815 1126 2869 hanc
1157 2817 1321 2870 vitam
1354 2830 1459 2869 non
1506 2831 1570 2868 ex
1605 2816 1858 2885 praesenti
1902 2814 2026 2870 bre—

425 2911 614 2969 vitate,
670 2908 766 2962 sed
823 2926 887 2963 ex
938 2910 1257 2964 :eterultatis
1307 2909 1569 2964 felicitate
1632 2908 1876 2962 tut-titur.
1925 2907 2023 2961 Cui

428 2999 666 3069 denique
698 3000 785 3054 hic
818 3000 1030 3054 habitus
1064 3001 1266 3055 tuentis
1309 3008 1414 3067 est,
1450 3011 1504 3053 ut
1551 3000 1755 3068 ingenti
1799 3013 1857 3053 se
1888 2999 2025 3051 dita-

428 3108 539 3152 tum
595 3098 784 3155 feuore
831 3099 1171 3165 arbitretur,
1242 3102 1461 3171 quoties
1511 3114 1703 3153 manus
1766 3100 2018 3152 habuerit

429 3191 757 3246 Sanctorum
806 3192 1049 3258 reliquiis
1100 3201 1403 3246 onustatas.
1450 3190 1583 3245 lliuc
1632 3191 2022 3245 Monachurum

2137 1975 2484 2045 majesmem
2515 1983 2751 2031 vestram
2785 1992 2924 2030 unus
2955 1974 3201 2031 affectus.

2204 2070 2289 2124 iV.
2336 2070 2669 2126 Miseremini
2698 2070 2884 2142 igitur,
2911 2070 3245 2126 miseremini
3273 2087 3286 2136 ;
3321 2069 3557 2135 habetis,
3586 2066 3727 2141 quod

2130 2165 2445 2235 ignoscatis,
2480 2164 2811 2219 confitemur
2840 2161 2866 2200 ά
2899 2163 3068 2219 Deum
3101 2164 3350 2229 Patrem;
3406 2164 3727 2219 confitemur

2131 2260 2300 2314 Deum
2333 2258 2552 2323 Filium,
2584 2260 2912 2314 confitemur
2954 2269 3203 2314 sanctum
3230 2257 3497 2329 Spiritum
3532 2258 3721 2315 Deum.

2127 2350 2467 2406 Conﬂtemur
2490 2352 2615 2421 quia
2648 2360 2761 2407 tres
2792 2366 2956 2404 unum
2990 2360 3140 2405 sunt.
3189 2346 3367 2406 Unum
3419 2350 3565 2415 dixi;
3602 2348 3728 2418 quia

2128 2458 2194 2499 ex
2239 2459 2349 2498 uno
2381 2445 2519 2498 sicut
2568 2441 2736 2498 Filius
2783 2443 2849 2498 de
2879 2442 3060 2511 Patre,
3109 2444 3180 2497 ita
3219 2440 3377 2498 Pater
3428 2441 3481 2496 in
3538 2439 3719 2506 Filii);

2128 2547 2349 2591 sanctus
2376 2536 2611 2606 Spiritus
2642 2550 2773 2591 vero
2799 2533 2868 2590 de
2908 2534 3066 2590 Patre
3090 2542 3145 2590 et
3168 2532 3330 2589 Filio.
3360 2534 3431 2590 Ita
3462 2542 3515 2589 et
3544 2532 3707 2589 Pater

2127 2638 2185 2683 et
2232 2627 2395 2683 Filius
2430 2629 2481 2682 in
2521 2627 2725 2698 Spiritu
2756 2638 2967 2683 sancto.
3026 2625 3145 2683 Una
3190 2626 3370 2682 Deitas
3397 2671 3412 2693 ,
3451 2641 3555 2681 una
3602 2626 3722 2682 sub-

2128 2731 2348 2786 stantia,
2383 2721 2508 2793 quia
2544 2738 2709 2776 unum
2758 2719 3109 2792 principium,
3141 2733 3194 2777 et
3224 2736 3329 2776 una
3363 2723 3722 2792 perpetuitas,

2130 2817 2243 2871 sive
2270 2823 2397 2869 ante
2424 2818 2629 2881 omnia,
2674 2816 2790 2870 sive
2833 2830 2928 2885 per
2954 2831 3114 2884 quem
3145 2817 3349 2879 omnia,
3384 2831 3540 2870 verus
3587 2812 3726 2870 Deus

2130 2912 2196 2965 de
2230 2911 2339 2965 Deo
2368 2927 2533 2981 vero;
2561 2911 2685 2980 quia
2720 2920 2777 2964 ut
2807 2910 2945 2965 alius
2978 2910 3044 2965 de
3066 2912 3193 2973 alio,
3238 2911 3310 2965 ita
3337 2910 3473 2965 alius
3506 2911 3557 2964 in
3600 2910 3728 2979 alio,

2128 3003 2282 3056 vivus
2310 3018 2337 3055 a
2368 3004 2513 3067 vivo,
2550 3001 2823 3071 perfectus
2844 3019 2871 3055 a
2899 3001 3165 3071 perfecto,
3201 3002 3383 3057 lumen
3413 3002 3479 3056 de
3504 3002 3729 3067 lumine,

2129 3103 2183 3147 et
2216 3094 2400 3149 lumen
2435 3096 2485 3147 in
2517 3094 2746 3148 lumine.
2782 3093 2856 3147 ita
2888 3093 3049 3163 hujus
3098 3092 3388 3148 Trinitatis
3440 3093 3623 3147 Deitas
3663 3108 3725 3148 ex

2132 3202 2240 3241 uno
2270 3195 2326 3241 et
2354 3186 2403 3240 in
2439 3201 2547 3240 uno
2581 3201 2929 3256 permanens.
2961 3189 3120 3241 Pater
3148 3194 3301 3256 pater
3330 3196 3434 3253 est,
3467 3186 3637 3242 Filius
3672 3186 3725 3241 fit

427 3282 613 3338 limata
654 3284 874 3354 jejuniis
915 3292 1132 3338 caterva
1178 3285 1454 3349 densatur,
1495 3283 1617 3337 hinc
1652 3284 2024 3337 innocentium
2056 3276 2097 3339 Ο
2136 3282 2239 3335 lius
2279 3293 2384 3346 est,
2419 3279 2657 3351 Spiritus
2688 3281 2914 3348 spiritus
2944 3292 3046 3336 est.
3081 3280 3217 3335 Tres
3251 3280 3586 3350 nominibus,
3619 3290 3725 3335 tres

428 3389 725 3445 puerorum
753 3378 1046 3444 perstrepit
1068 3390 1261 3430 sonora
1289 3375 1497 3430 laetitia.
1525 3375 1661 3428 Hinc
1684 3377 2023 3440 derutarum,

430 3468 898 3536 inlibatarumque
952 3469 1222 3537 virginum
1273 3468 1471 3522 chorus
1514 3467 1692 3521 crucis
1744 3468 2027 3537 purtatiu-

427 3560 583 3629 signa
615 3572 659 3614 ε.
690 3562 825 3615 Iiinc
847 3561 1273 3629 continentium,
1302 3571 1355 3614 et
1381 3562 1660 3615 viduarum
1689 3562 1775 3614 tali
1805 3577 2028 3629 prorsus

426 3652 590 3721 digna
638 3651 929 3706 multitudo
979 3653 1210 3722 stipatur
1257 3652 1461 3707 officio.
1517 3652 1758 3720 Quarum
1819 3663 2027 3706 tantum

424 3744 764 3809 Splendidior
794 3747 901 3798 vita
932 3753 1037 3809 est,
1075 3753 1280 3814 quanto
1323 3744 1519 3799 durior
1547 3744 1749 3798 exstitit
1783 3747 2027 3797 humana:

428 3841 595 3894 sortis
638 3840 903 3893 conditio.
949 3840 1141 3893 Gravis
1188 3839 1338 3892 enim
1373 3853 1548 3909 pugna
1590 3848 1673 3891 est
1719 3848 1860 3891 noue
1892 3837 2027 3891 resi-

430 3943 579 3988 stere
611 3932 900 4001 voluptati.
921 3932 974 3988 Si
998 3931 1235 3997 nescias,
1268 3932 1382 4001 ipsa
1418 3942 1469 3986 te
1498 3931 1805 3985 inscientite
1834 3940 2026 3985 natura

427 4027 694 4082 defendit.
728 4027 787 4083 Si
816 4028 959 4081 scias
1011 4041 1121 4096 ipsa
1157 4034 1207 4081 te
1240 4027 1465 4081 scientia
1510 4026 1824 4096 cupiditatis
1854 4040 2029 4094 Oppu-

431 4130 583 4191 gnat.
608 4120 781 4189 Hujus
807 4119 1127 4175 incendium
1158 4120 1395 4174 detunCti
1425 4121 1600 4173 tnariti
1632 4119 1802 4188 frigus
1824 4119 2029 4172 exstin-

428 4216 531 4277 xit,
574 4223 629 4268 et
674 4226 839 4269 omne
878 4213 1212 4268 desiderium
1244 4223 1653 4268 monumentum
1692 4216 1845 4268 triste
1876 4228 2027 4267 com-

425 4311 708 4379 plectitur.
745 4310 917 4378 llujus
956 4323 1175 4364 amores
1226 4320 1508 4380 superstes
1556 4310 1784 4364 maritus
1816 4314 2021 4377 servat,

428 4412 483 4457 et.
539 4404 865 4459 mtcrnitatis
924 4404 1285 4474 promissione
1342 4406 1609 4475 palpatus.
1675 4405 1728 4458 ln
1783 4405 2025 4474 disparili

427 4505 577 4550 sorte
604 4495 790 4563 parilis
812 4496 992 4566 palma
1019 4496 1236 4549 virtutis
1263 4504 1365 4550 est.
1393 4493 1521 4550 [iazc
1543 4497 1745 4550 coitum
1775 4505 2030 4550 manente

428 4590 682 4659 conjugio
713 4590 941 4643 horrore
968 4598 1019 4644 et
1056 4589 1261 4657 pudore
1295 4588 1592 4655 damnavit,
1645 4588 1761 4642 ittec
1814 4597 2028 4643 mortuo

2133 3391 2241 3429 uno
2272 3375 2561 3443 principio,
2606 3382 2716 3428 tres
2763 3388 2864 3427 una
2898 3372 3260 3442 perfectione,
3298 3381 3409 3428 tres
3450 3388 3556 3428 una
3606 3372 3727 3427 Dei-

2131 3480 2263 3533 tate,
2318 3479 2428 3525 tres
2480 3484 2588 3523 uno
2638 3468 2863 3531 lumine,
2900 3478 3011 3523 tres
3060 3485 3163 3523 una
3197 3470 3417 3532 virtute,
3465 3476 3575 3522 tres
3619 3480 3723 3521 uua

2130 3567 2472 3632 operatione,
2520 3573 2627 3617 tres
2675 3577 2779 3617 una
2814 3562 3142 3628 substantia,
3178 3572 3289 3617 tres
3322 3578 3425 3617 una
3459 3561 3729 3632 perpetui-

2132 3669 2262 3723 tate,
2300 3658 2421 3727 quia
2460 3665 2516 3710 ttt
2546 3664 2656 3711 tres
2687 3670 2751 3711 ex
2807 3673 2936 3723 uno,
2972 3657 3041 3710 ita
3076 3657 3252 3710 unitas
3307 3656 3357 3710 iu
3394 3657 3583 3710 tribus.
3641 3653 3727 3710 Sic

2130 3753 2455 3806 confitemur
2497 3749 2619 3819 quia
2676 3750 2757 3803 sic
2788 3747 3066 3803 credimus
3099 3750 3435 3802 individuam
3486 3747 3729 3805 Trinita—

2131 3856 2260 3910 tem,
2296 3854 2422 3897 ante
2447 3857 2603 3911 quam
2634 3842 2767 3895 nihil
2800 3850 2975 3911 potest
3016 3840 3224 3911 aflingi,
3259 3855 3357 3894 nec
3396 3848 3580 3893 mente
3604 3853 3732 3893 cono

2130 3938 2237 4005 cipi
2266 3955 2277 3988 :
2313 3950 2409 4004 per
2438 3949 2599 4003 quam
2634 3933 2817 3987 omnia
2850 3932 3105 3997 visibilia,
3150 3939 3209 3986 et
3250 3930 3573 3994 invisibilia,
3618 3927 3735 3984 sive

2129 4027 2359 4089 Tltroni,
2414 4026 2543 4079 sive
2576 4024 3015 4091 Dominationes,
3064 4023 3180 4077 sive
3212 4022 3585 4091 principatus,
3617 4019 3732 4075 sive

2131 4127 2447 4188 potestates.
2486 4115 2679 4169 Omnia
2708 4132 2799 4183 per
2827 4116 3022 4185 ipsum,
3077 4123 3126 4167 et
3150 4116 3261 4167 sine
3303 4113 3395 4167 illo
3439 4113 3633 4181 factum
3661 4119 3735 4164 est

2131 4212 2282 4274 nihil,
2315 4212 2406 4281 qui
2438 4224 2537 4280 pro
2566 4209 2743 4264 salute
2773 4210 2991 4279 generis
3032 4209 3249 4263 humani
3296 4208 3363 4262 de
3390 4205 3609 4262 sublimi
3639 4204 3730 4259 de-

2131 4304 2421 4370 scendens,
2487 4303 2555 4359 de
2601 4302 2769 4357 Maria
2821 4302 3039 4373 Virgine
3090 4303 3407 4357 incarnatus
3457 4301 3730 4355 hominem

2133 4396 2328 4463 induit,
2376 4410 2569 4464 passus
2598 4405 2705 4461 est,
2756 4392 3073 4461 crucifixus,
3125 4394 3395 4463 sepultus,
3441 4392 3597 4446 tertia
3639 4388 3730 4445 die

2133 4488 2436 4542 resurrexit
2480 4503 2507 4541 a
2550 4486 2806 4551 mortuis,
2856 4487 3106 4541 ascendit
3139 4485 3190 4539 in
3223 4486 3445 4549 coelum,
3487 4483 3639 4538 sedet
3670 4479 3737 4535 ad

2133 4583 2415 4636 dexteram
2457 4581 2553 4635 Dei
2584 4581 2782 4643 Patris,
2812 4580 2936 4633 inde
2979 4589 3241 4634 venturus
3270 4586 3355 4632 est
3382 4576 3629 4646 judicare
3657 4574 3738 4629 vi-

427 4684 851 4738 commendavit.
884 4682 993 4737 Nec
1040 4682 1324 4737 immerito
1375 4693 1581 4737 tantum
1630 4684 1912 4753 religionis
1944 4692 2024 4739 est

2138 4688 2233 4727 vos
2281 4684 2334 4729 et
2366 4682 2630 4728 mortuos.
2669 4673 2733 4727 Et
2761 4672 2817 4726 in
2847 4670 3053 4740 Spiritu
3099 4678 3309 4730 sancto,
3351 4668 3473 4737 quia
3508 4666 3610 4720 hoc
3642 4676 3731 4719 sa-

430 4774 691 4829 studium.
740 4774 840 4831 Ubi
871 4776 1017 4827 enim
1053 4774 1203 4827 nulla
1253 4782 1337 4828 est
1363 4774 1616 4844 cogitatio
1667 4775 2024 4845 voluptatum,

429 4868 503 4922 ibi
527 4876 611 4922 est
632 4867 967 4922 domicilium
987 4867 1268 4921 castitatis.
1296 4866 1443 4920 Bona
1468 4868 1799 4922 conscientia
1824 4868 2031 4922 sanctis

433 4960 670 5015 libenter
694 4959 1032 5029 obsequitur.
1068 4958 1210 5013 Nihil
1246 4961 1390 5015 enim
1435 4960 1617 5014 differt
1647 4961 1791 5030 quod
1819 4970 1910 5015 aut
1940 4974 2031 5015 ru-

437 5067 556 5107 mor
587 5052 815 5117 laceret,
866 5061 960 5105 aut
1008 5051 1167 5105 tacita
1201 5052 1549 5122 cogitationis
1594 5061 1754 5106 vexet
1806 5052 2026 5120 injuria.

430 5142 736 5199 Ostentatio
768 5143 1012 5214 pudoris,
1046 5152 1101 5199 et
1130 5144 1455 5200 abstinentia
1503 5151 1589 5200 est
1617 5144 1912 5199 assiduitas
1934 5143 2029 5198 ob—

503 5400 528 5428 ι
568 5390 646 5449 Ex
678 5389 780 5444 hoc
820 5387 939 5443 loco
981 5394 1133 5457 patet
1178 5388 1401 5443 latorem
1455 5404 1562 5443 non
1611 5388 1833 5442 invento
1879 5385 2020 5456 apud

429 5462 828 5531 Rotltotuagum
869 5472 1059 5531 sancto
1108 5460 1347 5513 Prmsulc
1385 5460 1667 5527 Victricio,
1714 5474 1869 5512 suum
1913 5458 2023 5525 jam

426 5536 532 5591 iter
558 5532 623 5588 ad
658 5530 988 5586 Brittaniam
1017 5530 1284 5585 direxisse
1329 5547 1449 5585 cum
1483 5532 1781 5595 Reliquiis;
1806 5539 1857 5584 et
1896 5545 2017 5583 cum

431 5606 767 5659 occurrisset
798 5602 1109 5668 Vtctricius,
1146 5617 1251 5655 una
1292 5604 1453 5656 simul
1503 5603 1901 5664 liotltumagum
1937 5615 2026 5655 ro—

432 5679 672 5744 petiisse.
708 5674 836 5729 inde
859 5674 1018 5727 etiam
1050 5673 1217 5743 liquet
1240 5689 1458 5741 Capsam
1492 5690 1588 5728 seu
1619 5674 1889 5727 cistellam
1921 5672 2025 5726 Ile-

431 5749 719 5817 liquitrum
771 5761 880 5799 non
910 5759 1135 5817 Atnaguae
1171 5747 1343 5799 fuisse
1376 5747 1556 5817 tuolis,
1586 5756 1637 5817 et
1684 5744 1808 5797 huic
1840 5744 2022 5817 forsan

432 5814 664 5873 similem
708 5832 873 5885 quam
904 5815 961 5870 S.
1010 5814 1315 5871 Germanus
1357 5814 1854 5873 Autissiodurensis
1881 5816 2024 5871 collo

432 5891 677 5962 gerebat.

2136 4762 2474 4822 crameutum
2514 4767 2567 4821 in
2614 4765 2890 4835 Apostolis
2923 4764 3039 4834 ipse
3085 4763 3316 4818 firmavit
3358 4762 3545 4815 dicens
3571 4776 3582 4811 :
3608 4756 3735 4812 Cum

2136 4858 2417 4912 ascendero
2464 4858 2537 4911 ad
2578 4838 2776 4927 patrem
2832 4872 3025 4923 meum,
3060 4865 3110 4911 et
3137 4855 3203 4907 ad
3242 4862 3443 4926 patrem
3485 4865 3732 4917 vestrum,

2135 4954 2329 5025 rogabo
2360 4952 2603 5014 Patrem,
2652 4961 2699 5005 et
2746 4949 2911 5004 alium
2959 4952 3267 5003 adrocatum
3298 4947 3439 5001 dabit
3488 4946 3646 5012 tubis,
3680 4953 3735 4998 ut

2137 5051 2395 5103 vobiscum
2426 5050 2491 5102 sit
2518 5051 2570 5101 in
2599 5058 2868 5112 retentum,
2904 5046 3146 5116 spiritum
3175 5042 3403 5097 veritatis
3428 5058 3446 5108 ;
3477 5056 3627 5111 quem
3655 5038 3738 5091 Itic

2144 5144 2368 5198 mundus
2412 5158 2515 5197 non
2556 5150 2717 5213 potest
2746 5142 2996 5212 accipere,
3023 5142 3143 5211 quia
3174 5154 3277 5192 non
3318 5138 3451 5191 videt
3478 5151 3613 5203 eum,
3646 5148 3737 5188 nec

2201 5383 2229 5422 δ
2265 5383 2473 5441 Alludit
2490 5382 2556 5437 ad
2586 5398 2648 5438 ea
2672 5397 2789 5452 qua!
2808 5380 3059 5455 olimpro
3084 5377 3308 5434 Christo
3330 5389 3517 5455 passus
3540 5372 3735 5455 fuerat:

2205 5466 2225 5494 ο
2274 5456 2428 5509 Plura
2472 5456 2603 5526 dicit
2654 5441 2723 5507 de
2761 5441 3231 5526 statuViduarmu
3263 5441 3630 5525 et'Virgintuu
3664 5441 3730 5526 ad

2130 5527 2466 5583 refellendos
2494 5525 2767 5579 Joviuiani
2790 5524 3088 5592 discipulus
3117 5533 3310 5574 recens
3333 5524 3592 5592 a‘saucus
3619 5524 3736 5580 epi—

2131 5602 2314 5665 scopis
2336 5600 2622 5655 damnatos
2651 5600 2700 5649 ita
2730 5588 2968 5650 concilio
2992 5588 3377 5648 Medioiattensi
3429 5599 3482 5640 ct
3512 5594 3569 5639 ut
3599 5596 3733 5640 una-

2132 5672 2433 5725 nituitatem
2464 5668 2727 5723 doctrina-
2760 5667 3109 5722 manifestet-

2207 5740 2231 5778 ἀ
2277 5740 2427 5795 Fidei
2472 5738 2877 5795 confessionem
2930 5736 3037 5789 edit
3067 5730 3355 5786 Victricius
3387 5740 3442 5785 ut
3473 5745 3589 5785 nios
3617 5740 3737 5787 erat

2134 5821 2265 5868 tunc
2304 5813 2565 5880 temporis
2594 5820 2815 5880 propter
2846 5810 3077 5880 AridltOf
3108 5800 3344 5880 nondum
3377 5802 3607 5869 omnino
3634 5804 3738 5865 eii-

2137 5886 2279 5939 mina
2292 5894 2395 5937 tos.
2421 5874 2522 5938 "Sic
2553 5874 2844 5951 aliquando
2872 5877 3012 5949 apud
3038 5874 3341 5930 Paulinum.
