4210 6190
456 296 562 355 417

1412 301 1474 355 S.
1517 298 1838 355 VICTRICll
1883 299 2193 356 EPlSCOPl
2231 298 2826 359 ROTIIOMAGENSIS

3647 296 3751 362 418

456 419 719 489 cognoscit
752 434 888 473 eum.
940 419 1039 473 Vos
1068 428 1239 473 autem
1267 419 1428 473 nostis
1458 417 1630 488 illum,
1663 419 1785 487 quia
1804 419 1947 487 apud
1968 434 2053 473 vos
2086 430 2128 486 Α
2160 434 2254 475 sor
2285 420 2529 484 tremuit,
2558 429 2613 476 et
2643 422 2930 478 trementis
2959 423 3239 479 dexteram
3280 423 3578 479 moriturus
3605 423 3765 492 adju-

464 518 658 577 manet,
691 519 737 565 et
770 512 1030 565 vobiscum
1058 523 1132 566 est
1156 510 1350 583 (Joan.
1380 528 1489 581 xtv,
1517 513 1606 577 16,
1636 512 1756 584 17).
1793 513 1859 568 Ει
1882 514 2012 568 alibi
2042 532 2055 568 :

458 602 591 659 Cum
620 621 707 659 vos
730 607 1002 661 statuerint
1034 617 1155 660 ante
1174 618 1444 674 potestates
1472 608 1633 682 hujus
1662 610 1865 676 mundi,
1897 610 2062 663 nolite

458 697 671 750 solliciti
695 713 805 752 esse
835 698 962 768 quid
988 698 1294 770 loquamini,
1331 700 1563 772 Spiritus
1597 699 1771 756 Patris
1800 703 1952 756 vestri
1984 702 2063 756 lo-

462 799 647 861 quetur
673 792 729 845 in
759 792 903 847 vobis
932 797 948 863 (
974 793 1167 847 Matth.
1200 810 1255 859 x,
1293 795 1411 865 l9).
1451 795 1507 849 ln
1538 796 1639 850 hac
1666 799 1873 851 unitate
1899 812 2064 851 vene-

458 887 708 942 rabitium
732 890 1045 957 passionum
1071 900 1373 944 vestrarum
1397 889 1597 943 lumina
1621 892 1974 945 confitemur.
2005 889 2062 944 1r:

460 977 756 1051 Evangelio
779 980 1032 1050 legimus,
1049 983 1170 1051 quia
1191 999 1277 1036 vos
1299 968 1415 1037 estis
1434 983 1630 1036 lumina
1648 985 1825 1037 mundi
1845 981 2062 1054 (Matth.

471 1088 526 1142 ν,
561 1073 629 1129 14
650 1073 692 1143 ).
721 1074 833 1129 iloc
857 1077 907 1129 in
939 1076 1213 1145 periculis,
1243 1076 1345 1131 hoc
1395 1077 1445 1130 in
1474 1077 1656 1131 laetitia
1684 1078 2063 1145 praedicaturus.

465 1162 646 1218 Prosit
679 1168 1061 1235 peccatoribus
1093 1167 1193 1222 ista
1216 1167 1515 1230 confessio,
1542 1169 1666 1237 quia
1698 1166 1803 1222 hoc
1832 1169 2070 1222 obtinuit

465 1254 579 1315 ille.
604 1259 696 1326 qui
719 1259 932 1326 petivit,
958 1258 1376 1314 sicutDominns
1407 1259 1462 1313 in
1487 1260 1782 1330 Evangelio
1806 1261 2065 1330 loquitur:

469 1348 601 1405 Nam
631 1365 752 1405 cum
791 1352 929 1406 latro
962 1354 1010 1406 in
1044 1354 1290 1425 patibulo
1322 1353 1564 1423 pendens
1588 1355 1656 1409 ab
1676 1371 1741 1408 eo
1770 1364 1982 1424 peteret
2012 1364 2071 1410 ttt

465 1443 550 1497 sui
584 1445 946 1509 meminisset,
973 1447 1048 1499 ait
1086 1444 1341 1501 Salvator
1371 1464 1384 1499 :
1415 1448 1579 1501 Amen
1622 1448 1740 1501 dico
1772 1450 1885 1514 tibi,
1915 1448 2070 1503 hodie

466 1552 666 1591 mecum
690 1538 790 1592 eris
820 1540 875 1592 in
908 1538 1187 1593 Paradiso.
1236 1540 1439 1595 Delicta
1471 1555 1630 1596 nemo
1659 1542 1935 1607 discutiat,
1973 1557 2066 1597 ve-

473 1629 619 1685 niam
648 1633 1010 1702 postulamus.

544 1722 607 1778 V.
651 1727 765 1794 Age
816 1742 980 1791 nunc,
1037 1726 1232 1783 fratres
1282 1727 1649 1794 dilecussimi,
1708 1730 2072 1783 sacrosanctis

2164 514 2275 577 vit;
2316 512 2423 568 fera
2466 515 2655 583 noluit,
2692 516 2925 570 irritavit
2955 518 3223 587 objectns,
3254 532 3361 572 non
3393 519 3516 587 quia
3549 532 3764 587 ptenmu

2165 623 2482 676 corpoream
2533 619 2725 662 natura
2788 610 3138 679 perdiderat,
3192 612 3287 664 sed
3335 611 3459 681 quia
3510 610 3766 666 Salvator

2167 704 2299 755 tanti
2349 702 2540 769 pracsul
2569 702 2907 767 certaminis,
2945 703 3174 771 palmam
3209 704 3452 768 vibrans,
3489 702 3770 756 inunoita-

2169 792 2336 847 litatis
2378 794 2659 848 victoriam
2713 796 3105 865 prtetendebat.
3157 796 3283 850 ΙΙωο
3325 812 3652 866 quamquam
3695 797 3769 851 ita

2170 888 2299 951 sint,
2343 896 2522 941 tamen
2575 888 2627 941 in
2668 887 2756 940 illa
2805 888 3057 957 passione
3088 889 3459 942 membrorum
3491 889 3771 942 vobiscum

2169 990 2441 1035 certamen
2474 996 2701 1047 corpora
2736 980 3101 1050 pertulerunt.
3136 980 3304 1034 Strati
3347 997 3480 1050 ergo
3513 981 3682 1043 bmui,
3717 991 3775 1036 et

2170 1072 2346 1125 Solum
2395 1071 2651 1141 laciymis
2681 1073 2968 1139 irrigantes
3015 1088 3121 1125 una
3165 1087 3299 1126 voce
3341 1072 3671 1136 clamemus,
3714 1081 3773 1126 ut

2170 1163 2261 1232 qui
2310 1177 2529 1232 semper
2575 1174 2816 1218 sacratas
2866 1164 3125 1234 reliquias
3174 1165 3486 1234 possidetis,
3539 1178 3771 1233 corpora

2172 1257 2434 1326 purgetis.
2460 1256 2569 1311 Nec
2594 1258 2772 1320 vobis,
2797 1258 3116 1322 venerandi,
3142 1269 3324 1311 nostra
3351 1256 3597 1311 sordebit
3622 1257 3775 1311 obla-

2175 1350 2268 1402 tio.
2315 1349 2543 1419 Dignnm
2588 1349 2927 1404 domicilium
2960 1360 3041 1405 eSt
3072 1351 3214 1420 quod
3248 1360 3325 1405 tot
3351 1350 3645 1404 victoribus
3670 1348 3774 1404 ha-

2172 1442 2397 1498 hitetur.
2449 1443 2544 1498 llic
2590 1444 2880 1498 invenietis
2923 1443 3189 1500 Joannem
3232 1444 3557 1513 Baptistam,
3596 1446 3773 1511 illum,

2174 1536 2413 1607 inquam,
2459 1538 2549 1606 qui
2589 1538 2768 1591 stadio
2806 1536 2834 1574 δ
2876 1539 3151 1592 Communi
3193 1547 3448 1593 cruentus
3474 1538 3645 1603 stetit,
3677 1536 3776 1592 sed

2176 1627 2243 1683 ad
2290 1632 2488 1683 etelum
2536 1636 2830 1683 coronatus
2873 1629 3142 1695 ascendit,
3178 1645 3335 1699 quem
3370 1629 3629 1683 Dominus
3659 1630 3779 1697 ipse

2177 1724 2323 1778 inter
2369 1735 2524 1778 natos
2571 1724 2864 1779 mulierum
2910 1734 3155 1778 autumat
3198 1727 3487 1794 potiorem.
3535 1723 3636 1778 llic.
3666 1725 3777 1777 An-

474 1819 719 1888 reliquiis
750 1821 934 1887 melle,
958 1822 1097 1877 lacte
1123 1822 1346 1878 subacta
1376 1824 1709 1890 psalmorum
1741 1825 1908 1878 verba
1940 1824 2069 1878 libe-
2104 1827 2150 1886 B
2176 1817 2384 1883 dream,
2416 1817 2501 1871 hic
2529 1816 2817 1881 Thomam,
2843 1818 2930 1870 hic
2959 1816 3302 1883 Gervasinm,
3330 1816 3418 1870 hic
3445 1814 3775 1881 Protasium,

475 1925 616 1965 mus.
651 1912 863 1985 Vigiliis
894 1915 1192 1985 eljejuniis
1225 1917 1489 1972 inebriata
1523 1918 1789 1973 sobrietas
1837 1918 2071 1973 ablutio-

480 2018 603 2058 nem
633 2008 869 2073 postulet
893 2022 1257 2077 peccatorum.
1286 2010 1609 2065 lnclinemus
1636 2011 1702 2065 ad
1734 2027 1834 2065 nos
1860 2020 2076 2065 sancto-

478 2110 597 2149 rum
648 2096 912 2166 favorem,
946 2101 1074 2156 dum
1106 2103 1248 2158 calet
1275 2104 1564 2158 adventus.
1623 2105 1826 2158 llornm
1856 2104 2073 2175 quidem

478 2185 749 2243 domicilia
785 2206 1023 2260 superna
1052 2204 1202 2260 sunt,
1235 2195 1329 2250 sed
1358 2210 1458 2250 nos
1504 2204 1564 2249 ut
1592 2195 1837 2266 hospites
1882 2211 2073 2265 prece-

480 2295 621 2334 mur.
650 2279 876 2337 Prodest
903 2299 1309 2356 nonnumquam
1338 2286 1709 2354 dissimnlare,
1744 2288 1885 2358 quod
1909 2289 2073 2342 scias.

480 2368 766 2427 Secretum
788 2387 945 2430 suum
969 2376 1068 2444 ipsi
1101 2379 1371 2433 noverint.
1399 2380 1635 2435 Facilius
1665 2380 1959 2451 impetrant
1983 2382 2075 2452 qui

478 2478 818 2523 sacramenta
867 2470 1206 2537 custodiunt,
1257 2482 1311 2527 et
1354 2483 1565 2529 secreta
1631 2491 1737 2528 non
1798 2486 2073 2545 quaerunt.

484 2559 592 2615 Vos
622 2577 865 2631 quoque,
895 2580 1089 2632 sacrte,
1120 2567 1504 2638 inviolatzeque
1533 2569 1794 2639 virgines,
1836 2570 2075 2639 psallite,

481 2652 717 2720 psallite,
750 2664 804 2709 et
828 2654 1048 2712 choreis
1071 2660 1319 2714 tramites
1344 2660 1540 2729 quibus
1567 2662 1636 2714 ad
1662 2661 1859 2717 caelum
1887 2676 2078 2716 ascen-

483 2745 631 2800 ditur
660 2757 712 2801 et
756 2748 895 2817 pede
928 2751 1144 2820 pulsate
1175 2751 1222 2804 ⁸.
1255 2752 1402 2819 Illos,
1433 2754 1679 2822 inquam,
1707 2756 1797 2825 qui
1834 2755 2079 2810 Paradisi

483 2853 612 2893 vere
635 2848 872 2910 gaudent
893 2843 1044 2898 clara
1075 2846 1216 2910 luce,
1250 2845 1416 2900 nullis
1440 2846 1674 2901 nubibus
1706 2848 2080 2912 turbidi;illos

478 2932 682 3001 plantis
722 2937 901 3005 terite,
938 2938 1064 2993 illos
1090 2940 1393 2995 assultibus
1441 2942 1686 3013 fatigate.

552 3024 641 3080 Vl.
684 3024 762 3080 Ne
802 3028 924 3098 quis
967 3039 1149 3085 autem
1195 3030 1263 3086 de
1307 3048 1494 3087 errore
1539 3043 1831 3104 queratur;
1873 3037 2085 3092 addidit

483 3114 639 3170 nobis
682 3118 819 3172 alios
862 3120 1029 3176 duces
1074 3124 1445 3179 misericordia
1475 3125 1795 3181 Salvatoris.
1831 3128 1968 3194 Quid
1998 3138 2083 3184 est

2182 1910 2267 1964 hic
2306 1912 2647 1980 Agricolam,
2686 1911 2772 1964 hic
2812 1911 3138 1977 Eulemiam,
3171 1924 3293 1980 qua:
3322 1910 3592 1979 quondam
3622 1920 3777 1961 ustu-

2183 2005 2291 2058 lato
2330 2005 2511 2057 animo
2547 2004 2647 2059 Sul)
2690 2018 3012 2073 percussore
3042 2003 3196 2073 virgo
3230 2018 3337 2055 non
3370 2000 3581 2071 palluit.
3614 2000 3779 2053 Deni-

2181 2114 2286 2170 que
2330 2108 2477 2153 tanta
2523 2097 2609 2153 hic
2657 2108 2739 2152 est
2784 2098 3088 2152 cmlestinm
3129 2093 3683 2156 civium.multiludo,
3719 2100 3781 2146 ut

2181 2192 2248 2247 ad
2294 2193 2582 2247 adventum
2635 2201 2828 2247 vestra:
2878 2189 3180 2259 majestatis
3230 2190 3382 2242 locus
3433 2186 3590 2241 nobis
3634 2196 3781 2242 esset

2181 2286 2321 2340 alius
2364 2284 2743 2355 inquirendos,
2794 2285 2893 2339 nisi
2940 2283 3326 2354 vosljungeret
3352 2291 3625 2337 secretum
3656 2295 3783 2336 ves-

2184 2389 2349 2446 trum,
2377 2388 2431 2434 et
2462 2379 2643 2434 uoitcis
2677 2379 2982 2447 potestatis.

2255 2473 2444 2527 Vestra
2489 2483 2615 2528 sunt
2655 2473 2771 2527 haec
2797 2480 3093 2543 praecepta,
3121 2469 3442 2526 eharitatem
3475 2484 3581 2524 non
3612 2483 3801 2523 mmtt-'

2184 2569 2305 2631 lari,
2354 2559 2463 2622 non
2508 2583 2755 2637 qumrere
2799 2568 2911 2632 illa,
2964 2582 3085 2637 qua:
3121 2581 3216 2620 sua
3244 2574 3369 2619 sunt
3405 2575 3449 2618 ο.
3486 2562 3639 2620 Unde
3669 2578 3779 2617 non

2183 2660 2394 2731 ambigo
2442 2660 2584 2731 quod
2630 2660 2932 2716 secundum
2968 2658 3239 2713 hominem
3279 2656 3488 2711 vilioris
3528 2656 3632 2709 loci
3680 2668 3780 2709 vos

2184 2760 2370 2823 tangat
2394 2754 2617 2819 injuria.
2648 2757 2886 2823 Angusta
2919 2752 3102 2816 nimis,
3136 2751 3387 2806 homines
3414 2750 3514 2803 ista
3550 2763 3780 2818 perpen-

2184 2844 2339 2899 dunt.
2387 2845 2652 2899 Divinitas
2688 2845 2917 2915 gradum
2959 2844 3191 2913 reSpuit,
3234 2858 3335 2898 nec
3365 2843 3487 2897 loco
3517 2857 3616 2897 nec
3644 2854 3780 2896 tem-

2186 2954 2317 3009 pore
2346 2938 2623 2993 delinitur.
2655 2938 2893 2994 Unitatis
2923 2939 3068 2991 nulla
3098 2937 3371 3007 sulijectio
3396 2947 3497 2991 est.
3532 2934 3641 2989 Nec
3674 2935 3777 2989 mi-

2186 3047 2332 3096 rum,
2380 3034 2424 3085 si
2473 3031 2606 3085 nihil
2652 3042 2734 3085 est
2769 3031 2921 3085 vobis
2965 3032 3015 3084 in
3047 3030 3350 3084 substantia
3387 3040 3604 3083 terrena
3634 3026 3780 3081 diffl-

2185 3125 2312 3190 cile,
2359 3124 2556 3193 quibus
2605 3135 2775 3178 t0tum
2819 3133 2904 3179 est
2950 3126 3000 3178 in
3052 3125 3276 3190 spiritus
3324 3123 3441 3177 luce
3467 3137 3776 3177 commune.

481 3208 626 3262 enim
657 3211 823 3276 aliud,
852 3211 1187 3283 charissimi,
1210 3217 1433 3289 Martyr,
1456 3219 1774 3274 nisiChristi
1798 3222 2078 3277 imitator?
2107 3215 2153 3278 C
2187 3216 2352 3285 Major
2389 3225 2569 3270 tamen
2620 3217 2724 3270 erit
2772 3226 3074 3271 vestrarum
3115 3215 3290 3284 gloria
3338 3224 3688 3283 potestatum,
3734 3213 3781 3267 si

481 3301 722 3358 domitor
764 3305 967 3359 rabidae
1012 3309 1340 3379 voluptatis?
1379 3313 1621 3367 calcator
1646 3315 1981 3381 ambitionis,
2028 3327 2085 3371 et

483 3397 675 3453 mortis
720 3399 972 3467 ambitor,
993 3411 1336 3473 contemptor
1365 3406 1702 3472 divitiarum,
1736 3423 2084 3478 compressor

486 3489 755 3557 lasciviae,
803 3493 1232 3565 intemperantia:
1276 3498 1748 3568 persecutor‘lCui
1792 3519 2082 3574 numquam

484 3595 758 3655 sceptrum
803 3588 1108 3658 prudentia:
1147 3594 1372 3648 avaritia
1413 3597 1718 3665 praeripuit,
1750 3610 1842 3653 aut
1870 3600 2081 3671 cupidi-

486 3686 567 3731 tas
598 3680 886 3735 vindicari.
915 3683 1016 3739 Per
1048 3683 1146 3739 hos
1176 3688 1437 3742 virtutum
1463 3689 1660 3758 gradus
1685 3691 1828 3747 unde
1853 3692 2085 3748 descen-

484 3768 638 3825 derat
666 3770 917 3828 Salvator
948 3775 1217 3846 ascendit,
1249 3778 1480 3835 docente
1507 3778 1774 3851 Apostolo
1800 3802 1811 3837 :
1841 3784 1940 3852 Qui
1971 3788 2087 3839 des-

484 3864 681 3931 cendit,
723 3868 833 3937 ipse
874 3876 970 3935 est,
1005 3871 1091 3936 qui
1118 3871 1351 3926 ascendit
1380 3889 1537 3940 super
1570 3891 1744 3930 omnes
1775 3878 1946 3931 castos.
1983 3878 2086 3933 Per

488 3957 589 4012 hos
632 3957 871 4027 denique
917 3976 1126 4026 secum,
1170 3980 1305 4031 quos
1335 3966 1764 4033 praedestinavit,
1796 3972 2084 4024 evexitdi-

487 4064 620 4105 cens
649 4067 664 4103 :
696 4048 875 4117 Pater,
904 4068 1030 4121 quos
1060 4055 1186 4107 milii
1216 4055 1427 4121 dedisti,
1459 4060 1597 4123 uolo,
1628 4067 1685 4111 ut
1714 4059 1799 4113 ubi
1827 4077 1941 4114 sum
1966 4077 2082 4133 ego,

487 4151 537 4195 et
566 4139 647 4195 illi
673 4143 776 4196 sint
800 4159 1016 4198 mecum.
1053 4146 1366 4209 Prudentia,
1387 4148 1617 4217 justitia,
1642 4149 1925 4217 fortitudo,
1954 4164 2086 4207 tem-

486 4235 735 4305 perantia
762 4236 847 4291 via
876 4238 1121 4293 caelestis
1150 4248 1253 4295 est.
1288 4241 1437 4295 Hanc
1469 4241 1721 4297 Salvator
1752 4246 1967 4314 aperuit
1994 4246 2086 4300 di-

487 4341 616 4381 cens
662 4344 675 4381 :
721 4326 836 4401 Ego
879 4346 995 4383 sum
1038 4331 1120 4383 via
1161 4342 1206 4384 et
1234 4333 1443 4387 veritas.
1482 4333 1628 4388 lianc
1666 4338 2085 4404 margaritarum

488 4420 826 4486 etelestium,
876 4430 930 4476 et
969 4423 1289 4478 aeternitatis
1331 4435 1602 4481 mercator
1645 4428 1857 4483 attrivit
1891 4448 1904 4482 :
1946 4429 2087 4485 hanc

487 4511 789 4567 viatoribus
828 4512 1144 4570 ehristianis
1176 4517 1457 4587 propheta:
1484 4518 1867 4576 demonSIrant
1899 4539 1913 4577 :
1950 4523 2088 4577 hanc

485 4604 727 4675 Apostoli
781 4607 1196 4678 frequentarunt
1242 4630 1252 4665 :

490 4700 763 4769 astringit,
804 4712 895 4755 aut
928 4702 1076 4757 calor
1110 4704 1370 4759 incendit.
1404 4706 1460 4759 In
1488 4707 1709 4775 psalmis
1739 4718 1952 4763 cautum
1982 4720 2087 4777 est,

490 4806 584 4859 per
611 4792 746 4844 diem
772 4793 851 4846 sol
878 4809 983 4846 non
1011 4802 1123 4846 uret
1155 4802 1203 4848 te
1231 4812 1323 4850 nec
1356 4795 1480 4851 luna
1510 4814 1600 4866 per
1632 4808 1850 4855 nortem.
1877 4801 1989 4868 Qua
2021 4803 2089 4856 de

488 4897 548 4936 re
586 4898 825 4950 oremus,
860 4885 1197 4955 charissimi,
1230 4903 1473 4957 oremus,
1504 4902 1559 4945 ut
1588 4893 1634 4945 si
1667 4894 1960 4948 ascendere
1989 4909 2088 4949 nos

488 4976 740 5031 cumulus
773 4982 1024 5047 prohibet
1050 4993 1417 5050 peceatorum,
1447 4990 1530 5040 vel
1554 4990 1940 5044 ascendentium
1969 5006 2089 5046 ves—

490 5070 618 5139 tigia
657 5072 857 5127 osculis
891 5076 1216 5131 arctioribus
1257 5093 1608 5148 vaporemus.
1644 5082 1738 5137 Isti
1770 5094 1892 5138 sunt
1923 5100 2083 5140 vene-

490 5168 669 5236 randi,
693 5168 975 5242 [istiisunt
1012 5174 1206 5239 sancti,
1250 5175 1337 5244 qui
1372 5178 1530 5230 morti
1565 5188 1793 5233 mortem
1829 5180 2084 5235 intulere.

489 5262 641 5317 Sicut
676 5262 948 5335 legimus}:
986 5266 1089 5333 Qui
1115 5269 1279 5322 credit
1306 5270 1359 5323 in
1390 5287 1491 5336 me,
1523 5270 1641 5327 licet
1670 5274 1921 5328 moriatur
1945 5276 2085 5328 vivit.

485 5356 531 5412 0
581 5373 746 5429 quam
797 5359 1033 5429 pretiosa
1084 5370 1170 5417 est
1216 5363 1269 5417 in
1324 5376 1624 5432 conspectu
1678 5366 1891 5422 Domini
1939 5384 2089 5422 mors

483 5463 795 5508 sanctorum
829 5453 947 5525 ejus
976 5454 1171 5524 quibus
1201 5457 1383 5510 minax
1410 5457 1529 5527 plus
1557 5460 1807 5528 praestitit
1834 5475 2087 5529 persecu-

480 5555 595 5612 tor;
614 5547 1217 5620 tortor’_borruit,.risit
1244 5548 1497 5605 subditus
1522 5550 1831 5620 quaestioni,
1862 5566 2086 5623 percus-

546 5740 575 5806 f
605 5732 973 5806 ﬂetapborice
1001 5735 1262 5806 loquitur.
1313 5738 1330 5783 ξ

546 5797 576 5837 ιι
605 5800 661 5855 lo
692 5797 795 5857 mi.
827 5805 1023 5874 tegitur
1048 5797 1243 5877 siudto,
1276 5804 1373 5867 sed
1407 5810 1562 5867 male.

2186 3308 2494 3363 defendatis
2522 3309 2843 3376 laboriosos,
2882 3309 2929 3363 si
2961 3310 3186 3363 tuemini
3218 3308 3467 3362 hos1ibus
3498 3308 3783 3378 subjacen-

2187 3410 2288 3455 tes.
2333 3399 2539 3469 Tcgant
2587 3415 2758 3466 arma,
2802 3415 2939 3470 quos
2982 3401 3191 3461 volunt,
3240 3418 3337 3454 nos
3382 3412 3580 3455 vestrm
3609 3400 3775 3467 aries,

2186 3506 2363 3550 vestra
2394 3495 2545 3564 signa
2572 3496 2905 3550 custodient.
2947 3494 3137 3550 Nullus
3164 3504 3247 3550 est
3285 3496 3482 3559 hoStis,
3513 3496 3555 3549 si
3582 3496 3781 3550 tribua-

2189 3588 2256 3641 tis
2303 3587 2690 3657 indolgentiam
2745 3599 3117 3656 peccatorum.
3170 3587 3249 3640 Ex
3290 3587 3489 3641 vestris
3533 3587 3783 3641 manibus

2188 3688 2391 3735 nostra;
2419 3682 2540 3734 vitae
2566 3680 2858 3733 retinacula
2886 3680 3218 3733 detinentur.
3246 3679 3524 3735 Remittite
3554 3677 3780 3741 delicta,

2188 3784 2242 3829 et
2286 3776 2429 3828 nulla
2477 3789 2575 3827 nos
2626 3774 2762 3828 bella
2808 3773 3118 3827 turbabunt.
3152 3773 3257 3827 Sed
3290 3772 3413 3841 quid
3443 3786 3543 3840 ego
3577 3785 3783 3839 panper

2188 3866 2477 3920 Victrieius
2522 3866 2699 3919 enitor
2742 3876 2923 3919 veSIer
2966 3864 3033 3918 de
3064 3865 3166 3920 loci
3205 3865 3464 3932 qualitate
3511 3860 3781 3915 formido?

2188 3961 2230 4013 A
2264 3959 2416 4012 vobis
2458 3958 2524 4011 ad
2576 3973 2672 4010 vos
2718 3959 2964 4022 venistis,
3013 3957 3099 4011 hic
3126 3957 3435 4025 reperietis,
3472 3970 3608 4026 quos
3636 3954 3782 4008 circa

2191 4051 2401 4106 Domini
2439 4052 2566 4105 Jesu
2599 4051 2803 4105 Christi
2845 4052 3034 4105 altaria
3063 4052 3437 4105 ministrantes
3462 4050 3780 4120 reliquistis,

2190 4147 2451 4215 porrectis
2501 4146 2735 4201 brachiis
2782 4161 2880 4201 vos
2927 4147 3163 4215 Baptista
3193 4145 3436 4201 Joannes
3480 4153 3781 4212 exspectat.

2193 4240 2298 4295 Vos
2330 4240 2587 4302 Thomas,
2631 4256 2727 4295 vos
2771 4240 3039 4306 Andreas,
3092 4240 3266 4294 Lucas
3294 4250 3347 4293 et
3376 4250 3577 4295 czetera
3606 4238 3785 4292 ιηιιιιί-

2189 4332 2317 4387 tndo
2343 4333 2582 4387 caelestis
2610 4333 2786 4402 parilii
2826 4348 2923 4387 vos
2948 4332 3221 4387 desiderio
3250 4332 3303 4387 in
3332 4347 3490 4387 suum
3518 4332 3783 4403 gremium

2189 4434 2365 4478 vocat.
2414 4425 2603 4479 Nullus
2649 4442 2747 4479 vos
2789 4441 2961 4479 novus
3003 4424 3203 4495 hospes
3254 4425 3508 4491 excipiet.
3547 4424 3609 4479 lli
3661 4434 3786 4478 sunt

2189 4532 2310 4572 cum
2340 4519 2534 4587 quibus
2562 4520 2803 4574 militatis
2840 4520 2892 4573 in
2925 4520 3084 4575 casio.
3127 4519 3424 4573 PeCuliaris
3459 4528 3638 4573 tamen
3679 4517 3786 4573 erit

1308 4612 1446 4667 hanc
1470 4630 1766 4684 numquam
1795 4626 1887 4670 aut
1918 4616 2085 4686 frigus
2114 4603 2168 4663 D
2191 4612 2506 4681 gratulatio,
2550 4614 2594 4667 si
2631 4613 2923 4682 jungantur
2968 4613 3230 4683 reliquiis,
3278 4612 3370 4684 qui
3405 4611 3581 4683 juncti
3625 4612 3788 4667 clari-

2192 4706 2380 4761 tudine
2411 4707 2660 4776 spiritali.

2230 4800 2336 4856 Vll.
2356 4801 2631 4871 Siquidem
2649 4819 2809 4857 unam
2823 4805 3243 4872 corporulentite
3260 4819 3491 4859 massam
3507 4804 3785 4875 Scriptura

2190 4894 2503 4949 insinuante
2525 4897 2854 4965 colligimus.
2888 4897 3099 4963 Quotus
3125 4900 3270 4951 enim
3308 4899 3432 4967 quis
3470 4906 3564 4951 aut
3596 4907 3785 4951 natura

2192 4997 2298 5042 tam
2327 4989 2536 5053 brutus,
2568 4989 2909 5043 antrationis
2936 5005 3132 5057 expers
3182 4990 3415 5046 inveniri
3461 5004 3623 5061 queat
3644 5032 3659 5054 ,
3693 4990 3785 5060 qui

2192 5095 2353 5153 neget
2378 5077 2632 5137 feminam
2663 5098 2729 5135 ex
2765 5083 2864 5135 viri
2914 5082 3176 5137 lateribus
3221 5084 3524 5149 sumpsisse
3576 5083 3784 5153 princi-

2192 5178 2384 5247 pium?
2427 5177 2499 5230 Ex
2524 5191 2631 5246 quo
2675 5175 2803 5228 illud
2837 5176 3102 5245 emergit,
3159 5183 3218 5227 nt
3250 5176 3616 5243 intelligamus
3669 5174 3787 5243 prie

2190 5268 2398 5323 mordia
2429 5270 2611 5321 carnis
2634 5283 2699 5322 ex
2731 5282 2897 5323 carne
2924 5282 3046 5322 esse
3071 5280 3345 5337 suscepta.
3368 5267 3657 5337 Ipsamqne
3681 5267 3783 5321 sibi

2190 5361 2359 5416 fuisse
2384 5371 2657 5427 naturam,
2683 5370 2739 5415 ut
2768 5363 2811 5416 si
2837 5361 3079 5416 animum
3122 5363 3334 5417 naviter
3365 5364 3635 5432 quispiam
3698 5364 3784 5417 in-

2187 5458 2396 5523 tendat,
2429 5467 2484 5512 et
2537 5457 2689 5510 velut
2742 5456 2959 5525 generis
3002 5471 3174 5525 genus
3217 5456 3490 5526 inquirat,
3544 5456 3788 5525 reperiat

2187 5551 2361 5609 Adam
2392 5566 2461 5607 ex
2490 5552 2675 5621 specie
2711 5565 2884 5619 genus
2914 5547 3195 5604 eth-ctum.
3236 5548 3353 5603 Non
3402 5550 3546 5605 enim
3605 5558 3788 5621 potest

2252 5742 2276 5772 '
2313 5732 2967 5809 Videtnrgindiearequod
2996 5732 3115 5809 iam,
3135 5726 3343 5807 aliquas
3365 5729 3647 5808 Reliquias
3672 5740 3788 5807 p098

2184 5808 2393 5866 sidebet
2424 5807 2667 5866 Ecolesia
2692 5806 3172 5879 Rathomngensis;
