  <div class='ocr_page' id='page_1' title='image "/cluster/home/n/w/nwhite01/storage/ocr_20150623/20/hvd.32044096580469/230.png"; bbox 0 0 4344 6174; ppageno 0'>
   <div class='ocr_carea' id='block_1_1' title="bbox 391 175 2106 256">
    <p class='ocr_par' dir='ltr' id='par_1_1' title="bbox 391 175 2104 245">
     <span class='ocr_line' id='line_1_1' title="bbox 391 175 2104 245; baseline 0.004 -6"><span class='ocrx_word' id='word_1_1' title='bbox 391 175 502 239; x_wconf 69' lang='grc' dir='ltr'>μθ</span> <span class='ocrx_word' id='word_1_2' title='bbox 1486 183 1696 242; x_wconf 82' lang='lat' dir='ltr'><strong>LIBER</strong></span> <span class='ocrx_word' id='word_1_3' title='bbox 1738 186 1827 243; x_wconf 87' lang='lat' dir='ltr'><strong>DE</strong></span> <span class='ocrx_word' id='word_1_4' title='bbox 1868 187 2104 245; x_wconf 84' lang='lat' dir='ltr'><strong>LAUDE</strong></span> 
     </span>
    </p>
   </div>
   <div class='ocr_carea' id='block_1_2' title="bbox 1982 175 3697 256">
    <p class='ocr_par' dir='ltr' id='par_1_2' title="bbox 1982 187 3697 256">
     <span class='ocr_line' id='line_1_2' title="bbox 1982 187 3697 256; baseline 0.006 -11"><span class='ocrx_word' id='word_1_5' title='bbox 1982 188 2104 245; x_wconf 83' lang='lat' dir='ltr'><strong>UDE</strong></span> <span class='ocrx_word' id='word_1_6' title='bbox 2146 187 2592 248; x_wconf 80' lang='lat' dir='ltr'><strong>SANCTORUM.</strong></span> <span class='ocrx_word' id='word_1_7' title='bbox 3585 194 3697 256; x_wconf 70' lang='grc' dir='ltr'><strong>ιδο</strong></span> 
     </span>
    </p>
   </div>
   <div class='ocr_carea' id='block_1_3' title="bbox 392 299 3701 376">
    <p class='ocr_par' dir='ltr' id='par_1_3' title="bbox 392 299 3701 376">
     <span class='ocr_line' id='line_1_3' title="bbox 392 299 3701 376; baseline 0.003 -27"><span class='ocrx_word' id='word_1_8' title='bbox 392 309 565 363; x_wconf 80' lang='lat' dir='ltr'><strong>genus</strong></span> <span class='ocrx_word' id='word_1_9' title='bbox 588 310 696 352; x_wconf 89' lang='lat' dir='ltr'><strong>non</strong></span> <span class='ocrx_word' id='word_1_10' title='bbox 720 311 871 361; x_wconf 84' lang='lat' dir='ltr'><strong>esse,</strong></span> <span class='ocrx_word' id='word_1_11' title='bbox 923 312 991 353; x_wconf 76' lang='lat' dir='ltr'><strong>ex</strong></span> <span class='ocrx_word' id='word_1_12' title='bbox 1041 299 1197 370; x_wconf 83' lang='lat' dir='ltr'><strong>cujus</strong></span> <span class='ocrx_word' id='word_1_13' title='bbox 1226 301 1454 356; x_wconf 81' lang='lat' dir='ltr'><strong>materia</strong></span> <span class='ocrx_word' id='word_1_14' title='bbox 1484 302 1851 375; x_wconf 84' lang='lat' dir='ltr'><strong>figmentoque</strong></span> <span class='ocrx_word' id='word_1_15' title='bbox 1881 304 1990 359; x_wconf 86' lang='lat' dir='ltr'><strong>dif-</strong></span> <span class='ocrx_word' id='word_1_16' title='bbox 2019 309 2072 368; x_wconf 83' lang='grc' dir='ltr'><strong>Α</strong></span> <span class='ocrx_word' id='word_1_17' title='bbox 2096 306 2220 373; x_wconf 82' lang='lat' dir='ltr'><strong>sint,</strong></span> <span class='ocrx_word' id='word_1_18' title='bbox 2249 307 2382 360; x_wconf 84' lang='lat' dir='ltr'><strong>sicut</strong></span> <span class='ocrx_word' id='word_1_19' title='bbox 2415 315 2468 358; x_wconf 90' lang='lat' dir='ltr'><strong>tu</strong></span> <span class='ocrx_word' id='word_1_20' title='bbox 2502 303 2660 357; x_wconf 85' lang='lat' dir='ltr'><strong>Pater</strong></span> <span class='ocrx_word' id='word_1_21' title='bbox 2681 305 2735 358; x_wconf 86' lang='lat' dir='ltr'><strong>in</strong></span> <span class='ocrx_word' id='word_1_22' title='bbox 2758 321 2835 360; x_wconf 65' lang='lat' dir='ltr'><strong>ure</strong></span> <span class='ocrx_word' id='word_1_23' title='bbox 2859 313 2905 357; x_wconf 83' lang='lat' dir='ltr'><strong>et</strong></span> <span class='ocrx_word' id='word_1_24' title='bbox 2937 320 3030 376; x_wconf 83' lang='lat' dir='ltr'><strong>ego</strong></span> <span class='ocrx_word' id='word_1_25' title='bbox 3061 303 3114 358; x_wconf 86' lang='lat' dir='ltr'><strong>iu</strong></span> <span class='ocrx_word' id='word_1_26' title='bbox 3137 311 3209 370; x_wconf 82' lang='lat' dir='ltr'><strong>te,</strong></span> <span class='ocrx_word' id='word_1_27' title='bbox 3238 310 3294 359; x_wconf 85' lang='lat' dir='ltr'><strong>ut</strong></span> <span class='ocrx_word' id='word_1_28' title='bbox 3322 314 3370 358; x_wconf 87' lang='lat' dir='ltr'><strong>et</strong></span> <span class='ocrx_word' id='word_1_29' title='bbox 3392 304 3495 374; x_wconf 81' lang='lat' dir='ltr'><strong>ipsi</strong></span> <span class='ocrx_word' id='word_1_30' title='bbox 3520 306 3624 359; x_wconf 87' lang='lat' dir='ltr'><strong>sint</strong></span> <span class='ocrx_word' id='word_1_31' title='bbox 3646 307 3701 362; x_wconf 84' lang='lat' dir='ltr'><strong>in</strong></span> 
     </span>
    </p>
   </div>
   <div class='ocr_carea' id='block_1_4' title="bbox 391 387 1991 463">
    <p class='ocr_par' dir='ltr' id='par_1_4' title="bbox 391 387 1991 463">
     <span class='ocr_line' id='line_1_4' title="bbox 391 387 1991 463; baseline 0.006 -21"><span class='ocrx_word' id='word_1_32' title='bbox 391 387 510 442; x_wconf 81' lang='lat' dir='ltr'><strong>fusa</strong></span> <span class='ocrx_word' id='word_1_33' title='bbox 557 405 654 460; x_wconf 81' lang='lat' dir='ltr'><strong>per</strong></span> <span class='ocrx_word' id='word_1_34' title='bbox 689 406 881 446; x_wconf 89' lang='lat' dir='ltr'><strong>omnes</strong></span> <span class='ocrx_word' id='word_1_35' title='bbox 927 390 1147 447; x_wconf 84' lang='lat' dir='ltr'><strong>humani</strong></span> <span class='ocrx_word' id='word_1_36' title='bbox 1198 396 1446 463; x_wconf 64' lang='lat' dir='ltr'><strong>corporis</strong></span> <span class='ocrx_word' id='word_1_37' title='bbox 1479 394 1652 450; x_wconf 78' lang='lat' dir='ltr'><strong>fetura</strong></span> <span class='ocrx_word' id='word_1_38' title='bbox 1702 398 1991 453; x_wconf 89' lang='lat' dir='ltr'><strong>succrevit.</strong></span> 
     </span>
    </p>
   </div>
   <div class='ocr_carea' id='block_1_5' title="bbox 391 481 1992 561">
    <p class='ocr_par' dir='ltr' id='par_1_5' title="bbox 391 481 1992 561">
     <span class='ocr_line' id='line_1_5' title="bbox 391 481 1992 561; baseline 0.005 -23"><span class='ocrx_word' id='word_1_39' title='bbox 391 481 563 552; x_wconf 84' lang='lat' dir='ltr'><strong>Ergo,</strong></span> <span class='ocrx_word' id='word_1_40' title='bbox 588 485 918 540; x_wconf 83' lang='lat' dir='ltr'><strong>sanctissimi</strong></span> <span class='ocrx_word' id='word_1_41' title='bbox 953 487 1168 552; x_wconf 90' lang='lat' dir='ltr'><strong>fratres,</strong></span> <span class='ocrx_word' id='word_1_42' title='bbox 1198 490 1432 559; x_wconf 89' lang='lat' dir='ltr'><strong>primum</strong></span> <span class='ocrx_word' id='word_1_43' title='bbox 1464 491 1516 543; x_wconf 93' lang='lat' dir='ltr'><strong>id</strong></span> <span class='ocrx_word' id='word_1_44' title='bbox 1540 491 1682 546; x_wconf 86' lang='lat' dir='ltr'><strong>scire</strong></span> <span class='ocrx_word' id='word_1_45' title='bbox 1708 492 1992 561; x_wconf 75' lang='lat' dir='ltr'><strong>debemus,</strong></span> 
     </span>
    </p>
   </div>
   <div class='ocr_carea' id='block_1_6' title="bbox 393 575 1990 656">
    <p class='ocr_par' dir='ltr' id='par_1_6' title="bbox 393 575 1990 656">
     <span class='ocr_line' id='line_1_6' title="bbox 393 575 1990 656; baseline 0.008 -28"><span class='ocrx_word' id='word_1_46' title='bbox 393 575 650 632; x_wconf 82' lang='lat' dir='ltr'><strong>homines</strong></span> <span class='ocrx_word' id='word_1_47' title='bbox 675 579 818 632; x_wconf 86' lang='lat' dir='ltr'><strong>inter</strong></span> <span class='ocrx_word' id='word_1_48' title='bbox 841 595 900 634; x_wconf 81' lang='lat' dir='ltr'><strong>se</strong></span> <span class='ocrx_word' id='word_1_49' title='bbox 928 597 1036 635; x_wconf 88' lang='lat' dir='ltr'><strong>non</strong></span> <span class='ocrx_word' id='word_1_50' title='bbox 1069 592 1286 642; x_wconf 85' lang='lat' dir='ltr'><strong>natura,</strong></span> <span class='ocrx_word' id='word_1_51' title='bbox 1311 582 1408 638; x_wconf 90' lang='lat' dir='ltr'><strong>sed</strong></span> <span class='ocrx_word' id='word_1_52' title='bbox 1437 583 1559 637; x_wconf 86' lang='lat' dir='ltr'><strong>loco</strong></span> <span class='ocrx_word' id='word_1_53' title='bbox 1611 593 1665 638; x_wconf 90' lang='lat' dir='ltr'><strong>et</strong></span> <span class='ocrx_word' id='word_1_54' title='bbox 1722 593 1990 656; x_wconf 83' lang='lat' dir='ltr'><strong>tempore,</strong></span> 
     </span>
    </p>
   </div>
   <div class='ocr_carea' id='block_1_7' title="bbox 391 671 1991 740">
    <p class='ocr_par' dir='ltr' id='par_1_7' title="bbox 391 671 1991 740">
     <span class='ocr_line' id='line_1_7' title="bbox 391 671 1991 740; baseline 0.004 -17"><span class='ocrx_word' id='word_1_55' title='bbox 391 677 445 723; x_wconf 85' lang='lat' dir='ltr'><strong>et</strong></span> <span class='ocrx_word' id='word_1_56' title='bbox 480 682 678 734; x_wconf 85' lang='lat' dir='ltr'><strong>opere,</strong></span> <span class='ocrx_word' id='word_1_57' title='bbox 715 678 771 723; x_wconf 88' lang='lat' dir='ltr'><strong>et</strong></span> <span class='ocrx_word' id='word_1_58' title='bbox 823 671 1164 740; x_wconf 81' lang='lat' dir='ltr'><strong>Cogitatione</strong></span> <span class='ocrx_word' id='word_1_59' title='bbox 1207 673 1436 729; x_wconf 88' lang='lat' dir='ltr'><strong>distare.</strong></span> <span class='ocrx_word' id='word_1_60' title='bbox 1501 674 1800 730; x_wconf 89' lang='lat' dir='ltr'><strong>Diversitas</strong></span> <span class='ocrx_word' id='word_1_61' title='bbox 1848 677 1991 730; x_wconf 88' lang='lat' dir='ltr'><strong>enim</strong></span> 
     </span>
    </p>
   </div>
   <div class='ocr_carea' id='block_1_8' title="bbox 393 759 1996 823">
    <p class='ocr_par' dir='ltr' id='par_1_8' title="bbox 393 759 1996 823">
     <span class='ocr_line' id='line_1_8' title="bbox 393 759 1996 823; baseline 0.006 -9"><span class='ocrx_word' id='word_1_62' title='bbox 393 759 588 815; x_wconf 85' lang='lat' dir='ltr'><strong>unitati</strong></span> <span class='ocrx_word' id='word_1_63' title='bbox 616 773 878 817; x_wconf 82' lang='lat' dir='ltr'><strong>extranea</strong></span> <span class='ocrx_word' id='word_1_64' title='bbox 909 772 1014 820; x_wconf 90' lang='lat' dir='ltr'><strong>est.</strong></span> <span class='ocrx_word' id='word_1_65' title='bbox 1043 764 1234 820; x_wconf 88' lang='lat' dir='ltr'><strong>Unitas</strong></span> <span class='ocrx_word' id='word_1_66' title='bbox 1261 766 1367 820; x_wconf 88' lang='lat' dir='ltr'><strong>late</strong></span> <span class='ocrx_word' id='word_1_67' title='bbox 1413 767 1531 822; x_wconf 86' lang='lat' dir='ltr'><strong>sine</strong></span> <span class='ocrx_word' id='word_1_68' title='bbox 1559 767 1640 821; x_wconf 92' lang='lat' dir='ltr'><strong>sui</strong></span> <span class='ocrx_word' id='word_1_69' title='bbox 1673 767 1996 823; x_wconf 75' lang='lat' dir='ltr'><strong>diffunditur</strong></span> 
     </span>
    </p>
   </div>
   <div class='ocr_carea' id='block_1_9' title="bbox 393 852 1994 932">
    <p class='ocr_par' dir='ltr' id='par_1_9' title="bbox 393 852 1994 932">
     <span class='ocr_line' id='line_1_9' title="bbox 393 852 1994 932; baseline 0.006 -24"><span class='ocrx_word' id='word_1_70' title='bbox 393 852 747 910; x_wconf 86' lang='lat' dir='ltr'><strong>detrimento.</strong></span> <span class='ocrx_word' id='word_1_71' title='bbox 777 857 934 923; x_wconf 85' lang='lat' dir='ltr'><strong>Quod</strong></span> <span class='ocrx_word' id='word_1_72' title='bbox 958 858 1002 912; x_wconf 88' lang='lat' dir='ltr'><strong>si</strong></span> <span class='ocrx_word' id='word_1_73' title='bbox 1027 861 1266 914; x_wconf 93' lang='lat' dir='ltr'><strong>omnium</strong></span> <span class='ocrx_word' id='word_1_74' title='bbox 1295 860 1573 914; x_wconf 80' lang='lat' dir='ltr'><strong>hominum</strong></span> <span class='ocrx_word' id='word_1_75' title='bbox 1602 877 1764 916; x_wconf 88' lang='lat' dir='ltr'><strong>unutn</strong></span> <span class='ocrx_word' id='word_1_76' title='bbox 1796 878 1994 932; x_wconf 89' lang='lat' dir='ltr'><strong>corpus</strong></span> 
     </span>
    </p>
   </div>
   <div class='ocr_carea' id='block_1_10' title="bbox 393 950 1995 1024">
    <p class='ocr_par' dir='ltr' id='par_1_10' title="bbox 393 950 1995 1024">
     <span class='ocr_line' id='line_1_10' title="bbox 393 950 1995 1024; baseline 0.004 -21"><span class='ocrx_word' id='word_1_77' title='bbox 393 962 521 1003; x_wconf 88' lang='lat' dir='ltr'><strong>esse</strong></span> <span class='ocrx_word' id='word_1_78' title='bbox 576 950 810 1003; x_wconf 89' lang='lat' dir='ltr'><strong>rationis</strong></span> <span class='ocrx_word' id='word_1_79' title='bbox 862 950 1009 1006; x_wconf 92' lang='lat' dir='ltr'><strong>oculi</strong></span> <span class='ocrx_word' id='word_1_80' title='bbox 1065 953 1459 1022; x_wconf 88' lang='lat' dir='ltr'><strong>perviderunt,</strong></span> <span class='ocrx_word' id='word_1_81' title='bbox 1515 956 1783 1024; x_wconf 76' lang='lat' dir='ltr'><strong>sequitur,</strong></span> <span class='ocrx_word' id='word_1_82' title='bbox 1835 963 1893 1010; x_wconf 89' lang='lat' dir='ltr'><strong>ut</strong></span> <span class='ocrx_word' id='word_1_83' title='bbox 1941 956 1995 1011; x_wconf 93' lang='lat' dir='ltr'><strong>in</strong></span> 
     </span>
    </p>
   </div>
   <div class='ocr_carea' id='block_1_11' title="bbox 395 1041 1994 1118">
    <p class='ocr_par' dir='ltr' id='par_1_11' title="bbox 395 1041 1994 1118">
     <span class='ocr_line' id='line_1_11' title="bbox 395 1041 1994 1118; baseline 0.004 -20"><span class='ocrx_word' id='word_1_84' title='bbox 395 1041 636 1102; x_wconf 84' lang='lat' dir='ltr'><strong>Christo.</strong></span> <span class='ocrx_word' id='word_1_85' title='bbox 670 1044 802 1098; x_wconf 88' lang='lat' dir='ltr'><strong>etin</strong></span> <span class='ocrx_word' id='word_1_86' title='bbox 837 1043 1084 1099; x_wconf 78' lang='lat' dir='ltr'><strong>Ecclesia</strong></span> <span class='ocrx_word' id='word_1_87' title='bbox 1140 1048 1454 1102; x_wconf 81' lang='lat' dir='ltr'><strong>viventibus</strong></span> <span class='ocrx_word' id='word_1_88' title='bbox 1502 1049 1619 1118; x_wconf 84' lang='lat' dir='ltr'><strong>pari</strong></span> <span class='ocrx_word' id='word_1_89' title='bbox 1672 1059 1994 1118; x_wconf 84' lang='lat' dir='ltr'><strong>argumento</strong></span> 
     </span>
    </p>
   </div>
   <div class='ocr_carea' id='block_1_12' title="bbox 396 1133 1992 1210">
    <p class='ocr_par' dir='ltr' id='par_1_12' title="bbox 396 1133 1992 1210">
     <span class='ocr_line' id='line_1_12' title="bbox 396 1133 1992 1210; baseline 0.003 -23"><span class='ocrx_word' id='word_1_90' title='bbox 396 1149 555 1187; x_wconf 86' lang='lat' dir='ltr'><strong>unam</strong></span> <span class='ocrx_word' id='word_1_91' title='bbox 586 1133 854 1189; x_wconf 85' lang='lat' dir='ltr'><strong>beneficio</strong></span> <span class='ocrx_word' id='word_1_92' title='bbox 879 1135 1192 1205; x_wconf 82' lang='lat' dir='ltr'><strong>adoptionis</strong></span> <span class='ocrx_word' id='word_1_93' title='bbox 1220 1147 1274 1191; x_wconf 90' lang='lat' dir='ltr'><strong>et</strong></span> <span class='ocrx_word' id='word_1_94' title='bbox 1300 1138 1484 1193; x_wconf 86' lang='lat' dir='ltr'><strong>carnis</strong></span> <span class='ocrx_word' id='word_1_95' title='bbox 1509 1180 1525 1203; x_wconf 96' lang='lat'><strong>,</strong></span> <span class='ocrx_word' id='word_1_96' title='bbox 1578 1147 1634 1193; x_wconf 89' lang='lat' dir='ltr'><strong>et</strong></span> <span class='ocrx_word' id='word_1_97' title='bbox 1687 1139 1992 1210; x_wconf 81' lang='lat' dir='ltr'><strong>sanguinis,</strong></span> 
     </span>
    </p>
   </div>
   <div class='ocr_carea' id='block_1_13' title="bbox 396 1227 1993 1296">
    <p class='ocr_par' dir='ltr' id='par_1_13' title="bbox 396 1227 1993 1296">
     <span class='ocr_line' id='line_1_13' title="bbox 396 1227 1993 1296; baseline 0.004 -14"><span class='ocrx_word' id='word_1_98' title='bbox 396 1236 450 1282; x_wconf 90' lang='lat' dir='ltr'><strong>et</strong></span> <span class='ocrx_word' id='word_1_99' title='bbox 479 1227 710 1296; x_wconf 90' lang='lat' dir='ltr'><strong>spiritus</strong></span> <span class='ocrx_word' id='word_1_100' title='bbox 736 1228 1026 1283; x_wconf 88' lang='lat' dir='ltr'><strong>credamus</strong></span> <span class='ocrx_word' id='word_1_101' title='bbox 1077 1246 1201 1286; x_wconf 87' lang='lat' dir='ltr'><strong>esse</strong></span> <span class='ocrx_word' id='word_1_102' title='bbox 1227 1231 1607 1286; x_wconf 65' lang='lat' dir='ltr'><strong>substantiam.</strong></span> <span class='ocrx_word' id='word_1_103' title='bbox 1642 1233 1860 1287; x_wconf 84' lang='lat' dir='ltr'><strong>Initium</strong></span> <span class='ocrx_word' id='word_1_104' title='bbox 1889 1249 1993 1288; x_wconf 85' lang='lat' dir='ltr'><strong>no-</strong></span> 
     </span>
    </p>
   </div>
   <div class='ocr_carea' id='block_1_14' title="bbox 394 1321 1995 1390">
    <p class='ocr_par' dir='ltr' id='par_1_14' title="bbox 394 1321 1995 1390">
     <span class='ocr_line' id='line_1_14' title="bbox 394 1321 1995 1390; baseline 0.004 -15"><span class='ocrx_word' id='word_1_105' title='bbox 394 1336 475 1375; x_wconf 72' lang='lat' dir='ltr'><strong>vm</strong></span> <span class='ocrx_word' id='word_1_106' title='bbox 501 1321 634 1390; x_wconf 84' lang='lat' dir='ltr'><strong>legis</strong></span> <span class='ocrx_word' id='word_1_107' title='bbox 663 1329 749 1376; x_wconf 79' lang='lat' dir='ltr'><strong>est</strong></span> <span class='ocrx_word' id='word_1_108' title='bbox 786 1323 1196 1390; x_wconf 68' lang='lat' dir='ltr'><strong>praeteritorum</strong></span> <span class='ocrx_word' id='word_1_109' title='bbox 1227 1324 1437 1379; x_wconf 89' lang='lat' dir='ltr'><strong>ablutio</strong></span> <span class='ocrx_word' id='word_1_110' title='bbox 1491 1324 1841 1380; x_wconf 90' lang='lat' dir='ltr'><strong>delictorum.</strong></span> <span class='ocrx_word' id='word_1_111' title='bbox 1875 1325 1995 1382; x_wconf 84' lang='lat' dir='ltr'><strong>Sal-</strong></span> 
     </span>
    </p>
   </div>
   <div class='ocr_carea' id='block_1_15' title="bbox 395 1415 1994 1486">
    <p class='ocr_par' dir='ltr' id='par_1_15' title="bbox 395 1415 1994 1486">
     <span class='ocr_line' id='line_1_15' title="bbox 395 1415 1994 1486; baseline 0.005 -20"><span class='ocrx_word' id='word_1_112' title='bbox 395 1420 556 1467; x_wconf 82' lang='lat' dir='ltr'><strong>vator</strong></span> <span class='ocrx_word' id='word_1_113' title='bbox 584 1425 792 1480; x_wconf 88' lang='lat' dir='ltr'><strong>autem,</strong></span> <span class='ocrx_word' id='word_1_114' title='bbox 816 1415 1066 1484; x_wconf 81' lang='lat' dir='ltr'><strong>quamvis</strong></span> <span class='ocrx_word' id='word_1_115' title='bbox 1092 1424 1243 1470; x_wconf 89' lang='lat' dir='ltr'><strong>esset</strong></span> <span class='ocrx_word' id='word_1_116' title='bbox 1281 1417 1503 1486; x_wconf 89' lang='lat' dir='ltr'><strong>prioris,</strong></span> <span class='ocrx_word' id='word_1_117' title='bbox 1537 1425 1718 1472; x_wconf 88' lang='lat' dir='ltr'><strong>tamen</strong></span> <span class='ocrx_word' id='word_1_118' title='bbox 1751 1419 1994 1474; x_wconf 84' lang='lat' dir='ltr'><strong>melioris</strong></span> 
     </span>
    </p>
   </div>
   <div class='ocr_carea' id='block_1_16' title="bbox 396 1505 1992 1581">
    <p class='ocr_par' dir='ltr' id='par_1_16' title="bbox 396 1505 1992 1581">
     <span class='ocr_line' id='line_1_16' title="bbox 396 1505 1992 1581; baseline 0.003 -21"><span class='ocrx_word' id='word_1_119' title='bbox 396 1505 709 1561; x_wconf 73' lang='lat' dir='ltr'><strong>testamenti</strong></span> <span class='ocrx_word' id='word_1_120' title='bbox 737 1521 970 1575; x_wconf 80' lang='lat' dir='ltr'><strong>sponsor</strong></span> <span class='ocrx_word' id='word_1_121' title='bbox 998 1509 1254 1565; x_wconf 85' lang='lat' dir='ltr'><strong>accessit.</strong></span> <span class='ocrx_word' id='word_1_122' title='bbox 1299 1509 1532 1563; x_wconf 85' lang='lat' dir='ltr'><strong>Necesse</strong></span> <span class='ocrx_word' id='word_1_123' title='bbox 1563 1517 1649 1564; x_wconf 85' lang='lat' dir='ltr'><strong>est</strong></span> <span class='ocrx_word' id='word_1_124' title='bbox 1679 1525 1809 1581; x_wconf 88' lang='lat' dir='ltr'><strong>ergo</strong></span> <span class='ocrx_word' id='word_1_125' title='bbox 1837 1520 1894 1566; x_wconf 92' lang='lat' dir='ltr'><strong>ut</strong></span> <span class='ocrx_word' id='word_1_126' title='bbox 1923 1511 1992 1566; x_wconf 89' lang='lat' dir='ltr'><strong>sit</strong></span> 
     </span>
    </p>
   </div>
   <div class='ocr_carea' id='block_1_17' title="bbox 395 1599 1990 1672">
    <p class='ocr_par' dir='ltr' id='par_1_17' title="bbox 395 1599 1990 1672">
     <span class='ocr_line' id='line_1_17' title="bbox 395 1599 1990 1672; baseline 0.003 -17"><span class='ocrx_word' id='word_1_127' title='bbox 395 1600 448 1655; x_wconf 85' lang='lat' dir='ltr'><strong>in</strong></span> <span class='ocrx_word' id='word_1_128' title='bbox 479 1599 561 1656; x_wconf 88' lang='lat' dir='ltr'><strong>his</strong></span> <span class='ocrx_word' id='word_1_129' title='bbox 589 1616 696 1655; x_wconf 81' lang='lat' dir='ltr'><strong>una</strong></span> <span class='ocrx_word' id='word_1_130' title='bbox 721 1600 914 1666; x_wconf 79' lang='lat' dir='ltr'><strong>virtus,</strong></span> <span class='ocrx_word' id='word_1_131' title='bbox 952 1602 1004 1655; x_wconf 91' lang='lat' dir='ltr'><strong>in</strong></span> <span class='ocrx_word' id='word_1_132' title='bbox 1037 1602 1234 1672; x_wconf 90' lang='lat' dir='ltr'><strong>quibus</strong></span> <span class='ocrx_word' id='word_1_133' title='bbox 1259 1613 1343 1658; x_wconf 90' lang='lat' dir='ltr'><strong>est</strong></span> <span class='ocrx_word' id='word_1_134' title='bbox 1373 1614 1838 1660; x_wconf 84' lang='lat' dir='ltr'><strong>sacramentorum</strong></span> <span class='ocrx_word' id='word_1_135' title='bbox 1886 1621 1990 1660; x_wconf 89' lang='lat' dir='ltr'><strong>una</strong></span> 
     </span>
    </p>
   </div>
   <div class='ocr_carea' id='block_1_18' title="bbox 2101 397 3696 470">
    <p class='ocr_par' dir='ltr' id='par_1_18' title="bbox 2101 397 3696 470">
     <span class='ocr_line' id='line_1_18' title="bbox 2101 397 3696 470; baseline 0.001 -20"><span class='ocrx_word' id='word_1_136' title='bbox 2101 398 2270 464; x_wconf 84' lang='lat' dir='ltr'><strong>nobis,</strong></span> <span class='ocrx_word' id='word_1_137' title='bbox 2299 409 2354 451; x_wconf 90' lang='lat' dir='ltr'><strong>ut</strong></span> <span class='ocrx_word' id='word_1_138' title='bbox 2383 399 2480 452; x_wconf 85' lang='lat' dir='ltr'><strong>hoc</strong></span> <span class='ocrx_word' id='word_1_139' title='bbox 2505 397 2751 452; x_wconf 78' lang='lat' dir='ltr'><strong>swculum</strong></span> <span class='ocrx_word' id='word_1_140' title='bbox 2770 398 2971 462; x_wconf 78' lang='lat' dir='ltr'><strong>credat,</strong></span> <span class='ocrx_word' id='word_1_141' title='bbox 3019 399 3142 470; x_wconf 85' lang='lat' dir='ltr'><strong>quia</strong></span> <span class='ocrx_word' id='word_1_142' title='bbox 3165 407 3220 451; x_wconf 87' lang='lat' dir='ltr'><strong>tu</strong></span> <span class='ocrx_word' id='word_1_143' title='bbox 3247 417 3274 451; x_wconf 79' lang='grc' dir='ltr'><em>ιι</em></span> <span class='ocrx_word' id='word_1_144' title='bbox 3297 415 3325 452; x_wconf 88' lang='lat' dir='ltr'><strong>e</strong></span> <span class='ocrx_word' id='word_1_145' title='bbox 3365 399 3552 453; x_wconf 79' lang='lat' dir='ltr'><strong>misisti</strong></span> <span class='ocrx_word' id='word_1_146' title='bbox 3583 439 3598 462; x_wconf 93' lang='lat'><strong>,</strong></span> <span class='ocrx_word' id='word_1_147' title='bbox 3650 413 3696 453; x_wconf 87' lang='lat' dir='ltr'><strong>et</strong></span> 
     </span>
    </p>
   </div>
   <div class='ocr_carea' id='block_1_19' title="bbox 2099 489 3691 562">
    <p class='ocr_par' dir='ltr' id='par_1_19' title="bbox 2099 489 3691 562">
     <span class='ocr_line' id='line_1_19' title="bbox 2099 489 3691 562; baseline 0.001 -17"><span class='ocrx_word' id='word_1_148' title='bbox 2099 507 2190 562; x_wconf 86' lang='lat' dir='ltr'><strong>ego</strong></span> <span class='ocrx_word' id='word_1_149' title='bbox 2208 492 2352 544; x_wconf 83' lang='lat' dir='ltr'><strong>mitto</strong></span> <span class='ocrx_word' id='word_1_150' title='bbox 2377 507 2484 546; x_wconf 88' lang='lat' dir='ltr'><strong>eos.</strong></span> <span class='ocrx_word' id='word_1_151' title='bbox 2509 490 2813 544; x_wconf 81' lang='lat' dir='ltr'><strong>Claritatem</strong></span> <span class='ocrx_word' id='word_1_152' title='bbox 2842 507 2997 561; x_wconf 87' lang='lat' dir='ltr'><strong>quam</strong></span> <span class='ocrx_word' id='word_1_153' title='bbox 3019 489 3208 545; x_wconf 77' lang='lat' dir='ltr'><strong>dedisti</strong></span> <span class='ocrx_word' id='word_1_154' title='bbox 3248 489 3376 544; x_wconf 84' lang='lat' dir='ltr'><strong>n.ihi</strong></span> <span class='ocrx_word' id='word_1_155' title='bbox 3393 532 3407 557; x_wconf 93' lang='lat'><strong>,</strong></span> <span class='ocrx_word' id='word_1_156' title='bbox 3453 491 3574 545; x_wconf 84' lang='lat' dir='ltr'><strong>dedi</strong></span> <span class='ocrx_word' id='word_1_157' title='bbox 3596 492 3691 559; x_wconf 86' lang='lat' dir='ltr'><strong>eis,</strong></span> 
     </span>
    </p>
   </div>
   <div class='ocr_carea' id='block_1_20' title="bbox 2099 581 3702 655">
    <p class='ocr_par' dir='ltr' id='par_1_20' title="bbox 2099 581 3702 655">
     <span class='ocr_line' id='line_1_20' title="bbox 2099 581 3702 655; baseline 0.002 -20"><span class='ocrx_word' id='word_1_158' title='bbox 2099 592 2155 635; x_wconf 86' lang='lat' dir='ltr'><strong>ut</strong></span> <span class='ocrx_word' id='word_1_159' title='bbox 2179 582 2282 636; x_wconf 89' lang='lat' dir='ltr'><strong>sint</strong></span> <span class='ocrx_word' id='word_1_160' title='bbox 2308 599 2465 636; x_wconf 85' lang='lat' dir='ltr'><strong>unum</strong></span> <span class='ocrx_word' id='word_1_161' title='bbox 2492 583 2628 636; x_wconf 80' lang='lat' dir='ltr'><strong>sicut</strong></span> <span class='ocrx_word' id='word_1_162' title='bbox 2652 599 2743 637; x_wconf 85' lang='lat' dir='ltr'><strong>nos</strong></span> <span class='ocrx_word' id='word_1_163' title='bbox 2766 599 2930 637; x_wconf 87' lang='lat' dir='ltr'><strong>unum</strong></span> <span class='ocrx_word' id='word_1_164' title='bbox 2953 599 3150 638; x_wconf 85' lang='lat' dir='ltr'><strong>sumus.</strong></span> <span class='ocrx_word' id='word_1_165' title='bbox 3183 581 3297 655; x_wconf 86' lang='lat' dir='ltr'><strong>Ego</strong></span> <span class='ocrx_word' id='word_1_166' title='bbox 3318 584 3372 637; x_wconf 84' lang='lat' dir='ltr'><strong>in</strong></span> <span class='ocrx_word' id='word_1_167' title='bbox 3416 584 3550 648; x_wconf 88' lang='lat' dir='ltr'><strong>illis,</strong></span> <span class='ocrx_word' id='word_1_168' title='bbox 3574 595 3619 643; x_wconf 87' lang='lat' dir='ltr'><strong>et</strong></span> <span class='ocrx_word' id='word_1_169' title='bbox 3643 592 3702 639; x_wconf 81' lang='lat' dir='ltr'><strong>tu</strong></span> 
     </span>
    </p>
   </div>
   <div class='ocr_carea' id='block_1_21' title="bbox 2098 673 3701 746">
    <p class='ocr_par' dir='ltr' id='par_1_21' title="bbox 2098 673 3701 746">
     <span class='ocr_line' id='line_1_21' title="bbox 2098 673 3701 746; baseline 0.003 -21"><span class='ocrx_word' id='word_1_170' title='bbox 2098 673 2151 727; x_wconf 89' lang='lat' dir='ltr'><strong>in</strong></span> <span class='ocrx_word' id='word_1_171' title='bbox 2186 689 2284 740; x_wconf 86' lang='lat' dir='ltr'><strong>me,</strong></span> <span class='ocrx_word' id='word_1_172' title='bbox 2316 686 2369 727; x_wconf 87' lang='lat' dir='ltr'><strong>ut</strong></span> <span class='ocrx_word' id='word_1_173' title='bbox 2388 676 2490 728; x_wconf 85' lang='lat' dir='ltr'><strong>sint</strong></span> <span class='ocrx_word' id='word_1_174' title='bbox 2517 675 2860 728; x_wconf 82' lang='lat' dir='ltr'><strong>consummati</strong></span> <span class='ocrx_word' id='word_1_175' title='bbox 2889 676 2940 728; x_wconf 88' lang='lat' dir='ltr'><strong>in</strong></span> <span class='ocrx_word' id='word_1_176' title='bbox 2985 691 3170 740; x_wconf 89' lang='lat' dir='ltr'><strong>unum,</strong></span> <span class='ocrx_word' id='word_1_177' title='bbox 3197 684 3256 728; x_wconf 88' lang='lat' dir='ltr'><strong>ut</strong></span> <span class='ocrx_word' id='word_1_178' title='bbox 3286 685 3562 746; x_wconf 85' lang='lat' dir='ltr'><strong>cognoscat</strong></span> <span class='ocrx_word' id='word_1_179' title='bbox 3600 690 3701 730; x_wconf 82' lang='lat' dir='ltr'><strong>sa:-</strong></span> 
     </span>
    </p>
   </div>
   <div class='ocr_carea' id='block_1_22' title="bbox 2099 768 3697 838">
    <p class='ocr_par' dir='ltr' id='par_1_22' title="bbox 2099 768 3697 838">
     <span class='ocr_line' id='line_1_22' title="bbox 2099 768 3697 838; baseline 0.003 -18"><span class='ocrx_word' id='word_1_180' title='bbox 2099 768 2442 838; x_wconf 77' lang='lat' dir='ltr'><strong>culu.-n,qnia</strong></span> <span class='ocrx_word' id='word_1_181' title='bbox 2468 777 2523 821; x_wconf 87' lang='lat' dir='ltr'><strong>tu</strong></span> <span class='ocrx_word' id='word_1_182' title='bbox 2565 783 2646 822; x_wconf 89' lang='lat' dir='ltr'><strong>me</strong></span> <span class='ocrx_word' id='word_1_183' title='bbox 2675 768 2866 822; x_wconf 84' lang='lat' dir='ltr'><strong>misisti</strong></span> <span class='ocrx_word' id='word_1_184' title='bbox 2914 778 2962 822; x_wconf 82' lang='lat' dir='ltr'><strong>et</strong></span> <span class='ocrx_word' id='word_1_185' title='bbox 3007 769 3239 824; x_wconf 72' lang='lat' dir='ltr'><strong>dilexisti</strong></span> <span class='ocrx_word' id='word_1_186' title='bbox 3279 769 3420 835; x_wconf 90' lang='lat' dir='ltr'><strong>illos,</strong></span> <span class='ocrx_word' id='word_1_187' title='bbox 3461 770 3593 824; x_wconf 86' lang='lat' dir='ltr'><strong>sicut</strong></span> <span class='ocrx_word' id='word_1_188' title='bbox 3617 784 3697 825; x_wconf 84' lang='lat' dir='ltr'><strong>me</strong></span> 
     </span>
    </p>
   </div>
   <div class='ocr_carea' id='block_1_23' title="bbox 2099 858 3684 932">
    <p class='ocr_par' dir='ltr' id='par_1_23' title="bbox 2099 858 3684 932">
     <span class='ocr_line' id='line_1_23' title="bbox 2099 858 3684 932; baseline 0.004 -21"><span class='ocrx_word' id='word_1_189' title='bbox 2099 859 2351 913; x_wconf 76' lang='lat' dir='ltr'><strong>dilexisti.</strong></span> <span class='ocrx_word' id='word_1_190' title='bbox 2380 858 2609 928; x_wconf 79' lang='lat' dir='ltr'><strong>Rapitur</strong></span> <span class='ocrx_word' id='word_1_191' title='bbox 2639 860 2782 915; x_wconf 88' lang='lat' dir='ltr'><strong>enim</strong></span> <span class='ocrx_word' id='word_1_192' title='bbox 2810 874 2841 914; x_wconf 93' lang='lat' dir='ltr'><strong>a</strong></span> <span class='ocrx_word' id='word_1_193' title='bbox 2867 859 3044 931; x_wconf 80' lang='lat' dir='ltr'><strong>dignis</strong></span> <span class='ocrx_word' id='word_1_194' title='bbox 3075 860 3364 932; x_wconf 90' lang='lat' dir='ltr'><strong>imperium</strong></span> <span class='ocrx_word' id='word_1_195' title='bbox 3417 861 3684 931; x_wconf 88' lang='lat' dir='ltr'><strong>salutare,</strong></span> 
     </span>
    </p>
   </div>
   <div class='ocr_carea' id='block_1_24' title="bbox 2099 949 3476 1024">
    <p class='ocr_par' dir='ltr' id='par_1_24' title="bbox 2099 949 3476 1024">
     <span class='ocr_line' id='line_1_24' title="bbox 2099 949 3476 1024; baseline 0.004 -23"><span class='ocrx_word' id='word_1_196' title='bbox 2099 949 2350 1020; x_wconf 78' lang='lat' dir='ltr'><strong>quisquis</strong></span> <span class='ocrx_word' id='word_1_197' title='bbox 2373 951 2632 1006; x_wconf 81' lang='lat' dir='ltr'><strong>extulerit</strong></span> <span class='ocrx_word' id='word_1_198' title='bbox 2656 965 2826 1006; x_wconf 71' lang='lat' dir='ltr'><strong>sacra:</strong></span> <span class='ocrx_word' id='word_1_199' title='bbox 2849 951 3214 1008; x_wconf 81' lang='lat' dir='ltr'><strong>confessionis</strong></span> <span class='ocrx_word' id='word_1_200' title='bbox 3242 953 3476 1024; x_wconf 78' lang='lat' dir='ltr'><strong>insigne.</strong></span> 
     </span>
    </p>
   </div>
   <div class='ocr_carea' id='block_1_25' title="bbox 2169 1041 3692 1118">
    <p class='ocr_par' dir='ltr' id='par_1_25' title="bbox 2169 1041 3692 1118">
     <span class='ocr_line' id='line_1_25' title="bbox 2169 1041 3692 1118; baseline 0.004 -21"><span class='ocrx_word' id='word_1_201' title='bbox 2169 1041 2306 1097; x_wconf 80' lang='lat' dir='ltr'><strong>Vill.</strong></span> <span class='ocrx_word' id='word_1_202' title='bbox 2336 1043 2454 1097; x_wconf 85' lang='lat' dir='ltr'><strong>Alia</strong></span> <span class='ocrx_word' id='word_1_203' title='bbox 2488 1057 2572 1098; x_wconf 84' lang='lat' dir='ltr'><strong>cst</strong></span> <span class='ocrx_word' id='word_1_204' title='bbox 2599 1084 2614 1110; x_wconf 94' lang='lat'><strong>,</strong></span> <span class='ocrx_word' id='word_1_205' title='bbox 2673 1044 3017 1100; x_wconf 85' lang='lat' dir='ltr'><strong>dilectissimi</strong></span> <span class='ocrx_word' id='word_1_206' title='bbox 3045 1087 3060 1112; x_wconf 97' lang='lat'><strong>,</strong></span> <span class='ocrx_word' id='word_1_207' title='bbox 3101 1044 3487 1102; x_wconf 88' lang='lat' dir='ltr'><strong>immortalitas</strong></span> <span class='ocrx_word' id='word_1_208' title='bbox 3518 1087 3532 1112; x_wconf 92' lang='lat'><strong>,</strong></span> <span class='ocrx_word' id='word_1_209' title='bbox 3565 1061 3692 1118; x_wconf 77' lang='lat' dir='ltr'><strong>qua:</strong></span> 
     </span>
    </p>
   </div>
   <div class='ocr_carea' id='block_1_26' title="bbox 2102 1133 3696 1209">
    <p class='ocr_par' dir='ltr' id='par_1_26' title="bbox 2102 1133 3696 1209">
     <span class='ocr_line' id='line_1_26' title="bbox 2102 1133 3696 1209; baseline 0.004 -21"><span class='ocrx_word' id='word_1_210' title='bbox 2102 1133 2221 1189; x_wconf 87' lang='lat' dir='ltr'><strong>sine</strong></span> <span class='ocrx_word' id='word_1_211' title='bbox 2285 1136 2651 1204; x_wconf 86' lang='lat' dir='ltr'><strong>conceptione</strong></span> <span class='ocrx_word' id='word_1_212' title='bbox 2718 1135 3034 1206; x_wconf 80' lang='lat' dir='ltr'><strong>fragilitatis</strong></span> <span class='ocrx_word' id='word_1_213' title='bbox 3079 1177 3094 1202; x_wconf 92' lang='lat'><strong>,</strong></span> <span class='ocrx_word' id='word_1_214' title='bbox 3179 1149 3261 1192; x_wconf 88' lang='lat' dir='ltr'><strong>est</strong></span> <span class='ocrx_word' id='word_1_215' title='bbox 3335 1139 3696 1209; x_wconf 87' lang='lat' dir='ltr'><strong>sempiterna.</strong></span> 
     </span>
    </p>
   </div>
   <div class='ocr_carea' id='block_1_27' title="bbox 2097 1223 3698 1300">
    <p class='ocr_par' dir='ltr' id='par_1_27' title="bbox 2097 1223 3698 1300">
     <span class='ocr_line' id='line_1_27' title="bbox 2097 1223 3698 1300; baseline 0.004 -20"><span class='ocrx_word' id='word_1_216' title='bbox 2097 1223 2256 1292; x_wconf 82' lang='lat' dir='ltr'><strong>Alia,</strong></span> <span class='ocrx_word' id='word_1_217' title='bbox 2308 1243 2426 1297; x_wconf 80' lang='lat' dir='ltr'><strong>qua:</strong></span> <span class='ocrx_word' id='word_1_218' title='bbox 2479 1227 2733 1296; x_wconf 87' lang='lat' dir='ltr'><strong>largitate</strong></span> <span class='ocrx_word' id='word_1_219' title='bbox 2777 1227 3123 1284; x_wconf 85' lang='lat' dir='ltr'><strong>conceditur.</strong></span> <span class='ocrx_word' id='word_1_220' title='bbox 3157 1228 3266 1283; x_wconf 89' lang='lat' dir='ltr'><strong>Nos</strong></span> <span class='ocrx_word' id='word_1_221' title='bbox 3313 1239 3496 1285; x_wconf 89' lang='lat' dir='ltr'><strong>autem</strong></span> <span class='ocrx_word' id='word_1_222' title='bbox 3549 1229 3698 1300; x_wconf 84' lang='lat' dir='ltr'><strong>Apo-</strong></span> 
     </span>
    </p>
   </div>
   <div class='ocr_carea' id='block_1_28' title="bbox 2096 1317 3686 1390">
    <p class='ocr_par' dir='ltr' id='par_1_28' title="bbox 2096 1317 3686 1390">
     <span class='ocr_line' id='line_1_28' title="bbox 2096 1317 3686 1390; baseline 0.005 -20"><span class='ocrx_word' id='word_1_223' title='bbox 2096 1317 2303 1383; x_wconf 88' lang='lat' dir='ltr'><strong>stolis,</strong></span> <span class='ocrx_word' id='word_1_224' title='bbox 2383 1328 2439 1372; x_wconf 90' lang='lat' dir='ltr'><strong>et</strong></span> <span class='ocrx_word' id='word_1_225' title='bbox 2499 1317 2828 1390; x_wconf 84' lang='lat' dir='ltr'><strong>Martyribus</strong></span> <span class='ocrx_word' id='word_1_226' title='bbox 2897 1319 3150 1374; x_wconf 92' lang='lat' dir='ltr'><strong>donatam</strong></span> <span class='ocrx_word' id='word_1_227' title='bbox 3216 1321 3686 1378; x_wconf 85' lang='lat' dir='ltr'><strong>immortalitatem</strong></span> 
     </span>
    </p>
   </div>
   <div class='ocr_carea' id='block_1_29' title="bbox 2097 1413 3694 1482">
    <p class='ocr_par' dir='ltr' id='par_1_29' title="bbox 2097 1413 3694 1482">
     <span class='ocr_line' id='line_1_29' title="bbox 2097 1413 3694 1482; baseline 0.006 -19"><span class='ocrx_word' id='word_1_228' title='bbox 2097 1425 2294 1479; x_wconf 72' lang='lat' dir='ltr'><strong>negare</strong></span> <span class='ocrx_word' id='word_1_229' title='bbox 2354 1427 2460 1465; x_wconf 90' lang='lat' dir='ltr'><strong>non</strong></span> <span class='ocrx_word' id='word_1_230' title='bbox 2512 1426 2822 1480; x_wconf 88' lang='lat' dir='ltr'><strong>possumus.</strong></span> <span class='ocrx_word' id='word_1_231' title='bbox 2869 1413 2978 1468; x_wconf 90' lang='lat' dir='ltr'><strong>Sed</strong></span> <span class='ocrx_word' id='word_1_232' title='bbox 3006 1413 3139 1468; x_wconf 88' lang='lat' dir='ltr'><strong>illud</strong></span> <span class='ocrx_word' id='word_1_233' title='bbox 3184 1415 3517 1470; x_wconf 89' lang='lat' dir='ltr'><strong>assumimus</strong></span> <span class='ocrx_word' id='word_1_234' title='bbox 3569 1425 3694 1482; x_wconf 85' lang='lat' dir='ltr'><strong>post</strong></span> 
     </span>
    </p>
   </div>
   <div class='ocr_carea' id='block_1_30' title="bbox 2096 1502 3692 1590">
    <p class='ocr_par' dir='ltr' id='par_1_30' title="bbox 2096 1502 3692 1590">
     <span class='ocr_line' id='line_1_30' title="bbox 2096 1502 3692 1590; baseline 0.005 -35"><span class='ocrx_word' id='word_1_235' title='bbox 2096 1502 2370 1571; x_wconf 88' lang='lat' dir='ltr'><strong>indeptam</strong></span> <span class='ocrx_word' id='word_1_236' title='bbox 2405 1502 2770 1569; x_wconf 80' lang='lat' dir='ltr'><strong>divinitatem,</strong></span> <span class='ocrx_word' id='word_1_237' title='bbox 2812 1504 2970 1590; x_wconf 59' lang='lat' dir='ltr'><strong>nihilc</strong></span> <span class='ocrx_word' id='word_1_238' title='bbox 2998 1521 3137 1574; x_wconf 80' lang='lat' dir='ltr'><strong>esse,</strong></span> <span class='ocrx_word' id='word_1_239' title='bbox 3182 1507 3326 1577; x_wconf 87' lang='lat' dir='ltr'><strong>quod</strong></span> <span class='ocrx_word' id='word_1_240' title='bbox 3368 1507 3692 1563; x_wconf 89' lang='lat' dir='ltr'><strong>Trinitatem</strong></span> 
     </span>
    </p>
   </div>
   <div class='ocr_carea' id='block_1_31' title="bbox 2097 1594 3695 1667">
    <p class='ocr_par' dir='ltr' id='par_1_31' title="bbox 2097 1594 3695 1667">
     <span class='ocr_line' id='line_1_31' title="bbox 2097 1594 3695 1667; baseline 0.008 -23"><span class='ocrx_word' id='word_1_241' title='bbox 2097 1608 2124 1644; x_wconf 88' lang='lat' dir='ltr'><strong>a</strong></span> <span class='ocrx_word' id='word_1_242' title='bbox 2157 1604 2468 1647; x_wconf 88' lang='lat' dir='ltr'><strong>sanctorum</strong></span> <span class='ocrx_word' id='word_1_243' title='bbox 2519 1594 2799 1651; x_wconf 85' lang='lat' dir='ltr'><strong>oblatione</strong></span> <span class='ocrx_word' id='word_1_244' title='bbox 2843 1605 3124 1662; x_wconf 88' lang='lat' dir='ltr'><strong>secernat;</strong></span> <span class='ocrx_word' id='word_1_245' title='bbox 3156 1597 3413 1667; x_wconf 90' lang='lat' dir='ltr'><strong>quoniam</strong></span> <span class='ocrx_word' id='word_1_246' title='bbox 3455 1598 3567 1667; x_wconf 85' lang='lat' dir='ltr'><strong>ipsa</strong></span> <span class='ocrx_word' id='word_1_247' title='bbox 3597 1613 3695 1656; x_wconf 86' lang='lat' dir='ltr'><strong>eos</strong></span> 
     </span>
    </p>
   </div>
   <div class='ocr_carea' id='block_1_32' title="bbox 393 1685 3692 1767">
    <p class='ocr_par' dir='ltr' id='par_1_32' title="bbox 393 1685 3692 1767">
     <span class='ocr_line' id='line_1_32' title="bbox 393 1685 3692 1767; baseline 0.005 -37"><span class='ocrx_word' id='word_1_248' title='bbox 393 1694 680 1766; x_wconf 56' lang='grc' dir='ltr'><strong>νοτε-ερατ),</strong></span> <span class='ocrx_word' id='word_1_249' title='bbox 735 1696 822 1750; x_wconf 53' lang='lat' dir='ltr'><strong>Ait</strong></span> <span class='ocrx_word' id='word_1_250' title='bbox 876 1689 1022 1750; x_wconf 53' lang='lat' dir='ltr'><strong>duim</strong></span> <span class='ocrx_word' id='word_1_251' title='bbox 1070 1697 1364 1766; x_wconf 61' lang='lat' dir='ltr'><strong>Almsuqus</strong></span> <span class='ocrx_word' id='word_1_252' title='bbox 1423 1713 1437 1750; x_wconf 66' lang='grc' dir='ltr'>ε</span> <span class='ocrx_word' id='word_1_253' title='bbox 1487 1697 1593 1751; x_wconf 55' lang='lat' dir='ltr'><strong>Vos</strong></span> <span class='ocrx_word' id='word_1_254' title='bbox 1635 1700 1756 1752; x_wconf 68' lang='grc' dir='ltr'><strong>εδιίε</strong></span> <span class='ocrx_word' id='word_1_255' title='bbox 1800 1714 1988 1767; x_wconf 54' lang='lat' dir='ltr'><strong>corpus</strong></span> <span class='ocrx_word' id='word_1_256' title='bbox 2021 1699 2067 1758; x_wconf 83' lang='lat' dir='ltr'><strong>B</strong></span> <span class='ocrx_word' id='word_1_257' title='bbox 2095 1687 2302 1739; x_wconf 88' lang='lat' dir='ltr'><strong>veritas</strong></span> <span class='ocrx_word' id='word_1_258' title='bbox 2327 1685 2500 1741; x_wconf 90' lang='lat' dir='ltr'><strong>edidit</strong></span> <span class='ocrx_word' id='word_1_259' title='bbox 2521 1686 2828 1742; x_wconf 85' lang='lat' dir='ltr'><strong>Trinitatis.</strong></span> <span class='ocrx_word' id='word_1_260' title='bbox 2859 1686 3082 1743; x_wconf 87' lang='lat' dir='ltr'><strong>Plenam</strong></span> <span class='ocrx_word' id='word_1_261' title='bbox 3111 1689 3257 1743; x_wconf 89' lang='lat' dir='ltr'><strong>enitn</strong></span> <span class='ocrx_word' id='word_1_262' title='bbox 3286 1688 3692 1760; x_wconf 83' lang='lat' dir='ltr'><strong>perfectamque</strong></span> 
     </span>
    </p>
   </div>
   <div class='ocr_carea' id='block_1_33' title="bbox 394 1783 1982 1859">
    <p class='ocr_par' dir='ltr' id='par_1_33' title="bbox 394 1783 1982 1859">
     <span class='ocr_line' id='line_1_33' title="bbox 394 1783 1982 1859; baseline 0.001 -17"><span class='ocrx_word' id='word_1_263' title='bbox 394 1783 612 1852; x_wconf 79' lang='lat' dir='ltr'><strong>Christi,</strong></span> <span class='ocrx_word' id='word_1_264' title='bbox 636 1795 687 1840; x_wconf 84' lang='lat' dir='ltr'><strong>et</strong></span> <span class='ocrx_word' id='word_1_265' title='bbox 715 1787 963 1853; x_wconf 88' lang='lat' dir='ltr'><strong>membra,</strong></span> <span class='ocrx_word' id='word_1_266' title='bbox 989 1797 1035 1842; x_wconf 88' lang='lat' dir='ltr'><strong>et</strong></span> <span class='ocrx_word' id='word_1_267' title='bbox 1065 1788 1293 1859; x_wconf 82' lang='lat' dir='ltr'><strong>Spiritus</strong></span> <span class='ocrx_word' id='word_1_268' title='bbox 1335 1789 1432 1842; x_wconf 89' lang='lat' dir='ltr'><strong>Dei</strong></span> <span class='ocrx_word' id='word_1_269' title='bbox 1482 1791 1679 1844; x_wconf 83' lang='lat' dir='ltr'><strong>habitat</strong></span> <span class='ocrx_word' id='word_1_270' title='bbox 1729 1791 1781 1843; x_wconf 90' lang='lat' dir='ltr'><strong>in</strong></span> <span class='ocrx_word' id='word_1_271' title='bbox 1823 1791 1982 1844; x_wconf 82' lang='lat' dir='ltr'><strong>uobis.</strong></span> 
     </span>
    </p>
   </div>
   <div class='ocr_carea' id='block_1_34' title="bbox 390 1876 1987 1951">
    <p class='ocr_par' dir='ltr' id='par_1_34' title="bbox 390 1876 1987 1951">
     <span class='ocr_line' id='line_1_34' title="bbox 390 1876 1987 1951; baseline 0.004 -21"><span class='ocrx_word' id='word_1_272' title='bbox 390 1876 522 1934; x_wconf 89' lang='lat' dir='ltr'><strong>Cum</strong></span> <span class='ocrx_word' id='word_1_273' title='bbox 557 1880 720 1947; x_wconf 80' lang='lat' dir='ltr'><strong>igitur</strong></span> <span class='ocrx_word' id='word_1_274' title='bbox 746 1879 1037 1947; x_wconf 88' lang='lat' dir='ltr'><strong>Scriptura</strong></span> <span class='ocrx_word' id='word_1_275' title='bbox 1065 1881 1300 1936; x_wconf 85' lang='lat' dir='ltr'><strong>docente</strong></span> <span class='ocrx_word' id='word_1_276' title='bbox 1330 1881 1613 1939; x_wconf 78' lang='lat' dir='ltr'><strong>firmentur</strong></span> <span class='ocrx_word' id='word_1_277' title='bbox 1636 1881 1987 1951; x_wconf 80' lang='lat' dir='ltr'><strong>B-tptisntatis</strong></span> 
     </span>
    </p>
   </div>
   <div class='ocr_carea' id='block_1_35' title="bbox 389 1969 1988 2042">
    <p class='ocr_par' dir='ltr' id='par_1_35' title="bbox 389 1969 1988 2042">
     <span class='ocr_line' id='line_1_35' title="bbox 389 1969 1988 2042; baseline 0.003 -19"><span class='ocrx_word' id='word_1_278' title='bbox 389 1979 739 2024; x_wconf 85' lang='lat' dir='ltr'><strong>sacramento</strong></span> <span class='ocrx_word' id='word_1_279' title='bbox 761 1969 951 2023; x_wconf 87' lang='lat' dir='ltr'><strong>divino</strong></span> <span class='ocrx_word' id='word_1_280' title='bbox 977 1986 1076 2026; x_wconf 89' lang='lat' dir='ltr'><strong>nos</strong></span> <span class='ocrx_word' id='word_1_281' title='bbox 1100 1971 1316 2040; x_wconf 80' lang='lat' dir='ltr'><strong>spiritui</strong></span> <span class='ocrx_word' id='word_1_282' title='bbox 1363 1987 1528 2042; x_wconf 87' lang='lat' dir='ltr'><strong>posse</strong></span> <span class='ocrx_word' id='word_1_283' title='bbox 1581 1971 1862 2041; x_wconf 84' lang='lat' dir='ltr'><strong>conjungi,</strong></span> <span class='ocrx_word' id='word_1_284' title='bbox 1892 1987 1988 2027; x_wconf 88' lang='lat' dir='ltr'><strong>ca-</strong></span> 
     </span>
    </p>
   </div>
   <div class='ocr_carea' id='block_1_36' title="bbox 389 2061 1984 2132">
    <p class='ocr_par' dir='ltr' id='par_1_36' title="bbox 389 2061 1984 2132">
     <span class='ocr_line' id='line_1_36' title="bbox 389 2061 1984 2132; baseline 0 -14"><span class='ocrx_word' id='word_1_285' title='bbox 389 2061 622 2132; x_wconf 77' lang='lat' dir='ltr'><strong>dentque</strong></span> <span class='ocrx_word' id='word_1_286' title='bbox 650 2063 868 2116; x_wconf 91' lang='lat' dir='ltr'><strong>ratione</strong></span> <span class='ocrx_word' id='word_1_287' title='bbox 900 2062 1146 2116; x_wconf 69' lang='lat' dir='ltr'><strong>dit-amns</strong></span> <span class='ocrx_word' id='word_1_288' title='bbox 1173 2063 1337 2118; x_wconf 87' lang='lat' dir='ltr'><strong>etiam</strong></span> <span class='ocrx_word' id='word_1_289' title='bbox 1362 2076 1591 2131; x_wconf 87' lang='lat' dir='ltr'><strong>corpora</strong></span> <span class='ocrx_word' id='word_1_290' title='bbox 1621 2075 1811 2118; x_wconf 87' lang='lat' dir='ltr'><strong>nostra</strong></span> <span class='ocrx_word' id='word_1_291' title='bbox 1861 2078 1984 2118; x_wconf 90' lang='lat' dir='ltr'><strong>cum</strong></span> 
     </span>
    </p>
   </div>
   <div class='ocr_carea' id='block_1_37' title="bbox 388 2156 1985 2227">
    <p class='ocr_par' dir='ltr' id='par_1_37' title="bbox 388 2156 1985 2227">
     <span class='ocr_line' id='line_1_37' title="bbox 388 2156 1985 2227; baseline -0.001 -13"><span class='ocrx_word' id='word_1_292' title='bbox 388 2157 653 2214; x_wconf 87' lang='lat' dir='ltr'><strong>membris</strong></span> <span class='ocrx_word' id='word_1_293' title='bbox 719 2157 814 2211; x_wconf 86' lang='lat' dir='ltr'><strong>ﬁlii</strong></span> <span class='ocrx_word' id='word_1_294' title='bbox 872 2157 1087 2227; x_wconf 87' lang='lat' dir='ltr'><strong>glutino</strong></span> <span class='ocrx_word' id='word_1_295' title='bbox 1147 2156 1548 2226; x_wconf 86' lang='lat' dir='ltr'><strong>perseverantis</strong></span> <span class='ocrx_word' id='word_1_296' title='bbox 1621 2156 1985 2212; x_wconf 84' lang='lat' dir='ltr'><strong>confessionis</strong></span> 
     </span>
    </p>
   </div>
   <div class='ocr_carea' id='block_1_38' title="bbox 385 2249 1987 2320">
    <p class='ocr_par' dir='ltr' id='par_1_38' title="bbox 385 2249 1987 2320">
     <span class='ocr_line' id='line_1_38' title="bbox 385 2249 1987 2320; baseline -0.001 -16"><span class='ocrx_word' id='word_1_297' title='bbox 385 2251 638 2320; x_wconf 83' lang='lat' dir='ltr'><strong>astringi,</strong></span> <span class='ocrx_word' id='word_1_298' title='bbox 687 2250 933 2319; x_wconf 87' lang='lat' dir='ltr'><strong>nihilque</strong></span> <span class='ocrx_word' id='word_1_299' title='bbox 964 2249 1164 2304; x_wconf 89' lang='lat' dir='ltr'><strong>unitati</strong></span> <span class='ocrx_word' id='word_1_300' title='bbox 1214 2251 1392 2319; x_wconf 68' lang='lat' dir='ltr'><strong>perire</strong></span> <span class='ocrx_word' id='word_1_301' title='bbox 1424 2264 1521 2318; x_wconf 87' lang='lat' dir='ltr'><strong>per</strong></span> <span class='ocrx_word' id='word_1_302' title='bbox 1549 2250 1814 2320; x_wconf 83' lang='lat' dir='ltr'><strong>gratiam,</strong></span> <span class='ocrx_word' id='word_1_303' title='bbox 1865 2265 1987 2318; x_wconf 77' lang='lat' dir='ltr'><strong>qua:</strong></span> 
     </span>
    </p>
   </div>
   <div class='ocr_carea' id='block_1_39' title="bbox 389 2341 1985 2412">
    <p class='ocr_par' dir='ltr' id='par_1_39' title="bbox 389 2341 1985 2412">
     <span class='ocr_line' id='line_1_39' title="bbox 389 2341 1985 2412; baseline -0.003 -10"><span class='ocrx_word' id='word_1_304' title='bbox 389 2343 660 2402; x_wconf 86' lang='lat' dir='ltr'><strong>dubitatio</strong></span> <span class='ocrx_word' id='word_1_305' title='bbox 686 2352 789 2408; x_wconf 87' lang='lat' dir='ltr'><strong>est,</strong></span> <span class='ocrx_word' id='word_1_306' title='bbox 824 2341 988 2398; x_wconf 88' lang='lat' dir='ltr'><strong>etiam</strong></span> <span class='ocrx_word' id='word_1_307' title='bbox 1023 2341 1316 2411; x_wconf 81' lang='lat' dir='ltr'><strong>Apostolos</strong></span> <span class='ocrx_word' id='word_1_308' title='bbox 1344 2343 1721 2412; x_wconf 76' lang='lat' dir='ltr'><strong>Martyresque</strong></span> <span class='ocrx_word' id='word_1_309' title='bbox 1767 2353 1985 2397; x_wconf 72' lang='lat' dir='ltr'><strong>nosnos</strong></span> 
     </span>
    </p>
   </div>
   <div class='ocr_carea' id='block_1_40' title="bbox 387 2417 1988 2510">
    <p class='ocr_par' dir='ltr' id='par_1_40' title="bbox 387 2417 1988 2510">
     <span class='ocr_line' id='line_1_40' title="bbox 387 2417 1988 2510; baseline -0.003 -16"><span class='ocrx_word' id='word_1_310' title='bbox 387 2439 689 2510; x_wconf 81' lang='lat' dir='ltr'><strong>perfectam</strong></span> <span class='ocrx_word' id='word_1_311' title='bbox 750 2417 1168 2506; x_wconf 79' lang='lat' dir='ltr'><strong>absolutamque</strong></span> <span class='ocrx_word' id='word_1_312' title='bbox 1247 2435 1518 2491; x_wconf 90' lang='lat' dir='ltr'><strong>meruisse</strong></span> <span class='ocrx_word' id='word_1_313' title='bbox 1589 2435 1988 2490; x_wconf 87' lang='lat' dir='ltr'><strong>concordiam?</strong></span> 
     </span>
    </p>
   </div>
   <div class='ocr_carea' id='block_1_41' title="bbox 385 2528 1980 2602">
    <p class='ocr_par' dir='ltr' id='par_1_41' title="bbox 385 2528 1980 2602">
     <span class='ocr_line' id='line_1_41' title="bbox 385 2528 1980 2602; baseline -0.005 -12"><span class='ocrx_word' id='word_1_314' title='bbox 385 2532 518 2590; x_wconf 90' lang='lat' dir='ltr'><strong>Cum</strong></span> <span class='ocrx_word' id='word_1_315' title='bbox 553 2533 700 2588; x_wconf 88' lang='lat' dir='ltr'><strong>enim</strong></span> <span class='ocrx_word' id='word_1_316' title='bbox 730 2530 952 2602; x_wconf 75' lang='lat' dir='ltr'><strong>spiritus</strong></span> <span class='ocrx_word' id='word_1_317' title='bbox 985 2531 1079 2584; x_wconf 89' lang='lat' dir='ltr'><strong>Dei</strong></span> <span class='ocrx_word' id='word_1_318' title='bbox 1110 2531 1201 2593; x_wconf 83' lang='lat' dir='ltr'><strong>sit,</strong></span> <span class='ocrx_word' id='word_1_319' title='bbox 1237 2539 1293 2584; x_wconf 88' lang='lat' dir='ltr'><strong>et</strong></span> <span class='ocrx_word' id='word_1_320' title='bbox 1335 2529 1481 2584; x_wconf 88' lang='lat' dir='ltr'><strong>Deus</strong></span> <span class='ocrx_word' id='word_1_321' title='bbox 1513 2528 1660 2583; x_wconf 90' lang='lat' dir='ltr'><strong>filius</strong></span> <span class='ocrx_word' id='word_1_322' title='bbox 1704 2528 1980 2596; x_wconf 88' lang='lat' dir='ltr'><strong>Christus,</strong></span> 
     </span>
    </p>
   </div>
   <div class='ocr_carea' id='block_1_42' title="bbox 383 2621 1982 2699">
    <p class='ocr_par' dir='ltr' id='par_1_42' title="bbox 383 2621 1982 2699">
     <span class='ocr_line' id='line_1_42' title="bbox 383 2621 1982 2699; baseline -0.001 -22"><span class='ocrx_word' id='word_1_323' title='bbox 383 2627 476 2699; x_wconf 87' lang='lat' dir='ltr'><strong>qui</strong></span> <span class='ocrx_word' id='word_1_324' title='bbox 507 2625 758 2694; x_wconf 75' lang='lat' dir='ltr'><strong>tequabili</strong></span> <span class='ocrx_word' id='word_1_325' title='bbox 787 2631 1060 2694; x_wconf 85' lang='lat' dir='ltr'><strong>putestate</strong></span> <span class='ocrx_word' id='word_1_326' title='bbox 1082 2622 1396 2692; x_wconf 90' lang='lat' dir='ltr'><strong>opinionem</strong></span> <span class='ocrx_word' id='word_1_327' title='bbox 1457 2622 1739 2692; x_wconf 66' lang='lat' dir='ltr'><strong>injuriosat</strong></span> <span class='ocrx_word' id='word_1_328' title='bbox 1798 2621 1982 2691; x_wconf 86' lang='lat' dir='ltr'><strong>subje-</strong></span> 
     </span>
    </p>
   </div>
   <div class='ocr_carea' id='block_1_43' title="bbox 384 2715 1984 2790">
    <p class='ocr_par' dir='ltr' id='par_1_43' title="bbox 384 2715 1984 2790">
     <span class='ocr_line' id='line_1_43' title="bbox 384 2715 1984 2790; baseline -0.006 -13"><span class='ocrx_word' id='word_1_329' title='bbox 384 2718 584 2777; x_wconf 79' lang='lat' dir='ltr'><strong>ctionis</strong></span> <span class='ocrx_word' id='word_1_330' title='bbox 607 2718 846 2790; x_wconf 81' lang='lat' dir='ltr'><strong>explodit</strong></span> <span class='ocrx_word' id='word_1_331' title='bbox 869 2761 883 2781; x_wconf 92' lang='lat'><strong>,</strong></span> <span class='ocrx_word' id='word_1_332' title='bbox 917 2719 1008 2788; x_wconf 88' lang='lat' dir='ltr'><strong>qui</strong></span> <span class='ocrx_word' id='word_1_333' title='bbox 1040 2717 1342 2772; x_wconf 76' lang='lat' dir='ltr'><strong>venerabili</strong></span> <span class='ocrx_word' id='word_1_334' title='bbox 1394 2715 1674 2785; x_wconf 86' lang='lat' dir='ltr'><strong>triumpho</strong></span> <span class='ocrx_word' id='word_1_335' title='bbox 1706 2715 1984 2772; x_wconf 89' lang='lat' dir='ltr'><strong>membro-</strong></span> 
     </span>
    </p>
   </div>
   <div class='ocr_carea' id='block_1_44' title="bbox 383 2807 1986 2880">
    <p class='ocr_par' dir='ltr' id='par_1_44' title="bbox 383 2807 1986 2880">
     <span class='ocr_line' id='line_1_44' title="bbox 383 2807 1986 2880; baseline -0.006 -10"><span class='ocrx_word' id='word_1_336' title='bbox 383 2829 532 2875; x_wconf 82' lang='lat' dir='ltr'><strong>rum,</strong></span> <span class='ocrx_word' id='word_1_337' title='bbox 561 2812 723 2867; x_wconf 86' lang='lat' dir='ltr'><strong>morti</strong></span> <span class='ocrx_word' id='word_1_338' title='bbox 747 2811 981 2880; x_wconf 79' lang='lat' dir='ltr'><strong>spatium</strong></span> <span class='ocrx_word' id='word_1_339' title='bbox 1016 2824 1123 2864; x_wconf 91' lang='lat' dir='ltr'><strong>non</strong></span> <span class='ocrx_word' id='word_1_340' title='bbox 1167 2809 1415 2878; x_wconf 87' lang='lat' dir='ltr'><strong>reliquit,</strong></span> <span class='ocrx_word' id='word_1_341' title='bbox 1463 2808 1554 2878; x_wconf 87' lang='lat' dir='ltr'><strong>qtti</strong></span> <span class='ocrx_word' id='word_1_342' title='bbox 1587 2807 1986 2878; x_wconf 87' lang='lat' dir='ltr'><strong>singularitatis</strong></span> 
     </span>
    </p>
   </div>
   <div class='ocr_carea' id='block_1_45' title="bbox 384 2899 1984 2972">
    <p class='ocr_par' dir='ltr' id='par_1_45' title="bbox 384 2899 1984 2972">
     <span class='ocr_line' id='line_1_45' title="bbox 384 2899 1984 2972; baseline -0.005 -12"><span class='ocrx_word' id='word_1_343' title='bbox 384 2905 573 2961; x_wconf 86' lang='lat' dir='ltr'><strong>abnuit</strong></span> <span class='ocrx_word' id='word_1_344' title='bbox 599 2919 823 2971; x_wconf 83' lang='lat' dir='ltr'><strong>nomen,</strong></span> <span class='ocrx_word' id='word_1_345' title='bbox 854 2905 944 2972; x_wconf 88' lang='lat' dir='ltr'><strong>qui</strong></span> <span class='ocrx_word' id='word_1_346' title='bbox 976 2917 1076 2957; x_wconf 92' lang='lat' dir='ltr'><strong>nec</strong></span> <span class='ocrx_word' id='word_1_347' title='bbox 1111 2903 1270 2956; x_wconf 90' lang='lat' dir='ltr'><strong>linem</strong></span> <span class='ocrx_word' id='word_1_348' title='bbox 1314 2910 1406 2954; x_wconf 85' lang='lat' dir='ltr'><strong>aut</strong></span> <span class='ocrx_word' id='word_1_349' title='bbox 1445 2899 1663 2954; x_wconf 92' lang='lat' dir='ltr'><strong>initium</strong></span> <span class='ocrx_word' id='word_1_350' title='bbox 1713 2900 1843 2954; x_wconf 88' lang='lat' dir='ltr'><strong>ullis</strong></span> <span class='ocrx_word' id='word_1_351' title='bbox 1900 2899 1984 2953; x_wconf 91' lang='lat' dir='ltr'><strong>sui</strong></span> 
     </span>
    </p>
   </div>
   <div class='ocr_carea' id='block_1_46' title="bbox 384 2995 1983 3071">
    <p class='ocr_par' dir='ltr' id='par_1_46' title="bbox 384 2995 1983 3071">
     <span class='ocr_line' id='line_1_46' title="bbox 384 2995 1983 3071; baseline -0.003 -19"><span class='ocrx_word' id='word_1_352' title='bbox 384 3001 637 3071; x_wconf 87' lang='lat' dir='ltr'><strong>partibus</strong></span> <span class='ocrx_word' id='word_1_353' title='bbox 667 2997 870 3059; x_wconf 87' lang='lat' dir='ltr'><strong>sentit,</strong></span> <span class='ocrx_word' id='word_1_354' title='bbox 916 2995 1375 3066; x_wconf 81' lang='lat' dir='ltr'><strong>Apostoliautem</strong></span> <span class='ocrx_word' id='word_1_355' title='bbox 1404 3035 1418 3059; x_wconf 92' lang='lat'><strong>,</strong></span> <span class='ocrx_word' id='word_1_356' title='bbox 1474 2995 1759 3063; x_wconf 90' lang='lat' dir='ltr'><strong>sanctique</strong></span> <span class='ocrx_word' id='word_1_357' title='bbox 1803 3004 1857 3048; x_wconf 92' lang='lat' dir='ltr'><strong>et</strong></span> <span class='ocrx_word' id='word_1_358' title='bbox 1884 3008 1983 3063; x_wconf 87' lang='lat' dir='ltr'><strong>per</strong></span> 
     </span>
    </p>
   </div>
   <div class='ocr_carea' id='block_1_47' title="bbox 2089 1777 3696 1851">
    <p class='ocr_par' dir='ltr' id='par_1_47' title="bbox 2089 1777 3696 1851">
     <span class='ocr_line' id='line_1_47' title="bbox 2089 1777 3696 1851; baseline 0.005 -20"><span class='ocrx_word' id='word_1_359' title='bbox 2089 1791 2212 1832; x_wconf 91' lang='lat' dir='ltr'><strong>esse</strong></span> <span class='ocrx_word' id='word_1_360' title='bbox 2243 1777 2339 1833; x_wconf 88' lang='lat' dir='ltr'><strong>Dei</strong></span> <span class='ocrx_word' id='word_1_361' title='bbox 2372 1788 2621 1832; x_wconf 90' lang='lat' dir='ltr'><strong>naturam</strong></span> <span class='ocrx_word' id='word_1_362' title='bbox 2654 1793 2882 1835; x_wconf 90' lang='lat' dir='ltr'><strong>necesse</strong></span> <span class='ocrx_word' id='word_1_363' title='bbox 2909 1791 2992 1836; x_wconf 89' lang='lat' dir='ltr'><strong>est</strong></span> <span class='ocrx_word' id='word_1_364' title='bbox 3036 1782 3311 1836; x_wconf 83' lang='lat' dir='ltr'><strong>confiteri.</strong></span> <span class='ocrx_word' id='word_1_365' title='bbox 3344 1782 3598 1851; x_wconf 87' lang='lat' dir='ltr'><strong>Alioquin</strong></span> <span class='ocrx_word' id='word_1_366' title='bbox 3632 1783 3696 1839; x_wconf 86' lang='lat' dir='ltr'><strong>lit</strong></span> 
     </span>
    </p>
   </div>
   <div class='ocr_carea' id='block_1_48' title="bbox 2087 1872 3694 1954">
    <p class='ocr_par' dir='ltr' id='par_1_48' title="bbox 2087 1872 3694 1954">
     <span class='ocr_line' id='line_1_48' title="bbox 2087 1872 3694 1954; baseline 0.006 -28"><span class='ocrx_word' id='word_1_367' title='bbox 2087 1872 2307 1941; x_wconf 87' lang='lat' dir='ltr'><strong>injuria,</strong></span> <span class='ocrx_word' id='word_1_368' title='bbox 2343 1874 2386 1927; x_wconf 91' lang='lat' dir='ltr'><strong>si</strong></span> <span class='ocrx_word' id='word_1_369' title='bbox 2421 1889 2702 1941; x_wconf 77' lang='lat' dir='ltr'><strong>negemus,</strong></span> <span class='ocrx_word' id='word_1_370' title='bbox 2736 1875 2952 1932; x_wconf 83' lang='lat' dir='ltr'><strong>dicente</strong></span> <span class='ocrx_word' id='word_1_371' title='bbox 2983 1877 3214 1932; x_wconf 91' lang='lat' dir='ltr'><strong>Domino</strong></span> <span class='ocrx_word' id='word_1_372' title='bbox 3249 1895 3262 1934; x_wconf 89' lang='lat'><strong>:</strong></span> <span class='ocrx_word' id='word_1_373' title='bbox 3297 1881 3399 1944; x_wconf 78' lang='lat' dir='ltr'><strong>Qui</strong></span> <span class='ocrx_word' id='word_1_374' title='bbox 3429 1896 3510 1934; x_wconf 90' lang='lat' dir='ltr'><strong>me</strong></span> <span class='ocrx_word' id='word_1_375' title='bbox 3536 1897 3694 1954; x_wconf 75' lang='lat' dir='ltr'><strong>nega-</strong></span> 
     </span>
    </p>
   </div>
   <div class='ocr_carea' id='block_1_49' title="bbox 2086 1964 3691 2046">
    <p class='ocr_par' dir='ltr' id='par_1_49' title="bbox 2086 1964 3691 2046">
     <span class='ocr_line' id='line_1_49' title="bbox 2086 1964 3691 2046; baseline 0.007 -30"><span class='ocrx_word' id='word_1_376' title='bbox 2086 1964 2234 2032; x_wconf 86' lang='lat' dir='ltr'><strong>verit,</strong></span> <span class='ocrx_word' id='word_1_377' title='bbox 2267 1976 2315 2016; x_wconf 85' lang='lat' dir='ltr'><strong>et</strong></span> <span class='ocrx_word' id='word_1_378' title='bbox 2336 1981 2474 2018; x_wconf 85' lang='lat' dir='ltr'><strong>meos</strong></span> <span class='ocrx_word' id='word_1_379' title='bbox 2501 1981 2783 2033; x_wconf 78' lang='lat' dir='ltr'><strong>sermones,</strong></span> <span class='ocrx_word' id='word_1_380' title='bbox 2817 1983 2990 2022; x_wconf 87' lang='lat' dir='ltr'><strong>coram</strong></span> <span class='ocrx_word' id='word_1_381' title='bbox 3013 1969 3331 2039; x_wconf 86' lang='lat' dir='ltr'><strong>hominibus,</strong></span> <span class='ocrx_word' id='word_1_382' title='bbox 3366 1986 3414 2025; x_wconf 88' lang='lat' dir='ltr'><strong>et</strong></span> <span class='ocrx_word' id='word_1_383' title='bbox 3446 1988 3539 2046; x_wconf 87' lang='lat' dir='ltr'><strong>ego</strong></span> <span class='ocrx_word' id='word_1_384' title='bbox 3574 1989 3691 2028; x_wconf 88' lang='lat' dir='ltr'><strong>eum</strong></span> 
     </span>
    </p>
   </div>
   <div class='ocr_carea' id='block_1_50' title="bbox 2087 2054 3689 2136">
    <p class='ocr_par' dir='ltr' id='par_1_50' title="bbox 2087 2054 3689 2136">
     <span class='ocr_line' id='line_1_50' title="bbox 2087 2054 3689 2136; baseline 0.01 -30"><span class='ocrx_word' id='word_1_385' title='bbox 2087 2054 2284 2126; x_wconf 84' lang='lat' dir='ltr'><strong>negabo</strong></span> <span class='ocrx_word' id='word_1_386' title='bbox 2306 2071 2482 2109; x_wconf 85' lang='lat' dir='ltr'><strong>coram</strong></span> <span class='ocrx_word' id='word_1_387' title='bbox 2501 2055 2662 2111; x_wconf 83' lang='lat' dir='ltr'><strong>Patre</strong></span> <span class='ocrx_word' id='word_1_388' title='bbox 2693 2074 2806 2111; x_wconf 89' lang='lat' dir='ltr'><strong>mea</strong></span> <span class='ocrx_word' id='word_1_389' title='bbox 2833 2070 2881 2114; x_wconf 87' lang='lat' dir='ltr'><strong>et</strong></span> <span class='ocrx_word' id='word_1_390' title='bbox 2913 2059 3124 2133; x_wconf 78' lang='lat' dir='ltr'><strong>Angelis</strong></span> <span class='ocrx_word' id='word_1_391' title='bbox 3145 2065 3282 2134; x_wconf 84' lang='lat' dir='ltr'><strong>ejus.</strong></span> <span class='ocrx_word' id='word_1_392' title='bbox 3313 2063 3426 2118; x_wconf 85' lang='lat' dir='ltr'><strong>Huc</strong></span> <span class='ocrx_word' id='word_1_393' title='bbox 3451 2065 3689 2136; x_wconf 81' lang='lat' dir='ltr'><strong>accedit,</strong></span> 
     </span>
    </p>
   </div>
   <div class='ocr_carea' id='block_1_51' title="bbox 2085 2148 3689 2230">
    <p class='ocr_par' dir='ltr' id='par_1_51' title="bbox 2085 2148 3689 2230">
     <span class='ocr_line' id='line_1_51' title="bbox 2085 2148 3689 2230; baseline 0.014 -31"><span class='ocrx_word' id='word_1_394' title='bbox 2085 2148 2230 2216; x_wconf 89' lang='lat' dir='ltr'><strong>quod</strong></span> <span class='ocrx_word' id='word_1_395' title='bbox 2277 2149 2419 2203; x_wconf 90' lang='lat' dir='ltr'><strong>ultra</strong></span> <span class='ocrx_word' id='word_1_396' title='bbox 2467 2149 2602 2204; x_wconf 90' lang='lat' dir='ltr'><strong>nihil</strong></span> <span class='ocrx_word' id='word_1_397' title='bbox 2651 2151 2845 2220; x_wconf 84' lang='lat' dir='ltr'><strong>recipit</strong></span> <span class='ocrx_word' id='word_1_398' title='bbox 2877 2153 3179 2222; x_wconf 89' lang='lat' dir='ltr'><strong>plenitudo.</strong></span> <span class='ocrx_word' id='word_1_399' title='bbox 3228 2156 3463 2230; x_wconf 76' lang='lat' dir='ltr'><strong>Sanguis</strong></span> <span class='ocrx_word' id='word_1_400' title='bbox 3508 2171 3689 2220; x_wconf 87' lang='lat' dir='ltr'><strong>autem</strong></span> 
     </span>
    </p>
   </div>
   <div class='ocr_carea' id='block_1_52' title="bbox 2088 2239 3692 2318">
    <p class='ocr_par' dir='ltr' id='par_1_52' title="bbox 2088 2239 3692 2318">
     <span class='ocr_line' id='line_1_52' title="bbox 2088 2239 3692 2318; baseline 0.013 -30"><span class='ocrx_word' id='word_1_401' title='bbox 2088 2249 2211 2307; x_wconf 88' lang='lat' dir='ltr'><strong>post</strong></span> <span class='ocrx_word' id='word_1_402' title='bbox 2235 2239 2548 2311; x_wconf 82' lang='lat' dir='ltr'><strong>Martyrium</strong></span> <span class='ocrx_word' id='word_1_403' title='bbox 2575 2242 2802 2311; x_wconf 70' lang='lat' dir='ltr'><strong>prmmio</strong></span> <span class='ocrx_word' id='word_1_404' title='bbox 2829 2242 3132 2302; x_wconf 88' lang='lat' dir='ltr'><strong>divinitatis</strong></span> <span class='ocrx_word' id='word_1_405' title='bbox 3155 2248 3407 2318; x_wconf 81' lang='lat' dir='ltr'><strong>ignescit.</strong></span> <span class='ocrx_word' id='word_1_406' title='bbox 3434 2251 3692 2310; x_wconf 73' lang='lat' dir='ltr'><strong>Facessat</strong></span> 
     </span>
    </p>
   </div>
   <div class='ocr_carea' id='block_1_53' title="bbox 2087 2335 3690 2415">
    <p class='ocr_par' dir='ltr' id='par_1_53' title="bbox 2087 2335 3690 2415">
     <span class='ocr_line' id='line_1_53' title="bbox 2087 2335 3690 2415; baseline 0.011 -28"><span class='ocrx_word' id='word_1_407' title='bbox 2087 2348 2219 2405; x_wconf 80' lang='lat' dir='ltr'><strong>ergo</strong></span> <span class='ocrx_word' id='word_1_408' title='bbox 2259 2335 2634 2393; x_wconf 85' lang='lat' dir='ltr'><strong>distinctionis</strong></span> <span class='ocrx_word' id='word_1_409' title='bbox 2685 2340 2906 2409; x_wconf 77' lang='lat' dir='ltr'><strong>injuria,</strong></span> <span class='ocrx_word' id='word_1_410' title='bbox 2954 2359 3080 2399; x_wconf 89' lang='lat' dir='ltr'><strong>cum</strong></span> <span class='ocrx_word' id='word_1_411' title='bbox 3133 2345 3207 2400; x_wconf 90' lang='lat' dir='ltr'><strong>sit</strong></span> <span class='ocrx_word' id='word_1_412' title='bbox 3248 2346 3439 2401; x_wconf 87' lang='lat' dir='ltr'><strong>eadem</strong></span> <span class='ocrx_word' id='word_1_413' title='bbox 3491 2348 3690 2415; x_wconf 85' lang='lat' dir='ltr'><strong>copula</strong></span> 
     </span>
    </p>
   </div>
   <div class='ocr_carea' id='block_1_54' title="bbox 2086 2425 3690 2506">
    <p class='ocr_par' dir='ltr' id='par_1_54' title="bbox 2086 2425 3690 2506">
     <span class='ocr_line' id='line_1_54' title="bbox 2086 2425 3690 2506; baseline 0.009 -25"><span class='ocrx_word' id='word_1_414' title='bbox 2086 2425 2372 2483; x_wconf 86' lang='lat' dir='ltr'><strong>claritatis.</strong></span> <span class='ocrx_word' id='word_1_415' title='bbox 2416 2428 2582 2497; x_wconf 83' lang='lat' dir='ltr'><strong>Vada,</strong></span> <span class='ocrx_word' id='word_1_416' title='bbox 2617 2433 2713 2498; x_wconf 91' lang='lat' dir='ltr'><strong>ait,</strong></span> <span class='ocrx_word' id='word_1_417' title='bbox 2745 2433 2816 2486; x_wconf 90' lang='lat' dir='ltr'><strong>ad</strong></span> <span class='ocrx_word' id='word_1_418' title='bbox 2846 2433 3059 2491; x_wconf 88' lang='lat' dir='ltr'><strong>Patrem</strong></span> <span class='ocrx_word' id='word_1_419' title='bbox 3087 2454 3275 2506; x_wconf 87' lang='lat' dir='ltr'><strong>meum,</strong></span> <span class='ocrx_word' id='word_1_420' title='bbox 3308 2449 3356 2494; x_wconf 89' lang='lat' dir='ltr'><strong>et</strong></span> <span class='ocrx_word' id='word_1_421' title='bbox 3381 2439 3449 2494; x_wconf 90' lang='lat' dir='ltr'><strong>ad</strong></span> <span class='ocrx_word' id='word_1_422' title='bbox 3476 2437 3690 2496; x_wconf 87' lang='lat' dir='ltr'><strong>Patrem</strong></span> 
     </span>
    </p>
   </div>
   <div class='ocr_carea' id='block_1_55' title="bbox 2086 2521 3684 2604">
    <p class='ocr_par' dir='ltr' id='par_1_55' title="bbox 2086 2521 3684 2604">
     <span class='ocr_line' id='line_1_55' title="bbox 2086 2521 3684 2604; baseline 0.01 -31"><span class='ocrx_word' id='word_1_423' title='bbox 2086 2534 2324 2574; x_wconf 78' lang='lat' dir='ltr'><strong>t&#39;esmtm.</strong></span> <span class='ocrx_word' id='word_1_424' title='bbox 2347 2521 2550 2578; x_wconf 71' lang='lat' dir='ltr'><strong>Videtis</strong></span> <span class='ocrx_word' id='word_1_425' title='bbox 2573 2525 2776 2595; x_wconf 88' lang='lat' dir='ltr'><strong>itaque,</strong></span> <span class='ocrx_word' id='word_1_426' title='bbox 2802 2530 3186 2599; x_wconf 89' lang='lat' dir='ltr'><strong>amantissimi,</strong></span> <span class='ocrx_word' id='word_1_427' title='bbox 3214 2531 3316 2586; x_wconf 89' lang='lat' dir='ltr'><strong>hoc</strong></span> <span class='ocrx_word' id='word_1_428' title='bbox 3343 2547 3465 2590; x_wconf 90' lang='lat' dir='ltr'><strong>esse</strong></span> <span class='ocrx_word' id='word_1_429' title='bbox 3488 2533 3684 2604; x_wconf 89' lang='lat' dir='ltr'><strong>Patris,</strong></span> 
     </span>
    </p>
   </div>
   <div class='ocr_carea' id='block_1_56' title="bbox 2086 2614 3688 2694">
    <p class='ocr_par' dir='ltr' id='par_1_56' title="bbox 2086 2614 3688 2694">
     <span class='ocr_line' id='line_1_56' title="bbox 2086 2614 3688 2694; baseline 0.009 -25"><span class='ocrx_word' id='word_1_430' title='bbox 2086 2624 2140 2669; x_wconf 91' lang='lat' dir='ltr'><strong>et</strong></span> <span class='ocrx_word' id='word_1_431' title='bbox 2176 2614 2298 2669; x_wconf 90' lang='lat' dir='ltr'><strong>Filii</strong></span> <span class='ocrx_word' id='word_1_432' title='bbox 2332 2631 2429 2685; x_wconf 90' lang='lat' dir='ltr'><strong>per</strong></span> <span class='ocrx_word' id='word_1_433' title='bbox 2458 2629 2666 2673; x_wconf 74' lang='lat' dir='ltr'><strong>natura:</strong></span> <span class='ocrx_word' id='word_1_434' title='bbox 2713 2622 3125 2690; x_wconf 89' lang='lat' dir='ltr'><strong>proprietatem,</strong></span> <span class='ocrx_word' id='word_1_435' title='bbox 3156 2625 3301 2694; x_wconf 90' lang='lat' dir='ltr'><strong>quod</strong></span> <span class='ocrx_word' id='word_1_436' title='bbox 3350 2635 3436 2682; x_wconf 90' lang='lat' dir='ltr'><strong>est</strong></span> <span class='ocrx_word' id='word_1_437' title='bbox 3472 2627 3688 2684; x_wconf 86' lang='lat' dir='ltr'><strong>Sanctis</strong></span> 
     </span>
    </p>
   </div>
   <div class='ocr_carea' id='block_1_57' title="bbox 2088 2709 3688 2792">
    <p class='ocr_par' dir='ltr' id='par_1_57' title="bbox 2088 2709 3688 2792">
     <span class='ocr_line' id='line_1_57' title="bbox 2088 2709 3688 2792; baseline 0.012 -33"><span class='ocrx_word' id='word_1_438' title='bbox 2088 2722 2184 2777; x_wconf 91' lang='lat' dir='ltr'><strong>per</strong></span> <span class='ocrx_word' id='word_1_439' title='bbox 2212 2709 2451 2779; x_wconf 89' lang='lat' dir='ltr'><strong>suscepti</strong></span> <span class='ocrx_word' id='word_1_440' title='bbox 2496 2712 2736 2766; x_wconf 88' lang='lat' dir='ltr'><strong>muneris</strong></span> <span class='ocrx_word' id='word_1_441' title='bbox 2773 2713 3056 2770; x_wconf 89' lang='lat' dir='ltr'><strong>unitatem.</strong></span> <span class='ocrx_word' id='word_1_442' title='bbox 3093 2716 3238 2772; x_wconf 88' lang='lat' dir='ltr'><strong>Deus</strong></span> <span class='ocrx_word' id='word_1_443' title='bbox 3264 2716 3429 2789; x_wconf 82' lang='lat' dir='ltr'><strong>longe</strong></span> <span class='ocrx_word' id='word_1_444' title='bbox 3470 2719 3688 2792; x_wconf 87' lang='lat' dir='ltr'><strong>lateque</strong></span> 
     </span>
    </p>
   </div>
   <div class='ocr_carea' id='block_1_58' title="bbox 2086 2800 3684 2871">
    <p class='ocr_par' dir='ltr' id='par_1_58' title="bbox 2086 2800 3684 2871">
     <span class='ocr_line' id='line_1_58' title="bbox 2086 2800 3684 2871; baseline 0.011 -17"><span class='ocrx_word' id='word_1_445' title='bbox 2086 2800 2426 2871; x_wconf 77' lang='lat' dir='ltr'><strong>diffunditur,</strong></span> <span class='ocrx_word' id='word_1_446' title='bbox 2455 2813 2510 2859; x_wconf 90' lang='lat' dir='ltr'><strong>et</strong></span> <span class='ocrx_word' id='word_1_447' title='bbox 2537 2820 2697 2860; x_wconf 92' lang='lat' dir='ltr'><strong>suum</strong></span> <span class='ocrx_word' id='word_1_448' title='bbox 2725 2805 2909 2863; x_wconf 91' lang='lat' dir='ltr'><strong>lumen</strong></span> <span class='ocrx_word' id='word_1_449' title='bbox 2938 2808 3057 2864; x_wconf 91' lang='lat' dir='ltr'><strong>sine</strong></span> <span class='ocrx_word' id='word_1_450' title='bbox 3081 2811 3165 2865; x_wconf 90' lang='lat' dir='ltr'><strong>sui</strong></span> <span class='ocrx_word' id='word_1_451' title='bbox 3195 2809 3473 2868; x_wconf 80' lang='lat' dir='ltr'><strong>fenerator</strong></span> <span class='ocrx_word' id='word_1_452' title='bbox 3511 2814 3684 2870; x_wconf 88' lang='lat' dir='ltr'><strong>detri-</strong></span> 
     </span>
    </p>
   </div>
   <div class='ocr_carea' id='block_1_59' title="bbox 2086 2895 3684 2974">
    <p class='ocr_par' dir='ltr' id='par_1_59' title="bbox 2086 2895 3684 2974">
     <span class='ocr_line' id='line_1_59' title="bbox 2086 2895 3684 2974; baseline 0.008 -27"><span class='ocrx_word' id='word_1_453' title='bbox 2086 2902 2293 2948; x_wconf 87' lang='lat' dir='ltr'><strong>mento.</strong></span> <span class='ocrx_word' id='word_1_454' title='bbox 2329 2895 2681 2966; x_wconf 84' lang='lat' dir='ltr'><strong>Quacumque</strong></span> <span class='ocrx_word' id='word_1_455' title='bbox 2711 2899 2764 2951; x_wconf 91' lang='lat' dir='ltr'><strong>in</strong></span> <span class='ocrx_word' id='word_1_456' title='bbox 2795 2909 2950 2970; x_wconf 85' lang='lat' dir='ltr'><strong>parte</strong></span> <span class='ocrx_word' id='word_1_457' title='bbox 2979 2909 3125 2957; x_wconf 87' lang='lat' dir='ltr'><strong>totus</strong></span> <span class='ocrx_word' id='word_1_458' title='bbox 3154 2912 3266 2970; x_wconf 86' lang='lat' dir='ltr'><strong>est,</strong></span> <span class='ocrx_word' id='word_1_459' title='bbox 3299 2918 3492 2959; x_wconf 86' lang='lat' dir='ltr'><strong>sensus</strong></span> <span class='ocrx_word' id='word_1_460' title='bbox 3518 2913 3684 2974; x_wconf 88' lang='lat' dir='ltr'><strong>totus,</strong></span> 
     </span>
    </p>
   </div>
   <div class='ocr_carea' id='block_1_60' title="bbox 2086 2987 3679 3066">
    <p class='ocr_par' dir='ltr' id='par_1_60' title="bbox 2086 2987 3679 3066">
     <span class='ocr_line' id='line_1_60' title="bbox 2086 2987 3679 3066; baseline 0.008 -25"><span class='ocrx_word' id='word_1_461' title='bbox 2086 2987 2235 3042; x_wconf 90' lang='lat' dir='ltr'><strong>visus</strong></span> <span class='ocrx_word' id='word_1_462' title='bbox 2281 2997 2447 3055; x_wconf 90' lang='lat' dir='ltr'><strong>totus,</strong></span> <span class='ocrx_word' id='word_1_463' title='bbox 2489 2989 2655 3044; x_wconf 90' lang='lat' dir='ltr'><strong>animi</strong></span> <span class='ocrx_word' id='word_1_464' title='bbox 2696 2999 2842 3048; x_wconf 86' lang='lat' dir='ltr'><strong>totus</strong></span> <span class='ocrx_word' id='word_1_465' title='bbox 2884 2993 2990 3046; x_wconf 89' lang='lat' dir='ltr'><strong>sui.</strong></span> <span class='ocrx_word' id='word_1_466' title='bbox 3022 2992 3141 3048; x_wconf 90' lang='lat' dir='ltr'><strong>Non</strong></span> <span class='ocrx_word' id='word_1_467' title='bbox 3174 3001 3355 3064; x_wconf 89' lang='lat' dir='ltr'><strong>potest</strong></span> <span class='ocrx_word' id='word_1_468' title='bbox 3383 3011 3515 3066; x_wconf 84' lang='lat' dir='ltr'><strong>ergo</strong></span> <span class='ocrx_word' id='word_1_469' title='bbox 3567 3011 3679 3053; x_wconf 90' lang='lat' dir='ltr'><strong>non</strong></span> 
     </span>
    </p>
   </div>
   <div class='ocr_carea' id='block_1_61' title="bbox 383 3076 3682 3162">
    <p class='ocr_par' dir='ltr' id='par_1_61' title="bbox 383 3076 3682 3162">
     <span class='ocr_line' id='line_1_61' title="bbox 383 3076 3682 3162; baseline 0 -16"><span class='ocrx_word' id='word_1_470' title='bbox 383 3090 650 3160; x_wconf 79' lang='lat' dir='ltr'><strong>Spit‘ilaiis</strong></span> <span class='ocrx_word' id='word_1_471' title='bbox 676 3089 918 3162; x_wconf 86' lang='lat' dir='ltr'><strong>mysterii</strong></span> <span class='ocrx_word' id='word_1_472' title='bbox 947 3089 1311 3152; x_wconf 81' lang='lat' dir='ltr'><strong>sanctionem,</strong></span> <span class='ocrx_word' id='word_1_473' title='bbox 1344 3095 1398 3142; x_wconf 89' lang='lat' dir='ltr'><strong>et</strong></span> <span class='ocrx_word' id='word_1_474' title='bbox 1431 3102 1528 3155; x_wconf 86' lang='lat' dir='ltr'><strong>per</strong></span> <span class='ocrx_word' id='word_1_475' title='bbox 1555 3087 1805 3156; x_wconf 87' lang='lat' dir='ltr'><strong>corporis</strong></span> <span class='ocrx_word' id='word_1_476' title='bbox 1831 3087 1988 3141; x_wconf 90' lang='lat' dir='ltr'><strong>victi-</strong></span> <span class='ocrx_word' id='word_1_477' title='bbox 2012 3076 2056 3140; x_wconf 90' lang='lat' dir='ltr'>C</span> <span class='ocrx_word' id='word_1_478' title='bbox 2090 3097 2212 3136; x_wconf 89' lang='lat' dir='ltr'><strong>esse</strong></span> <span class='ocrx_word' id='word_1_479' title='bbox 2245 3082 2518 3151; x_wconf 87' lang='lat' dir='ltr'><strong>perfectus</strong></span> <span class='ocrx_word' id='word_1_480' title='bbox 2545 3086 2596 3139; x_wconf 92' lang='lat' dir='ltr'><strong>in</strong></span> <span class='ocrx_word' id='word_1_481' title='bbox 2627 3086 2901 3156; x_wconf 81' lang='lat' dir='ltr'><strong>Aposmlis</strong></span> <span class='ocrx_word' id='word_1_482' title='bbox 2930 3089 3020 3159; x_wconf 92' lang='lat' dir='ltr'><strong>qui</strong></span> <span class='ocrx_word' id='word_1_483' title='bbox 3044 3098 3131 3144; x_wconf 76' lang='lat' dir='ltr'><strong>est</strong></span> <span class='ocrx_word' id='word_1_484' title='bbox 3158 3089 3432 3159; x_wconf 89' lang='lat' dir='ltr'><strong>perfectus</strong></span> <span class='ocrx_word' id='word_1_485' title='bbox 3460 3091 3512 3146; x_wconf 94' lang='lat' dir='ltr'><strong>in</strong></span> <span class='ocrx_word' id='word_1_486' title='bbox 3545 3101 3682 3150; x_wconf 91' lang='lat' dir='ltr'><strong>toto.</strong></span> 
     </span>
    </p>
   </div>
   <div class='ocr_carea' id='block_1_62' title="bbox 387 3179 1986 3252">
    <p class='ocr_par' dir='ltr' id='par_1_62' title="bbox 387 3179 1986 3252">
     <span class='ocr_line' id='line_1_62' title="bbox 387 3179 1986 3252; baseline -0.003 -13"><span class='ocrx_word' id='word_1_487' title='bbox 387 3200 551 3251; x_wconf 87' lang='lat' dir='ltr'><strong>mam,</strong></span> <span class='ocrx_word' id='word_1_488' title='bbox 583 3192 634 3238; x_wconf 91' lang='lat' dir='ltr'><strong>et</strong></span> <span class='ocrx_word' id='word_1_489' title='bbox 666 3199 762 3252; x_wconf 88' lang='lat' dir='ltr'><strong>per</strong></span> <span class='ocrx_word' id='word_1_490' title='bbox 802 3183 1084 3250; x_wconf 80' lang='lat' dir='ltr'><strong>sanguinis</strong></span> <span class='ocrx_word' id='word_1_491' title='bbox 1124 3196 1351 3234; x_wconf 87' lang='lat' dir='ltr'><strong>censum</strong></span> <span class='ocrx_word' id='word_1_492' title='bbox 1393 3195 1458 3235; x_wconf 92' lang='lat' dir='ltr'><strong>ac</strong></span> <span class='ocrx_word' id='word_1_493' title='bbox 1484 3179 1809 3241; x_wconf 86' lang='lat' dir='ltr'><strong>sacrificium</strong></span> <span class='ocrx_word' id='word_1_494' title='bbox 1862 3193 1986 3249; x_wconf 90' lang='lat' dir='ltr'><strong>pas-</strong></span> 
     </span>
    </p>
   </div>
   <div class='ocr_carea' id='block_1_63' title="bbox 385 3272 1984 3343">
    <p class='ocr_par' dir='ltr' id='par_1_63' title="bbox 385 3272 1984 3343">
     <span class='ocr_line' id='line_1_63' title="bbox 385 3272 1984 3343; baseline -0.005 -9"><span class='ocrx_word' id='word_1_495' title='bbox 385 3279 558 3334; x_wconf 87' lang='lat' dir='ltr'><strong>sionis</strong></span> <span class='ocrx_word' id='word_1_496' title='bbox 587 3275 891 3332; x_wconf 80' lang='lat' dir='ltr'><strong>ascendere</strong></span> <span class='ocrx_word' id='word_1_497' title='bbox 918 3275 1114 3330; x_wconf 88' lang='lat' dir='ltr'><strong>solium</strong></span> <span class='ocrx_word' id='word_1_498' title='bbox 1140 3273 1552 3342; x_wconf 83' lang='lat' dir='ltr'><strong>Redemptoris,</strong></span> <span class='ocrx_word' id='word_1_499' title='bbox 1581 3273 1770 3343; x_wconf 57' lang='lat' dir='ltr'><strong>ipsojin</strong></span> <span class='ocrx_word' id='word_1_500' title='bbox 1803 3272 1984 3326; x_wconf 83' lang='lat' dir='ltr'><strong>Evan-</strong></span> 
     </span>
    </p>
   </div>
   <div class='ocr_carea' id='block_1_64' title="bbox 387 3361 1981 3439">
    <p class='ocr_par' dir='ltr' id='par_1_64' title="bbox 387 3361 1981 3439">
     <span class='ocr_line' id='line_1_64' title="bbox 387 3361 1981 3439; baseline -0.006 -13"><span class='ocrx_word' id='word_1_501' title='bbox 387 3369 530 3439; x_wconf 74' lang='lat' dir='ltr'><strong>gelio</strong></span> <span class='ocrx_word' id='word_1_502' title='bbox 553 3369 770 3424; x_wconf 87' lang='lat' dir='ltr'><strong>dicente</strong></span> <span class='ocrx_word' id='word_1_503' title='bbox 795 3365 956 3421; x_wconf 84' lang='lat' dir='ltr'><strong>:Cunt</strong></span> <span class='ocrx_word' id='word_1_504' title='bbox 978 3366 1166 3420; x_wconf 84' lang='lat' dir='ltr'><strong>sederit</strong></span> <span class='ocrx_word' id='word_1_505' title='bbox 1190 3364 1333 3434; x_wconf 82' lang='lat' dir='ltr'><strong>ﬁlius</strong></span> <span class='ocrx_word' id='word_1_506' title='bbox 1359 3365 1412 3416; x_wconf 84' lang='lat' dir='ltr'><strong>in</strong></span> <span class='ocrx_word' id='word_1_507' title='bbox 1437 3365 1626 3417; x_wconf 83' lang='lat' dir='ltr'><strong>throno</strong></span> <span class='ocrx_word' id='word_1_508' title='bbox 1648 3361 1831 3434; x_wconf 79' lang='lat' dir='ltr'><strong>gloria:</strong></span> <span class='ocrx_word' id='word_1_509' title='bbox 1851 3379 1981 3431; x_wconf 73' lang='lat' dir='ltr'><strong>sure,</strong></span> 
     </span>
    </p>
   </div>
   <div class='ocr_carea' id='block_1_65' title="bbox 389 3455 1987 3528">
    <p class='ocr_par' dir='ltr' id='par_1_65' title="bbox 389 3455 1987 3528">
     <span class='ocr_line' id='line_1_65' title="bbox 389 3455 1987 3528; baseline -0.004 -12"><span class='ocrx_word' id='word_1_510' title='bbox 389 3470 418 3500; x_wconf 74' lang='grc'><strong><em>⁸</em></strong></span> <span class='ocrx_word' id='word_1_511' title='bbox 445 3461 689 3516; x_wconf 80' lang='lat' dir='ltr'><strong>sedebitis</strong></span> <span class='ocrx_word' id='word_1_512' title='bbox 705 3469 752 3514; x_wconf 90' lang='lat' dir='ltr'><strong>et</strong></span> <span class='ocrx_word' id='word_1_513' title='bbox 776 3476 864 3515; x_wconf 86' lang='lat' dir='ltr'><strong>vos</strong></span> <span class='ocrx_word' id='word_1_514' title='bbox 891 3474 1049 3527; x_wconf 84' lang='lat' dir='ltr'><strong>super</strong></span> <span class='ocrx_word' id='word_1_515' title='bbox 1063 3457 1338 3512; x_wconf 84' lang='lat' dir='ltr'><strong>duodecim</strong></span> <span class='ocrx_word' id='word_1_516' title='bbox 1382 3455 1667 3510; x_wconf 75' lang='lat' dir='ltr'><strong>tribunalia</strong></span> <span class='ocrx_word' id='word_1_517' title='bbox 1683 3455 1987 3528; x_wconf 87' lang='lat' dir='ltr'><strong>judicantes</strong></span> 
     </span>
    </p>
   </div>
   <div class='ocr_carea' id='block_1_66' title="bbox 388 3549 1988 3625">
    <p class='ocr_par' dir='ltr' id='par_1_66' title="bbox 388 3549 1988 3625">
     <span class='ocr_line' id='line_1_66' title="bbox 388 3549 1988 3625; baseline -0.006 -12"><span class='ocrx_word' id='word_1_518' title='bbox 388 3572 468 3613; x_wconf 75' lang='lat' dir='ltr'><strong>xu</strong></span> <span class='ocrx_word' id='word_1_519' title='bbox 497 3555 657 3609; x_wconf 86' lang='lat' dir='ltr'><strong>tribus</strong></span> <span class='ocrx_word' id='word_1_520' title='bbox 685 3553 914 3625; x_wconf 82' lang='lat' dir='ltr'><strong>ﬁliorum</strong></span> <span class='ocrx_word' id='word_1_521' title='bbox 947 3551 1135 3607; x_wconf 80' lang='lat' dir='ltr'><strong>Israel.</strong></span> <span class='ocrx_word' id='word_1_522' title='bbox 1166 3552 1232 3606; x_wconf 86' lang='lat' dir='ltr'><strong>Et</strong></span> <span class='ocrx_word' id='word_1_523' title='bbox 1263 3553 1462 3606; x_wconf 88' lang='lat' dir='ltr'><strong>iterum</strong></span> <span class='ocrx_word' id='word_1_524' title='bbox 1499 3568 1511 3604; x_wconf 92' lang='lat'>:</span> <span class='ocrx_word' id='word_1_525' title='bbox 1544 3549 1640 3605; x_wconf 84' lang='lat' dir='ltr'><strong>Cui</strong></span> <span class='ocrx_word' id='word_1_526' title='bbox 1686 3551 1988 3603; x_wconf 86' lang='lat' dir='ltr'><strong>remiseritis</strong></span> 
     </span>
    </p>
   </div>
   <div class='ocr_carea' id='block_1_67' title="bbox 388 3643 1983 3720">
    <p class='ocr_par' dir='ltr' id='par_1_67' title="bbox 388 3643 1983 3720">
     <span class='ocr_line' id='line_1_67' title="bbox 388 3643 1983 3720; baseline -0.006 -14"><span class='ocrx_word' id='word_1_527' title='bbox 388 3651 606 3706; x_wconf 84' lang='lat' dir='ltr'><strong>remissa</strong></span> <span class='ocrx_word' id='word_1_528' title='bbox 647 3659 838 3716; x_wconf 87' lang='lat' dir='ltr'><strong>erunt,</strong></span> <span class='ocrx_word' id='word_1_529' title='bbox 887 3657 936 3703; x_wconf 87' lang='lat' dir='ltr'><strong>et</strong></span> <span class='ocrx_word' id='word_1_530' title='bbox 978 3663 1125 3718; x_wconf 86' lang='lat' dir='ltr'><strong>quem</strong></span> <span class='ocrx_word' id='word_1_531' title='bbox 1147 3646 1445 3720; x_wconf 82' lang='lat' dir='ltr'><strong>ligaveritis,</strong></span> <span class='ocrx_word' id='word_1_532' title='bbox 1480 3644 1668 3715; x_wconf 87' lang='lat' dir='ltr'><strong>ligatus</strong></span> <span class='ocrx_word' id='word_1_533' title='bbox 1699 3643 1983 3698; x_wconf 85' lang='lat' dir='ltr'><strong>habebitur.</strong></span> 
     </span>
    </p>
   </div>
   <div class='ocr_carea' id='block_1_68' title="bbox 387 3736 1986 3812">
    <p class='ocr_par' dir='ltr' id='par_1_68' title="bbox 387 3736 1986 3812">
     <span class='ocr_line' id='line_1_68' title="bbox 387 3736 1986 3812; baseline -0.006 -12"><span class='ocrx_word' id='word_1_534' title='bbox 387 3742 741 3809; x_wconf 78' lang='lat' dir='ltr'><strong>Relinquitur</strong></span> <span class='ocrx_word' id='word_1_535' title='bbox 768 3756 924 3812; x_wconf 82' lang='lat' dir='ltr'><strong>ergo,</strong></span> <span class='ocrx_word' id='word_1_536' title='bbox 973 3748 1032 3794; x_wconf 91' lang='lat' dir='ltr'><strong>ut</strong></span> <span class='ocrx_word' id='word_1_537' title='bbox 1063 3739 1161 3794; x_wconf 88' lang='lat' dir='ltr'><strong>toti</strong></span> <span class='ocrx_word' id='word_1_538' title='bbox 1195 3754 1317 3792; x_wconf 91' lang='lat' dir='ltr'><strong>cum</strong></span> <span class='ocrx_word' id='word_1_539' title='bbox 1368 3746 1486 3791; x_wconf 90' lang='lat' dir='ltr'><strong>toto</strong></span> <span class='ocrx_word' id='word_1_540' title='bbox 1532 3738 1642 3791; x_wconf 92' lang='lat' dir='ltr'><strong>siut</strong></span> <span class='ocrx_word' id='word_1_541' title='bbox 1674 3736 1986 3793; x_wconf 86' lang='lat' dir='ltr'><strong>Salvatore.</strong></span> 
     </span>
    </p>
   </div>
   <div class='ocr_carea' id='block_1_69' title="bbox 389 3831 1992 3908">
    <p class='ocr_par' dir='ltr' id='par_1_69' title="bbox 389 3831 1992 3908">
     <span class='ocr_line' id='line_1_69' title="bbox 389 3831 1992 3908; baseline -0.004 -14"><span class='ocrx_word' id='word_1_542' title='bbox 389 3837 522 3894; x_wconf 84' lang='lat' dir='ltr'><strong>Nam</strong></span> <span class='ocrx_word' id='word_1_543' title='bbox 556 3836 757 3908; x_wconf 79' lang='lat' dir='ltr'><strong>quibus</strong></span> <span class='ocrx_word' id='word_1_544' title='bbox 785 3835 918 3890; x_wconf 85' lang='lat' dir='ltr'><strong>nihil</strong></span> <span class='ocrx_word' id='word_1_545' title='bbox 945 3846 1030 3891; x_wconf 90' lang='lat' dir='ltr'><strong>est</strong></span> <span class='ocrx_word' id='word_1_546' title='bbox 1065 3835 1117 3888; x_wconf 92' lang='lat' dir='ltr'><strong>in</strong></span> <span class='ocrx_word' id='word_1_547' title='bbox 1141 3832 1489 3904; x_wconf 81' lang='lat' dir='ltr'><strong>professione</strong></span> <span class='ocrx_word' id='word_1_548' title='bbox 1542 3831 1813 3887; x_wconf 81' lang='lat' dir='ltr'><strong>dissimile</strong></span> <span class='ocrx_word' id='word_1_549' title='bbox 1839 3873 1853 3898; x_wconf 93' lang='lat'><strong>,</strong></span> <span class='ocrx_word' id='word_1_550' title='bbox 1906 3831 1992 3887; x_wconf 92' lang='lat' dir='ltr'><strong>his</strong></span> 
     </span>
    </p>
   </div>
   <div class='ocr_carea' id='block_1_70' title="bbox 391 3927 1990 3998">
    <p class='ocr_par' dir='ltr' id='par_1_70' title="bbox 391 3927 1990 3998">
     <span class='ocr_line' id='line_1_70' title="bbox 391 3927 1990 3998; baseline -0.004 -10"><span class='ocrx_word' id='word_1_551' title='bbox 391 3940 565 3988; x_wconf 90' lang='lat' dir='ltr'><strong>totum</strong></span> <span class='ocrx_word' id='word_1_552' title='bbox 591 3939 677 3985; x_wconf 88' lang='lat' dir='ltr'><strong>est</strong></span> <span class='ocrx_word' id='word_1_553' title='bbox 698 3932 750 3984; x_wconf 92' lang='lat' dir='ltr'><strong>in</strong></span> <span class='ocrx_word' id='word_1_554' title='bbox 771 3930 1004 3984; x_wconf 86' lang='lat' dir='ltr'><strong>Deitatis</strong></span> <span class='ocrx_word' id='word_1_555' title='bbox 1019 3930 1252 3986; x_wconf 78' lang='lat' dir='ltr'><strong>veritate</strong></span> <span class='ocrx_word' id='word_1_556' title='bbox 1269 3943 1579 3984; x_wconf 91' lang='lat' dir='ltr'><strong>commune.</strong></span> <span class='ocrx_word' id='word_1_557' title='bbox 1604 3928 1708 3984; x_wconf 89' lang='lat' dir='ltr'><strong>Per</strong></span> <span class='ocrx_word' id='word_1_558' title='bbox 1723 3927 1990 3998; x_wconf 74' lang='lat' dir='ltr'><strong>jusdtiam</strong></span> 
     </span>
    </p>
   </div>
   <div class='ocr_carea' id='block_1_71' title="bbox 391 4019 1989 4090">
    <p class='ocr_par' dir='ltr' id='par_1_71' title="bbox 391 4019 1989 4090">
     <span class='ocr_line' id='line_1_71' title="bbox 391 4019 1989 4090; baseline -0.004 -10"><span class='ocrx_word' id='word_1_559' title='bbox 391 4024 557 4080; x_wconf 82' lang='lat' dir='ltr'><strong>etiam</strong></span> <span class='ocrx_word' id='word_1_560' title='bbox 616 4024 757 4077; x_wconf 86' lang='lat' dir='ltr'><strong>fiunt</strong></span> <span class='ocrx_word' id='word_1_561' title='bbox 809 4021 1042 4077; x_wconf 88' lang='lat' dir='ltr'><strong>comites</strong></span> <span class='ocrx_word' id='word_1_562' title='bbox 1084 4020 1422 4083; x_wconf 84' lang='lat' dir='ltr'><strong>Salvaturis,</strong></span> <span class='ocrx_word' id='word_1_563' title='bbox 1484 4035 1583 4088; x_wconf 86' lang='lat' dir='ltr'><strong>per</strong></span> <span class='ocrx_word' id='word_1_564' title='bbox 1647 4019 1989 4090; x_wconf 89' lang='lat' dir='ltr'><strong>prudentiam</strong></span> 
     </span>
    </p>
   </div>
   <div class='ocr_carea' id='block_1_72' title="bbox 392 4112 1989 4183">
    <p class='ocr_par' dir='ltr' id='par_1_72' title="bbox 392 4112 1989 4183">
     <span class='ocr_line' id='line_1_72' title="bbox 392 4112 1989 4183; baseline -0.003 -12"><span class='ocrx_word' id='word_1_565' title='bbox 392 4115 599 4175; x_wconf 66' lang='lat' dir='ltr'><strong>aemuli,</strong></span> <span class='ocrx_word' id='word_1_566' title='bbox 621 4129 719 4182; x_wconf 89' lang='lat' dir='ltr'><strong>per</strong></span> <span class='ocrx_word' id='word_1_567' title='bbox 739 4129 892 4168; x_wconf 91' lang='lat' dir='ltr'><strong>usum</strong></span> <span class='ocrx_word' id='word_1_568' title='bbox 917 4123 1132 4168; x_wconf 87' lang='lat' dir='ltr'><strong>artuum</strong></span> <span class='ocrx_word' id='word_1_569' title='bbox 1156 4113 1539 4182; x_wconf 90' lang='lat' dir='ltr'><strong>concorporei,</strong></span> <span class='ocrx_word' id='word_1_570' title='bbox 1559 4128 1655 4182; x_wconf 87' lang='lat' dir='ltr'><strong>per</strong></span> <span class='ocrx_word' id='word_1_571' title='bbox 1670 4112 1989 4183; x_wconf 83' lang='lat' dir='ltr'><strong>sanguinem</strong></span> 
     </span>
    </p>
   </div>
   <div class='ocr_carea' id='block_1_73' title="bbox 389 4205 1994 4276">
    <p class='ocr_par' dir='ltr' id='par_1_73' title="bbox 389 4205 1994 4276">
     <span class='ocr_line' id='line_1_73' title="bbox 389 4205 1994 4276; baseline -0.002 -12"><span class='ocrx_word' id='word_1_572' title='bbox 389 4206 816 4276; x_wconf 68' lang='lat' dir='ltr'><strong>consanguinei,</strong></span> <span class='ocrx_word' id='word_1_573' title='bbox 861 4221 957 4275; x_wconf 87' lang='lat' dir='ltr'><strong>per</strong></span> <span class='ocrx_word' id='word_1_574' title='bbox 1018 4205 1211 4259; x_wconf 78' lang='lat' dir='ltr'><strong>ltostize</strong></span> <span class='ocrx_word' id='word_1_575' title='bbox 1265 4205 1798 4260; x_wconf 88' lang='lat' dir='ltr'><strong>consummationem</strong></span> <span class='ocrx_word' id='word_1_576' title='bbox 1858 4207 1994 4260; x_wconf 84' lang='lat' dir='ltr'><strong>ﬁunt</strong></span> 
     </span>
    </p>
   </div>
   <div class='ocr_carea' id='block_1_74' title="bbox 392 4297 1990 4365">
    <p class='ocr_par' dir='ltr' id='par_1_74' title="bbox 392 4297 1990 4365">
     <span class='ocr_line' id='line_1_74' title="bbox 392 4297 1990 4365; baseline -0.002 -9"><span class='ocrx_word' id='word_1_577' title='bbox 392 4300 576 4356; x_wconf 82' lang='lat' dir='ltr'><strong>Crucis</strong></span> <span class='ocrx_word' id='word_1_578' title='bbox 631 4297 938 4352; x_wconf 66' lang='lat' dir='ltr'><strong>aeternitate</strong></span> <span class='ocrx_word' id='word_1_579' title='bbox 975 4307 1282 4353; x_wconf 85' lang='lat' dir='ltr'><strong>consortes.</strong></span> <span class='ocrx_word' id='word_1_580' title='bbox 1335 4297 1612 4365; x_wconf 88' lang='lat' dir='ltr'><strong>Scriptum</strong></span> <span class='ocrx_word' id='word_1_581' title='bbox 1669 4305 1754 4351; x_wconf 86' lang='lat' dir='ltr'><strong>est</strong></span> <span class='ocrx_word' id='word_1_582' title='bbox 1801 4298 1990 4353; x_wconf 87' lang='lat' dir='ltr'><strong>enim:</strong></span> 
     </span>
    </p>
   </div>
   <div class='ocr_carea' id='block_1_75' title="bbox 393 4389 1991 4450">
    <p class='ocr_par' dir='ltr' id='par_1_75' title="bbox 393 4389 1991 4450">
     <span class='ocr_line' id='line_1_75' title="bbox 393 4389 1991 4450; baseline -0.002 -1"><span class='ocrx_word' id='word_1_583' title='bbox 393 4392 630 4450; x_wconf 79' lang='lat' dir='ltr'><strong>Ascendo</strong></span> <span class='ocrx_word' id='word_1_584' title='bbox 652 4392 719 4444; x_wconf 86' lang='lat' dir='ltr'><strong>ad</strong></span> <span class='ocrx_word' id='word_1_585' title='bbox 749 4390 958 4445; x_wconf 86' lang='lat' dir='ltr'><strong>Patrem</strong></span> <span class='ocrx_word' id='word_1_586' title='bbox 998 4407 1164 4446; x_wconf 79' lang='lat' dir='ltr'><strong>meum</strong></span> <span class='ocrx_word' id='word_1_587' title='bbox 1205 4400 1250 4444; x_wconf 89' lang='lat' dir='ltr'><strong>et</strong></span> <span class='ocrx_word' id='word_1_588' title='bbox 1281 4391 1350 4443; x_wconf 88' lang='lat' dir='ltr'><strong>ad</strong></span> <span class='ocrx_word' id='word_1_589' title='bbox 1387 4389 1598 4444; x_wconf 87' lang='lat' dir='ltr'><strong>Patrem</strong></span> <span class='ocrx_word' id='word_1_590' title='bbox 1641 4399 1882 4444; x_wconf 73' lang='lat' dir='ltr'><strong>vestrum.</strong></span> <span class='ocrx_word' id='word_1_591' title='bbox 1932 4391 1991 4448; x_wconf 88' lang='lat' dir='ltr'><strong>Si</strong></span> 
     </span>
    </p>
   </div>
   <div class='ocr_carea' id='block_1_76' title="bbox 2089 3172 3688 3254">
    <p class='ocr_par' dir='ltr' id='par_1_76' title="bbox 2089 3172 3688 3254">
     <span class='ocr_line' id='line_1_76' title="bbox 2089 3172 3688 3254; baseline 0.008 -27"><span class='ocrx_word' id='word_1_592' title='bbox 2089 3172 2341 3228; x_wconf 84' lang='lat' dir='ltr'><strong>Forsitan</strong></span> <span class='ocrx_word' id='word_1_593' title='bbox 2371 3174 2476 3231; x_wconf 93' lang='lat' dir='ltr'><strong>hoc</strong></span> <span class='ocrx_word' id='word_1_594' title='bbox 2503 3176 2620 3232; x_wconf 88' lang='lat' dir='ltr'><strong>loco</strong></span> <span class='ocrx_word' id='word_1_595' title='bbox 2642 3177 2909 3248; x_wconf 83' lang='lat' dir='ltr'><strong>quispiam</strong></span> <span class='ocrx_word' id='word_1_596' title='bbox 2934 3180 3223 3245; x_wconf 77' lang='lat' dir='ltr'><strong>exclamet,</strong></span> <span class='ocrx_word' id='word_1_597' title='bbox 3257 3189 3314 3237; x_wconf 91' lang='lat' dir='ltr'><strong>et</strong></span> <span class='ocrx_word' id='word_1_598' title='bbox 3341 3181 3506 3248; x_wconf 88' lang='lat' dir='ltr'><strong>dicat,</strong></span> <span class='ocrx_word' id='word_1_599' title='bbox 3541 3182 3688 3254; x_wconf 83' lang='lat' dir='ltr'><strong>Ergo</strong></span> 
     </span>
    </p>
   </div>
   <div class='ocr_carea' id='block_1_77' title="bbox 2093 3266 3689 3342">
    <p class='ocr_par' dir='ltr' id='par_1_77' title="bbox 2093 3266 3689 3342">
     <span class='ocr_line' id='line_1_77' title="bbox 2093 3266 3689 3342; baseline 0.008 -23"><span class='ocrx_word' id='word_1_600' title='bbox 2093 3266 2195 3321; x_wconf 90' lang='lat' dir='ltr'><strong>hoc</strong></span> <span class='ocrx_word' id='word_1_601' title='bbox 2224 3276 2448 3339; x_wconf 80' lang='lat' dir='ltr'><strong>martyr,</strong></span> <span class='ocrx_word' id='word_1_602' title='bbox 2475 3269 2616 3338; x_wconf 92' lang='lat' dir='ltr'><strong>quod</strong></span> <span class='ocrx_word' id='word_1_603' title='bbox 2652 3270 2822 3337; x_wconf 90' lang='lat' dir='ltr'><strong>prima</strong></span> <span class='ocrx_word' id='word_1_604' title='bbox 2844 3272 3041 3339; x_wconf 88' lang='lat' dir='ltr'><strong>virtus,</strong></span> <span class='ocrx_word' id='word_1_605' title='bbox 3071 3281 3127 3327; x_wconf 90' lang='lat' dir='ltr'><strong>et</strong></span> <span class='ocrx_word' id='word_1_606' title='bbox 3160 3272 3434 3342; x_wconf 90' lang='lat' dir='ltr'><strong>absoluta,</strong></span> <span class='ocrx_word' id='word_1_607' title='bbox 3466 3275 3689 3332; x_wconf 90' lang='lat' dir='ltr'><strong>inenar-</strong></span> 
     </span>
    </p>
   </div>
   <div class='ocr_carea' id='block_1_78' title="bbox 2092 3359 3692 3440">
    <p class='ocr_par' dir='ltr' id='par_1_78' title="bbox 2092 3359 3692 3440">
     <span class='ocr_line' id='line_1_78' title="bbox 2092 3359 3692 3440; baseline 0.008 -26"><span class='ocrx_word' id='word_1_608' title='bbox 2092 3359 2387 3427; x_wconf 84' lang='lat' dir='ltr'><strong>rabilisque</strong></span> <span class='ocrx_word' id='word_1_609' title='bbox 2426 3363 2727 3418; x_wconf 83' lang='lat' dir='ltr'><strong>substantia</strong></span> <span class='ocrx_word' id='word_1_610' title='bbox 2764 3363 3027 3419; x_wconf 77' lang='lat' dir='ltr'><strong>Deitatis?</strong></span> <span class='ocrx_word' id='word_1_611' title='bbox 3068 3365 3192 3421; x_wconf 91' lang='lat' dir='ltr'><strong>dico</strong></span> <span class='ocrx_word' id='word_1_612' title='bbox 3224 3365 3366 3423; x_wconf 89' lang='lat' dir='ltr'><strong>idem</strong></span> <span class='ocrx_word' id='word_1_613' title='bbox 3417 3382 3542 3424; x_wconf 81' lang='lat' dir='ltr'><strong>esse</strong></span> <span class='ocrx_word' id='word_1_614' title='bbox 3591 3384 3692 3440; x_wconf 87' lang='lat' dir='ltr'><strong>per</strong></span> 
     </span>
    </p>
   </div>
   <div class='ocr_carea' id='block_1_79' title="bbox 2089 3452 3683 3530">
    <p class='ocr_par' dir='ltr' id='par_1_79' title="bbox 2089 3452 3683 3530">
     <span class='ocr_line' id='line_1_79' title="bbox 2089 3452 3683 3530; baseline 0.006 -23"><span class='ocrx_word' id='word_1_615' title='bbox 2089 3452 2440 3519; x_wconf 84' lang='lat' dir='ltr'><strong>beneficium,</strong></span> <span class='ocrx_word' id='word_1_616' title='bbox 2471 3471 2576 3509; x_wconf 91' lang='lat' dir='ltr'><strong>non</strong></span> <span class='ocrx_word' id='word_1_617' title='bbox 2603 3471 2698 3525; x_wconf 90' lang='lat' dir='ltr'><strong>per</strong></span> <span class='ocrx_word' id='word_1_618' title='bbox 2729 3459 3156 3527; x_wconf 83' lang='lat' dir='ltr'><strong>proprietatem;</strong></span> <span class='ocrx_word' id='word_1_619' title='bbox 3190 3475 3286 3528; x_wconf 89' lang='lat' dir='ltr'><strong>per</strong></span> <span class='ocrx_word' id='word_1_620' title='bbox 3311 3459 3683 3530; x_wconf 89' lang='lat' dir='ltr'><strong>adoptionem,</strong></span> 
     </span>
    </p>
   </div>
   <div class='ocr_carea' id='block_1_80' title="bbox 2091 3547 3688 3621">
    <p class='ocr_par' dir='ltr' id='par_1_80' title="bbox 2091 3547 3688 3621">
     <span class='ocr_line' id='line_1_80' title="bbox 2091 3547 3688 3621; baseline 0.008 -23"><span class='ocrx_word' id='word_1_621' title='bbox 2091 3559 2197 3598; x_wconf 90' lang='lat' dir='ltr'><strong>non</strong></span> <span class='ocrx_word' id='word_1_622' title='bbox 2229 3561 2326 3614; x_wconf 87' lang='lat' dir='ltr'><strong>per</strong></span> <span class='ocrx_word' id='word_1_623' title='bbox 2355 3558 2626 3600; x_wconf 90' lang='lat' dir='ltr'><strong>naturam.</strong></span> <span class='ocrx_word' id='word_1_624' title='bbox 2675 3547 2862 3617; x_wconf 84' lang='lat' dir='ltr'><strong>quue</strong></span> <span class='ocrx_word' id='word_1_625' title='bbox 2894 3548 3012 3603; x_wconf 86' lang='lat' dir='ltr'><strong>fieri</strong></span> <span class='ocrx_word' id='word_1_626' title='bbox 3062 3559 3118 3603; x_wconf 91' lang='lat' dir='ltr'><strong>ut</strong></span> <span class='ocrx_word' id='word_1_627' title='bbox 3143 3563 3266 3605; x_wconf 94' lang='lat' dir='ltr'><strong>cum</strong></span> <span class='ocrx_word' id='word_1_628' title='bbox 3309 3552 3428 3606; x_wconf 88' lang='lat' dir='ltr'><strong>dies</strong></span> <span class='ocrx_word' id='word_1_629' title='bbox 3458 3567 3688 3621; x_wconf 80' lang='lat' dir='ltr'><strong>magnus</strong></span> 
     </span>
    </p>
   </div>
   <div class='ocr_carea' id='block_1_81' title="bbox 2090 3637 3695 3713">
    <p class='ocr_par' dir='ltr' id='par_1_81' title="bbox 2090 3637 3695 3713">
     <span class='ocr_line' id='line_1_81' title="bbox 2090 3637 3695 3713; baseline 0.006 -23"><span class='ocrx_word' id='word_1_630' title='bbox 2090 3637 2391 3702; x_wconf 85' lang='lat' dir='ltr'><strong>advenerit,</strong></span> <span class='ocrx_word' id='word_1_631' title='bbox 2425 3653 2524 3692; x_wconf 87' lang='lat' dir='ltr'><strong>nec</strong></span> <span class='ocrx_word' id='word_1_632' title='bbox 2554 3637 2853 3706; x_wconf 85' lang='lat' dir='ltr'><strong>acquisisse</strong></span> <span class='ocrx_word' id='word_1_633' title='bbox 2884 3639 3133 3694; x_wconf 84' lang='lat' dir='ltr'><strong>videatur</strong></span> <span class='ocrx_word' id='word_1_634' title='bbox 3161 3641 3251 3696; x_wconf 89' lang='lat' dir='ltr'><strong>ille</strong></span> <span class='ocrx_word' id='word_1_635' title='bbox 3291 3641 3383 3712; x_wconf 91' lang='lat' dir='ltr'><strong>qui</strong></span> <span class='ocrx_word' id='word_1_636' title='bbox 3413 3644 3695 3713; x_wconf 88' lang='lat' dir='ltr'><strong>acceperit</strong></span> 
     </span>
    </p>
   </div>
   <div class='ocr_carea' id='block_1_82' title="bbox 2092 3727 3692 3801">
    <p class='ocr_par' dir='ltr' id='par_1_82' title="bbox 2092 3727 3692 3801">
     <span class='ocr_line' id='line_1_82' title="bbox 2092 3727 3692 3801; baseline 0.005 -19"><span class='ocrx_word' id='word_1_637' title='bbox 2092 3727 2402 3798; x_wconf 88' lang='lat' dir='ltr'><strong>imperium,</strong></span> <span class='ocrx_word' id='word_1_638' title='bbox 2458 3743 2558 3783; x_wconf 88' lang='lat' dir='ltr'><strong>nec</strong></span> <span class='ocrx_word' id='word_1_639' title='bbox 2605 3729 2867 3786; x_wconf 88' lang='lat' dir='ltr'><strong>minuisse</strong></span> <span class='ocrx_word' id='word_1_640' title='bbox 2912 3731 3025 3796; x_wconf 86' lang='lat' dir='ltr'><strong>ille,</strong></span> <span class='ocrx_word' id='word_1_641' title='bbox 3060 3732 3151 3801; x_wconf 87' lang='lat' dir='ltr'><strong>qui</strong></span> <span class='ocrx_word' id='word_1_642' title='bbox 3185 3731 3359 3788; x_wconf 90' lang='lat' dir='ltr'><strong>dedit.</strong></span> <span class='ocrx_word' id='word_1_643' title='bbox 3391 3732 3692 3791; x_wconf 87' lang='lat' dir='ltr'><strong>Clementis</strong></span> 
     </span>
    </p>
   </div>
   <div class='ocr_carea' id='block_1_83' title="bbox 2093 3819 3687 3897">
    <p class='ocr_par' dir='ltr' id='par_1_83' title="bbox 2093 3819 3687 3897">
     <span class='ocr_line' id='line_1_83' title="bbox 2093 3819 3687 3897; baseline 0.006 -23"><span class='ocrx_word' id='word_1_644' title='bbox 2093 3819 2329 3890; x_wconf 88' lang='lat' dir='ltr'><strong>bonique</strong></span> <span class='ocrx_word' id='word_1_645' title='bbox 2355 3820 2735 3889; x_wconf 86' lang='lat' dir='ltr'><strong>disceptatoris</strong></span> <span class='ocrx_word' id='word_1_646' title='bbox 2769 3829 2877 3886; x_wconf 88' lang='lat' dir='ltr'><strong>est,</strong></span> <span class='ocrx_word' id='word_1_647' title='bbox 2911 3822 3211 3893; x_wconf 66' lang='lat' dir='ltr'><strong>praedicare</strong></span> <span class='ocrx_word' id='word_1_648' title='bbox 3255 3832 3402 3892; x_wconf 91' lang='lat' dir='ltr'><strong>ante,</strong></span> <span class='ocrx_word' id='word_1_649' title='bbox 3434 3825 3563 3897; x_wconf 89' lang='lat' dir='ltr'><strong>quid</strong></span> <span class='ocrx_word' id='word_1_650' title='bbox 3591 3843 3687 3884; x_wconf 87' lang='lat' dir='ltr'><strong>ca-</strong></span> 
     </span>
    </p>
   </div>
   <div class='ocr_carea' id='block_1_84' title="bbox 2093 3913 3689 3986">
    <p class='ocr_par' dir='ltr' id='par_1_84' title="bbox 2093 3913 3689 3986">
     <span class='ocr_line' id='line_1_84' title="bbox 2093 3913 3689 3986; baseline 0.008 -20"><span class='ocrx_word' id='word_1_651' title='bbox 2093 3927 2240 3967; x_wconf 79' lang='lat' dir='ltr'><strong>veas.</strong></span> <span class='ocrx_word' id='word_1_652' title='bbox 2275 3913 2414 3968; x_wconf 83' lang='lat' dir='ltr'><strong>Ecce</strong></span> <span class='ocrx_word' id='word_1_653' title='bbox 2445 3913 2602 3969; x_wconf 86' lang='lat' dir='ltr'><strong>nobis</strong></span> <span class='ocrx_word' id='word_1_654' title='bbox 2633 3915 2786 3969; x_wconf 88' lang='lat' dir='ltr'><strong>velut</strong></span> <span class='ocrx_word' id='word_1_655' title='bbox 2817 3915 3045 3984; x_wconf 72' lang='lat' dir='ltr'><strong>prmlato</strong></span> <span class='ocrx_word' id='word_1_656' title='bbox 3078 3916 3432 3986; x_wconf 86' lang='lat' dir='ltr'><strong>reliquiarum</strong></span> <span class='ocrx_word' id='word_1_657' title='bbox 3465 3935 3689 3978; x_wconf 83' lang='lat' dir='ltr'><strong>suarum</strong></span> 
     </span>
    </p>
   </div>
   <div class='ocr_carea' id='block_1_85' title="bbox 2093 4003 3694 4069">
    <p class='ocr_par' dir='ltr' id='par_1_85' title="bbox 2093 4003 3694 4069">
     <span class='ocr_line' id='line_1_85' title="bbox 2093 4003 3694 4069; baseline 0.007 -11"><span class='ocrx_word' id='word_1_658' title='bbox 2093 4003 2298 4058; x_wconf 90' lang='lat' dir='ltr'><strong>lumine</strong></span> <span class='ocrx_word' id='word_1_659' title='bbox 2342 4006 2611 4060; x_wconf 90' lang='lat' dir='ltr'><strong>tramitem</strong></span> <span class='ocrx_word' id='word_1_660' title='bbox 2642 4007 2896 4061; x_wconf 88' lang='lat' dir='ltr'><strong>veritatis</strong></span> <span class='ocrx_word' id='word_1_661' title='bbox 2933 4007 3254 4063; x_wconf 89' lang='lat' dir='ltr'><strong>ostendunt.</strong></span> <span class='ocrx_word' id='word_1_662' title='bbox 3292 4009 3501 4066; x_wconf 87' lang='lat' dir='ltr'><strong>Doceut</strong></span> <span class='ocrx_word' id='word_1_663' title='bbox 3541 4028 3694 4069; x_wconf 89' lang='lat' dir='ltr'><strong>reve-</strong></span> 
     </span>
    </p>
   </div>
   <div class='ocr_carea' id='block_1_86' title="bbox 2095 4095 3695 4170">
    <p class='ocr_par' dir='ltr' id='par_1_86' title="bbox 2095 4095 3695 4170">
     <span class='ocr_line' id='line_1_86' title="bbox 2095 4095 3695 4170; baseline 0.006 -19"><span class='ocrx_word' id='word_1_664' title='bbox 2095 4097 2350 4162; x_wconf 89' lang='lat' dir='ltr'><strong>rentiam,</strong></span> <span class='ocrx_word' id='word_1_665' title='bbox 2395 4095 2580 4161; x_wconf 90' lang='lat' dir='ltr'><strong>fidem,</strong></span> <span class='ocrx_word' id='word_1_666' title='bbox 2639 4097 3006 4168; x_wconf 87' lang='lat' dir='ltr'><strong>prudentiam,</strong></span> <span class='ocrx_word' id='word_1_667' title='bbox 3064 4100 3358 4170; x_wconf 86' lang='lat' dir='ltr'><strong>justitiam,</strong></span> <span class='ocrx_word' id='word_1_668' title='bbox 3418 4103 3695 4161; x_wconf 81' lang='lat' dir='ltr'><strong>fortitudi-</strong></span> 
     </span>
    </p>
   </div>
   <div class='ocr_carea' id='block_1_87' title="bbox 2096 4189 3694 4263">
    <p class='ocr_par' dir='ltr' id='par_1_87' title="bbox 2096 4189 3694 4263">
     <span class='ocr_line' id='line_1_87' title="bbox 2096 4189 3694 4263; baseline 0.008 -20"><span class='ocrx_word' id='word_1_669' title='bbox 2096 4204 2243 4254; x_wconf 85' lang='lat' dir='ltr'><strong>nem,</strong></span> <span class='ocrx_word' id='word_1_670' title='bbox 2269 4189 2643 4256; x_wconf 89' lang='lat' dir='ltr'><strong>concordiam,</strong></span> <span class='ocrx_word' id='word_1_671' title='bbox 2673 4191 3087 4257; x_wconf 89' lang='lat' dir='ltr'><strong>continentiam,</strong></span> <span class='ocrx_word' id='word_1_672' title='bbox 3117 4193 3450 4263; x_wconf 87' lang='lat' dir='ltr'><strong>castitatem,</strong></span> <span class='ocrx_word' id='word_1_673' title='bbox 3478 4196 3608 4253; x_wconf 88' lang='lat' dir='ltr'><strong>dnm</strong></span> <span class='ocrx_word' id='word_1_674' title='bbox 3639 4199 3694 4255; x_wconf 90' lang='lat' dir='ltr'><strong>iu</strong></span> 
     </span>
    </p>
   </div>
   <div class='ocr_carea' id='block_1_88' title="bbox 2095 4275 3694 4360">
    <p class='ocr_par' dir='ltr' id='par_1_88' title="bbox 2095 4275 3694 4360">
     <span class='ocr_line' id='line_1_88' title="bbox 2095 4275 3694 4360; baseline 0.008 -24"><span class='ocrx_word' id='word_1_675' title='bbox 2095 4281 2339 4336; x_wconf 87' lang='lat' dir='ltr'><strong>obsessis</strong></span> <span class='ocrx_word' id='word_1_676' title='bbox 2362 4283 2707 4354; x_wconf 83' lang='lat' dir='ltr'><strong>corporibus,</strong></span> <span class='ocrx_word' id='word_1_677' title='bbox 2739 4284 2821 4338; x_wconf 90' lang='lat' dir='ltr'><strong>bis</strong></span> <span class='ocrx_word' id='word_1_678' title='bbox 2847 4300 2968 4356; x_wconf 78' lang='lat' dir='ltr'><strong>qua-</strong></span> <span class='ocrx_word' id='word_1_679' title='bbox 2987 4275 3114 4341; x_wconf 89' lang='lat' dir='ltr'><strong>sunt</strong></span> <span class='ocrx_word' id='word_1_680' title='bbox 3138 4289 3409 4343; x_wconf 78' lang='lat' dir='ltr'><strong>Contraria</strong></span> <span class='ocrx_word' id='word_1_681' title='bbox 3435 4290 3694 4360; x_wconf 88' lang='lat' dir='ltr'><strong>puniunt,</strong></span> 
     </span>
    </p>
   </div>
   <div class='ocr_carea' id='block_1_89' title="bbox 2096 4378 3691 4455">
    <p class='ocr_par' dir='ltr' id='par_1_89' title="bbox 2096 4378 3691 4455">
     <span class='ocr_line' id='line_1_89' title="bbox 2096 4378 3691 4455; baseline 0.006 -24"><span class='ocrx_word' id='word_1_682' title='bbox 2096 4385 2152 4431; x_wconf 90' lang='lat' dir='ltr'><strong>et</strong></span> <span class='ocrx_word' id='word_1_683' title='bbox 2184 4378 2436 4431; x_wconf 88' lang='lat' dir='ltr'><strong>vitiorum</strong></span> <span class='ocrx_word' id='word_1_684' title='bbox 2465 4387 2720 4434; x_wconf 85' lang='lat' dir='ltr'><strong>amovent</strong></span> <span class='ocrx_word' id='word_1_685' title='bbox 2745 4378 2919 4434; x_wconf 90' lang='lat' dir='ltr'><strong>labes.</strong></span> <span class='ocrx_word' id='word_1_686' title='bbox 2948 4380 3053 4436; x_wconf 91' lang='lat' dir='ltr'><strong>Sed</strong></span> <span class='ocrx_word' id='word_1_687' title='bbox 3075 4381 3212 4438; x_wconf 88' lang='lat' dir='ltr'><strong>banc</strong></span> <span class='ocrx_word' id='word_1_688' title='bbox 3239 4381 3691 4455; x_wconf 85' lang='lat' dir='ltr'><strong>misericordiam,</strong></span> 
     </span>
    </p>
   </div>
   <div class='ocr_carea' id='block_1_90' title="bbox 395 4468 3694 4558">
    <p class='ocr_par' dir='ltr' id='par_1_90' title="bbox 395 4468 3694 4558">
     <span class='ocr_line' id='line_1_90' title="bbox 395 4468 3694 4558; baseline -0 -24"><span class='ocrx_word' id='word_1_689' title='bbox 395 4489 564 4558; x_wconf 73' lang='lat' dir='ltr'><strong>igitur</strong></span> <span class='ocrx_word' id='word_1_690' title='bbox 593 4487 900 4540; x_wconf 73' lang='lat' dir='ltr'><strong>communis</strong></span> <span class='ocrx_word' id='word_1_691' title='bbox 925 4494 1096 4554; x_wconf 80' lang='lat' dir='ltr'><strong>pater,</strong></span> <span class='ocrx_word' id='word_1_692' title='bbox 1127 4499 1449 4540; x_wconf 87' lang='lat' dir='ltr'><strong>communes</strong></span> <span class='ocrx_word' id='word_1_693' title='bbox 1473 4495 1527 4540; x_wconf 87' lang='lat' dir='ltr'><strong>et</strong></span> <span class='ocrx_word' id='word_1_694' title='bbox 1559 4484 1695 4550; x_wconf 82' lang='lat' dir='ltr'><strong>ﬁlii,</strong></span> <span class='ocrx_word' id='word_1_695' title='bbox 1748 4485 1791 4538; x_wconf 92' lang='lat' dir='ltr'><strong>si</strong></span> <span class='ocrx_word' id='word_1_696' title='bbox 1843 4499 1993 4541; x_wconf 81' lang='lat' dir='ltr'><strong>com-</strong></span> <span class='ocrx_word' id='word_1_697' title='bbox 2020 4471 2068 4530; x_wconf 92' lang='lat' dir='ltr'><strong>D</strong></span> <span class='ocrx_word' id='word_1_698' title='bbox 2095 4479 2147 4523; x_wconf 90' lang='lat' dir='ltr'><strong>et</strong></span> <span class='ocrx_word' id='word_1_699' title='bbox 2197 4468 2340 4523; x_wconf 88' lang='lat' dir='ltr'><strong>hunc</strong></span> <span class='ocrx_word' id='word_1_700' title='bbox 2365 4468 2595 4525; x_wconf 90' lang='lat' dir='ltr'><strong>docendi</strong></span> <span class='ocrx_word' id='word_1_701' title='bbox 2639 4469 2916 4537; x_wconf 77' lang='lat' dir='ltr'><strong>all‘eCtum,</strong></span> <span class='ocrx_word' id='word_1_702' title='bbox 2951 4471 3048 4527; x_wconf 89' lang='lat' dir='ltr'><strong>has</strong></span> <span class='ocrx_word' id='word_1_703' title='bbox 3075 4472 3310 4543; x_wconf 88' lang='lat' dir='ltr'><strong>denique</strong></span> <span class='ocrx_word' id='word_1_704' title='bbox 3343 4474 3694 4546; x_wconf 88' lang='lat' dir='ltr'><strong>reliquiarum</strong></span> 
     </span>
    </p>
   </div>
   <div class='ocr_carea' id='block_1_91' title="bbox 393 4576 1996 4640">
    <p class='ocr_par' dir='ltr' id='par_1_91' title="bbox 393 4576 1996 4640">
     <span class='ocr_line' id='line_1_91' title="bbox 393 4576 1996 4640; baseline 0.003 -12"><span class='ocrx_word' id='word_1_705' title='bbox 393 4593 591 4636; x_wconf 80' lang='lat' dir='ltr'><strong>manes</strong></span> <span class='ocrx_word' id='word_1_706' title='bbox 623 4577 740 4640; x_wconf 89' lang='lat' dir='ltr'><strong>filii,</strong></span> <span class='ocrx_word' id='word_1_707' title='bbox 767 4577 1076 4630; x_wconf 90' lang='lat' dir='ltr'><strong>communis</strong></span> <span class='ocrx_word' id='word_1_708' title='bbox 1105 4576 1417 4639; x_wconf 74' lang='lat' dir='ltr'><strong>ltmreditas,</strong></span> <span class='ocrx_word' id='word_1_709' title='bbox 1463 4577 1507 4631; x_wconf 91' lang='lat' dir='ltr'><strong>si</strong></span> <span class='ocrx_word' id='word_1_710' title='bbox 1539 4577 1849 4632; x_wconf 87' lang='lat' dir='ltr'><strong>communis</strong></span> <span class='ocrx_word' id='word_1_711' title='bbox 1881 4576 1996 4633; x_wconf 74' lang='lat' dir='ltr'><strong>hm-</strong></span> 
     </span>
    </p>
   </div>
   <div class='ocr_carea' id='block_1_92' title="bbox 396 4669 1996 4739">
    <p class='ocr_par' dir='ltr' id='par_1_92' title="bbox 396 4669 1996 4739">
     <span class='ocr_line' id='line_1_92' title="bbox 396 4669 1996 4739; baseline -0.003 -10"><span class='ocrx_word' id='word_1_712' title='bbox 396 4671 626 4732; x_wconf 83' lang='lat' dir='ltr'><strong>reditas,</strong></span> <span class='ocrx_word' id='word_1_713' title='bbox 658 4671 963 4726; x_wconf 89' lang='lat' dir='ltr'><strong>communis</strong></span> <span class='ocrx_word' id='word_1_714' title='bbox 992 4671 1288 4724; x_wconf 65' lang='lat' dir='ltr'><strong>aeternitas.</strong></span> <span class='ocrx_word' id='word_1_715' title='bbox 1314 4669 1500 4724; x_wconf 89' lang='lat' dir='ltr'><strong>Sancti</strong></span> <span class='ocrx_word' id='word_1_716' title='bbox 1534 4679 1716 4723; x_wconf 83' lang='lat' dir='ltr'><strong>autent</strong></span> <span class='ocrx_word' id='word_1_717' title='bbox 1742 4679 1871 4723; x_wconf 83' lang='lat' dir='ltr'><strong>sunt</strong></span> <span class='ocrx_word' id='word_1_718' title='bbox 1895 4683 1996 4739; x_wconf 89' lang='lat' dir='ltr'><strong>per</strong></span> 
     </span>
    </p>
   </div>
   <div class='ocr_carea' id='block_1_93' title="bbox 395 4761 1995 4830">
    <p class='ocr_par' dir='ltr' id='par_1_93' title="bbox 395 4761 1995 4830">
     <span class='ocr_line' id='line_1_93' title="bbox 395 4761 1995 4830; baseline -0.003 -11"><span class='ocrx_word' id='word_1_719' title='bbox 395 4763 681 4819; x_wconf 81' lang='lat' dir='ltr'><strong>victoriam</strong></span> <span class='ocrx_word' id='word_1_720' title='bbox 716 4761 1126 4817; x_wconf 88' lang='lat' dir='ltr'><strong>immortalitate</strong></span> <span class='ocrx_word' id='word_1_721' title='bbox 1174 4761 1389 4825; x_wconf 83' lang='lat' dir='ltr'><strong>donati,</strong></span> <span class='ocrx_word' id='word_1_722' title='bbox 1435 4771 1722 4830; x_wconf 86' lang='lat' dir='ltr'><strong>superest,</strong></span> <span class='ocrx_word' id='word_1_723' title='bbox 1776 4770 1834 4816; x_wconf 93' lang='lat' dir='ltr'><strong>ut</strong></span> <span class='ocrx_word' id='word_1_724' title='bbox 1887 4775 1995 4816; x_wconf 91' lang='lat' dir='ltr'><strong>non</strong></span> 
     </span>
    </p>
   </div>
   <div class='ocr_carea' id='block_1_94' title="bbox 398 4852 1993 4920">
    <p class='ocr_par' dir='ltr' id='par_1_94' title="bbox 398 4852 1993 4920">
     <span class='ocr_line' id='line_1_94' title="bbox 398 4852 1993 4920; baseline -0.003 -7"><span class='ocrx_word' id='word_1_725' title='bbox 398 4859 599 4918; x_wconf 85' lang='lat' dir='ltr'><strong>divisa,</strong></span> <span class='ocrx_word' id='word_1_726' title='bbox 627 4857 723 4912; x_wconf 88' lang='lat' dir='ltr'><strong>sed</strong></span> <span class='ocrx_word' id='word_1_727' title='bbox 751 4871 856 4911; x_wconf 82' lang='lat' dir='ltr'><strong>una</strong></span> <span class='ocrx_word' id='word_1_728' title='bbox 887 4857 958 4910; x_wconf 90' lang='lat' dir='ltr'><strong>sit</strong></span> <span class='ocrx_word' id='word_1_729' title='bbox 984 4853 1282 4910; x_wconf 85' lang='lat' dir='ltr'><strong>auctoritas</strong></span> <span class='ocrx_word' id='word_1_730' title='bbox 1307 4854 1678 4909; x_wconf 87' lang='lat' dir='ltr'><strong>voluntatum.</strong></span> <span class='ocrx_word' id='word_1_731' title='bbox 1713 4852 1838 4920; x_wconf 84' lang='lat' dir='ltr'><strong>Ipso</strong></span> <span class='ocrx_word' id='word_1_732' title='bbox 1888 4852 1993 4908; x_wconf 89' lang='lat' dir='ltr'><strong>hoc</strong></span> 
     </span>
    </p>
   </div>
   <div class='ocr_carea' id='block_1_95' title="bbox 399 4947 1999 5021">
    <p class='ocr_par' dir='ltr' id='par_1_95' title="bbox 399 4947 1999 5021">
     <span class='ocr_line' id='line_1_95' title="bbox 399 4947 1999 5021; baseline -0.002 -17"><span class='ocrx_word' id='word_1_733' title='bbox 399 4952 539 5018; x_wconf 86' lang='lat' dir='ltr'><strong>apud</strong></span> <span class='ocrx_word' id='word_1_734' title='bbox 566 4961 774 5016; x_wconf 87' lang='lat' dir='ltr'><strong>patrem</strong></span> <span class='ocrx_word' id='word_1_735' title='bbox 805 4950 1034 5006; x_wconf 90' lang='lat' dir='ltr'><strong>Domino</strong></span> <span class='ocrx_word' id='word_1_736' title='bbox 1077 4959 1443 5021; x_wconf 87' lang='lat' dir='ltr'><strong>prosequente</strong></span> <span class='ocrx_word' id='word_1_737' title='bbox 1476 4967 1489 5005; x_wconf 92' lang='lat'>:</span> <span class='ocrx_word' id='word_1_738' title='bbox 1520 4947 1698 5015; x_wconf 88' lang='lat' dir='ltr'><strong>Pater,</strong></span> <span class='ocrx_word' id='word_1_739' title='bbox 1724 4948 1999 5016; x_wconf 79' lang='lat' dir='ltr'><strong>sancti/ica</strong></span> 
     </span>
    </p>
   </div>
   <div class='ocr_carea' id='block_1_96' title="bbox 402 5039 2004 5113">
    <p class='ocr_par' dir='ltr' id='par_1_96' title="bbox 402 5039 2004 5113">
     <span class='ocr_line' id='line_1_96' title="bbox 402 5039 2004 5113; baseline -0.004 -13"><span class='ocrx_word' id='word_1_740' title='bbox 402 5046 524 5101; x_wconf 84' lang='lat' dir='ltr'><strong>illos</strong></span> <span class='ocrx_word' id='word_1_741' title='bbox 541 5046 595 5100; x_wconf 84' lang='lat' dir='ltr'><strong>in</strong></span> <span class='ocrx_word' id='word_1_742' title='bbox 620 5046 852 5113; x_wconf 76' lang='lat' dir='ltr'><strong>veritate,</strong></span> <span class='ocrx_word' id='word_1_743' title='bbox 882 5043 1090 5098; x_wconf 83' lang='lat' dir='ltr'><strong>verbum</strong></span> <span class='ocrx_word' id='word_1_744' title='bbox 1118 5053 1264 5097; x_wconf 87' lang='lat' dir='ltr'><strong>tuum</strong></span> <span class='ocrx_word' id='word_1_745' title='bbox 1291 5042 1478 5096; x_wconf 82' lang='lat' dir='ltr'><strong>veritas</strong></span> <span class='ocrx_word' id='word_1_746' title='bbox 1499 5050 1594 5095; x_wconf 87' lang='lat' dir='ltr'><strong>est.</strong></span> <span class='ocrx_word' id='word_1_747' title='bbox 1631 5039 1780 5096; x_wconf 85' lang='lat' dir='ltr'><strong>Sicut</strong></span> <span class='ocrx_word' id='word_1_748' title='bbox 1819 5050 1874 5092; x_wconf 85' lang='lat' dir='ltr'><strong>tu</strong></span> <span class='ocrx_word' id='word_1_749' title='bbox 1923 5055 2004 5094; x_wconf 88' lang='lat' dir='ltr'><strong>me</strong></span> 
     </span>
    </p>
   </div>
   <div class='ocr_carea' id='block_1_97' title="bbox 401 5133 1998 5209">
    <p class='ocr_par' dir='ltr' id='par_1_97' title="bbox 401 5133 1998 5209">
     <span class='ocr_line' id='line_1_97' title="bbox 401 5133 1998 5209; baseline -0.005 -13"><span class='ocrx_word' id='word_1_750' title='bbox 401 5142 588 5196; x_wconf 79' lang='lat' dir='ltr'><strong>misisti</strong></span> <span class='ocrx_word' id='word_1_751' title='bbox 611 5141 663 5193; x_wconf 83' lang='lat' dir='ltr'><strong>in</strong></span> <span class='ocrx_word' id='word_1_752' title='bbox 689 5137 905 5203; x_wconf 78' lang='lat' dir='ltr'><strong>steculo,</strong></span> <span class='ocrx_word' id='word_1_753' title='bbox 939 5147 987 5192; x_wconf 89' lang='lat' dir='ltr'><strong>et</strong></span> <span class='ocrx_word' id='word_1_754' title='bbox 1013 5155 1104 5209; x_wconf 87' lang='lat' dir='ltr'><strong>ego</strong></span> <span class='ocrx_word' id='word_1_755' title='bbox 1153 5137 1270 5192; x_wconf 87' lang='lat' dir='ltr'><strong>misi</strong></span> <span class='ocrx_word' id='word_1_756' title='bbox 1312 5154 1396 5191; x_wconf 88' lang='lat' dir='ltr'><strong>eos</strong></span> <span class='ocrx_word' id='word_1_757' title='bbox 1439 5136 1493 5189; x_wconf 87' lang='lat' dir='ltr'><strong>in</strong></span> <span class='ocrx_word' id='word_1_758' title='bbox 1537 5135 1753 5190; x_wconf 81' lang='lat' dir='ltr'><strong>sreculo.</strong></span> <span class='ocrx_word' id='word_1_759' title='bbox 1787 5133 1853 5188; x_wconf 79' lang='lat' dir='ltr'><strong>Et</strong></span> <span class='ocrx_word' id='word_1_760' title='bbox 1905 5151 1998 5202; x_wconf 86' lang='lat' dir='ltr'><strong>pro</strong></span> 
     </span>
    </p>
   </div>
   <div class='ocr_carea' id='block_1_98' title="bbox 403 5229 1999 5304">
    <p class='ocr_par' dir='ltr' id='par_1_98' title="bbox 403 5229 1999 5304">
     <span class='ocr_line' id='line_1_98' title="bbox 403 5229 1999 5304; baseline -0.007 -13"><span class='ocrx_word' id='word_1_761' title='bbox 403 5237 477 5291; x_wconf 86' lang='lat' dir='ltr'><strong>eis</strong></span> <span class='ocrx_word' id='word_1_762' title='bbox 499 5234 766 5304; x_wconf 75' lang='lat' dir='ltr'><strong>sancti/ica</strong></span> <span class='ocrx_word' id='word_1_763' title='bbox 792 5249 891 5294; x_wconf 89' lang='lat' dir='ltr'><strong>me,</strong></span> <span class='ocrx_word' id='word_1_764' title='bbox 917 5241 970 5286; x_wconf 90' lang='lat' dir='ltr'><strong>ut</strong></span> <span class='ocrx_word' id='word_1_765' title='bbox 991 5232 1096 5285; x_wconf 88' lang='lat' dir='ltr'><strong>sint</strong></span> <span class='ocrx_word' id='word_1_766' title='bbox 1117 5240 1164 5284; x_wconf 90' lang='lat' dir='ltr'><strong>et</strong></span> <span class='ocrx_word' id='word_1_767' title='bbox 1197 5231 1296 5300; x_wconf 82' lang='lat' dir='ltr'><strong>ipsi</strong></span> <span class='ocrx_word' id='word_1_768' title='bbox 1321 5229 1630 5298; x_wconf 83' lang='lat' dir='ltr'><strong>sancti/icati</strong></span> <span class='ocrx_word' id='word_1_769' title='bbox 1665 5229 1717 5281; x_wconf 86' lang='lat' dir='ltr'><strong>in</strong></span> <span class='ocrx_word' id='word_1_770' title='bbox 1749 5229 1999 5293; x_wconf 82' lang='lat' dir='ltr'><strong>veritate;</strong></span> 
     </span>
    </p>
   </div>
   <div class='ocr_carea' id='block_1_99' title="bbox 405 5319 2005 5398">
    <p class='ocr_par' dir='ltr' id='par_1_99' title="bbox 405 5319 2005 5398">
     <span class='ocr_line' id='line_1_99' title="bbox 405 5319 2005 5398; baseline -0.006 -15"><span class='ocrx_word' id='word_1_771' title='bbox 405 5345 507 5384; x_wconf 82' lang='lat' dir='ltr'><strong>non</strong></span> <span class='ocrx_word' id='word_1_772' title='bbox 531 5328 701 5383; x_wconf 88' lang='lat' dir='ltr'><strong>solum</strong></span> <span class='ocrx_word' id='word_1_773' title='bbox 729 5343 821 5398; x_wconf 85' lang='lat' dir='ltr'><strong>pro</strong></span> <span class='ocrx_word' id='word_1_774' title='bbox 850 5325 931 5380; x_wconf 86' lang='lat' dir='ltr'><strong>his</strong></span> <span class='ocrx_word' id='word_1_775' title='bbox 961 5333 1008 5378; x_wconf 86' lang='lat' dir='ltr'><strong>te</strong></span> <span class='ocrx_word' id='word_1_776' title='bbox 1027 5340 1170 5392; x_wconf 89' lang='lat' dir='ltr'><strong>rogo,</strong></span> <span class='ocrx_word' id='word_1_777' title='bbox 1201 5322 1290 5377; x_wconf 88' lang='lat' dir='ltr'><strong>sed</strong></span> <span class='ocrx_word' id='word_1_778' title='bbox 1329 5323 1480 5374; x_wconf 87' lang='lat' dir='ltr'><strong>etiam</strong></span> <span class='ocrx_word' id='word_1_779' title='bbox 1508 5337 1600 5392; x_wconf 80' lang='lat' dir='ltr'><strong>pro</strong></span> <span class='ocrx_word' id='word_1_780' title='bbox 1626 5321 1697 5374; x_wconf 88' lang='lat' dir='ltr'><strong>eis</strong></span> <span class='ocrx_word' id='word_1_781' title='bbox 1722 5320 1806 5390; x_wconf 86' lang='lat' dir='ltr'><strong>qui</strong></span> <span class='ocrx_word' id='word_1_782' title='bbox 1837 5319 2005 5374; x_wconf 90' lang='lat' dir='ltr'><strong>credi-</strong></span> 
     </span>
    </p>
   </div>
   <div class='ocr_carea' id='block_1_100' title="bbox 405 5398 2004 5489">
    <p class='ocr_par' dir='ltr' id='par_1_100' title="bbox 405 5398 2004 5489">
     <span class='ocr_line' id='line_1_100' title="bbox 405 5398 2004 5489; baseline -0.008 -13"><span class='ocrx_word' id='word_1_783' title='bbox 405 5421 508 5476; x_wconf 85' lang='lat' dir='ltr'><strong>turi</strong></span> <span class='ocrx_word' id='word_1_784' title='bbox 530 5430 652 5475; x_wconf 89' lang='lat' dir='ltr'><strong>sunt</strong></span> <span class='ocrx_word' id='word_1_785' title='bbox 680 5420 733 5474; x_wconf 85' lang='lat' dir='ltr'><strong>in</strong></span> <span class='ocrx_word' id='word_1_786' title='bbox 763 5435 861 5485; x_wconf 87' lang='lat' dir='ltr'><strong>me,</strong></span> <span class='ocrx_word' id='word_1_787' title='bbox 885 5398 976 5489; x_wconf 69' lang='lat' dir='ltr'><strong>per</strong></span> <span class='ocrx_word' id='word_1_788' title='bbox 999 5415 1205 5470; x_wconf 84' lang='lat' dir='ltr'><strong>uerbum</strong></span> <span class='ocrx_word' id='word_1_789' title='bbox 1226 5415 1476 5486; x_wconf 82' lang='lat' dir='ltr'><strong>ipsorum.</strong></span> <span class='ocrx_word' id='word_1_790' title='bbox 1515 5411 1584 5468; x_wconf 84' lang='lat' dir='ltr'><strong>Ut</strong></span> <span class='ocrx_word' id='word_1_791' title='bbox 1621 5428 1796 5467; x_wconf 86' lang='lat' dir='ltr'><strong>omnes</strong></span> <span class='ocrx_word' id='word_1_792' title='bbox 1841 5429 2004 5466; x_wconf 83' lang='lat' dir='ltr'><strong>unum</strong></span> 
     </span>
    </p>
   </div>
   <div class='ocr_carea' id='block_1_101' title="bbox 485 5599 1992 5664">
    <p class='ocr_par' dir='ltr' id='par_1_101' title="bbox 485 5599 1992 5664">
     <span class='ocr_line' id='line_1_101' title="bbox 485 5599 1992 5664; baseline -0.006 1"><span class='ocrx_word' id='word_1_793' title='bbox 485 5617 510 5647; x_wconf 72' lang='grc' dir='ltr'>ι</span> <span class='ocrx_word' id='word_1_794' title='bbox 546 5606 736 5664; x_wconf 76' lang='lat' dir='ltr'><strong>Matth.</strong></span> <span class='ocrx_word' id='word_1_795' title='bbox 767 5623 885 5662; x_wconf 71' lang='lat' dir='ltr'><strong>sis.</strong></span> <span class='ocrx_word' id='word_1_796' title='bbox 917 5605 1008 5661; x_wconf 64' lang='lat'><strong>28.</strong></span> <span class='ocrx_word' id='word_1_797' title='bbox 1064 5605 1120 5661; x_wconf 90' lang='lat' dir='ltr'><strong>ln</strong></span> <span class='ocrx_word' id='word_1_798' title='bbox 1142 5601 1336 5662; x_wconf 87' lang='lat' dir='ltr'><strong>codice</strong></span> <span class='ocrx_word' id='word_1_799' title='bbox 1379 5619 1481 5658; x_wconf 80' lang='lat' dir='ltr'><strong>ms.</strong></span> <span class='ocrx_word' id='word_1_800' title='bbox 1533 5599 1594 5657; x_wconf 90' lang='lat' dir='ltr'><strong>S.</strong></span> <span class='ocrx_word' id='word_1_801' title='bbox 1649 5600 1906 5658; x_wconf 88' lang='lat' dir='ltr'><strong>Germani</strong></span> <span class='ocrx_word' id='word_1_802' title='bbox 1963 5615 1992 5656; x_wconf 87' lang='lat' dir='ltr'><strong>a</strong></span> 
     </span>
    </p>
   </div>
   <div class='ocr_carea' id='block_1_102' title="bbox 410 5671 2005 5748">
    <p class='ocr_par' dir='ltr' id='par_1_102' title="bbox 410 5671 2005 5748">
     <span class='ocr_line' id='line_1_102' title="bbox 410 5671 2005 5748; baseline -0.009 -9"><span class='ocrx_word' id='word_1_803' title='bbox 410 5679 594 5740; x_wconf 84' lang='lat' dir='ltr'><strong>Pratis</strong></span> <span class='ocrx_word' id='word_1_804' title='bbox 619 5695 767 5735; x_wconf 91' lang='lat' dir='ltr'><strong>num.</strong></span> <span class='ocrx_word' id='word_1_805' title='bbox 796 5677 936 5735; x_wconf 67' lang='lat'><strong>1200</strong></span> <span class='ocrx_word' id='word_1_806' title='bbox 964 5679 1156 5748; x_wconf 82' lang='lat' dir='ltr'><strong>legitur</strong></span> <span class='ocrx_word' id='word_1_807' title='bbox 1199 5678 1361 5733; x_wconf 88' lang='lat' dir='ltr'><strong>etiam</strong></span> <span class='ocrx_word' id='word_1_808' title='bbox 1415 5673 1654 5731; x_wconf 63' lang='lat' dir='ltr'><strong>Matthxi</strong></span> <span class='ocrx_word' id='word_1_809' title='bbox 1700 5689 1789 5729; x_wconf 73' lang='lat' dir='ltr'><strong>tux</strong></span> <span class='ocrx_word' id='word_1_810' title='bbox 1817 5715 1830 5739; x_wconf 92' lang='lat'><strong>,</strong></span> <span class='ocrx_word' id='word_1_811' title='bbox 1876 5671 2005 5727; x_wconf 87' lang='lat' dir='ltr'><strong>Cum</strong></span> 
     </span>
    </p>
   </div>
   <div class='ocr_carea' id='block_1_103' title="bbox 2098 4563 3696 4636">
    <p class='ocr_par' dir='ltr' id='par_1_103' title="bbox 2098 4563 3696 4636">
     <span class='ocr_line' id='line_1_103' title="bbox 2098 4563 3696 4636; baseline 0.006 -18"><span class='ocrx_word' id='word_1_812' title='bbox 2098 4563 2340 4633; x_wconf 90' lang='lat' dir='ltr'><strong>divitias,</strong></span> <span class='ocrx_word' id='word_1_813' title='bbox 2375 4575 2430 4618; x_wconf 87' lang='lat' dir='ltr'><strong>et</strong></span> <span class='ocrx_word' id='word_1_814' title='bbox 2461 4565 2560 4618; x_wconf 88' lang='lat' dir='ltr'><strong>bos</strong></span> <span class='ocrx_word' id='word_1_815' title='bbox 2587 4564 2784 4635; x_wconf 85' lang='lat' dir='ltr'><strong>ignitos</strong></span> <span class='ocrx_word' id='word_1_816' title='bbox 2816 4564 3036 4620; x_wconf 89' lang='lat' dir='ltr'><strong>luminis</strong></span> <span class='ocrx_word' id='word_1_817' title='bbox 3066 4564 3251 4621; x_wconf 90' lang='lat' dir='ltr'><strong>radios</strong></span> <span class='ocrx_word' id='word_1_818' title='bbox 3281 4567 3334 4622; x_wconf 92' lang='lat' dir='ltr'><strong>in</strong></span> <span class='ocrx_word' id='word_1_819' title='bbox 3364 4583 3424 4624; x_wconf 89' lang='lat' dir='ltr'><strong>se</strong></span> <span class='ocrx_word' id='word_1_820' title='bbox 3459 4568 3696 4636; x_wconf 84' lang='lat' dir='ltr'><strong>habent;</strong></span> 
     </span>
    </p>
   </div>
   <div class='ocr_carea' id='block_1_104' title="bbox 2099 4656 3720 4729">
    <p class='ocr_par' dir='ltr' id='par_1_104' title="bbox 2099 4656 3720 4729">
     <span class='ocr_line' id='line_1_104' title="bbox 2099 4656 3720 4729; baseline 0.004 -17"><span class='ocrx_word' id='word_1_821' title='bbox 2099 4659 2264 4714; x_wconf 88' lang='lat' dir='ltr'><strong>etiam</strong></span> <span class='ocrx_word' id='word_1_822' title='bbox 2316 4672 2440 4713; x_wconf 92' lang='lat' dir='ltr'><strong>eum</strong></span> <span class='ocrx_word' id='word_1_823' title='bbox 2484 4664 2667 4711; x_wconf 88' lang='lat' dir='ltr'><strong>nostra</strong></span> <span class='ocrx_word' id='word_1_824' title='bbox 2709 4656 2979 4728; x_wconf 68' lang='lat' dir='ltr'><strong>coeperint</strong></span> <span class='ocrx_word' id='word_1_825' title='bbox 3020 4656 3218 4714; x_wconf 88' lang='lat' dir='ltr'><strong>delicta</strong></span> <span class='ocrx_word' id='word_1_826' title='bbox 3269 4675 3521 4729; x_wconf 86' lang='lat' dir='ltr'><strong>pensare.</strong></span> <span class='ocrx_word' id='word_1_827' title='bbox 3557 4662 3720 4722; x_wconf 56' lang='lat' dir='ltr'><strong>Boni&#39;</strong></span> 
     </span>
    </p>
   </div>
   <div class='ocr_carea' id='block_1_105' title="bbox 2101 4749 3701 4820">
    <p class='ocr_par' dir='ltr' id='par_1_105' title="bbox 2101 4749 3701 4820">
     <span class='ocr_line' id='line_1_105' title="bbox 2101 4749 3701 4820; baseline 0.005 -16"><span class='ocrx_word' id='word_1_828' title='bbox 2101 4751 2245 4820; x_wconf 80' lang='lat' dir='ltr'><strong>regis</strong></span> <span class='ocrx_word' id='word_1_829' title='bbox 2267 4760 2352 4804; x_wconf 87' lang='lat' dir='ltr'><strong>est</strong></span> <span class='ocrx_word' id='word_1_830' title='bbox 2372 4750 2578 4820; x_wconf 88' lang='lat' dir='ltr'><strong>absque</strong></span> <span class='ocrx_word' id='word_1_831' title='bbox 2607 4752 2780 4820; x_wconf 79' lang='lat' dir='ltr'><strong>gratia</strong></span> <span class='ocrx_word' id='word_1_832' title='bbox 2809 4749 3074 4820; x_wconf 86' lang='lat' dir='ltr'><strong>judicare.</strong></span> <span class='ocrx_word' id='word_1_833' title='bbox 3100 4751 3178 4807; x_wconf 89' lang='lat' dir='ltr'><strong>lbi</strong></span> <span class='ocrx_word' id='word_1_834' title='bbox 3210 4767 3357 4808; x_wconf 90' lang='lat' dir='ltr'><strong>mera</strong></span> <span class='ocrx_word' id='word_1_835' title='bbox 3387 4754 3591 4811; x_wconf 83' lang='lat' dir='ltr'><strong>veritas</strong></span> <span class='ocrx_word' id='word_1_836' title='bbox 3615 4756 3701 4813; x_wconf 84' lang='lat' dir='ltr'><strong>iu-</strong></span> 
     </span>
    </p>
   </div>
   <div class='ocr_carea' id='block_1_106' title="bbox 2101 4840 3705 4914">
    <p class='ocr_par' dir='ltr' id='par_1_106' title="bbox 2101 4840 3705 4914">
     <span class='ocr_line' id='line_1_106' title="bbox 2101 4840 3705 4914; baseline 0.006 -18"><span class='ocrx_word' id='word_1_837' title='bbox 2101 4843 2340 4905; x_wconf 81' lang='lat' dir='ltr'><strong>venitur,</strong></span> <span class='ocrx_word' id='word_1_838' title='bbox 2373 4841 2464 4897; x_wconf 89' lang='lat' dir='ltr'><strong>ubi</strong></span> <span class='ocrx_word' id='word_1_839' title='bbox 2492 4840 2639 4896; x_wconf 88' lang='lat' dir='ltr'><strong>nulla</strong></span> <span class='ocrx_word' id='word_1_840' title='bbox 2656 4850 2742 4895; x_wconf 91' lang='lat' dir='ltr'><strong>est</strong></span> <span class='ocrx_word' id='word_1_841' title='bbox 2772 4840 2826 4896; x_wconf 92' lang='lat' dir='ltr'><strong>in</strong></span> <span class='ocrx_word' id='word_1_842' title='bbox 2856 4857 3018 4898; x_wconf 85' lang='lat' dir='ltr'><strong>unam</strong></span> <span class='ocrx_word' id='word_1_843' title='bbox 3044 4853 3253 4914; x_wconf 87' lang='lat' dir='ltr'><strong>partem</strong></span> <span class='ocrx_word' id='word_1_844' title='bbox 3285 4844 3586 4904; x_wconf 87' lang='lat' dir='ltr'><strong>declinatio</strong></span> <span class='ocrx_word' id='word_1_845' title='bbox 3611 4864 3705 4906; x_wconf 90' lang='lat' dir='ltr'><strong>c0-</strong></span> 
     </span>
    </p>
   </div>
   <div class='ocr_carea' id='block_1_107' title="bbox 2102 4933 3704 5006">
    <p class='ocr_par' dir='ltr' id='par_1_107' title="bbox 2102 4933 3704 5006">
     <span class='ocr_line' id='line_1_107' title="bbox 2102 4933 3704 5006; baseline 0.007 -19"><span class='ocrx_word' id='word_1_846' title='bbox 2102 4933 2357 5005; x_wconf 87' lang='lat' dir='ltr'><strong>guitoris.</strong></span> <span class='ocrx_word' id='word_1_847' title='bbox 2399 4934 2509 4989; x_wconf 82' lang='lat' dir='ltr'><strong>Nos</strong></span> <span class='ocrx_word' id='word_1_848' title='bbox 2540 4941 2720 4989; x_wconf 88' lang='lat' dir='ltr'><strong>autem</strong></span> <span class='ocrx_word' id='word_1_849' title='bbox 2751 4934 2820 4988; x_wconf 90' lang='lat' dir='ltr'><strong>ab</strong></span> <span class='ocrx_word' id='word_1_850' title='bbox 2871 4935 3026 5002; x_wconf 89' lang='lat' dir='ltr'><strong>ipsis,</strong></span> <span class='ocrx_word' id='word_1_851' title='bbox 3059 4935 3259 5006; x_wconf 89' lang='lat' dir='ltr'><strong>quibus</strong></span> <span class='ocrx_word' id='word_1_852' title='bbox 3306 4953 3451 4993; x_wconf 90' lang='lat' dir='ltr'><strong>nunc</strong></span> <span class='ocrx_word' id='word_1_853' title='bbox 3499 4941 3704 5000; x_wconf 87' lang='lat' dir='ltr'><strong>utimur</strong></span> 
     </span>
    </p>
   </div>
   <div class='ocr_carea' id='block_1_108' title="bbox 2105 5026 3702 5098">
    <p class='ocr_par' dir='ltr' id='par_1_108' title="bbox 2105 5026 3702 5098">
     <span class='ocr_line' id='line_1_108' title="bbox 2105 5026 3702 5098; baseline 0.006 -15"><span class='ocrx_word' id='word_1_854' title='bbox 2105 5027 2387 5083; x_wconf 79' lang='lat' dir='ltr'><strong>beneficiis</strong></span> <span class='ocrx_word' id='word_1_855' title='bbox 2416 5026 2755 5098; x_wconf 83' lang='lat' dir='ltr'><strong>adjuvantur.</strong></span> <span class='ocrx_word' id='word_1_856' title='bbox 2789 5027 2934 5098; x_wconf 82' lang='lat' dir='ltr'><strong>Ergo</strong></span> <span class='ocrx_word' id='word_1_857' title='bbox 2975 5027 3028 5083; x_wconf 90' lang='lat' dir='ltr'><strong>in</strong></span> <span class='ocrx_word' id='word_1_858' title='bbox 3061 5046 3223 5084; x_wconf 90' lang='lat' dir='ltr'><strong>unum</strong></span> <span class='ocrx_word' id='word_1_859' title='bbox 3255 5035 3404 5088; x_wconf 87' lang='lat' dir='ltr'><strong>velut</strong></span> <span class='ocrx_word' id='word_1_860' title='bbox 3446 5048 3702 5093; x_wconf 84' lang='lat' dir='ltr'><strong>acervum</strong></span> 
     </span>
    </p>
   </div>
   <div class='ocr_carea' id='block_1_109' title="bbox 2102 5119 3708 5193">
    <p class='ocr_par' dir='ltr' id='par_1_109' title="bbox 2102 5119 3708 5193">
     <span class='ocr_line' id='line_1_109' title="bbox 2102 5119 3708 5193; baseline 0.005 -18"><span class='ocrx_word' id='word_1_861' title='bbox 2102 5121 2280 5176; x_wconf 86' lang='lat' dir='ltr'><strong>omnis</strong></span> <span class='ocrx_word' id='word_1_862' title='bbox 2319 5136 2439 5193; x_wconf 79' lang='lat' dir='ltr'><strong>qua:</strong></span> <span class='ocrx_word' id='word_1_863' title='bbox 2469 5135 2614 5176; x_wconf 90' lang='lat' dir='ltr'><strong>nunc</strong></span> <span class='ocrx_word' id='word_1_864' title='bbox 2642 5119 2834 5176; x_wconf 73' lang='lat' dir='ltr'><strong>diffusa</strong></span> <span class='ocrx_word' id='word_1_865' title='bbox 2864 5131 2947 5175; x_wconf 91' lang='lat' dir='ltr'><strong>est</strong></span> <span class='ocrx_word' id='word_1_866' title='bbox 2982 5119 3309 5178; x_wconf 89' lang='lat' dir='ltr'><strong>Sanctorum</strong></span> <span class='ocrx_word' id='word_1_867' title='bbox 3345 5124 3562 5181; x_wconf 90' lang='lat' dir='ltr'><strong>bonitas</strong></span> <span class='ocrx_word' id='word_1_868' title='bbox 3589 5129 3708 5184; x_wconf 91' lang='lat' dir='ltr'><strong>col-</strong></span> 
     </span>
    </p>
   </div>
   <div class='ocr_carea' id='block_1_110' title="bbox 2103 5215 3706 5289">
    <p class='ocr_par' dir='ltr' id='par_1_110' title="bbox 2103 5215 3706 5289">
     <span class='ocr_line' id='line_1_110' title="bbox 2103 5215 3706 5289; baseline 0.003 -17"><span class='ocrx_word' id='word_1_869' title='bbox 2103 5217 2324 5288; x_wconf 82' lang='lat' dir='ltr'><strong>ligetur,</strong></span> <span class='ocrx_word' id='word_1_870' title='bbox 2371 5225 2433 5271; x_wconf 91' lang='lat' dir='ltr'><strong>ut</strong></span> <span class='ocrx_word' id='word_1_871' title='bbox 2484 5216 2602 5272; x_wconf 89' lang='lat' dir='ltr'><strong>sine</strong></span> <span class='ocrx_word' id='word_1_872' title='bbox 2650 5215 2844 5284; x_wconf 71' lang='lat' dir='ltr'><strong>gratia,</strong></span> <span class='ocrx_word' id='word_1_873' title='bbox 2893 5215 3017 5272; x_wconf 84' lang='lat' dir='ltr'><strong>sine</strong></span> <span class='ocrx_word' id='word_1_874' title='bbox 3062 5217 3453 5287; x_wconf 86' lang='lat' dir='ltr'><strong>appellationis</strong></span> <span class='ocrx_word' id='word_1_875' title='bbox 3506 5219 3706 5289; x_wconf 87' lang='lat' dir='ltr'><strong>injuria</strong></span> 
     </span>
    </p>
   </div>
   <div class='ocr_carea' id='block_1_111' title="bbox 2104 5311 3704 5383">
    <p class='ocr_par' dir='ltr' id='par_1_111' title="bbox 2104 5311 3704 5383">
     <span class='ocr_line' id='line_1_111' title="bbox 2104 5311 3704 5383; baseline 0.001 -15"><span class='ocrx_word' id='word_1_876' title='bbox 2104 5322 2381 5380; x_wconf 87' lang='lat' dir='ltr'><strong>sceptrum</strong></span> <span class='ocrx_word' id='word_1_877' title='bbox 2415 5319 2641 5367; x_wconf 90' lang='lat' dir='ltr'><strong>teneant</strong></span> <span class='ocrx_word' id='word_1_878' title='bbox 2660 5311 2977 5382; x_wconf 87' lang='lat' dir='ltr'><strong>judicantis.</strong></span> <span class='ocrx_word' id='word_1_879' title='bbox 3010 5311 3242 5368; x_wconf 87' lang='lat' dir='ltr'><strong>Peccata</strong></span> <span class='ocrx_word' id='word_1_880' title='bbox 3286 5323 3416 5368; x_wconf 90' lang='lat' dir='ltr'><strong>sunt</strong></span> <span class='ocrx_word' id='word_1_881' title='bbox 3440 5313 3704 5383; x_wconf 64' lang='lat' dir='ltr'><strong>tenebrae,</strong></span> 
     </span>
    </p>
   </div>
   <div class='ocr_carea' id='block_1_112' title="bbox 2103 5406 3711 5479">
    <p class='ocr_par' dir='ltr' id='par_1_112' title="bbox 2103 5406 3711 5479">
     <span class='ocr_line' id='line_1_112' title="bbox 2103 5406 3711 5479; baseline -0.001 -14"><span class='ocrx_word' id='word_1_882' title='bbox 2103 5409 2194 5465; x_wconf 84' lang='lat' dir='ltr'><strong>lux</strong></span> <span class='ocrx_word' id='word_1_883' title='bbox 2227 5407 2561 5465; x_wconf 88' lang='lat' dir='ltr'><strong>innocentia.</strong></span> <span class='ocrx_word' id='word_1_884' title='bbox 2592 5406 2829 5465; x_wconf 85' lang='lat' dir='ltr'><strong>Necesse</strong></span> <span class='ocrx_word' id='word_1_885' title='bbox 2855 5417 2940 5464; x_wconf 89' lang='lat' dir='ltr'><strong>est</strong></span> <span class='ocrx_word' id='word_1_886' title='bbox 2970 5421 3104 5479; x_wconf 77' lang='lat' dir='ltr'><strong>ergo</strong></span> <span class='ocrx_word' id='word_1_887' title='bbox 3127 5417 3185 5463; x_wconf 92' lang='lat' dir='ltr'><strong>ut</strong></span> <span class='ocrx_word' id='word_1_888' title='bbox 3226 5421 3414 5464; x_wconf 89' lang='lat' dir='ltr'><strong>carcer</strong></span> <span class='ocrx_word' id='word_1_889' title='bbox 3441 5415 3711 5477; x_wconf 85' lang='lat' dir='ltr'><strong>appareat</strong></span> 
     </span>
    </p>
   </div>
   <div class='ocr_carea' id='block_1_113' title="bbox 2106 5592 3713 5668">
    <p class='ocr_par' dir='ltr' id='par_1_113' title="bbox 2106 5592 3713 5668">
     <span class='ocr_line' id='line_1_113' title="bbox 2106 5592 3713 5668; baseline -0.001 -15"><span class='ocrx_word' id='word_1_890' title='bbox 2106 5599 2291 5654; x_wconf 85' lang='lat' dir='ltr'><strong>sedens</strong></span> <span class='ocrx_word' id='word_1_891' title='bbox 2315 5597 2458 5667; x_wconf 82' lang='lat' dir='ltr'><strong>ﬁlius</strong></span> <span class='ocrx_word' id='word_1_892' title='bbox 2489 5597 2544 5650; x_wconf 87' lang='lat' dir='ltr'><strong>in</strong></span> <span class='ocrx_word' id='word_1_893' title='bbox 2571 5594 2758 5652; x_wconf 82' lang='lat' dir='ltr'><strong>throno</strong></span> <span class='ocrx_word' id='word_1_894' title='bbox 2778 5595 3115 5668; x_wconf 62' lang='lat' dir='ltr'><strong>gloriwsuw.</strong></span> <span class='ocrx_word' id='word_1_895' title='bbox 3133 5592 3264 5647; x_wconf 63' lang='lat' dir='ltr'><strong>Haec</strong></span> <span class='ocrx_word' id='word_1_896' title='bbox 3292 5603 3380 5649; x_wconf 88' lang='lat' dir='ltr'><strong>est</strong></span> <span class='ocrx_word' id='word_1_897' title='bbox 3406 5593 3628 5668; x_wconf 89' lang='lat' dir='ltr'><strong>antiqua</strong></span> <span class='ocrx_word' id='word_1_898' title='bbox 3651 5603 3713 5657; x_wconf 80' lang='lat' dir='ltr'><strong>et</strong></span> 
     </span>
    </p>
   </div>
   <div class='ocr_carea' id='block_1_114' title="bbox 2119 5664 3277 5740">
    <p class='ocr_par' dir='ltr' id='par_1_114' title="bbox 2119 5664 3277 5740">
     <span class='ocr_line' id='line_1_114' title="bbox 2119 5664 3277 5740; baseline -0.009 -15"><span class='ocrx_word' id='word_1_899' title='bbox 2119 5672 2292 5740; x_wconf 85' lang='lat' dir='ltr'><strong>prima</strong></span> <span class='ocrx_word' id='word_1_900' title='bbox 2314 5664 2494 5726; x_wconf 75' lang='lat' dir='ltr'><strong>versio</strong></span> <span class='ocrx_word' id='word_1_901' title='bbox 2514 5668 2709 5726; x_wconf 89' lang='lat' dir='ltr'><strong>Latina</strong></span> <span class='ocrx_word' id='word_1_902' title='bbox 2730 5664 2798 5725; x_wconf 82' lang='lat' dir='ltr'><strong>de</strong></span> <span class='ocrx_word' id='word_1_903' title='bbox 2824 5682 2929 5740; x_wconf 84' lang='lat' dir='ltr'><strong>qua</strong></span> <span class='ocrx_word' id='word_1_904' title='bbox 2957 5664 3277 5736; x_wconf 78' lang='lat' dir='ltr'><strong>Martianay.</strong></span> 
     </span>
    </p>
   </div>
  </div>
