4344 6174
563 145 669 235 ist

1513 167 1573 224 s.
1610 153 1932 234 VIGTBtott
1979 157 2288 234 EPISCOPI
2329 139 2914 232 noruousolstis

3751 127 3862 236 rs

561 279 933 346 tenebrarum,
973 294 1096 338 cum
1125 282 1354 353 coeperit
1389 283 1458 339 de
1503 298 1565 344 se
1611 283 1664 339 in
1702 299 1762 342 se
1800 285 1982 344 redire
2012 285 2155 356 quod
2185 294 2237 357 Α
2263 283 2474 342 unitate
2496 284 2718 340 ditatos.
2741 286 2988 342 Flamma
3016 285 3402 342 claritudinem
3428 302 3579 345 suam
3606 286 3859 357 eil'undit,

562 375 698 434 lucis
730 386 835 433 est.

634 470 729 531 IX.
761 471 1022 530 Stilislata
1047 472 1490 538 suntbencﬁeia:
1521 475 1706 533 omnia
1739 482 2008 532 terrarum
2036 489 2160 543 spa-

562 559 658 629 tia.
687 563 932 620 omnium
973 563 1380 624 domiciliorum
1411 565 1601 624 oculos
1628 566 1826 634 replet.
1869 574 1924 623 et
1955 566 2159 622 illumi-

558 662 674 720 nat,
706 665 764 712 et
791 670 822 714 ει
844 670 904 712 se
930 659 1014 712 sui
1043 659 1198 727 copia
1241 674 1348 714 non
1394 657 1622 716 recedit.
1665 657 1861 716 Munus
1889 673 2047 716 suum
2080 656 2159 711 ef~

561 747 742 806 fundit
769 759 825 806 et
848 750 1039 819 recipit
1057 759 1379 820 tantumque
1410 750 1658 820 possidet
1685 759 1947 820 quantum
1984 748 2161 811 fuerat

560 851 688 902 ante
716 842 976 914 largitus;
1006 843 1200 908 donat,
1234 852 1291 901 et
1330 844 1656 903 donatarutn
1689 856 1875 902 rerum
1905 843 2159 899 dominus

560 936 857 994 invenitur.
888 938 1030 994 Haut
1059 937 1244 1003 aliter,
1275 937 1608 1005 charissimi,
1638 947 1765 993 ante
1794 935 1936 1007 diem
1965 935 2157 1004 iudicii

557 1030 613 1088 in
641 1043 878 1088 cunctas
897 1032 1184 1100 Basilicas,
1211 1032 1265 1088 iu
1291 1047 1484 1086 omnes
1511 1030 1799 1096 ecclesias,
1831 1029 1887 1086 in
1918 1027 2156 1086 omnium

556 1123 796 1194 denique
841 1124 1080 1180 ﬁdelium
1113 1136 1300 1194 pectus
1331 1123 1600 1194 iustorum
1630 1121 1894 1194 splendor
1918 1119 2159 1180 infundi.

561 1225 673 1283 tur,
697 1219 750 1273 itt
782 1235 843 1274 se
867 1220 1074 1274 scilicet
1099 1220 1376 1274 rediturus
1396 1234 1520 1273 cum
1549 1232 1836 1287 personam
1860 1216 2158 1285 sumpserit

555 1309 875 1381 iudicantis.
908 1311 966 1368 Si
993 1311 1080 1366 cui
1113 1312 1234 1367 silis
1263 1313 1364 1366 ista
1393 1311 1728 1380 comparatio
1778 1309 2068 1373 videbitur,
2101 1307 2156 1360 in

559 1403 665 1462 hoc
691 1406 922 1476 accipiat
951 1407 1255 1476 majestatis
1279 1422 1426 1474 esse,
1453 1421 1565 1460 non
1592 1405 1819 1469 erroris,
1844 1402 1988 1472 quod
2016 1402 2156 1457 divi-

557 1499 646 1556 nis
684 1501 1083 1568 corruptibilis,
1135 1499 1279 1572 quod
1341 1501 1554 1570 magnis
1601 1513 1768 1568 parva
1820 1498 2152 1552 collidimus.

559 1591 859 1647 Primordia
892 1609 1013 1664 quae
1041 1594 1259 1663 generis
1289 1604 1412 1647 sunt
1446 1592 1710 1661 expertia,
1743 1591 1992 1646 nesciunt
2022 1588 2154 1644 deli-

2261 389 2317 434 et
2347 380 2549 448 donat,
2597 395 2699 434 nec
2741 389 2926 438 tamen
2954 381 3163 450 patitur
3194 381 3542 451 dispendium
3573 382 3860 454 largitatis.

2261 471 2354 527 Sic
2391 471 2578 527 Sancti
2623 485 2749 528 sunt
2790 474 2911 529 sine
2941 473 3141 530 damno
3181 475 3460 540 muniﬁci,
3494 476 3613 530 sine
3645 474 3862 532 addita-

2263 573 2449 618 mento
2483 563 2664 634 pleni,
2694 564 2773 620 sic
2799 565 2866 618 ad
2893 580 2990 620 nos
3014 565 3132 620 sine
3158 566 3626 636 peregrinationis
3647 565 3865 626 fastidio

2265 668 2654 728 pervenerunt.
2695 657 2750 716 lu
2785 659 3036 728 reliquiis
3065 675 3196 730 ergo
3227 660 3528 715 admonitio
3567 661 3862 730 perfectio-

2262 751 2348 807 nis
2379 760 2496 818 est,
2529 765 2637 804 non
2669 750 2959 806 divisionis
2997 751 3223 822 injuria.
3271 752 3544 822 Quidquid
3575 770 3642 810 ex
3673 754 3860 823 dispa-

2263 845 2349 900 t'ili
2407 845 2767 915 conceptione
2819 844 3124 912 formatur,
3185 858 3242 902 et
3310 863 3422 904 non
3477 848 3635 916 primi
3699 847 3867 906 fontis

2262 937 2475 1007 liquore
2527 939 2890 1007 perfunditur,
2933 939 2984 994 id
3029 941 3296 998 caducum
3334 956 3458 996 esse
3487 955 3713 998 necesse
3755 952 3862 998 est.

2261 1031 2356 1092 Sol
2389 1042 2446 1093 et
2473 1033 2652 1090 sidera
2674 1074 2688 1099 ,
2731 1033 2924 1097 tellus,
2964 1041 3019 1093 et
3047 1034 3267 1090 residua
3302 1035 3519 1090 nomina
3549 1035 3858 1091 vanitalum

2261 1125 2532 1196 recipiunt
2564 1127 3088 1198 corruptibilitatem
3109 1170 3127 1196 ,
3157 1128 3287 1196 quia
3320 1142 3430 1185 non
3470 1127 3668 1186 habent
3699 1143 3862 1182 exor-

2261 1221 2410 1280 dium
2445 1222 2709 1292 spiritale.
2756 1222 3086 1280 Sanctorum
3127 1234 3310 1280 autem
3354 1223 3572 1293 passio,
3617 1223 3856 1280 imitatio

2259 1315 2462 1376 Christi
2491 1324 2610 1379 est,
2651 1326 2708 1372 et
2748 1317 3006 1372 Christus
3043 1329 3127 1372 est
3159 1319 3326 1373 Deus.
3373 1318 3523 1390 Ergo
3549 1336 3659 1373 non
3691 1329 3774 1374 est
3806 1319 3858 1375 in

2258 1407 2605 1478 plenitudine
2635 1408 2930 1466 inserenda
2952 1409 3178 1477 divisio,
3209 1410 3307 1465 sed
3337 1411 3397 1465 in
3419 1409 3538 1481 ipsa
3568 1411 3857 1478 divisione,

2259 1516 2382 1570 quae
2417 1501 2590 1556 oculis
2628 1500 2908 1571 subiacet,
2956 1501 3321 1571 plenitudinis
3351 1512 3442 1558 est
3479 1505 3688 1559 veritas
3725 1503 3858 1559 ado-

2260 1593 2450 1650 renda.

557 1685 683 1740 nirl.
713 1684 973 1740 Inclinato
1000 1686 1310 1740 substantia
1342 1684 1568 1740 Deitatis
1591 1685 1644 1738 in
1665 1701 1726 1740 se
1753 1699 1867 1739 suae
1895 1683 2153 1738 similituo
2186 1679 2234 1740 Β
2332 1690 2404 1746 Χ..
2446 1689 2557 1746 Cur
2590 1691 2757 1762 igitur
2792 1691 3054 1759 reliquias
3090 1691 3472 1762 appellamus?
3514 1691 3643 1761 quia
3679 1707 3859 1748 rerum

556 1777 701 1833 diuis
723 1779 920 1835 retinet
949 1778 1295 1850 dignitatem.
1323 1779 1436 1834 Nec
1466 1779 1726 1850 qualitas,
1759 1793 1860 1833 nec
1879 1777 2158 1848 quantitas

551 1873 841 1940 reperitur,
877 1873 962 1928 cui
994 1873 1239 1927 Trinitas
1267 1873 1445 1943 possit
1471 1872 1704 1943 :rqnari.
1731 1871 1990 1930 Ctelestis
2020 1871 2160 1926 ratio

555 1965 803 2031 docetur,
846 1982 950 2020 non
977 1976 1360 2032 comparatur;
1391 1966 1720 2030 insinuatur,
1769 1981 1874 2019 non
1907 1975 2154 2018 ornatur.

555 2055 753 2114 DOeuit
797 2073 930 2126 ergo
974 2073 1075 2112 nos
1104 2057 1450 2116 divinitatem
1491 2059 1627 2113 solis
1669 2058 2002 2127 exemplum.
2036 2056 2154 2115 Non

557 2159 742 2206 tanien
768 2165 827 2204 se
857 2151 1074 2205 miscuit
1103 2151 1323 2205 unitati.
1358 2150 1481 2208 Iam
1513 2149 1648 2206 illud
1678 2151 1932 2206 omnibus
1957 2150 2154 2220 liquet,

555 2260 622 2302 sx
653 2247 824 2301 nihilo
856 2247 1021 2300 Deum
1057 2245 1273 2311 iecisse,
1297 2247 1440 2316 quod
1484 2262 1595 2301 non
1637 2254 1774 2310 erat,
1819 2244 1963 2301 unde
2011 2259 2158 2314 Stepe

553 2339 960 2396 dialecticorum
990 2341 1143 2397 virus
1166 2349 1193 2380 ⁸
1218 2341 1462 2396 eliditur.

627 2434 687 2491 Si
711 2435 857 2490 enim
880 2451 945 2489 ex
969 2435 1114 2489 inani
1147 2450 1330 2490 rerum
1359 2441 1548 2490 auctor
1583 2433 1726 2489 Deus
1747 2448 1841 2488 vas
1863 2432 1968 2488 hoc
1996 2432 2160 2502 spiri-

555 2529 684 2594 tale,
705 2537 761 2583 et
782 2528 1022 2584 membra
1046 2529 1374 2599 composuit,
1400 2545 1500 2585 cur
1524 2544 1631 2584 non
1659 2529 1832 2598 potuit
1853 2527 2152 2582 animatum

553 2636 776 2690 corpus,
825 2633 879 2678 et
911 2624 1063 2679 velut
1109 2624 1393 2694 sanguinis
1437 2623 1708 2678 fermento
1753 2623 2033 2694 globatnm
2086 2621 2156 2675 ad

551 2713 638 2768 sui
669 2711 892 2767 luminis
918 2712 1225 2769 translorre
1239 2713 1641 2768 substantiam?
1663 2713 1771 2769 Sed
1800 2728 1902 2768 nos
1921 2712 1974 2767 in
2003 2723 2156 2768 tanta

549 2806 922 2876 gratulatione
944 2807 1141 2861 librum
1166 2807 1400 2861 tumultu
1417 2807 1784 2876 quaestionum
1814 2805 2149 2861 refercimus.

551 2897 665 2954 Nec
693 2900 995 2965 immerito,
1025 2900 1304 2970 indagatio
1330 2901 1476 2956 enim
1506 2900 1773 2967 veritatis,
1801 2899 2052 2970 voluptas
2070 2907 2156 2954 est

549 2993 904 3062 inquirentis.
949 2993 1041 3050 Sic
1072 2994 1237 3061 Deus,
1272 2995 1352 3049 sic
1400 2993 1652 3049 Salvator
1680 2995 2019 3064 agnoscitur,
2072 2993 2151 3048 sic

2259 1783 2557 1854 imagines,
2609 1791 2668 1838 et
2720 1784 2874 1852 signa
2921 1793 3052 1838 sunt
3094 1784 3304 1850 verba,
3350 1783 3638 1854 subjicitur
3689 1785 3861 1841 oculis

2260 1891 2428 1931 cruor
2456 1887 2510 1931 et
2552 1875 2738 1931 limus.
2782 1875 2839 1930 id
2886 1891 2988 1932 nos
3029 1876 3392 1946 reliquiarum
3434 1877 3692 1941 nomine,
3733 1876 3861 1948 quia

2259 1969 2422 2024 aliter
2453 1984 2562 2023 non
2603 1983 2922 2037 pOssumus,
2953 1969 3106 2024 velut
3128 1969 3294 2023 vividi
3327 1971 3601 2024 sermonis
3629 1970 3862 2039 impres-

2257 2059 2412 2116 sione
2464 2061 2760 2130 signamus.
2825 2059 2936 2116 Sed
2995 2075 3094 2115 nos
3151 2076 3295 2116 nilne
3355 2070 3528 2116 totum
3586 2059 3641 2115 in
3702 2070 3862 2130 parte

2258 2151 2531 2220 dicendo,
2588 2169 2693 2205 non
2750 2152 3123 2221 corporalium
3177 2152 3444 2206 luminum
3494 2151 3712 2218 obices,
3763 2151 3862 2209 sed

2257 2245 2442 2301 cordis
2483 2246 2672 2301 oculos
2705 2246 3002 2313 aperimus.
3045 2244 3162 2299 Non
3209 2246 3360 2302 enim.
3387 2259 3480 2300 res
3512 2245 3728 2310 verbis,
3763 2243 3860 2300 scd

2256 2337 2421 2392 verba
2449 2337 2698 2392 serviunt
2738 2336 2922 2391 rebus.
2957 2335 3116 2391 Unde
3144 2337 3342 2392 amotis
3377 2350 3696 2391 Sermonem
3726 2335 3861 2392 insi-

2257 2428 2388 2498 diis,
2419 2445 2512 2485 res
2535 2444 2660 2483 curn
2685 2444 2747 2484 re
2766 2471 2782 2496 ,
2813 2428 2958 2483 ratio
2977 2443 3100 2483 cum
3127 2429 3341 2484 ratione
3367 2428 3643 2496 conﬂigat.
3667 2428 3859 2485 Omnis

2257 2539 2382 2590 pars
2407 2565 2422 2589 ,
2465 2537 2587 2592 quae
2617 2522 2819 2577 dicitur
2851 2522 3064 2591 species
3090 2565 3106 2590 ,
3138 2536 3364 2578 necesse
3396 2531 3478 2580 eat
3506 2561 3520 2585 ,
3556 2531 3614 2576 ut
3642 2520 3861 2592 generis

2256 2615 2310 2670 in
2335 2631 2399 2670 se
2423 2617 2532 2670 vim
2563 2614 3052 2682 deﬁnitionemqtte
3079 2614 3366 2685 suscipiat.
3412 2612 3548 2668 Nam
3571 2630 3694 2668 cum
3740 2613 3860 2667 ani—

2259 2708 2366 2762 mal
2415 2722 2542 2763 esse
2579 2706 2942 2764 substantiam
2991 2708 3330 2771 animalem,
3383 2707 3860 2774 substantiamque

2258 2799 2576 2854 sensibilem
2599 2798 2790 2854 dixero
2806 2840 2820 2865 ,
2847 2799 3010 2854 simul
3030 2797 3150 2854 dixi
3171 2805 3228 2856 et
3255 2798 3507 2854 homines
3527 2837 3543 2864 ,
3573 2808 3630 2854 et
3652 2797 3855 2864 boves,

2254 2903 2312 2949 et
2353 2905 2678 2948 cancrorum
2721 2893 3084 2950 animantium
3123 2893 3535 2958 deﬁnitionem,
3584 2893 3861 2964 quomodo

2256 2996 2342 3040 est
2369 2987 2534 3041 homo
2563 2987 2654 3056 qui
2687 3001 2795 3040 rion
2830 2987 3062 3055 percipit
3091 3001 3212 3055 qua
3242 2984 3340 3042 Dei
3363 2997 3514 3040 sunt.
3542 2985 3704 3052 Quod
3732 2986 3782 3040 si
3801 2985 3858 3040 in

554 3087 860 3156 triumphus
909 3095 1197 3156 porrectus
1260 3085 1594 3142 salutaribus
1643 3062 1885 3140 brachiis
1937 3084 2150 3139 inveni-
2175 3062 2221 3127 C
2250 3081 2468 3151 generis
2505 3078 2825 3136 deﬁnitione
2861 3078 3028 3135 etiam
3055 3080 3369 3149 specierum
3416 3089 3696 3139 mnum-uta
3726 3093 3859 3148 pen-

551 3188 682 3245 tur,
753 3181 834 3235 sic
904 3181 1226 3250 corporibus
1283 3190 1527 3236 :eternus
1594 3178 1859 3248 splendor
1917 3175 2152 3247 acquiri-

557 3281 663 3328 tur.
737 3271 977 3341 Angelos
1049 3273 1231 3339 ignitte
1286 3271 1586 3340 maiestatis
1657 3269 1907 3341 spiritum
1975 3269 2151 3324 Conti-

553 3379 686 3420 nere
759 3365 972 3420 cmlesti
1047 3364 1297 3420 oratione
1373 3363 1706 3434 percipimus
1763 3381 1776 3416 :
1851 3362 1930 3418 sic
2000 3361 2147 3417 enim

545 3457 816 3526 legimus:
850 3456 953 3525 Qui
984 3458 1115 3527 facit
1143 3457 1357 3528 angelos
1383 3474 1504 3512 suos
1534 3458 1772 3527 spiritus,
1807 3466 1856 3510 et
1877 3455 2150 3510 ministros

549 3551 722 3623 593nm
752 3560 1003 3604 urentem.
1037 3549 1185 3620 Ergo
1216 3552 1259 3604 si
1291 3550 1349 3604 in
1379 3565 1611 3619 corpore
1637 3564 1804 3604 cruor
1834 3558 1917 3604 est
1937 3589 1950 3612 ,
1983 3562 2152 3604 cruor

550 3651 733 3696 autem
770 3643 888 3712 ipse
915 3657 1155 3713 superno
1185 3643 1448 3698 miscetur
1475 3643 1691 3711 ardori,
1729 3642 1867 3698 nihil
1899 3653 2148 3713 superest

551 3736 878 3807 qum-tionis
896 3777 912 3804 ,
937 3737 1069 3806 quin
1097 3753 1261 3792 unam
1292 3737 1658 3807 eamdemque
1688 3737 1973 3792 beatorum
1997 3738 2151 3792 colli-

551 3845 746 3902 gamus
772 3847 896 3887 esse
922 3847 1050 3886 cum
1083 3830 1453 3886 universitate
1477 3830 1850 3886 concordiam.
1884 3829 1978 3884 Illa
2003 3843 2150 3884 nunc

549 3937 665 3990 est,
717 3924 1065 3992 charissimi,
1117 3939 1183 3979 ex
1236 3925 1434 3979 animis
1489 3924 1697 3979 nostris
1753 3921 2142 3993 abstergenda,

547 4018 928 4088 abolentlaque
965 4019 1210 4086 suspicio
1234 4063 1248 4086 ,
1283 4035 1352 4072 ne
1384 4019 1505 4088 quis
1545 4018 1684 4072 forte
1719 4018 1927 4089 vulgari
1956 4032 2148 4073 errore

549 4112 816 4178 deceptus
849 4111 902 4164 in
936 4109 1506 4178 minutiisjustorum,
1539 4119 1595 4164 et
1623 4109 1676 4163 in
1716 4108 1818 4164 hac
1844 4109 2146 4179 apostolica

551 4205 1012 4273 cornoceratione,
1044 4219 1153 4259 non
1185 4213 1340 4275 putet
1370 4205 1539 4258 totius
1569 4218 1850 4274 corporea:
1880 4203 2148 4274 passionis

550 4297 858 4356 consistere
898 4296 1211 4352 veritatem.
1265 4294 1377 4350 Nos
1413 4304 1596 4350 autem
1639 4294 1689 4348 id
1741 4304 1851 4348 tnta
1901 4294 2039 4360 ﬁde,
2089 4303 2146 4350 et

549 4389 881 4445 auctoritate
917 4386 1260 4456 clamamus,
1311 4387 1370 4441 in
1413 4387 1660 4456 reliquiis
1701 4385 1836 4440 nihil
1875 4401 2000 4442 esse
2037 4400 2145 4442 non

2253 3187 2470 3243 santur,
2498 3174 2594 3244 qui
2622 3174 2744 3229 ﬁeri
2775 3182 2990 3243 potest,
3017 3183 3075 3229 ut
3100 3175 3153 3228 in
3182 3173 3434 3242 reliquiis,
3453 3188 3562 3230 non
3582 3171 3652 3227 sit
3677 3173 3859 3240 pleni.-

2253 3271 2386 3326 tudn
2434 3271 2711 3338 carnalis,
2766 3269 2795 3308 δ
2845 3284 2970 3324 eum
3015 3271 3089 3325 sit
3133 3269 3330 3324 eadem
3371 3269 3516 3323 ratio
3553 3266 3860 3336 spiritalis?

2253 3363 2610 3422 Ostendimus
2639 3362 2824 3433 itaque
2855 3361 2910 3416 in
2945 3372 3101 3431 parte
3133 3372 3308 3416 totum
3337 3375 3460 3416 esse
3700 3357 3859 3416 Unde

2254 3456 2408 3525 queri
2447 3456 2555 3522 iam
2595 3453 2668 3508 de
2708 3454 3008 3525 exiguitate
3039 3469 3148 3508 non
3194 3466 3529 3523 possumus;
3570 3466 3700 3508 nam
3733 3465 3857 3506 cum

2252 3547 2556 3603 dixerimus
2584 3547 2652 3600 ad
2696 3548 2872 3601 instar
2900 3546 3118 3616 generis
3137 3589 3152 3614 ,
3190 3545 3326 3600 nihil
3359 3543 3728 3603 sacrosanctis
3755 3557 3853 3612 pe-

2251 3642 2364 3695 rire
2394 3639 2722 3709 corporibus
2739 3680 2753 3704 ,
2777 3650 2930 3694 certe
2953 3638 3087 3694 illud
3107 3639 3502 3710 assignavimns
3519 3679 3537 3706 ,
3557 3653 3668 3696 non
3691 3651 3856 3702 posse

2250 3732 2452 3799 minui,
2495 3730 2639 3800 quod
2671 3730 3074 3797 divinutn‘est,
3123 3732 3250 3800 quia
3285 3739 3460 3788 totum
3498 3730 3552 3785 in
3583 3737 3698 3784 toto
3739 3739 3849 3786 est.

2250 3824 2318 3878 Et
2355 3824 2444 3877 ubi
2475 3834 2558 3878 est
2589 3823 2789 3893 aliquid
2807 3862 2824 3888 ,
2860 3821 2937 3878 ibi
2966 3830 3136 3879 totum
3171 3830 3282 3878 est.
3309 3822 3520 3889 Corpus
3547 3830 3732 3878 autem
3761 3821 3846 3876 im

2252 3917 2491 3973 lectione
2509 3917 2734 3982 Spiritus
2752 3917 3028 3984 aiternari,
3055 3915 3236 3971 divina
3263 3915 3570 3986 colligimus
3593 3914 3858 3981 lectione4

2248 4011 2606 4069 Cencluditur
2635 4027 2798 4082 ergo,
2842 4019 2901 4066 ut
2934 4010 3068 4066 nihil
3109 4012 3344 4081 amplius
3382 4010 3732 4068 desideretur
3764 4009 3856 4065 ubi

2250 4107 2532 4178 plenitudo
2561 4108 2813 4161 sentitur.
2845 4106 3088 4162 Doeendi
3110 4107 3289 4176 gratia
3318 4105 3376 4159 iu
3398 4103 3548 4160 facili
3569 4105 3664 4162 illo
3687 4145 3702 4170 ,
3727 4120 3854 4174 per-

2248 4202 2580 4272 volgatoque
2624 4199 2990 4270 persistamus
3035 4198 3310 4268 exemplo.
3351 4198 3498 4269 Ignis
3533 4198 3694 4268 iubar
3724 4197 3858 4254 diei-

2251 4309 2374 4350 mus
2401 4337 2414 4359 ,
2458 4293 2701 4348 colorem
2743 4292 3012 4356 dicimus,
3051 4301 3110 4348 es
3151 4302 3335 4347 tamen
3368 4290 3512 4347 idem
3554 4292 3856 4359 imperante

2254 4387 2450 4441 natura
2502 4401 2604 4440 nec
2647 4384 2799 4439 aliud
2848 4385 2920 4440 ab
2964 4385 3113 4450 alio,
3168 4385 3271 4441 nisi
3306 4383 3427 4440 sola
3468 4381 3704 4442 nominis
3744 4381 3858 4438 dis-

551 4483 795 4554 plenum.
845 4479 981 4536 Nam
1027 4450 1424 4550 integri-artus
1469 4450 1628 4545 sunt,
1673 4478 1764 4534 ubi
1809 4489 1896 4536 est
1937 4481 2147 4550 integra
2177 4450 2230 4512 Β
2257 4483 2518 4536 tinctione
2564 4479 2841 4534 dividitur.
2897 4478 3012 4534 Lux
3052 4479 3406 4549 splendorem
3443 4476 3707 4546 portarit,
3753 4491 3855 4532 nec

550 4574 844 4631 medicina.
885 4573 1118 4629 Carnem
1151 4571 1392 4628 dicimus
1423 4571 1638 4642 glutine
1661 4573 1947 4643 sanguinis
1976 4573 2150 4628 conti-

551 4669 719 4738 neri,
747 4667 1004 4738 Spiritum
1046 4681 1272 4737 quoque
1310 4665 1617 4720 madentem
1662 4666 1942 4737 sanguinis
1986 4681 2141 4737 rore,

546 4762 862 4818 ﬂammeum
882 4760 1044 4817 Verbi
1069 4759 1159 4814 al‘ﬁ
1171 4774 1410 4815 rmamus
1439 4759 1660 4816 duxisse
1691 4760 1964 4816 ardorem.
1991 4761 2145 4830 Quod

548 4867 672 4909 cum
697 4855 769 4908 ita
793 4853 884 4922 sit,
909 4852 1280 4907 certissimum
1307 4860 1393 4907 est
1419 4851 1742 4922 Apostolus,
1774 4852 2148 4925 Martyresque

545 4954 764 5000 nostros
815 4943 1045 5014 integris
1083 4943 1154 4998 ad
1207 4957 1307 4999 nos
1357 4944 1578 5000 venisse
1619 4943 1935 5000 virtutibus.
1977 4945 2034 5000 ld
2073 4946 2145 5001 ita

548 5054 696 5104 esse,
719 5039 884 5095 etiam
911 5039 1277 5108 praesentibus
1293 5038 1574 5095 beneﬁciis
1599 5038 1976 5094 admonemur.
2008 5038 2142 5095 Nam

546 5150 671 5193 cum
699 5133 789 5205 ius
824 5132 1197 5187 translationis
1225 5133 1361 5203 ipsis
1406 5132 1715 5188 volentibus
1745 5148 2138 5204 agnoscamus,

543 5227 682 5285 illud
727 5223 1115 5294 intelligimus,
1167 5241 1276 5279 non
1325 5226 1473 5296 ipsos
1517 5225 1624 5278 sibi
1673 5225 1880 5281 inferre
1920 5227 2143 5296 propria

544 5319 997 5380 disseminatione
1045 5318 1352 5386 jacturam,
1416 5317 1513 5374 sed
1561 5332 1824 5390 spargere
1875 5319 2142 5375 beneﬁcia

617 5499 645 5528 ι
673 5484 968 5543 Monachus
993 5481 1364 5551 Sangallensis
1385 5479 1663 5535 annotavit
1681 5478 1821 5551 forte
1845 5478 2134 5548 legendum

546 5562 735 5624 uirtus,
763 5566 823 5614 et
839 5549 1260 5628 quidetur—ecte.
1297 5551 1641 5628 liteecontra
1666 5549 1898 5628 Atheos.

615 5630 644 5670 ι»
675 5621 810 5682 Cum
856 5621 1152 5698 particulas
1195 5623 1475 5698 sanguinis
1508 5621 1766 5698 concreti
1810 5621 2071 5698 duntaxat
2108 5638 2139 5679 e

543 5701 792 5770 pluribus
817 5692 1034 5755 Sanctis
1061 5692 1354 5766 acceperit,
1382 5693 1655 5765 signiﬁcat
1687 5702 1865 5748 tamen
1897 5692 2141 5751 modicas

2259 4585 2440 4630 tamen
2477 4574 2616 4629 lucis
2659 4584 2714 4628 et
2751 4572 3062 4642 splendoris
3109 4571 3170 4627 ﬁt
3209 4571 3320 4627 ulla
3350 4571 3630 4628 diaeresin.
3676 4570 3853 4628 llam

2259 4667 2376 4738 ipse
2406 4665 2462 4720 in
2493 4681 2560 4721 eo
2586 4707 2600 4731 ,
2630 4663 2779 4736 quod
2803 4665 2967 4721 homo
2991 4673 3112 4732 est,
3142 4681 3311 4720 num
3342 4673 3498 4720 tam
3523 4679 3656 4722 cum
3675 4662 3853 4721 omni-

2256 4759 2357 4814 bus
2386 4759 2646 4814 nascendi
2681 4758 3067 4816 cernuumione
3109 4759 3424 4830 collegium.
3453 4757 3552 4813 Δὶς
3577 4800 3594 4827 ,
3624 4773 3814 4814 surum
3832 4799 3850 4825 ,

2254 4860 2308 4906 et
2333 4852 2537 4922 reliqua
2567 4865 2768 4922 genera
2796 4851 3144 4907 metallorum
3165 4891 3184 4919 ,
3214 4849 3468 4922 quamvis
3489 4851 3550 4906 in
3571 4850 3848 4907 diversum

2256 4945 2488 5000 hamatis
2516 4945 2760 5001 avari-tim
2793 4945 3064 5015 unguibus
3101 4944 3408 5013 rapiantur,
3433 4951 3622 5001 tamen
3649 4942 3850 4999 habent

2255 5037 2549 5092 individua;
2585 5037 2902 5092 substantia:
2933 5037 3273 5108 qualitatem.
3315 5034 3504 5092 Clam
3537 5035 3700 5107 ἱοὶιυ
3727 5049 3854 5104 spe-

2253 5134 2366 5189 cies
2409 5133 2474 5186 ad
2527 5143 2778 5187 naturam
2821 5123 3034 5187 τριετῆ.
3079 5131 3262 5187 Clare:
3305 5133 3469 5202 igitur
3503 5131 3558 5190 is
3605 5129 3852 5197 reliquiis

2253 5227 2646 5296 perfectionem
2672 5227 3044 5282 membrorum
3083 5241 3238 5292 esse,
3269 5226 3398 5297 quia
3426 5227 3570 5288 ineat
3605 5227 3665 5281 iu
3689 5224 3853 5295 spiri-

2253 5320 2345 5375 tali
2395 5321 2702 5378 saeratione
2752 5321 3111 5378 consortium.
3162 5319 3353 5388 Qualis
3387 5320 3542 5380 enim.
3573 5317 3847 5382 celestis.

2248 5480 2413 5536 itaSt'e
2443 5480 2727 5550 Reliquias
2779 5479 3133 5533 nihilominus
3175 5479 3357 5549 magni
3391 5478 3670 5550 habendas
3697 5493 3844 5534 esse.

2244 5551 2404 5607 Plura
2437 5552 2526 5606 hic
2555 5549 2609 5607 et
2632 5567 2794 5622 supra
2822 5552 3069 5622 congerit
3094 5550 3162 5604 de
3189 5551 3589 5622 intercessione
3616 5549 3852 5622 Sancto-

2245 5638 2385 5692 rutn,
2422 5633 2478 5679 et
2500 5624 2648 5696 plura
2662 5621 3083 5696 proponitAeirca
3106 5621 3386 5692 sanguinis
3405 5621 3846 5696 puerogativam,

2243 5709 2406 5765 quem
2432 5691 2592 5750 vocat
2622 5691 2874 5748 Minatius
2901 5691 3234 5749 Sanctorum.
