  <div class='ocr_page' id='page_1' title='image "/cluster/home/n/w/nwhite01/storage/ocr_20150623/20/hvd.32044096580469/233.png"; bbox 0 0 4344 6174; ppageno 0'>
   <div class='ocr_carea' id='block_1_1' title="bbox 566 267 676 328">
    <p class='ocr_par' dir='ltr' id='par_1_1' title="bbox 566 267 676 328">
     <span class='ocr_line' id='line_1_1' title="bbox 566 267 676 328; baseline -0.036 0"><span class='ocrx_word' id='word_1_1' title='bbox 566 267 676 328; x_wconf 67' lang='grc'><strong>655</strong></span> 
     </span>
    </p>
   </div>
   <div class='ocr_carea' id='block_1_2' title="bbox 1516 265 2925 327">
    <p class='ocr_par' dir='ltr' id='par_1_2' title="bbox 1516 265 2925 327">
     <span class='ocr_line' id='line_1_2' title="bbox 1516 265 2925 327; baseline -0.003 0"><span class='ocrx_word' id='word_1_2' title='bbox 1516 272 1575 327; x_wconf 84' lang='lat' dir='ltr'><strong>S.</strong></span> <span class='ocrx_word' id='word_1_3' title='bbox 1620 267 1941 326; x_wconf 81' lang='lat' dir='ltr'><strong>VICTRICII</strong></span> <span class='ocrx_word' id='word_1_4' title='bbox 1984 266 2297 324; x_wconf 81' lang='lat' dir='ltr'><strong>EPISCOPI</strong></span> <span class='ocrx_word' id='word_1_5' title='bbox 2340 265 2925 323; x_wconf 75' lang='lat' dir='ltr'><strong>ROTHOMAGENSIS</strong></span> 
     </span>
    </p>
   </div>
   <div class='ocr_carea' id='block_1_3' title="bbox 3758 261 3864 324">
    <p class='ocr_par' dir='ltr' id='par_1_3' title="bbox 3758 261 3864 324">
     <span class='ocr_line' id='line_1_3' title="bbox 3758 261 3864 324; baseline -0.009 0"><span class='ocrx_word' id='word_1_6' title='bbox 3758 261 3864 324; x_wconf 68' lang='grc' dir='ltr'><strong>ιω</strong></span> 
     </span>
    </p>
   </div>
   <div class='ocr_carea' id='block_1_4' title="bbox 568 376 3865 451">
    <p class='ocr_par' dir='ltr' id='par_1_4' title="bbox 568 376 3865 451">
     <span class='ocr_line' id='line_1_4' title="bbox 568 376 3865 451; baseline -0.001 -17"><span class='ocrx_word' id='word_1_7' title='bbox 568 381 680 451; x_wconf 89' lang='lat' dir='ltr'><strong>puli</strong></span> <span class='ocrx_word' id='word_1_8' title='bbox 714 391 1017 447; x_wconf 83' lang='lat' dir='ltr'><strong>moverent,</strong></span> <span class='ocrx_word' id='word_1_9' title='bbox 1052 381 1230 436; x_wconf 89' lang='lat' dir='ltr'><strong>omnis</strong></span> <span class='ocrx_word' id='word_1_10' title='bbox 1258 389 1394 436; x_wconf 73' lang='lat' dir='ltr'><strong>tetas</strong></span> <span class='ocrx_word' id='word_1_11' title='bbox 1423 380 1477 435; x_wconf 90' lang='lat' dir='ltr'><strong>in</strong></span> <span class='ocrx_word' id='word_1_12' title='bbox 1510 380 1750 435; x_wconf 83' lang='lat' dir='ltr'><strong>studium</strong></span> <span class='ocrx_word' id='word_1_13' title='bbox 1784 380 1981 445; x_wconf 89' lang='lat' dir='ltr'><strong>divisa,</strong></span> <span class='ocrx_word' id='word_1_14' title='bbox 2035 379 2166 432; x_wconf 87' lang='lat' dir='ltr'><strong>ado-</strong></span> <span class='ocrx_word' id='word_1_15' title='bbox 2194 382 2247 440; x_wconf 83' lang='grc' dir='ltr'><strong>Α</strong></span> <span class='ocrx_word' id='word_1_16' title='bbox 2275 378 2597 434; x_wconf 88' lang='lat' dir='ltr'><strong>Salvatoris.</strong></span> <span class='ocrx_word' id='word_1_17' title='bbox 2624 378 2782 435; x_wconf 89' lang='lat' dir='ltr'><strong>Dedit</strong></span> <span class='ocrx_word' id='word_1_18' title='bbox 2801 378 3135 449; x_wconf 85' lang='lat' dir='ltr'><strong>exemplum,</strong></span> <span class='ocrx_word' id='word_1_19' title='bbox 3161 378 3327 433; x_wconf 92' lang='lat' dir='ltr'><strong>mittit</strong></span> <span class='ocrx_word' id='word_1_20' title='bbox 3348 376 3568 434; x_wconf 84' lang='lat' dir='ltr'><strong>auxilia.</strong></span> <span class='ocrx_word' id='word_1_21' title='bbox 3590 376 3754 433; x_wconf 90' lang='lat' dir='ltr'><strong>Certa</strong></span> <span class='ocrx_word' id='word_1_22' title='bbox 3778 378 3865 433; x_wconf 82' lang='lat' dir='ltr'><strong>vi-</strong></span> 
     </span>
    </p>
   </div>
   <div class='ocr_carea' id='block_1_5' title="bbox 567 471 2166 548">
    <p class='ocr_par' dir='ltr' id='par_1_5' title="bbox 567 471 2166 548">
     <span class='ocr_line' id='line_1_5' title="bbox 567 471 2166 548; baseline -0.003 -19"><span class='ocrx_word' id='word_1_23' title='bbox 567 490 693 530; x_wconf 90' lang='lat' dir='ltr'><strong>reas</strong></span> <span class='ocrx_word' id='word_1_24' title='bbox 720 473 811 548; x_wconf 75' lang='lat' dir='ltr'><strong>[Id</strong></span> <span class='ocrx_word' id='word_1_25' title='bbox 828 486 903 530; x_wconf 76' lang='lat' dir='ltr'><strong>est</strong></span> <span class='ocrx_word' id='word_1_26' title='bbox 924 474 1157 546; x_wconf 90' lang='lat' dir='ltr'><strong>laudes],</strong></span> <span class='ocrx_word' id='word_1_27' title='bbox 1187 474 1457 529; x_wconf 89' lang='lat' dir='ltr'><strong>etbellica</strong></span> <span class='ocrx_word' id='word_1_28' title='bbox 1488 472 1626 528; x_wconf 90' lang='lat' dir='ltr'><strong>facta</strong></span> <span class='ocrx_word' id='word_1_29' title='bbox 1655 480 1924 534; x_wconf 84' lang='lat' dir='ltr'><strong>cantaret,</strong></span> <span class='ocrx_word' id='word_1_30' title='bbox 1945 471 2166 537; x_wconf 90' lang='lat' dir='ltr'><strong>paluda-</strong></span> 
     </span>
    </p>
   </div>
   <div class='ocr_carea' id='block_1_6' title="bbox 565 564 2167 639">
    <p class='ocr_par' dir='ltr' id='par_1_6' title="bbox 565 564 2167 639">
     <span class='ocr_line' id='line_1_6' title="bbox 565 564 2167 639; baseline -0.004 -15"><span class='ocrx_word' id='word_1_31' title='bbox 565 570 733 624; x_wconf 86' lang='lat' dir='ltr'><strong>menti</strong></span> <span class='ocrx_word' id='word_1_32' title='bbox 750 569 993 622; x_wconf 85' lang='lat' dir='ltr'><strong>ﬂammas</strong></span> <span class='ocrx_word' id='word_1_33' title='bbox 1016 583 1080 622; x_wconf 90' lang='lat' dir='ltr'><strong>ac</strong></span> <span class='ocrx_word' id='word_1_34' title='bbox 1100 566 1322 639; x_wconf 87' lang='lat' dir='ltr'><strong>Tyrium</strong></span> <span class='ocrx_word' id='word_1_35' title='bbox 1352 566 1613 621; x_wconf 86' lang='lat' dir='ltr'><strong>nutricem</strong></span> <span class='ocrx_word' id='word_1_36' title='bbox 1646 564 1960 625; x_wconf 83' lang='lat' dir='ltr'><strong>miraretur,</strong></span> <span class='ocrx_word' id='word_1_37' title='bbox 1982 572 2167 630; x_wconf 65' lang='lat' dir='ltr'><strong>stupeo</strong></span> 
     </span>
    </p>
   </div>
   <div class='ocr_carea' id='block_1_7' title="bbox 566 653 2166 729">
    <p class='ocr_par' dir='ltr' id='par_1_7' title="bbox 566 653 2166 729">
     <span class='ocr_line' id='line_1_7' title="bbox 566 653 2166 729; baseline -0.005 -14"><span class='ocrx_word' id='word_1_38' title='bbox 566 671 671 727; x_wconf 92' lang='lat' dir='ltr'><strong>ret,</strong></span> <span class='ocrx_word' id='word_1_39' title='bbox 702 659 875 714; x_wconf 84' lang='lat' dir='ltr'><strong>Rubri</strong></span> <span class='ocrx_word' id='word_1_40' title='bbox 929 662 1160 729; x_wconf 87' lang='lat' dir='ltr'><strong>pretium</strong></span> <span class='ocrx_word' id='word_1_41' title='bbox 1197 658 1381 721; x_wconf 89' lang='lat' dir='ltr'><strong>maris,</strong></span> <span class='ocrx_word' id='word_1_42' title='bbox 1412 668 1466 713; x_wconf 92' lang='lat' dir='ltr'><strong>et</strong></span> <span class='ocrx_word' id='word_1_43' title='bbox 1486 657 1695 729; x_wconf 83' lang='lat' dir='ltr'><strong>gelatas</strong></span> <span class='ocrx_word' id='word_1_44' title='bbox 1747 656 2017 726; x_wconf 80' lang='lat' dir='ltr'><strong>lacrymas</strong></span> <span class='ocrx_word' id='word_1_45' title='bbox 2052 653 2166 708; x_wconf 89' lang='lat' dir='ltr'><strong>bel-</strong></span> 
     </span>
    </p>
   </div>
   <div class='ocr_carea' id='block_1_8' title="bbox 564 747 2163 823">
    <p class='ocr_par' dir='ltr' id='par_1_8' title="bbox 564 747 2163 823">
     <span class='ocr_line' id='line_1_8' title="bbox 564 747 2163 823; baseline -0.006 -13"><span class='ocrx_word' id='word_1_46' title='bbox 564 754 807 810; x_wconf 88' lang='lat' dir='ltr'><strong>luartun:</strong></span> <span class='ocrx_word' id='word_1_47' title='bbox 843 762 895 808; x_wconf 92' lang='lat' dir='ltr'><strong>et</strong></span> <span class='ocrx_word' id='word_1_48' title='bbox 922 752 1140 823; x_wconf 78' lang='lat' dir='ltr'><strong>quidem</strong></span> <span class='ocrx_word' id='word_1_49' title='bbox 1174 752 1419 807; x_wconf 89' lang='lat' dir='ltr'><strong>miranda</strong></span> <span class='ocrx_word' id='word_1_50' title='bbox 1448 753 1491 806; x_wconf 84' lang='lat' dir='ltr'><strong>si</strong></span> <span class='ocrx_word' id='word_1_51' title='bbox 1526 751 1735 818; x_wconf 89' lang='lat' dir='ltr'><strong>videas,</strong></span> <span class='ocrx_word' id='word_1_52' title='bbox 1762 747 2163 805; x_wconf 87' lang='lat' dir='ltr'><strong>contemnenda</strong></span> 
     </span>
    </p>
   </div>
   <div class='ocr_carea' id='block_1_9' title="bbox 563 842 2159 918">
    <p class='ocr_par' dir='ltr' id='par_1_9' title="bbox 563 842 2159 918">
     <span class='ocr_line' id='line_1_9' title="bbox 563 842 2159 918; baseline -0.006 -16"><span class='ocrx_word' id='word_1_53' title='bbox 563 847 609 902; x_wconf 89' lang='lat' dir='ltr'><strong>si</strong></span> <span class='ocrx_word' id='word_1_54' title='bbox 632 845 1124 918; x_wconf 73' lang='lat' dir='ltr'><strong>c&#39;tgitus;deuique</strong></span> <span class='ocrx_word' id='word_1_55' title='bbox 1148 846 1356 913; x_wconf 85' lang='lat' dir='ltr'><strong>lapides</strong></span> <span class='ocrx_word' id='word_1_56' title='bbox 1379 845 1758 915; x_wconf 75' lang='lat' dir='ltr'><strong>appellantur;</strong></span> <span class='ocrx_word' id='word_1_57' title='bbox 1781 842 1898 897; x_wconf 74' lang='lat' dir='ltr'><strong>hrcc</strong></span> <span class='ocrx_word' id='word_1_58' title='bbox 1916 842 2159 909; x_wconf 83' lang='lat' dir='ltr'><strong>inquam,</strong></span> 
     </span>
    </p>
   </div>
   <div class='ocr_carea' id='block_1_10' title="bbox 566 934 2161 1011">
    <p class='ocr_par' dir='ltr' id='par_1_10' title="bbox 566 934 2161 1011">
     <span class='ocr_line' id='line_1_10' title="bbox 566 934 2161 1011; baseline -0.005 -16"><span class='ocrx_word' id='word_1_59' title='bbox 566 939 803 995; x_wconf 86' lang='lat' dir='ltr'><strong>hiantem</strong></span> <span class='ocrx_word' id='word_1_60' title='bbox 858 940 1116 1011; x_wconf 86' lang='lat' dir='ltr'><strong>populum</strong></span> <span class='ocrx_word' id='word_1_61' title='bbox 1162 940 1496 995; x_wconf 79' lang='lat' dir='ltr'><strong>detinerent.</strong></span> <span class='ocrx_word' id='word_1_62' title='bbox 1553 942 1623 992; x_wconf 86' lang='lat' dir='ltr'><strong>At</strong></span> <span class='ocrx_word' id='word_1_63' title='bbox 1660 954 1791 992; x_wconf 83' lang='lat' dir='ltr'><strong>vero</strong></span> <span class='ocrx_word' id='word_1_64' title='bbox 1838 934 2161 998; x_wconf 77' lang='lat' dir='ltr'><strong>beatissimi,</strong></span> 
     </span>
    </p>
   </div>
   <div class='ocr_carea' id='block_1_11' title="bbox 560 1029 2163 1103">
    <p class='ocr_par' dir='ltr' id='par_1_11' title="bbox 560 1029 2163 1103">
     <span class='ocr_line' id='line_1_11' title="bbox 560 1029 2163 1103; baseline -0.007 -13"><span class='ocrx_word' id='word_1_65' title='bbox 560 1048 685 1090; x_wconf 83' lang='lat' dir='ltr'><strong>eum</strong></span> <span class='ocrx_word' id='word_1_66' title='bbox 712 1033 1006 1103; x_wconf 76' lang='lat' dir='ltr'><strong>Martyrum</strong></span> <span class='ocrx_word' id='word_1_67' title='bbox 1032 1031 1361 1103; x_wconf 83' lang='lat' dir='ltr'><strong>triumphus,</strong></span> <span class='ocrx_word' id='word_1_68' title='bbox 1385 1042 1437 1087; x_wconf 91' lang='lat' dir='ltr'><strong>et</strong></span> <span class='ocrx_word' id='word_1_69' title='bbox 1463 1046 1656 1102; x_wconf 86' lang='lat' dir='ltr'><strong>pompa</strong></span> <span class='ocrx_word' id='word_1_70' title='bbox 1683 1029 1943 1084; x_wconf 87' lang='lat' dir='ltr'><strong>virtutum</strong></span> <span class='ocrx_word' id='word_1_71' title='bbox 1978 1038 2163 1083; x_wconf 91' lang='lat' dir='ltr'><strong>nostra</strong></span> 
     </span>
    </p>
   </div>
   <div class='ocr_carea' id='block_1_12' title="bbox 565 1119 2165 1191">
    <p class='ocr_par' dir='ltr' id='par_1_12' title="bbox 565 1119 2165 1191">
     <span class='ocr_line' id='line_1_12' title="bbox 565 1119 2165 1191; baseline -0.004 -10"><span class='ocrx_word' id='word_1_72' title='bbox 565 1135 707 1181; x_wconf 88' lang='lat' dir='ltr'><strong>tecta</strong></span> <span class='ocrx_word' id='word_1_73' title='bbox 752 1126 1075 1188; x_wconf 89' lang='lat' dir='ltr'><strong>succedunt.</strong></span> <span class='ocrx_word' id='word_1_74' title='bbox 1120 1142 1218 1181; x_wconf 92' lang='lat' dir='ltr'><strong>cur</strong></span> <span class='ocrx_word' id='word_1_75' title='bbox 1244 1141 1350 1179; x_wconf 93' lang='lat' dir='ltr'><strong>nou</strong></span> <span class='ocrx_word' id='word_1_76' title='bbox 1384 1124 1663 1179; x_wconf 84' lang='lat' dir='ltr'><strong>solvamur</strong></span> <span class='ocrx_word' id='word_1_77' title='bbox 1692 1123 1747 1177; x_wconf 90' lang='lat' dir='ltr'><strong>in</strong></span> <span class='ocrx_word' id='word_1_78' title='bbox 1770 1121 2007 1191; x_wconf 77' lang='lat' dir='ltr'><strong>gaudia?</strong></span> <span class='ocrx_word' id='word_1_79' title='bbox 2056 1119 2165 1174; x_wconf 86' lang='lat' dir='ltr'><strong>Nec</strong></span> 
     </span>
    </p>
   </div>
   <div class='ocr_carea' id='block_1_13' title="bbox 564 1216 2162 1290">
    <p class='ocr_par' dir='ltr' id='par_1_13' title="bbox 564 1216 2162 1290">
     <span class='ocr_line' id='line_1_13' title="bbox 564 1216 2162 1290; baseline -0.006 -15"><span class='ocrx_word' id='word_1_80' title='bbox 564 1219 721 1275; x_wconf 88' lang='lat' dir='ltr'><strong>deest</strong></span> <span class='ocrx_word' id='word_1_81' title='bbox 750 1218 893 1290; x_wconf 89' lang='lat' dir='ltr'><strong>quod</strong></span> <span class='ocrx_word' id='word_1_82' title='bbox 950 1220 1244 1274; x_wconf 86' lang='lat' dir='ltr'><strong>miremur:</strong></span> <span class='ocrx_word' id='word_1_83' title='bbox 1278 1232 1380 1287; x_wconf 90' lang='lat' dir='ltr'><strong>pro</strong></span> <span class='ocrx_word' id='word_1_84' title='bbox 1408 1216 1579 1287; x_wconf 80' lang='lat' dir='ltr'><strong>regali</strong></span> <span class='ocrx_word' id='word_1_85' title='bbox 1609 1216 1808 1269; x_wconf 88' lang='lat' dir='ltr'><strong>amictu</strong></span> <span class='ocrx_word' id='word_1_86' title='bbox 1850 1222 2050 1285; x_wconf 73' lang='lat' dir='ltr'><strong>prmsto</strong></span> <span class='ocrx_word' id='word_1_87' title='bbox 2081 1222 2162 1265; x_wconf 89' lang='lat' dir='ltr'><strong>est</strong></span> 
     </span>
    </p>
   </div>
   <div class='ocr_carea' id='block_1_14' title="bbox 564 1305 2164 1378">
    <p class='ocr_par' dir='ltr' id='par_1_14' title="bbox 564 1305 2164 1378">
     <span class='ocr_line' id='line_1_14' title="bbox 564 1305 2164 1378; baseline -0.006 -9"><span class='ocrx_word' id='word_1_88' title='bbox 564 1314 756 1369; x_wconf 66' lang='lat' dir='ltr'><strong>interni</strong></span> <span class='ocrx_word' id='word_1_89' title='bbox 790 1312 1011 1367; x_wconf 91' lang='lat' dir='ltr'><strong>luminis</strong></span> <span class='ocrx_word' id='word_1_90' title='bbox 1044 1311 1441 1365; x_wconf 92' lang='lat' dir='ltr'><strong>indumentum.</strong></span> <span class='ocrx_word' id='word_1_91' title='bbox 1476 1310 1576 1364; x_wconf 85' lang='lat' dir='ltr'><strong>Hic</strong></span> <span class='ocrx_word' id='word_1_92' title='bbox 1614 1322 1884 1378; x_wconf 85' lang='lat' dir='ltr'><strong>purpura,</strong></span> <span class='ocrx_word' id='word_1_93' title='bbox 1913 1305 2001 1360; x_wconf 89' lang='lat' dir='ltr'><strong>hic</strong></span> <span class='ocrx_word' id='word_1_94' title='bbox 2027 1316 2164 1375; x_wconf 69' lang='lat' dir='ltr'><strong>togae</strong></span> 
     </span>
    </p>
   </div>
   <div class='ocr_carea' id='block_1_15' title="bbox 560 1398 2165 1467">
    <p class='ocr_par' dir='ltr' id='par_1_15' title="bbox 560 1398 2165 1467">
     <span class='ocr_line' id='line_1_15' title="bbox 560 1398 2165 1467; baseline -0.009 -4"><span class='ocrx_word' id='word_1_95' title='bbox 560 1406 753 1463; x_wconf 80' lang='lat' dir='ltr'><strong>liberae</strong></span> <span class='ocrx_word' id='word_1_96' title='bbox 780 1414 1098 1460; x_wconf 88' lang='lat' dir='ltr'><strong>sanctorum</strong></span> <span class='ocrx_word' id='word_1_97' title='bbox 1127 1412 1273 1467; x_wconf 91' lang='lat' dir='ltr'><strong>sunt,</strong></span> <span class='ocrx_word' id='word_1_98' title='bbox 1305 1402 1393 1457; x_wconf 90' lang='lat' dir='ltr'><strong>hic</strong></span> <span class='ocrx_word' id='word_1_99' title='bbox 1409 1400 1713 1456; x_wconf 90' lang='lat' dir='ltr'><strong>diademata</strong></span> <span class='ocrx_word' id='word_1_100' title='bbox 1738 1398 1900 1453; x_wconf 85' lang='lat' dir='ltr'><strong>variis</strong></span> <span class='ocrx_word' id='word_1_101' title='bbox 1926 1410 2165 1467; x_wconf 85' lang='lat' dir='ltr'><strong>gemma-</strong></span> 
     </span>
    </p>
   </div>
   <div class='ocr_carea' id='block_1_16' title="bbox 564 1488 2160 1561">
    <p class='ocr_par' dir='ltr' id='par_1_16' title="bbox 564 1488 2160 1561">
     <span class='ocr_line' id='line_1_16' title="bbox 564 1488 2160 1561; baseline -0.009 -6"><span class='ocrx_word' id='word_1_102' title='bbox 564 1515 684 1555; x_wconf 88' lang='lat' dir='ltr'><strong>rum</strong></span> <span class='ocrx_word' id='word_1_103' title='bbox 739 1496 994 1551; x_wconf 77' lang='lat' dir='ltr'><strong>distincta</strong></span> <span class='ocrx_word' id='word_1_104' title='bbox 1054 1494 1381 1557; x_wconf 84' lang='lat' dir='ltr'><strong>luminibus,</strong></span> <span class='ocrx_word' id='word_1_105' title='bbox 1451 1490 1767 1561; x_wconf 69' lang='lat' dir='ltr'><strong>sapientiae,</strong></span> <span class='ocrx_word' id='word_1_106' title='bbox 1816 1488 2160 1552; x_wconf 69' lang='lat' dir='ltr'><strong>intellectus,</strong></span> 
     </span>
    </p>
   </div>
   <div class='ocr_carea' id='block_1_17' title="bbox 566 1580 2159 1653">
    <p class='ocr_par' dir='ltr' id='par_1_17' title="bbox 566 1580 2159 1653">
     <span class='ocr_line' id='line_1_17' title="bbox 566 1580 2159 1653; baseline -0.008 -7"><span class='ocrx_word' id='word_1_107' title='bbox 566 1590 835 1653; x_wconf 70' lang='lat' dir='ltr'><strong>scientim,</strong></span> <span class='ocrx_word' id='word_1_108' title='bbox 864 1588 1132 1649; x_wconf 85' lang='lat' dir='ltr'><strong>veritatis.</strong></span> <span class='ocrx_word' id='word_1_109' title='bbox 1169 1585 1413 1648; x_wconf 86' lang='lat' dir='ltr'><strong>consilii,</strong></span> <span class='ocrx_word' id='word_1_110' title='bbox 1447 1581 1801 1647; x_wconf 79' lang='lat' dir='ltr'><strong>fortitudinis,</strong></span> <span class='ocrx_word' id='word_1_111' title='bbox 1829 1580 2159 1643; x_wconf 55' lang='lat' dir='ltr'><strong>tolerantia),</strong></span> 
     </span>
    </p>
   </div>
   <div class='ocr_carea' id='block_1_18' title="bbox 564 1673 2159 1752">
    <p class='ocr_par' dir='ltr' id='par_1_18' title="bbox 564 1673 2159 1752">
     <span class='ocr_line' id='line_1_18' title="bbox 564 1673 2159 1752; baseline -0.007 -16"><span class='ocrx_word' id='word_1_112' title='bbox 564 1678 1226 1752; x_wconf 70' lang='lat' dir='ltr'><strong>temperantire,justiti:e,</strong></span> <span class='ocrx_word' id='word_1_113' title='bbox 1255 1675 1585 1747; x_wconf 64' lang='lat' dir='ltr'><strong>prudentiae,</strong></span> <span class='ocrx_word' id='word_1_114' title='bbox 1617 1674 1914 1744; x_wconf 61' lang='lat' dir='ltr'><strong>patientia},</strong></span> <span class='ocrx_word' id='word_1_115' title='bbox 1938 1673 2159 1728; x_wconf 84' lang='lat' dir='ltr'><strong>castita-</strong></span> 
     </span>
    </p>
   </div>
   <div class='ocr_carea' id='block_1_19' title="bbox 2270 470 3862 539">
    <p class='ocr_par' dir='ltr' id='par_1_19' title="bbox 2270 470 3862 539">
     <span class='ocr_line' id='line_1_19' title="bbox 2270 470 3862 539; baseline 0.001 -14"><span class='ocrx_word' id='word_1_116' title='bbox 2270 473 2440 525; x_wconf 91' lang='lat' dir='ltr'><strong>ctoria</strong></span> <span class='ocrx_word' id='word_1_117' title='bbox 2471 481 2554 526; x_wconf 89' lang='lat' dir='ltr'><strong>est</strong></span> <span class='ocrx_word' id='word_1_118' title='bbox 2580 487 2701 527; x_wconf 92' lang='lat' dir='ltr'><strong>cum</strong></span> <span class='ocrx_word' id='word_1_119' title='bbox 2733 473 2934 527; x_wconf 86' lang='lat' dir='ltr'><strong>talibus</strong></span> <span class='ocrx_word' id='word_1_120' title='bbox 2954 472 3447 539; x_wconf 83' lang='lat' dir='ltr'><strong>commilitonibus,</strong></span> <span class='ocrx_word' id='word_1_121' title='bbox 3479 480 3677 528; x_wconf 88' lang='lat' dir='ltr'><strong>etcum</strong></span> <span class='ocrx_word' id='word_1_122' title='bbox 3707 470 3862 527; x_wconf 87' lang='lat' dir='ltr'><strong>Chri-</strong></span> 
     </span>
    </p>
   </div>
   <div class='ocr_carea' id='block_1_20' title="bbox 2269 564 3865 635">
    <p class='ocr_par' dir='ltr' id='par_1_20' title="bbox 2269 564 3865 635">
     <span class='ocr_line' id='line_1_20' title="bbox 2269 564 3865 635; baseline 0.001 -20"><span class='ocrx_word' id='word_1_123' title='bbox 2269 572 2353 616; x_wconf 85' lang='lat' dir='ltr'><strong>sto</strong></span> <span class='ocrx_word' id='word_1_124' title='bbox 2385 564 2715 631; x_wconf 83' lang='lat' dir='ltr'><strong>imperatore</strong></span> <span class='ocrx_word' id='word_1_125' title='bbox 2740 579 2983 635; x_wconf 87' lang='lat' dir='ltr'><strong>puguare</strong></span> <span class='ocrx_word' id='word_1_126' title='bbox 3007 579 3023 629; x_wconf 92' lang='lat'><strong>;</strong></span> <span class='ocrx_word' id='word_1_127' title='bbox 3047 574 3175 619; x_wconf 92' lang='lat' dir='ltr'><strong>tunc</strong></span> <span class='ocrx_word' id='word_1_128' title='bbox 3207 565 3452 635; x_wconf 89' lang='lat' dir='ltr'><strong>profecto</strong></span> <span class='ocrx_word' id='word_1_129' title='bbox 3486 564 3539 619; x_wconf 94' lang='lat' dir='ltr'><strong>in</strong></span> <span class='ocrx_word' id='word_1_130' title='bbox 3564 579 3652 618; x_wconf 93' lang='lat' dir='ltr'><strong>me</strong></span> <span class='ocrx_word' id='word_1_131' title='bbox 3680 564 3865 635; x_wconf 75' lang='lat' dir='ltr'><strong>Splen-</strong></span> 
     </span>
    </p>
   </div>
   <div class='ocr_carea' id='block_1_21' title="bbox 2268 653 3863 724">
    <p class='ocr_par' dir='ltr' id='par_1_21' title="bbox 2268 653 3863 724">
     <span class='ocr_line' id='line_1_21' title="bbox 2268 653 3863 724; baseline 0.003 -17"><span class='ocrx_word' id='word_1_132' title='bbox 2268 653 2417 708; x_wconf 89' lang='lat' dir='ltr'><strong>debit</strong></span> <span class='ocrx_word' id='word_1_133' title='bbox 2443 656 2595 724; x_wconf 83' lang='lat' dir='ltr'><strong>galea</strong></span> <span class='ocrx_word' id='word_1_134' title='bbox 2622 654 2956 723; x_wconf 78' lang='lat' dir='ltr'><strong>Sacerdotis,</strong></span> <span class='ocrx_word' id='word_1_135' title='bbox 2986 657 3030 711; x_wconf 91' lang='lat' dir='ltr'><strong>si</strong></span> <span class='ocrx_word' id='word_1_136' title='bbox 3062 672 3147 710; x_wconf 86' lang='lat' dir='ltr'><strong>me</strong></span> <span class='ocrx_word' id='word_1_137' title='bbox 3171 657 3223 711; x_wconf 94' lang='lat' dir='ltr'><strong>in</strong></span> <span class='ocrx_word' id='word_1_138' title='bbox 3253 657 3370 712; x_wconf 89' lang='lat' dir='ltr'><strong>acie</strong></span> <span class='ocrx_word' id='word_1_139' title='bbox 3405 656 3655 712; x_wconf 86' lang='lat' dir='ltr'><strong>charitas</strong></span> <span class='ocrx_word' id='word_1_140' title='bbox 3684 667 3863 712; x_wconf 75' lang='lat' dir='ltr'><strong>vestra</strong></span> 
     </span>
    </p>
   </div>
   <div class='ocr_carea' id='block_1_22' title="bbox 2265 748 3863 819">
    <p class='ocr_par' dir='ltr' id='par_1_22' title="bbox 2265 748 3863 819">
     <span class='ocr_line' id='line_1_22' title="bbox 2265 748 3863 819; baseline 0.003 -18"><span class='ocrx_word' id='word_1_141' title='bbox 2265 748 2607 817; x_wconf 84' lang='lat' dir='ltr'><strong>perspexerit</strong></span> <span class='ocrx_word' id='word_1_142' title='bbox 2633 764 2648 814; x_wconf 92' lang='lat'><strong>;</strong></span> <span class='ocrx_word' id='word_1_143' title='bbox 2684 748 2994 803; x_wconf 90' lang='lat' dir='ltr'><strong>incendium</strong></span> <span class='ocrx_word' id='word_1_144' title='bbox 3022 749 3210 819; x_wconf 71' lang='lat' dir='ltr'><strong>gloriae</strong></span> <span class='ocrx_word' id='word_1_145' title='bbox 3242 759 3348 807; x_wconf 92' lang='lat' dir='ltr'><strong>est.</strong></span> <span class='ocrx_word' id='word_1_146' title='bbox 3379 749 3534 805; x_wconf 83' lang='lat' dir='ltr'><strong>vobis</strong></span> <span class='ocrx_word' id='word_1_147' title='bbox 3560 749 3863 813; x_wconf 76' lang='lat' dir='ltr'><strong>Spectanti-</strong></span> 
     </span>
    </p>
   </div>
   <div class='ocr_carea' id='block_1_23' title="bbox 2266 841 3863 912">
    <p class='ocr_par' dir='ltr' id='par_1_23' title="bbox 2266 841 3863 912">
     <span class='ocr_line' id='line_1_23' title="bbox 2266 841 3863 912; baseline 0.003 -17"><span class='ocrx_word' id='word_1_148' title='bbox 2266 841 2389 909; x_wconf 83' lang='lat' dir='ltr'><strong>bus,</strong></span> <span class='ocrx_word' id='word_1_149' title='bbox 2424 841 2580 895; x_wconf 84' lang='lat' dir='ltr'><strong>vobis</strong></span> <span class='ocrx_word' id='word_1_150' title='bbox 2606 843 2964 912; x_wconf 84' lang='lat' dir='ltr'><strong>sequentibus</strong></span> <span class='ocrx_word' id='word_1_151' title='bbox 3005 842 3289 898; x_wconf 84' lang='lat' dir='ltr'><strong>dimicare.</strong></span> <span class='ocrx_word' id='word_1_152' title='bbox 3324 842 3460 898; x_wconf 88' lang='lat' dir='ltr'><strong>Tuta</strong></span> <span class='ocrx_word' id='word_1_153' title='bbox 3485 843 3673 909; x_wconf 84' lang='lat' dir='ltr'><strong>statio,</strong></span> <span class='ocrx_word' id='word_1_154' title='bbox 3696 852 3753 899; x_wconf 92' lang='lat' dir='ltr'><strong>et</strong></span> <span class='ocrx_word' id='word_1_155' title='bbox 3775 859 3863 899; x_wconf 86' lang='lat' dir='ltr'><strong>sa-</strong></span> 
     </span>
    </p>
   </div>
   <div class='ocr_carea' id='block_1_24' title="bbox 2268 931 3865 1004">
    <p class='ocr_par' dir='ltr' id='par_1_24' title="bbox 2268 931 3865 1004">
     <span class='ocr_line' id='line_1_24' title="bbox 2268 931 3865 1004; baseline 0.004 -19"><span class='ocrx_word' id='word_1_156' title='bbox 2268 931 2396 986; x_wconf 90' lang='lat' dir='ltr'><strong>Iutis</strong></span> <span class='ocrx_word' id='word_1_157' title='bbox 2438 933 2840 989; x_wconf 73' lang='lat' dir='ltr'><strong>munitissimus</strong></span> <span class='ocrx_word' id='word_1_158' title='bbox 2884 946 3073 1004; x_wconf 87' lang='lat' dir='ltr'><strong>portus</strong></span> <span class='ocrx_word' id='word_1_159' title='bbox 3130 943 3213 989; x_wconf 91' lang='lat' dir='ltr'><strong>est</strong></span> <span class='ocrx_word' id='word_1_160' title='bbox 3255 932 3391 989; x_wconf 91' lang='lat' dir='ltr'><strong>ﬁdes</strong></span> <span class='ocrx_word' id='word_1_161' title='bbox 3452 935 3780 991; x_wconf 88' lang='lat' dir='ltr'><strong>inconcussa</strong></span> <span class='ocrx_word' id='word_1_162' title='bbox 3810 944 3865 991; x_wconf 92' lang='lat' dir='ltr'><strong>et</strong></span> 
     </span>
    </p>
   </div>
   <div class='ocr_carea' id='block_1_25' title="bbox 2265 1028 3863 1101">
    <p class='ocr_par' dir='ltr' id='par_1_25' title="bbox 2265 1028 3863 1101">
     <span class='ocr_line' id='line_1_25' title="bbox 2265 1028 3863 1101; baseline 0.004 -20"><span class='ocrx_word' id='word_1_163' title='bbox 2265 1028 2571 1081; x_wconf 83' lang='lat' dir='ltr'><strong>constantia</strong></span> <span class='ocrx_word' id='word_1_164' title='bbox 2616 1029 2900 1097; x_wconf 80' lang='lat' dir='ltr'><strong>Spiritalis.</strong></span> <span class='ocrx_word' id='word_1_165' title='bbox 2932 1030 3081 1084; x_wconf 86' lang='lat' dir='ltr'><strong>Bona</strong></span> <span class='ocrx_word' id='word_1_166' title='bbox 3114 1030 3223 1084; x_wconf 88' lang='lat' dir='ltr'><strong>vita</strong></span> <span class='ocrx_word' id='word_1_167' title='bbox 3258 1030 3391 1085; x_wconf 85' lang='lat' dir='ltr'><strong>nihil</strong></span> <span class='ocrx_word' id='word_1_168' title='bbox 3422 1030 3663 1101; x_wconf 89' lang='lat' dir='ltr'><strong>prodest,</strong></span> <span class='ocrx_word' id='word_1_169' title='bbox 3686 1031 3736 1087; x_wconf 90' lang='lat' dir='ltr'><strong>si</strong></span> <span class='ocrx_word' id='word_1_170' title='bbox 3768 1046 3863 1087; x_wconf 88' lang='lat' dir='ltr'><strong>ne-</strong></span> 
     </span>
    </p>
   </div>
   <div class='ocr_carea' id='block_1_26' title="bbox 2266 1120 3860 1192">
    <p class='ocr_par' dir='ltr' id='par_1_26' title="bbox 2266 1120 3860 1192">
     <span class='ocr_line' id='line_1_26' title="bbox 2266 1120 3860 1192; baseline 0.005 -20"><span class='ocrx_word' id='word_1_171' title='bbox 2266 1120 2407 1174; x_wconf 89' lang='lat' dir='ltr'><strong>scias</strong></span> <span class='ocrx_word' id='word_1_172' title='bbox 2434 1120 2520 1174; x_wconf 91' lang='lat' dir='ltr'><strong>cui</strong></span> <span class='ocrx_word' id='word_1_173' title='bbox 2546 1120 2718 1174; x_wconf 89' lang='lat' dir='ltr'><strong>vivas.</strong></span> <span class='ocrx_word' id='word_1_174' title='bbox 2743 1120 2799 1175; x_wconf 89' lang='lat' dir='ltr'><strong>In</strong></span> <span class='ocrx_word' id='word_1_175' title='bbox 2845 1122 3017 1175; x_wconf 91' lang='lat' dir='ltr'><strong>altum</strong></span> <span class='ocrx_word' id='word_1_176' title='bbox 3049 1121 3226 1192; x_wconf 89' lang='lat' dir='ltr'><strong>rapiet</strong></span> <span class='ocrx_word' id='word_1_177' title='bbox 3261 1123 3423 1178; x_wconf 90' lang='lat' dir='ltr'><strong>tttrbo</strong></span> <span class='ocrx_word' id='word_1_178' title='bbox 3465 1134 3752 1179; x_wconf 89' lang='lat' dir='ltr'><strong>ventorum</strong></span> <span class='ocrx_word' id='word_1_179' title='bbox 3779 1124 3860 1179; x_wconf 86' lang='lat' dir='ltr'><strong>le-</strong></span> 
     </span>
    </p>
   </div>
   <div class='ocr_carea' id='block_1_27' title="bbox 2267 1214 3862 1289">
    <p class='ocr_par' dir='ltr' id='par_1_27' title="bbox 2267 1214 3862 1289">
     <span class='ocr_line' id='line_1_27' title="bbox 2267 1214 3862 1289; baseline 0.003 -22"><span class='ocrx_word' id='word_1_180' title='bbox 2267 1228 2386 1267; x_wconf 90' lang='lat' dir='ltr'><strong>vem</strong></span> <span class='ocrx_word' id='word_1_181' title='bbox 2414 1221 2471 1268; x_wconf 92' lang='lat' dir='ltr'><strong>et</strong></span> <span class='ocrx_word' id='word_1_182' title='bbox 2502 1214 2842 1270; x_wconf 85' lang='lat' dir='ltr'><strong>incredulam</strong></span> <span class='ocrx_word' id='word_1_183' title='bbox 2872 1227 3133 1272; x_wconf 82' lang='lat' dir='ltr'><strong>mentem.</strong></span> <span class='ocrx_word' id='word_1_184' title='bbox 3158 1216 3323 1273; x_wconf 87' lang='lat' dir='ltr'><strong>Fides</strong></span> <span class='ocrx_word' id='word_1_185' title='bbox 3365 1228 3453 1273; x_wconf 92' lang='lat' dir='ltr'><strong>est</strong></span> <span class='ocrx_word' id='word_1_186' title='bbox 3484 1234 3606 1289; x_wconf 70' lang='lat' dir='ltr'><strong>qua:</strong></span> <span class='ocrx_word' id='word_1_187' title='bbox 3632 1217 3862 1275; x_wconf 80' lang='lat' dir='ltr'><strong>Sanctos</strong></span> 
     </span>
    </p>
   </div>
   <div class='ocr_carea' id='block_1_28' title="bbox 2265 1306 3861 1379">
    <p class='ocr_par' dir='ltr' id='par_1_28' title="bbox 2265 1306 3861 1379">
     <span class='ocr_line' id='line_1_28' title="bbox 2265 1306 3861 1379; baseline 0.004 -18"><span class='ocrx_word' id='word_1_188' title='bbox 2265 1307 2412 1361; x_wconf 87' lang='lat' dir='ltr'><strong>vexit</strong></span> <span class='ocrx_word' id='word_1_189' title='bbox 2435 1306 2499 1360; x_wconf 90' lang='lat' dir='ltr'><strong>ad</strong></span> <span class='ocrx_word' id='word_1_190' title='bbox 2522 1308 2722 1363; x_wconf 78' lang='lat' dir='ltr'><strong>ctelum</strong></span> <span class='ocrx_word' id='word_1_191' title='bbox 2752 1325 2766 1375; x_wconf 91' lang='lat'><strong>;</strong></span> <span class='ocrx_word' id='word_1_192' title='bbox 2800 1308 2934 1363; x_wconf 87' lang='lat' dir='ltr'><strong>ﬁdes</strong></span> <span class='ocrx_word' id='word_1_193' title='bbox 2966 1320 3051 1363; x_wconf 92' lang='lat' dir='ltr'><strong>est</strong></span> <span class='ocrx_word' id='word_1_194' title='bbox 3076 1327 3196 1379; x_wconf 63' lang='lat' dir='ltr'><strong>«tum</strong></span> <span class='ocrx_word' id='word_1_195' title='bbox 3225 1312 3473 1366; x_wconf 89' lang='lat' dir='ltr'><strong>ﬁammas</strong></span> <span class='ocrx_word' id='word_1_196' title='bbox 3497 1313 3662 1367; x_wconf 84' lang='lat' dir='ltr'><strong>vertit</strong></span> <span class='ocrx_word' id='word_1_197' title='bbox 3690 1312 3745 1367; x_wconf 90' lang='lat' dir='ltr'><strong>in</strong></span> <span class='ocrx_word' id='word_1_198' title='bbox 3775 1328 3861 1368; x_wconf 86' lang='lat' dir='ltr'><strong>ro-</strong></span> 
     </span>
    </p>
   </div>
   <div class='ocr_carea' id='block_1_29' title="bbox 2264 1402 3858 1475">
    <p class='ocr_par' dir='ltr' id='par_1_29' title="bbox 2264 1402 3858 1475">
     <span class='ocr_line' id='line_1_29' title="bbox 2264 1402 3858 1475; baseline 0.003 -20"><span class='ocrx_word' id='word_1_199' title='bbox 2264 1416 2405 1469; x_wconf 88' lang='lat' dir='ltr'><strong>rem,</strong></span> <span class='ocrx_word' id='word_1_200' title='bbox 2437 1410 2493 1456; x_wconf 88' lang='lat' dir='ltr'><strong>et</strong></span> <span class='ocrx_word' id='word_1_201' title='bbox 2522 1402 2574 1455; x_wconf 94' lang='lat' dir='ltr'><strong>in</strong></span> <span class='ocrx_word' id='word_1_202' title='bbox 2610 1402 2845 1457; x_wconf 90' lang='lat' dir='ltr'><strong>incendii</strong></span> <span class='ocrx_word' id='word_1_203' title='bbox 2874 1402 3069 1473; x_wconf 83' lang='lat' dir='ltr'><strong>globos</strong></span> <span class='ocrx_word' id='word_1_204' title='bbox 3115 1403 3359 1459; x_wconf 88' lang='lat' dir='ltr'><strong>salutare</strong></span> <span class='ocrx_word' id='word_1_205' title='bbox 3389 1405 3559 1475; x_wconf 82' lang='lat' dir='ltr'><strong>frigus</strong></span> <span class='ocrx_word' id='word_1_206' title='bbox 3591 1403 3814 1460; x_wconf 89' lang='lat' dir='ltr'><strong>immisit</strong></span> <span class='ocrx_word' id='word_1_207' title='bbox 3844 1421 3858 1471; x_wconf 92' lang='lat'><strong>;</strong></span> 
     </span>
    </p>
   </div>
   <div class='ocr_carea' id='block_1_30' title="bbox 2264 1491 3863 1568">
    <p class='ocr_par' dir='ltr' id='par_1_30' title="bbox 2264 1491 3863 1568">
     <span class='ocr_line' id='line_1_30' title="bbox 2264 1491 3863 1568; baseline 0.004 -23"><span class='ocrx_word' id='word_1_208' title='bbox 2264 1491 2396 1549; x_wconf 83' lang='lat' dir='ltr'><strong>ﬁdes</strong></span> <span class='ocrx_word' id='word_1_209' title='bbox 2418 1500 2504 1547; x_wconf 88' lang='lat' dir='ltr'><strong>est</strong></span> <span class='ocrx_word' id='word_1_210' title='bbox 2520 1508 2643 1563; x_wconf 67' lang='lat' dir='ltr'><strong>qua:</strong></span> <span class='ocrx_word' id='word_1_211' title='bbox 2665 1495 3047 1549; x_wconf 85' lang='lat' dir='ltr'><strong>fluctuantium</strong></span> <span class='ocrx_word' id='word_1_212' title='bbox 3067 1496 3332 1551; x_wconf 90' lang='lat' dir='ltr'><strong>undarum</strong></span> <span class='ocrx_word' id='word_1_213' title='bbox 3359 1496 3603 1568; x_wconf 89' lang='lat' dir='ltr'><strong>liquores</strong></span> <span class='ocrx_word' id='word_1_214' title='bbox 3617 1498 3721 1551; x_wconf 88' lang='lat' dir='ltr'><strong>sub</strong></span> <span class='ocrx_word' id='word_1_215' title='bbox 3745 1513 3863 1552; x_wconf 89' lang='lat' dir='ltr'><strong>am-</strong></span> 
     </span>
    </p>
   </div>
   <div class='ocr_carea' id='block_1_31' title="bbox 2264 1585 3859 1664">
    <p class='ocr_par' dir='ltr' id='par_1_31' title="bbox 2264 1585 3859 1664">
     <span class='ocr_line' id='line_1_31' title="bbox 2264 1585 3859 1664; baseline 0.004 -24"><span class='ocrx_word' id='word_1_216' title='bbox 2264 1585 2543 1641; x_wconf 89' lang='lat' dir='ltr'><strong>bulantum</strong></span> <span class='ocrx_word' id='word_1_217' title='bbox 2575 1589 2816 1658; x_wconf 89' lang='lat' dir='ltr'><strong>vestigiis</strong></span> <span class='ocrx_word' id='word_1_218' title='bbox 2843 1590 3095 1644; x_wconf 86' lang='lat' dir='ltr'><strong>solidavit</strong></span> <span class='ocrx_word' id='word_1_219' title='bbox 3120 1607 3134 1654; x_wconf 89' lang='lat'><strong>;</strong></span> <span class='ocrx_word' id='word_1_220' title='bbox 3171 1590 3305 1646; x_wconf 91' lang='lat' dir='ltr'><strong>ﬁdes</strong></span> <span class='ocrx_word' id='word_1_221' title='bbox 3333 1600 3415 1646; x_wconf 93' lang='lat' dir='ltr'><strong>est</strong></span> <span class='ocrx_word' id='word_1_222' title='bbox 3442 1608 3563 1660; x_wconf 75' lang='lat' dir='ltr'><strong>qua:</strong></span> <span class='ocrx_word' id='word_1_223' title='bbox 3592 1591 3859 1664; x_wconf 80' lang='lat' dir='ltr'><strong>Martyres</strong></span> 
     </span>
    </p>
   </div>
   <div class='ocr_carea' id='block_1_32' title="bbox 2266 1680 3860 1751">
    <p class='ocr_par' dir='ltr' id='par_1_32' title="bbox 2266 1680 3860 1751">
     <span class='ocr_line' id='line_1_32' title="bbox 2266 1680 3860 1751; baseline 0.004 -18"><span class='ocrx_word' id='word_1_224' title='bbox 2266 1680 2319 1735; x_wconf 90' lang='lat' dir='ltr'><strong>in</strong></span> <span class='ocrx_word' id='word_1_225' title='bbox 2347 1681 2656 1749; x_wconf 84' lang='lat' dir='ltr'><strong>exemplum</strong></span> <span class='ocrx_word' id='word_1_226' title='bbox 2688 1683 2880 1738; x_wconf 86' lang='lat' dir='ltr'><strong>mortis</strong></span> <span class='ocrx_word' id='word_1_227' title='bbox 2922 1686 3143 1740; x_wconf 77' lang='lat' dir='ltr'><strong>exhibet</strong></span> <span class='ocrx_word' id='word_1_228' title='bbox 3174 1695 3570 1751; x_wconf 82' lang='lat' dir='ltr'><strong>consecratos;</strong></span> <span class='ocrx_word' id='word_1_229' title='bbox 3607 1684 3745 1740; x_wconf 88' lang='lat' dir='ltr'><strong>ﬁdes</strong></span> <span class='ocrx_word' id='word_1_230' title='bbox 3773 1693 3860 1741; x_wconf 88' lang='lat' dir='ltr'><strong>est</strong></span> 
     </span>
    </p>
   </div>
   <div class='ocr_carea' id='block_1_33' title="bbox 563 1760 2278 1847">
    <p class='ocr_par' dir='ltr' id='par_1_33' title="bbox 563 1760 2278 1844">
     <span class='ocr_line' id='line_1_33' title="bbox 563 1760 2278 1844; baseline -0.008 -11"><span class='ocrx_word' id='word_1_231' title='bbox 563 1777 655 1843; x_wconf 87' lang='lat' dir='ltr'><strong>tis,</strong></span> <span class='ocrx_word' id='word_1_232' title='bbox 682 1776 799 1831; x_wconf 62' lang='lat' dir='ltr'><strong>ista:</strong></span> <span class='ocrx_word' id='word_1_233' title='bbox 820 1776 871 1829; x_wconf 92' lang='lat' dir='ltr'><strong>in</strong></span> <span class='ocrx_word' id='word_1_234' title='bbox 903 1773 1174 1844; x_wconf 79' lang='lat' dir='ltr'><strong>lapidibus</strong></span> <span class='ocrx_word' id='word_1_235' title='bbox 1207 1770 1438 1840; x_wconf 85' lang='lat' dir='ltr'><strong>singulis</strong></span> <span class='ocrx_word' id='word_1_236' title='bbox 1471 1766 2160 1837; x_wconf 67' lang='lat' dir='ltr'><strong>suntexpressm,script;e-</strong></span> <span class='ocrx_word' id='word_1_237' title='bbox 2191 1760 2239 1820; x_wconf 89' lang='lat' dir='ltr'><strong>B</strong></span> <span class='ocrx_word' id='word_1_238' title='bbox 2267 1792 2278 1828; x_wconf 74' lang='grc' dir='ltr'><strong><em>ι</em></strong></span> 
     </span>
    </p>
   </div>
   <div class='ocr_carea' id='block_1_34' title="bbox 2143 1760 3858 1847">
    <p class='ocr_par' dir='ltr' id='par_1_34' title="bbox 2148 1760 3858 1847">
     <span class='ocr_line' id='line_1_34' title="bbox 2148 1760 3858 1847; baseline 0.004 -20"><span class='ocrx_word' id='word_1_239' title='bbox 2148 1794 2160 1804; x_wconf 87' lang='grc'><strong>·</strong></span> <span class='ocrx_word' id='word_1_240' title='bbox 2191 1760 2239 1820; x_wconf 84' lang='grc' dir='ltr'><strong>Β</strong></span> <span class='ocrx_word' id='word_1_241' title='bbox 2267 1790 2387 1844; x_wconf 71' lang='lat' dir='ltr'><strong>qua:</strong></span> <span class='ocrx_word' id='word_1_242' title='bbox 2408 1772 2801 1830; x_wconf 86' lang='lat' dir='ltr'><strong>Confessorum</strong></span> <span class='ocrx_word' id='word_1_243' title='bbox 2829 1778 3044 1832; x_wconf 90' lang='lat' dir='ltr'><strong>animas</strong></span> <span class='ocrx_word' id='word_1_244' title='bbox 3068 1778 3295 1833; x_wconf 72' lang='lat' dir='ltr'><strong>lllUtliVil</strong></span> <span class='ocrx_word' id='word_1_245' title='bbox 3322 1779 3376 1833; x_wconf 91' lang='lat' dir='ltr'><strong>in</strong></span> <span class='ocrx_word' id='word_1_246' title='bbox 3403 1777 3705 1833; x_wconf 85' lang='lat' dir='ltr'><strong>certamine</strong></span> <span class='ocrx_word' id='word_1_247' title='bbox 3737 1794 3858 1847; x_wconf 91' lang='lat' dir='ltr'><strong>pas-</strong></span> 
     </span>
    </p>
   </div>
   <div class='ocr_carea' id='block_1_35' title="bbox 563 1860 2166 1942">
    <p class='ocr_par' dir='ltr' id='par_1_35' title="bbox 563 1860 2166 1942">
     <span class='ocr_line' id='line_1_35' title="bbox 563 1860 2166 1942; baseline -0.006 -21"><span class='ocrx_word' id='word_1_248' title='bbox 563 1869 938 1942; x_wconf 86' lang='lat' dir='ltr'><strong>quevirtutes.</strong></span> <span class='ocrx_word' id='word_1_249' title='bbox 970 1866 1070 1922; x_wconf 88' lang='lat' dir='ltr'><strong>llic</strong></span> <span class='ocrx_word' id='word_1_250' title='bbox 1090 1864 1425 1935; x_wconf 87' lang='lat' dir='ltr'><strong>spiritalibus</strong></span> <span class='ocrx_word' id='word_1_251' title='bbox 1446 1861 1679 1932; x_wconf 90' lang='lat' dir='ltr'><strong>gemmis</strong></span> <span class='ocrx_word' id='word_1_252' title='bbox 1707 1876 1940 1915; x_wconf 91' lang='lat' dir='ltr'><strong>coronas</strong></span> <span class='ocrx_word' id='word_1_253' title='bbox 1971 1860 2166 1929; x_wconf 82' lang='lat' dir='ltr'><strong>Marty-</strong></span> 
     </span>
    </p>
   </div>
   <div class='ocr_carea' id='block_1_36' title="bbox 565 1953 2163 2025">
    <p class='ocr_par' dir='ltr' id='par_1_36' title="bbox 565 1953 2163 2025">
     <span class='ocr_line' id='line_1_36' title="bbox 565 1953 2163 2025; baseline -0.008 -8"><span class='ocrx_word' id='word_1_254' title='bbox 565 1978 681 2017; x_wconf 88' lang='lat' dir='ltr'><strong>rum</strong></span> <span class='ocrx_word' id='word_1_255' title='bbox 697 1962 891 2017; x_wconf 83' lang='lat' dir='ltr'><strong>artifex</strong></span> <span class='ocrx_word' id='word_1_256' title='bbox 915 1959 1167 2016; x_wconf 81' lang='lat' dir='ltr'><strong>Salvator</strong></span> <span class='ocrx_word' id='word_1_257' title='bbox 1196 1956 1433 2011; x_wconf 85' lang='lat' dir='ltr'><strong>ornavit.</strong></span> <span class='ocrx_word' id='word_1_258' title='bbox 1463 1955 1657 2025; x_wconf 28' lang='lat' dir='ltr'><strong>Adihas</strong></span> <span class='ocrx_word' id='word_1_259' title='bbox 1686 1968 1929 2025; x_wconf 87' lang='lat' dir='ltr'><strong>genunas</strong></span> <span class='ocrx_word' id='word_1_260' title='bbox 1957 1953 2163 2006; x_wconf 89' lang='lat' dir='ltr'><strong>anima-</strong></span> 
     </span>
    </p>
   </div>
   <div class='ocr_carea' id='block_1_37' title="bbox 566 2045 2164 2118">
    <p class='ocr_par' dir='ltr' id='par_1_37' title="bbox 566 2045 2164 2118">
     <span class='ocr_line' id='line_1_37' title="bbox 566 2045 2164 2118; baseline -0.008 -7"><span class='ocrx_word' id='word_1_261' title='bbox 566 2073 686 2112; x_wconf 90' lang='lat' dir='ltr'><strong>rum</strong></span> <span class='ocrx_word' id='word_1_262' title='bbox 703 2056 821 2110; x_wconf 88' lang='lat' dir='ltr'><strong>vela</strong></span> <span class='ocrx_word' id='word_1_263' title='bbox 844 2053 1150 2117; x_wconf 81' lang='lat' dir='ltr'><strong>tendamus,</strong></span> <span class='ocrx_word' id='word_1_264' title='bbox 1168 2050 1301 2105; x_wconf 86' lang='lat' dir='ltr'><strong>nihil</strong></span> <span class='ocrx_word' id='word_1_265' title='bbox 1318 2049 1369 2104; x_wconf 92' lang='lat' dir='ltr'><strong>in</strong></span> <span class='ocrx_word' id='word_1_266' title='bbox 1389 2050 1473 2103; x_wconf 91' lang='lat' dir='ltr'><strong>his</strong></span> <span class='ocrx_word' id='word_1_267' title='bbox 1493 2047 1683 2118; x_wconf 80' lang='lat' dir='ltr'><strong>fragile</strong></span> <span class='ocrx_word' id='word_1_268' title='bbox 1702 2091 1715 2115; x_wconf 92' lang='lat'><strong>,</strong></span> <span class='ocrx_word' id='word_1_269' title='bbox 1736 2047 1871 2102; x_wconf 85' lang='lat' dir='ltr'><strong>nihil</strong></span> <span class='ocrx_word' id='word_1_270' title='bbox 1890 2045 2031 2116; x_wconf 91' lang='lat' dir='ltr'><strong>quod</strong></span> <span class='ocrx_word' id='word_1_271' title='bbox 2051 2061 2164 2099; x_wconf 87' lang='lat' dir='ltr'><strong>ma-</strong></span> 
     </span>
    </p>
   </div>
   <div class='ocr_carea' id='block_1_38' title="bbox 562 2137 2163 2219">
    <p class='ocr_par' dir='ltr' id='par_1_38' title="bbox 562 2137 2163 2219">
     <span class='ocr_line' id='line_1_38' title="bbox 562 2137 2163 2219; baseline -0.008 -15"><span class='ocrx_word' id='word_1_272' title='bbox 562 2147 651 2219; x_wconf 88' lang='lat' dir='ltr'><strong>jus</strong></span> <span class='ocrx_word' id='word_1_273' title='bbox 681 2148 891 2201; x_wconf 87' lang='lat' dir='ltr'><strong>minuat</strong></span> <span class='ocrx_word' id='word_1_274' title='bbox 917 2188 929 2209; x_wconf 88' lang='lat'><strong>,</strong></span> <span class='ocrx_word' id='word_1_275' title='bbox 960 2143 1094 2199; x_wconf 89' lang='lat' dir='ltr'><strong>nihil</strong></span> <span class='ocrx_word' id='word_1_276' title='bbox 1122 2142 1267 2213; x_wconf 92' lang='lat' dir='ltr'><strong>quod</strong></span> <span class='ocrx_word' id='word_1_277' title='bbox 1320 2141 1520 2196; x_wconf 82' lang='lat' dir='ltr'><strong>sentiat</strong></span> <span class='ocrx_word' id='word_1_278' title='bbox 1550 2139 1970 2194; x_wconf 87' lang='lat' dir='ltr'><strong>detrimentum.</strong></span> <span class='ocrx_word' id='word_1_279' title='bbox 1997 2137 2163 2207; x_wconf 81' lang='lat' dir='ltr'><strong>Magis</strong></span> 
     </span>
    </p>
   </div>
   <div class='ocr_carea' id='block_1_39' title="bbox 563 2230 2160 2312">
    <p class='ocr_par' dir='ltr' id='par_1_39' title="bbox 563 2230 2160 2312">
     <span class='ocr_line' id='line_1_39' title="bbox 563 2230 2160 2312; baseline -0.007 -16"><span class='ocrx_word' id='word_1_280' title='bbox 563 2259 629 2298; x_wconf 90' lang='lat' dir='ltr'><strong>ac</strong></span> <span class='ocrx_word' id='word_1_281' title='bbox 657 2242 829 2312; x_wconf 80' lang='lat' dir='ltr'><strong>magis</strong></span> <span class='ocrx_word' id='word_1_282' title='bbox 870 2240 924 2294; x_wconf 90' lang='lat' dir='ltr'><strong>in</strong></span> <span class='ocrx_word' id='word_1_283' title='bbox 958 2238 1137 2309; x_wconf 84' lang='lat' dir='ltr'><strong>specie</strong></span> <span class='ocrx_word' id='word_1_284' title='bbox 1169 2238 1467 2292; x_wconf 88' lang='lat' dir='ltr'><strong>florescunt</strong></span> <span class='ocrx_word' id='word_1_285' title='bbox 1496 2252 1510 2301; x_wconf 94' lang='lat'><strong>;</strong></span> <span class='ocrx_word' id='word_1_286' title='bbox 1540 2233 1864 2290; x_wconf 60' lang='lat' dir='ltr'><strong>aeternitatis</strong></span> <span class='ocrx_word' id='word_1_287' title='bbox 1924 2230 2160 2302; x_wconf 86' lang='lat' dir='ltr'><strong>insignia</strong></span> 
     </span>
    </p>
   </div>
   <div class='ocr_carea' id='block_1_40' title="bbox 565 2322 2160 2396">
    <p class='ocr_par' dir='ltr' id='par_1_40' title="bbox 565 2322 2160 2396">
     <span class='ocr_line' id='line_1_40' title="bbox 565 2322 2160 2396; baseline -0.009 -8"><span class='ocrx_word' id='word_1_288' title='bbox 565 2331 712 2388; x_wconf 88' lang='lat' dir='ltr'><strong>edita</strong></span> <span class='ocrx_word' id='word_1_289' title='bbox 738 2344 879 2396; x_wconf 91' lang='lat' dir='ltr'><strong>esse,</strong></span> <span class='ocrx_word' id='word_1_290' title='bbox 908 2329 1073 2383; x_wconf 84' lang='lat' dir='ltr'><strong>etiam</strong></span> <span class='ocrx_word' id='word_1_291' title='bbox 1105 2327 1325 2396; x_wconf 88' lang='lat' dir='ltr'><strong>sanguis</strong></span> <span class='ocrx_word' id='word_1_292' title='bbox 1351 2324 1615 2390; x_wconf 91' lang='lat' dir='ltr'><strong>ostendit,</strong></span> <span class='ocrx_word' id='word_1_293' title='bbox 1663 2324 1752 2394; x_wconf 75' lang='lat' dir='ltr'><strong>qui</strong></span> <span class='ocrx_word' id='word_1_294' title='bbox 1781 2324 1958 2391; x_wconf 74' lang='lat' dir='ltr'><strong>ignem</strong></span> <span class='ocrx_word' id='word_1_295' title='bbox 1986 2322 2160 2391; x_wconf 86' lang='lat' dir='ltr'><strong>Spiri-</strong></span> 
     </span>
    </p>
   </div>
   <div class='ocr_carea' id='block_1_41' title="bbox 567 2414 2160 2490">
    <p class='ocr_par' dir='ltr' id='par_1_41' title="bbox 567 2414 2160 2490">
     <span class='ocr_line' id='line_1_41' title="bbox 567 2414 2160 2490; baseline -0.008 -9"><span class='ocrx_word' id='word_1_296' title='bbox 567 2435 652 2481; x_wconf 90' lang='lat' dir='ltr'><strong>tus</strong></span> <span class='ocrx_word' id='word_1_297' title='bbox 672 2425 845 2480; x_wconf 87' lang='lat' dir='ltr'><strong>sancti</strong></span> <span class='ocrx_word' id='word_1_298' title='bbox 872 2423 1049 2477; x_wconf 89' lang='lat' dir='ltr'><strong>adhnc</strong></span> <span class='ocrx_word' id='word_1_299' title='bbox 1078 2422 1254 2490; x_wconf 80' lang='lat' dir='ltr'><strong>signat</strong></span> <span class='ocrx_word' id='word_1_300' title='bbox 1290 2421 1342 2475; x_wconf 93' lang='lat' dir='ltr'><strong>in</strong></span> <span class='ocrx_word' id='word_1_301' title='bbox 1369 2420 1502 2489; x_wconf 87' lang='lat' dir='ltr'><strong>ipsis</strong></span> <span class='ocrx_word' id='word_1_302' title='bbox 1533 2418 1854 2488; x_wconf 80' lang='lat' dir='ltr'><strong>Corporibus</strong></span> <span class='ocrx_word' id='word_1_303' title='bbox 1885 2414 2160 2486; x_wconf 89' lang='lat' dir='ltr'><strong>reliquiis-</strong></span> 
     </span>
    </p>
   </div>
   <div class='ocr_carea' id='block_1_42' title="bbox 564 2508 2162 2587">
    <p class='ocr_par' dir='ltr' id='par_1_42' title="bbox 564 2508 2162 2587">
     <span class='ocr_line' id='line_1_42' title="bbox 564 2508 2162 2587; baseline -0.009 -13"><span class='ocrx_word' id='word_1_304' title='bbox 564 2533 670 2587; x_wconf 91' lang='lat' dir='ltr'><strong>que</strong></span> <span class='ocrx_word' id='word_1_305' title='bbox 702 2516 1096 2573; x_wconf 86' lang='lat' dir='ltr'><strong>membrorum.</strong></span> <span class='ocrx_word' id='word_1_306' title='bbox 1122 2512 1497 2576; x_wconf 89' lang='lat' dir='ltr'><strong>Gratulamur,</strong></span> <span class='ocrx_word' id='word_1_307' title='bbox 1519 2510 1814 2577; x_wconf 89' lang='lat' dir='ltr'><strong>carissimi,</strong></span> <span class='ocrx_word' id='word_1_308' title='bbox 1839 2510 2057 2580; x_wconf 84' lang='lat' dir='ltr'><strong>quoties</strong></span> <span class='ocrx_word' id='word_1_309' title='bbox 2080 2508 2162 2561; x_wconf 88' lang='lat' dir='ltr'><strong>vi—</strong></span> 
     </span>
    </p>
   </div>
   <div class='ocr_carea' id='block_1_43' title="bbox 566 2602 2157 2667">
    <p class='ocr_par' dir='ltr' id='par_1_43' title="bbox 566 2602 2157 2667">
     <span class='ocr_line' id='line_1_43' title="bbox 566 2602 2157 2667; baseline -0.006 0"><span class='ocrx_word' id='word_1_310' title='bbox 566 2612 756 2667; x_wconf 84' lang='lat' dir='ltr'><strong>demus</strong></span> <span class='ocrx_word' id='word_1_311' title='bbox 786 2610 1038 2666; x_wconf 87' lang='lat' dir='ltr'><strong>tenebras</strong></span> <span class='ocrx_word' id='word_1_312' title='bbox 1070 2609 1189 2663; x_wconf 92' lang='lat' dir='ltr'><strong>luce</strong></span> <span class='ocrx_word' id='word_1_313' title='bbox 1236 2607 1532 2661; x_wconf 88' lang='lat' dir='ltr'><strong>discussas.</strong></span> <span class='ocrx_word' id='word_1_314' title='bbox 1565 2602 1675 2659; x_wconf 88' lang='lat' dir='ltr'><strong>Cur</strong></span> <span class='ocrx_word' id='word_1_315' title='bbox 1704 2620 1809 2658; x_wconf 94' lang='lat' dir='ltr'><strong>non</strong></span> <span class='ocrx_word' id='word_1_316' title='bbox 1855 2602 2077 2658; x_wconf 81' lang='lat' dir='ltr'><strong>etTusius</strong></span> <span class='ocrx_word' id='word_1_317' title='bbox 2104 2602 2157 2658; x_wconf 93' lang='lat' dir='ltr'><strong>iu</strong></span> 
     </span>
    </p>
   </div>
   <div class='ocr_carea' id='block_1_44' title="bbox 566 2696 2161 2775">
    <p class='ocr_par' dir='ltr' id='par_1_44' title="bbox 566 2696 2161 2775">
     <span class='ocr_line' id='line_1_44' title="bbox 566 2696 2161 2775; baseline -0.006 -17"><span class='ocrx_word' id='word_1_318' title='bbox 566 2704 765 2775; x_wconf 86' lang='lat' dir='ltr'><strong>gaudia</strong></span> <span class='ocrx_word' id='word_1_319' title='bbox 800 2716 1148 2773; x_wconf 82' lang='lat' dir='ltr'><strong>proruamus,</strong></span> <span class='ocrx_word' id='word_1_320' title='bbox 1176 2714 1298 2755; x_wconf 91' lang='lat' dir='ltr'><strong>cum</strong></span> <span class='ocrx_word' id='word_1_321' title='bbox 1319 2712 1607 2753; x_wconf 87' lang='lat' dir='ltr'><strong>cernamus</strong></span> <span class='ocrx_word' id='word_1_322' title='bbox 1634 2696 1976 2757; x_wconf 87' lang='lat' dir='ltr'><strong>salutarium,</strong></span> <span class='ocrx_word' id='word_1_323' title='bbox 2001 2705 2161 2749; x_wconf 71' lang='lat' dir='ltr'><strong>teter-</strong></span> 
     </span>
    </p>
   </div>
   <div class='ocr_carea' id='block_1_45' title="bbox 575 2786 2160 2860">
    <p class='ocr_par' dir='ltr' id='par_1_45' title="bbox 575 2786 2160 2860">
     <span class='ocr_line' id='line_1_45' title="bbox 575 2786 2160 2860; baseline -0.008 -9"><span class='ocrx_word' id='word_1_324' title='bbox 575 2810 876 2860; x_wconf 86' lang='lat' dir='ltr'><strong>norumque</strong></span> <span class='ocrx_word' id='word_1_325' title='bbox 906 2793 1168 2848; x_wconf 91' lang='lat' dir='ltr'><strong>luminum</strong></span> <span class='ocrx_word' id='word_1_326' title='bbox 1188 2791 1350 2860; x_wconf 87' lang='lat' dir='ltr'><strong>jubar</strong></span> <span class='ocrx_word' id='word_1_327' title='bbox 1368 2788 1629 2844; x_wconf 89' lang='lat' dir='ltr'><strong>allatum?</strong></span> <span class='ocrx_word' id='word_1_328' title='bbox 1647 2788 1774 2843; x_wconf 88' lang='lat' dir='ltr'><strong>Dies</strong></span> <span class='ocrx_word' id='word_1_329' title='bbox 1795 2786 1921 2842; x_wconf 54' lang='lat' dir='ltr'><strong>mihi</strong></span> <span class='ocrx_word' id='word_1_330' title='bbox 1945 2788 2160 2841; x_wconf 86' lang='lat' dir='ltr'><strong>videtur</strong></span> 
     </span>
    </p>
   </div>
   <div class='ocr_carea' id='block_1_46' title="bbox 569 2878 2161 2952">
    <p class='ocr_par' dir='ltr' id='par_1_46' title="bbox 569 2878 2161 2952">
     <span class='ocr_line' id='line_1_46' title="bbox 569 2878 2161 2952; baseline -0.006 -8"><span class='ocrx_word' id='word_1_331' title='bbox 569 2889 821 2944; x_wconf 86' lang='lat' dir='ltr'><strong>clarioris</strong></span> <span class='ocrx_word' id='word_1_332' title='bbox 847 2884 1155 2942; x_wconf 76' lang='lat' dir='ltr'><strong>serenitatis</strong></span> <span class='ocrx_word' id='word_1_333' title='bbox 1201 2883 1504 2952; x_wconf 87' lang='lat' dir='ltr'><strong>sumpsisse</strong></span> <span class='ocrx_word' id='word_1_334' title='bbox 1532 2881 1799 2935; x_wconf 72' lang='lat' dir='ltr'><strong>laetitiam.</strong></span> <span class='ocrx_word' id='word_1_335' title='bbox 1832 2878 1942 2934; x_wconf 86' lang='lat' dir='ltr'><strong>Nec</strong></span> <span class='ocrx_word' id='word_1_336' title='bbox 1973 2879 2161 2935; x_wconf 87' lang='lat' dir='ltr'><strong>imme-</strong></span> 
     </span>
    </p>
   </div>
   <div class='ocr_carea' id='block_1_47' title="bbox 565 2974 2159 3053">
    <p class='ocr_par' dir='ltr' id='par_1_47' title="bbox 565 2974 2159 3053">
     <span class='ocr_line' id='line_1_47' title="bbox 565 2974 2159 3053; baseline -0.008 -14"><span class='ocrx_word' id='word_1_337' title='bbox 565 2984 694 3049; x_wconf 91' lang='lat' dir='ltr'><strong>rito,</strong></span> <span class='ocrx_word' id='word_1_338' title='bbox 727 2982 974 3053; x_wconf 79' lang='lat' dir='ltr'><strong>septuplo</strong></span> <span class='ocrx_word' id='word_1_339' title='bbox 1001 2980 1168 3041; x_wconf 83' lang='lat' dir='ltr'><strong>enim.</strong></span> <span class='ocrx_word' id='word_1_340' title='bbox 1202 2989 1261 3031; x_wconf 91' lang='lat' dir='ltr'><strong>ut</strong></span> <span class='ocrx_word' id='word_1_341' title='bbox 1282 2978 1418 3041; x_wconf 92' lang='lat' dir='ltr'><strong>dixi,</strong></span> <span class='ocrx_word' id='word_1_342' title='bbox 1450 2976 1717 3047; x_wconf 85' lang='lat' dir='ltr'><strong>Martyres</strong></span> <span class='ocrx_word' id='word_1_343' title='bbox 1749 2975 1866 3029; x_wconf 88' lang='lat' dir='ltr'><strong>sole</strong></span> <span class='ocrx_word' id='word_1_344' title='bbox 1896 2983 2022 3027; x_wconf 92' lang='lat' dir='ltr'><strong>sunt</strong></span> <span class='ocrx_word' id='word_1_345' title='bbox 2044 2974 2159 3028; x_wconf 82' lang='lat' dir='ltr'><strong>cla-</strong></span> 
     </span>
    </p>
   </div>
   <div class='ocr_carea' id='block_1_48' title="bbox 560 3064 2158 3133">
    <p class='ocr_par' dir='ltr' id='par_1_48' title="bbox 560 3064 2158 3133">
     <span class='ocr_line' id='line_1_48' title="bbox 560 3064 2158 3133; baseline -0.009 -3"><span class='ocrx_word' id='word_1_346' title='bbox 560 3077 756 3130; x_wconf 68' lang='lat' dir='ltr'><strong>riores.</strong></span> <span class='ocrx_word' id='word_1_347' title='bbox 805 3072 912 3128; x_wconf 90' lang='lat' dir='ltr'><strong>Sed</strong></span> <span class='ocrx_word' id='word_1_348' title='bbox 944 3086 1089 3127; x_wconf 92' lang='lat' dir='ltr'><strong>nunc</strong></span> <span class='ocrx_word' id='word_1_349' title='bbox 1118 3069 1294 3133; x_wconf 87' lang='lat' dir='ltr'><strong>nobis,</strong></span> <span class='ocrx_word' id='word_1_350' title='bbox 1340 3066 1724 3131; x_wconf 89' lang='lat' dir='ltr'><strong>amantissimi,</strong></span> <span class='ocrx_word' id='word_1_351' title='bbox 1750 3064 2016 3119; x_wconf 87' lang='lat' dir='ltr'><strong>orandum</strong></span> <span class='ocrx_word' id='word_1_352' title='bbox 2050 3073 2158 3129; x_wconf 90' lang='lat' dir='ltr'><strong>est,</strong></span> 
     </span>
    </p>
   </div>
   <div class='ocr_carea' id='block_1_49' title="bbox 562 3138 2232 3235">
    <p class='ocr_par' dir='ltr' id='par_1_49' title="bbox 562 3138 2232 3235">
     <span class='ocr_line' id='line_1_49' title="bbox 562 3138 2232 3235; baseline -0.007 -13"><span class='ocrx_word' id='word_1_353' title='bbox 562 3185 668 3222; x_wconf 89' lang='lat' dir='ltr'><strong>non</strong></span> <span class='ocrx_word' id='word_1_354' title='bbox 703 3164 1062 3230; x_wconf 88' lang='lat' dir='ltr'><strong>perorandum</strong></span> <span class='ocrx_word' id='word_1_355' title='bbox 1079 3161 1207 3235; x_wconf 85' lang='lat' dir='ltr'><strong>[Hic</strong></span> <span class='ocrx_word' id='word_1_356' title='bbox 1224 3160 1361 3214; x_wconf 85' lang='lat' dir='ltr'><strong>deest</strong></span> <span class='ocrx_word' id='word_1_357' title='bbox 1386 3160 1438 3213; x_wconf 83' lang='lat' dir='ltr'><strong>in</strong></span> <span class='ocrx_word' id='word_1_358' title='bbox 1459 3177 1553 3211; x_wconf 84' lang='lat' dir='ltr'><strong>ms.</strong></span> <span class='ocrx_word' id='word_1_359' title='bbox 1574 3155 1885 3229; x_wconf 84' lang='lat' dir='ltr'><strong>Orandum],</strong></span> <span class='ocrx_word' id='word_1_360' title='bbox 1914 3158 2155 3227; x_wconf 89' lang='lat' dir='ltr'><strong>inquam,</strong></span> <span class='ocrx_word' id='word_1_361' title='bbox 2188 3138 2232 3202; x_wconf 81' lang='lat' dir='ltr'><strong>C</strong></span> 
     </span>
    </p>
   </div>
   <div class='ocr_carea' id='block_1_50' title="bbox 564 3249 2159 3320">
    <p class='ocr_par' dir='ltr' id='par_1_50' title="bbox 564 3249 2159 3320">
     <span class='ocr_line' id='line_1_50' title="bbox 564 3249 2159 3320; baseline -0.004 -8"><span class='ocrx_word' id='word_1_362' title='bbox 564 3269 671 3313; x_wconf 89' lang='lat' dir='ltr'><strong>uta</strong></span> <span class='ocrx_word' id='word_1_363' title='bbox 696 3258 853 3312; x_wconf 90' lang='lat' dir='ltr'><strong>nobis</strong></span> <span class='ocrx_word' id='word_1_364' title='bbox 880 3260 1056 3310; x_wconf 86' lang='lat' dir='ltr'><strong>omnis</strong></span> <span class='ocrx_word' id='word_1_365' title='bbox 1077 3254 1278 3309; x_wconf 87' lang='lat' dir='ltr'><strong>diaboli</strong></span> <span class='ocrx_word' id='word_1_366' title='bbox 1302 3252 1535 3320; x_wconf 84' lang='lat' dir='ltr'><strong>impetus</strong></span> <span class='ocrx_word' id='word_1_367' title='bbox 1561 3250 1872 3320; x_wconf 88' lang='lat' dir='ltr'><strong>repellatur,</strong></span> <span class='ocrx_word' id='word_1_368' title='bbox 1892 3249 1984 3320; x_wconf 87' lang='lat' dir='ltr'><strong>qui</strong></span> <span class='ocrx_word' id='word_1_369' title='bbox 2011 3251 2159 3306; x_wconf 86' lang='lat' dir='ltr'><strong>clan-</strong></span> 
     </span>
    </p>
   </div>
   <div class='ocr_carea' id='block_1_51' title="bbox 561 3346 2157 3423">
    <p class='ocr_par' dir='ltr' id='par_1_51' title="bbox 561 3346 2157 3423">
     <span class='ocr_line' id='line_1_51' title="bbox 561 3346 2157 3423; baseline -0.005 -14"><span class='ocrx_word' id='word_1_370' title='bbox 561 3353 778 3409; x_wconf 86' lang='lat' dir='ltr'><strong>destino</strong></span> <span class='ocrx_word' id='word_1_371' title='bbox 820 3354 971 3423; x_wconf 90' lang='lat' dir='ltr'><strong>lapsu</strong></span> <span class='ocrx_word' id='word_1_372' title='bbox 1012 3362 1258 3405; x_wconf 89' lang='lat' dir='ltr'><strong>nostrum</strong></span> <span class='ocrx_word' id='word_1_373' title='bbox 1314 3359 1501 3419; x_wconf 89' lang='lat' dir='ltr'><strong>pectus</strong></span> <span class='ocrx_word' id='word_1_374' title='bbox 1534 3348 1855 3419; x_wconf 80' lang='lat' dir='ltr'><strong>ingreditur.</strong></span> <span class='ocrx_word' id='word_1_375' title='bbox 1919 3346 2157 3401; x_wconf 85' lang='lat' dir='ltr'><strong>Firmate</strong></span> 
     </span>
    </p>
   </div>
   <div class='ocr_carea' id='block_1_52' title="bbox 561 3442 2159 3515">
    <p class='ocr_par' dir='ltr' id='par_1_52' title="bbox 561 3442 2159 3515">
     <span class='ocr_line' id='line_1_52' title="bbox 561 3442 2159 3515; baseline -0.008 -12"><span class='ocrx_word' id='word_1_376' title='bbox 561 3448 749 3515; x_wconf 76' lang='lat' dir='ltr'><strong>igitur,</strong></span> <span class='ocrx_word' id='word_1_377' title='bbox 781 3444 986 3511; x_wconf 86' lang='lat' dir='ltr'><strong>Saneti,</strong></span> <span class='ocrx_word' id='word_1_378' title='bbox 1019 3452 1229 3498; x_wconf 84' lang='lat' dir='ltr'><strong>vestros</strong></span> <span class='ocrx_word' id='word_1_379' title='bbox 1257 3442 1468 3497; x_wconf 88' lang='lat' dir='ltr'><strong>ﬁrmate</strong></span> <span class='ocrx_word' id='word_1_380' title='bbox 1491 3442 1752 3504; x_wconf 88' lang='lat' dir='ltr'><strong>cultores,</strong></span> <span class='ocrx_word' id='word_1_381' title='bbox 1784 3455 1847 3493; x_wconf 90' lang='lat' dir='ltr'><strong>ac</strong></span> <span class='ocrx_word' id='word_1_382' title='bbox 1869 3448 2020 3510; x_wconf 87' lang='lat' dir='ltr'><strong>petra</strong></span> <span class='ocrx_word' id='word_1_383' title='bbox 2063 3455 2159 3492; x_wconf 87' lang='lat' dir='ltr'><strong>au-</strong></span> 
     </span>
    </p>
   </div>
   <div class='ocr_carea' id='block_1_53' title="bbox 558 3531 2158 3610">
    <p class='ocr_par' dir='ltr' id='par_1_53' title="bbox 558 3531 2158 3610">
     <span class='ocr_line' id='line_1_53' title="bbox 558 3531 2158 3610; baseline -0.008 -14"><span class='ocrx_word' id='word_1_384' title='bbox 558 3541 728 3610; x_wconf 80' lang='lat' dir='ltr'><strong>gulari</strong></span> <span class='ocrx_word' id='word_1_385' title='bbox 756 3548 1000 3594; x_wconf 87' lang='lat' dir='ltr'><strong>nostrqu</strong></span> <span class='ocrx_word' id='word_1_386' title='bbox 1025 3548 1213 3607; x_wconf 86' lang='lat' dir='ltr'><strong>pectus</strong></span> <span class='ocrx_word' id='word_1_387' title='bbox 1239 3537 1511 3590; x_wconf 88' lang='lat' dir='ltr'><strong>instrnite.</strong></span> <span class='ocrx_word' id='word_1_388' title='bbox 1540 3533 1885 3589; x_wconf 90' lang='lat' dir='ltr'><strong>Periculosus</strong></span> <span class='ocrx_word' id='word_1_389' title='bbox 1907 3548 1969 3586; x_wconf 90' lang='lat' dir='ltr'><strong>ac</strong></span> <span class='ocrx_word' id='word_1_390' title='bbox 2000 3531 2158 3584; x_wconf 89' lang='lat' dir='ltr'><strong>fortis</strong></span> 
     </span>
    </p>
   </div>
   <div class='ocr_carea' id='block_1_54' title="bbox 555 3626 2156 3698">
    <p class='ocr_par' dir='ltr' id='par_1_54' title="bbox 555 3626 2156 3698">
     <span class='ocr_line' id='line_1_54' title="bbox 555 3626 2156 3698; baseline -0.006 -8"><span class='ocrx_word' id='word_1_391' title='bbox 555 3643 640 3690; x_wconf 86' lang='lat' dir='ltr'><strong>est</strong></span> <span class='ocrx_word' id='word_1_392' title='bbox 661 3633 855 3698; x_wconf 64' lang='lat' dir='ltr'><strong>bouis,</strong></span> <span class='ocrx_word' id='word_1_393' title='bbox 886 3646 1085 3687; x_wconf 89' lang='lat' dir='ltr'><strong>omnes</strong></span> <span class='ocrx_word' id='word_1_394' title='bbox 1110 3630 1312 3695; x_wconf 88' lang='lat' dir='ltr'><strong>aditus,</strong></span> <span class='ocrx_word' id='word_1_395' title='bbox 1348 3644 1538 3683; x_wconf 88' lang='lat' dir='ltr'><strong>omnes</strong></span> <span class='ocrx_word' id='word_1_396' title='bbox 1567 3628 1817 3697; x_wconf 80' lang='lat' dir='ltr'><strong>explorat</strong></span> <span class='ocrx_word' id='word_1_397' title='bbox 1850 3626 2156 3695; x_wconf 89' lang='lat' dir='ltr'><strong>ingressus.</strong></span> 
     </span>
    </p>
   </div>
   <div class='ocr_carea' id='block_1_55' title="bbox 563 3719 2155 3793">
    <p class='ocr_par' dir='ltr' id='par_1_55' title="bbox 563 3719 2155 3793">
     <span class='ocr_line' id='line_1_55' title="bbox 563 3719 2155 3793; baseline -0.009 -7"><span class='ocrx_word' id='word_1_398' title='bbox 563 3728 671 3786; x_wconf 88' lang='lat' dir='ltr'><strong>Sed</strong></span> <span class='ocrx_word' id='word_1_399' title='bbox 703 3726 837 3783; x_wconf 92' lang='lat' dir='ltr'><strong>nihil</strong></span> <span class='ocrx_word' id='word_1_400' title='bbox 869 3734 953 3780; x_wconf 92' lang='lat' dir='ltr'><strong>est</strong></span> <span class='ocrx_word' id='word_1_401' title='bbox 994 3724 1294 3779; x_wconf 89' lang='lat' dir='ltr'><strong>verendum</strong></span> <span class='ocrx_word' id='word_1_402' title='bbox 1325 3762 1341 3787; x_wconf 97' lang='lat'><strong>,</strong></span> <span class='ocrx_word' id='word_1_403' title='bbox 1395 3720 1615 3793; x_wconf 88' lang='lat' dir='ltr'><strong>grandis</strong></span> <span class='ocrx_word' id='word_1_404' title='bbox 1645 3731 1726 3775; x_wconf 90' lang='lat' dir='ltr'><strong>est</strong></span> <span class='ocrx_word' id='word_1_405' title='bbox 1753 3719 2155 3775; x_wconf 89' lang='lat' dir='ltr'><strong>occurrentium</strong></span> 
     </span>
    </p>
   </div>
   <div class='ocr_carea' id='block_1_56' title="bbox 564 3814 2155 3886">
    <p class='ocr_par' dir='ltr' id='par_1_56' title="bbox 564 3814 2155 3886">
     <span class='ocr_line' id='line_1_56' title="bbox 564 3814 2155 3886; baseline -0.01 -5"><span class='ocrx_word' id='word_1_406' title='bbox 564 3823 853 3881; x_wconf 89' lang='lat' dir='ltr'><strong>tnultitudo</strong></span> <span class='ocrx_word' id='word_1_407' title='bbox 901 3821 1254 3877; x_wconf 86' lang='lat' dir='ltr'><strong>Sanctorum.</strong></span> <span class='ocrx_word' id='word_1_408' title='bbox 1301 3814 1437 3871; x_wconf 92' lang='lat' dir='ltr'><strong>Cum</strong></span> <span class='ocrx_word' id='word_1_409' title='bbox 1487 3817 1644 3886; x_wconf 88' lang='lat' dir='ltr'><strong>igitur</strong></span> <span class='ocrx_word' id='word_1_410' title='bbox 1673 3814 1829 3870; x_wconf 87' lang='lat' dir='ltr'><strong>nobis</strong></span> <span class='ocrx_word' id='word_1_411' title='bbox 1856 3830 1887 3870; x_wconf 94' lang='lat' dir='ltr'><strong>e</strong></span> <span class='ocrx_word' id='word_1_412' title='bbox 1914 3815 2155 3869; x_wconf 65' lang='lat' dir='ltr'><strong>coalitum</strong></span> 
     </span>
    </p>
   </div>
   <div class='ocr_carea' id='block_1_57' title="bbox 562 3904 2155 3979">
    <p class='ocr_par' dir='ltr' id='par_1_57' title="bbox 562 3904 2155 3979">
     <span class='ocr_line' id='line_1_57' title="bbox 562 3904 2155 3979; baseline -0.009 -7"><span class='ocrx_word' id='word_1_413' title='bbox 562 3916 756 3972; x_wconf 86' lang='lat' dir='ltr'><strong>castris</strong></span> <span class='ocrx_word' id='word_1_414' title='bbox 782 3925 963 3970; x_wconf 89' lang='lat' dir='ltr'><strong>tantus</strong></span> <span class='ocrx_word' id='word_1_415' title='bbox 990 3912 1227 3968; x_wconf 90' lang='lat' dir='ltr'><strong>militum</strong></span> <span class='ocrx_word' id='word_1_416' title='bbox 1260 3916 1315 3964; x_wconf 90' lang='lat' dir='ltr'><strong>ct</strong></span> <span class='ocrx_word' id='word_1_417' title='bbox 1343 3924 1529 3979; x_wconf 82' lang='lat' dir='ltr'><strong>regum</strong></span> <span class='ocrx_word' id='word_1_418' title='bbox 1562 3923 1821 3962; x_wconf 90' lang='lat' dir='ltr'><strong>numerus</strong></span> <span class='ocrx_word' id='word_1_419' title='bbox 1853 3904 2155 3969; x_wconf 77' lang='lat' dir='ltr'><strong>advenerit,</strong></span> 
     </span>
    </p>
   </div>
   <div class='ocr_carea' id='block_1_58' title="bbox 563 3998 2156 4078">
    <p class='ocr_par' dir='ltr' id='par_1_58' title="bbox 563 3998 2156 4078">
     <span class='ocr_line' id='line_1_58' title="bbox 563 3998 2156 4078; baseline -0.007 -13"><span class='ocrx_word' id='word_1_420' title='bbox 563 4008 891 4078; x_wconf 85' lang='lat' dir='ltr'><strong>arripiamus</strong></span> <span class='ocrx_word' id='word_1_421' title='bbox 915 4020 1065 4061; x_wconf 87' lang='lat' dir='ltr'><strong>arma</strong></span> <span class='ocrx_word' id='word_1_422' title='bbox 1112 4002 1361 4073; x_wconf 66' lang='lat' dir='ltr'><strong>justitim.</strong></span> <span class='ocrx_word' id='word_1_423' title='bbox 1418 4001 1740 4071; x_wconf 72' lang='lat' dir='ltr'><strong>prudentiw,</strong></span> <span class='ocrx_word' id='word_1_424' title='bbox 1794 4014 1896 4054; x_wconf 91' lang='lat' dir='ltr'><strong>nos</strong></span> <span class='ocrx_word' id='word_1_425' title='bbox 1927 4007 1982 4053; x_wconf 91' lang='lat' dir='ltr'><strong>et</strong></span> <span class='ocrx_word' id='word_1_426' title='bbox 2030 3998 2156 4054; x_wconf 88' lang='lat' dir='ltr'><strong>ﬁdei</strong></span> 
     </span>
    </p>
   </div>
   <div class='ocr_carea' id='block_1_59' title="bbox 563 4091 2154 4175">
    <p class='ocr_par' dir='ltr' id='par_1_59' title="bbox 563 4091 2154 4175">
     <span class='ocr_line' id='line_1_59' title="bbox 563 4091 2154 4175; baseline -0.008 -17"><span class='ocrx_word' id='word_1_427' title='bbox 563 4104 755 4175; x_wconf 84' lang='lat' dir='ltr'><strong>clypeo</strong></span> <span class='ocrx_word' id='word_1_428' title='bbox 782 4109 1153 4170; x_wconf 85' lang='lat' dir='ltr'><strong>protegamus,</strong></span> <span class='ocrx_word' id='word_1_429' title='bbox 1182 4111 1288 4149; x_wconf 93' lang='lat' dir='ltr'><strong>non</strong></span> <span class='ocrx_word' id='word_1_430' title='bbox 1312 4094 1491 4149; x_wconf 76' lang='lat' dir='ltr'><strong>loricae</strong></span> <span class='ocrx_word' id='word_1_431' title='bbox 1516 4092 1781 4163; x_wconf 88' lang='lat' dir='ltr'><strong>squamis,</strong></span> <span class='ocrx_word' id='word_1_432' title='bbox 1826 4091 1922 4146; x_wconf 90' lang='lat' dir='ltr'><strong>sed</strong></span> <span class='ocrx_word' id='word_1_433' title='bbox 1951 4103 2154 4161; x_wconf 85' lang='lat' dir='ltr'><strong>tempe-</strong></span> 
     </span>
    </p>
   </div>
   <div class='ocr_carea' id='block_1_60' title="bbox 568 4183 2156 4261">
    <p class='ocr_par' dir='ltr' id='par_1_60' title="bbox 568 4183 2156 4261">
     <span class='ocr_line' id='line_1_60' title="bbox 568 4183 2156 4261; baseline -0.007 -12"><span class='ocrx_word' id='word_1_434' title='bbox 568 4195 780 4257; x_wconf 74' lang='lat' dir='ltr'><strong>rantiae,</strong></span> <span class='ocrx_word' id='word_1_435' title='bbox 800 4201 857 4248; x_wconf 92' lang='lat' dir='ltr'><strong>et</strong></span> <span class='ocrx_word' id='word_1_436' title='bbox 878 4189 1152 4261; x_wconf 55' lang='lat' dir='ltr'><strong>pudicitia!</strong></span> <span class='ocrx_word' id='word_1_437' title='bbox 1181 4187 1397 4241; x_wconf 88' lang='lat' dir='ltr'><strong>laminis</strong></span> <span class='ocrx_word' id='word_1_438' title='bbox 1420 4194 1637 4255; x_wconf 88' lang='lat' dir='ltr'><strong>pectora</strong></span> <span class='ocrx_word' id='word_1_439' title='bbox 1657 4183 1982 4240; x_wconf 81' lang='lat' dir='ltr'><strong>muniamus.</strong></span> <span class='ocrx_word' id='word_1_440' title='bbox 2010 4184 2156 4238; x_wconf 87' lang='lat' dir='ltr'><strong>Dex-</strong></span> 
     </span>
    </p>
   </div>
   <div class='ocr_carea' id='block_1_61' title="bbox 565 4276 2151 4348">
    <p class='ocr_par' dir='ltr' id='par_1_61' title="bbox 565 4276 2151 4348">
     <span class='ocr_line' id='line_1_61' title="bbox 565 4276 2151 4348; baseline -0.006 -6"><span class='ocrx_word' id='word_1_441' title='bbox 565 4287 662 4342; x_wconf 88' lang='lat' dir='ltr'><strong>tris</strong></span> <span class='ocrx_word' id='word_1_442' title='bbox 691 4284 893 4340; x_wconf 70' lang='lat' dir='ltr'><strong>nostris</strong></span> <span class='ocrx_word' id='word_1_443' title='bbox 920 4280 1043 4336; x_wconf 85' lang='lat' dir='ltr'><strong>ﬁdei</strong></span> <span class='ocrx_word' id='word_1_444' title='bbox 1084 4294 1299 4347; x_wconf 86' lang='lat' dir='ltr'><strong>semper</strong></span> <span class='ocrx_word' id='word_1_445' title='bbox 1324 4295 1387 4333; x_wconf 90' lang='lat' dir='ltr'><strong>ac</strong></span> <span class='ocrx_word' id='word_1_446' title='bbox 1416 4278 1690 4348; x_wconf 77' lang='lat' dir='ltr'><strong>patientia:</strong></span> <span class='ocrx_word' id='word_1_447' title='bbox 1722 4277 1827 4332; x_wconf 84' lang='lat' dir='ltr'><strong>tela</strong></span> <span class='ocrx_word' id='word_1_448' title='bbox 1855 4276 2151 4332; x_wconf 88' lang='lat' dir='ltr'><strong>vibremus.</strong></span> 
     </span>
    </p>
   </div>
   <div class='ocr_carea' id='block_1_62' title="bbox 565 4373 2153 4446">
    <p class='ocr_par' dir='ltr' id='par_1_62' title="bbox 565 4373 2153 4446">
     <span class='ocr_line' id='line_1_62' title="bbox 565 4373 2153 4446; baseline -0.006 -9"><span class='ocrx_word' id='word_1_449' title='bbox 565 4381 686 4437; x_wconf 82' lang='lat' dir='ltr'><strong>Mox</strong></span> <span class='ocrx_word' id='word_1_450' title='bbox 714 4379 993 4444; x_wconf 83' lang='lat' dir='ltr'><strong>feriamus,</strong></span> <span class='ocrx_word' id='word_1_451' title='bbox 1027 4378 1071 4431; x_wconf 90' lang='lat' dir='ltr'><strong>si</strong></span> <span class='ocrx_word' id='word_1_452' title='bbox 1102 4376 1367 4446; x_wconf 87' lang='lat' dir='ltr'><strong>quispiam</strong></span> <span class='ocrx_word' id='word_1_453' title='bbox 1404 4374 1700 4445; x_wconf 87' lang='lat' dir='ltr'><strong>pulsaverit</strong></span> <span class='ocrx_word' id='word_1_454' title='bbox 1750 4373 2019 4427; x_wconf 88' lang='lat' dir='ltr'><strong>inimicus.</strong></span> <span class='ocrx_word' id='word_1_455' title='bbox 2048 4374 2153 4428; x_wconf 85' lang='lat' dir='ltr'><strong>Ta-</strong></span> 
     </span>
    </p>
   </div>
   <div class='ocr_carea' id='block_1_63' title="bbox 562 4466 2154 4540">
    <p class='ocr_par' dir='ltr' id='par_1_63' title="bbox 562 4466 2154 4540">
     <span class='ocr_line' id='line_1_63' title="bbox 562 4466 2154 4540; baseline -0.006 -10"><span class='ocrx_word' id='word_1_456' title='bbox 562 4475 631 4531; x_wconf 94' lang='lat' dir='ltr'><strong>lia</strong></span> <span class='ocrx_word' id='word_1_457' title='bbox 664 4474 901 4538; x_wconf 90' lang='lat' dir='ltr'><strong>dudum,</strong></span> <span class='ocrx_word' id='word_1_458' title='bbox 961 4472 1081 4527; x_wconf 89' lang='lat' dir='ltr'><strong>talia</strong></span> <span class='ocrx_word' id='word_1_459' title='bbox 1116 4469 1366 4540; x_wconf 85' lang='lat' dir='ltr'><strong>Apostoli</strong></span> <span class='ocrx_word' id='word_1_460' title='bbox 1398 4484 1547 4523; x_wconf 91' lang='lat' dir='ltr'><strong>arma</strong></span> <span class='ocrx_word' id='word_1_461' title='bbox 1594 4478 1900 4538; x_wconf 88' lang='lat' dir='ltr'><strong>portarunt.</strong></span> <span class='ocrx_word' id='word_1_462' title='bbox 1947 4466 2039 4521; x_wconf 90' lang='lat' dir='ltr'><strong>llis</strong></span> <span class='ocrx_word' id='word_1_463' title='bbox 2070 4467 2154 4521; x_wconf 83' lang='lat' dir='ltr'><strong>in-</strong></span> 
     </span>
    </p>
   </div>
   <div class='ocr_carea' id='block_1_64' title="bbox 2265 1869 3858 1942">
    <p class='ocr_par' dir='ltr' id='par_1_64' title="bbox 2265 1869 3858 1942">
     <span class='ocr_line' id='line_1_64' title="bbox 2265 1869 3858 1942; baseline 0.004 -20"><span class='ocrx_word' id='word_1_464' title='bbox 2265 1870 2434 1923; x_wconf 81' lang='lat' dir='ltr'><strong>sionis</strong></span> <span class='ocrx_word' id='word_1_465' title='bbox 2464 1869 2633 1935; x_wconf 91' lang='lat' dir='ltr'><strong>;ﬁdes</strong></span> <span class='ocrx_word' id='word_1_466' title='bbox 2662 1880 2746 1925; x_wconf 91' lang='lat' dir='ltr'><strong>est</strong></span> <span class='ocrx_word' id='word_1_467' title='bbox 2768 1886 2891 1942; x_wconf 67' lang='lat' dir='ltr'><strong>qua:</strong></span> <span class='ocrx_word' id='word_1_468' title='bbox 2928 1872 3167 1941; x_wconf 85' lang='lat' dir='ltr'><strong>jejunas.</strong></span> <span class='ocrx_word' id='word_1_469' title='bbox 3192 1881 3247 1927; x_wconf 89' lang='lat' dir='ltr'><strong>et</strong></span> <span class='ocrx_word' id='word_1_470' title='bbox 3274 1888 3453 1939; x_wconf 90' lang='lat' dir='ltr'><strong>seras,</strong></span> <span class='ocrx_word' id='word_1_471' title='bbox 3486 1880 3544 1927; x_wconf 90' lang='lat' dir='ltr'><strong>et</strong></span> <span class='ocrx_word' id='word_1_472' title='bbox 3566 1872 3746 1926; x_wconf 85' lang='lat' dir='ltr'><strong>aridas</strong></span> <span class='ocrx_word' id='word_1_473' title='bbox 3772 1886 3858 1928; x_wconf 84' lang='lat' dir='ltr'><strong>es-</strong></span> 
     </span>
    </p>
   </div>
   <div class='ocr_carea' id='block_1_65' title="bbox 2264 1961 3860 2034">
    <p class='ocr_par' dir='ltr' id='par_1_65' title="bbox 2264 1961 3860 2034">
     <span class='ocr_line' id='line_1_65' title="bbox 2264 1961 3860 2034; baseline 0.003 -19"><span class='ocrx_word' id='word_1_474' title='bbox 2264 1976 2356 2015; x_wconf 87' lang='lat' dir='ltr'><strong>cas</strong></span> <span class='ocrx_word' id='word_1_475' title='bbox 2390 1962 2440 2015; x_wconf 92' lang='lat' dir='ltr'><strong>in</strong></span> <span class='ocrx_word' id='word_1_476' title='bbox 2476 1961 2782 2019; x_wconf 90' lang='lat' dir='ltr'><strong>humilitate</strong></span> <span class='ocrx_word' id='word_1_477' title='bbox 2831 1963 3073 2034; x_wconf 84' lang='lat' dir='ltr'><strong>depascit</strong></span> <span class='ocrx_word' id='word_1_478' title='bbox 3104 1982 3117 2029; x_wconf 92' lang='lat'><strong>;</strong></span> <span class='ocrx_word' id='word_1_479' title='bbox 3151 1965 3285 2021; x_wconf 90' lang='lat' dir='ltr'><strong>ﬁdes</strong></span> <span class='ocrx_word' id='word_1_480' title='bbox 3317 1975 3399 2019; x_wconf 90' lang='lat' dir='ltr'><strong>cst</strong></span> <span class='ocrx_word' id='word_1_481' title='bbox 3425 1981 3545 2034; x_wconf 74' lang='lat' dir='ltr'><strong>qum</strong></span> <span class='ocrx_word' id='word_1_482' title='bbox 3576 1965 3860 2033; x_wconf 87' lang='lat' dir='ltr'><strong>virginita-</strong></span> 
     </span>
    </p>
   </div>
   <div class='ocr_carea' id='block_1_66' title="bbox 2267 2055 3857 2130">
    <p class='ocr_par' dir='ltr' id='par_1_66' title="bbox 2267 2055 3857 2130">
     <span class='ocr_line' id='line_1_66' title="bbox 2267 2055 3857 2130; baseline 0.003 -21"><span class='ocrx_word' id='word_1_483' title='bbox 2267 2065 2396 2124; x_wconf 92' lang='lat' dir='ltr'><strong>tem,</strong></span> <span class='ocrx_word' id='word_1_484' title='bbox 2430 2055 2778 2124; x_wconf 86' lang='lat' dir='ltr'><strong>viduitatem,</strong></span> <span class='ocrx_word' id='word_1_485' title='bbox 2835 2059 3225 2114; x_wconf 82' lang='lat' dir='ltr'><strong>continentiam</strong></span> <span class='ocrx_word' id='word_1_486' title='bbox 3267 2059 3510 2114; x_wconf 88' lang='lat' dir='ltr'><strong>modesta</strong></span> <span class='ocrx_word' id='word_1_487' title='bbox 3545 2060 3857 2130; x_wconf 87' lang='lat' dir='ltr'><strong>integritate</strong></span> 
     </span>
    </p>
   </div>
   <div class='ocr_carea' id='block_1_67' title="bbox 2264 2149 3855 2224">
    <p class='ocr_par' dir='ltr' id='par_1_67' title="bbox 2264 2149 3855 2224">
     <span class='ocr_line' id='line_1_67' title="bbox 2264 2149 3855 2224; baseline 0.004 -23"><span class='ocrx_word' id='word_1_488' title='bbox 2264 2149 2529 2215; x_wconf 89' lang='lat' dir='ltr'><strong>custodit;</strong></span> <span class='ocrx_word' id='word_1_489' title='bbox 2553 2150 2690 2206; x_wconf 90' lang='lat' dir='ltr'><strong>ﬁdes</strong></span> <span class='ocrx_word' id='word_1_490' title='bbox 2714 2161 2799 2206; x_wconf 85' lang='lat' dir='ltr'><strong>est</strong></span> <span class='ocrx_word' id='word_1_491' title='bbox 2826 2167 2946 2221; x_wconf 76' lang='lat' dir='ltr'><strong>qua:</strong></span> <span class='ocrx_word' id='word_1_492' title='bbox 2968 2154 3189 2208; x_wconf 86' lang='lat' dir='ltr'><strong>susmlit</strong></span> <span class='ocrx_word' id='word_1_493' title='bbox 3210 2154 3710 2224; x_wconf 76' lang='lat' dir='ltr'><strong>concupiscentiam</strong></span> <span class='ocrx_word' id='word_1_494' title='bbox 3734 2168 3855 2208; x_wconf 84' lang='lat' dir='ltr'><strong>cor-</strong></span> 
     </span>
    </p>
   </div>
   <div class='ocr_carea' id='block_1_68' title="bbox 2264 2242 3857 2317">
    <p class='ocr_par' dir='ltr' id='par_1_68' title="bbox 2264 2242 3857 2317">
     <span class='ocr_line' id='line_1_68' title="bbox 2264 2242 3857 2317; baseline 0.003 -20"><span class='ocrx_word' id='word_1_495' title='bbox 2264 2242 2505 2309; x_wconf 85' lang='lat' dir='ltr'><strong>poralem</strong></span> <span class='ocrx_word' id='word_1_496' title='bbox 2533 2252 2586 2296; x_wconf 90' lang='lat' dir='ltr'><strong>et</strong></span> <span class='ocrx_word' id='word_1_497' title='bbox 2615 2258 2858 2298; x_wconf 85' lang='lat' dir='ltr'><strong>amorem</strong></span> <span class='ocrx_word' id='word_1_498' title='bbox 2892 2244 3103 2314; x_wconf 87' lang='lat' dir='ltr'><strong>imperii</strong></span> <span class='ocrx_word' id='word_1_499' title='bbox 3133 2246 3369 2301; x_wconf 70' lang='lat' dir='ltr'><strong>cmleSIis</strong></span> <span class='ocrx_word' id='word_1_500' title='bbox 3415 2246 3638 2317; x_wconf 81' lang='lat' dir='ltr'><strong>ingessit</strong></span> <span class='ocrx_word' id='word_1_501' title='bbox 3668 2262 3685 2311; x_wconf 92' lang='lat'><strong>;</strong></span> <span class='ocrx_word' id='word_1_502' title='bbox 3719 2246 3857 2301; x_wconf 85' lang='lat' dir='ltr'><strong>ﬁdes</strong></span> 
     </span>
    </p>
   </div>
   <div class='ocr_carea' id='block_1_69' title="bbox 2262 2335 3855 2406">
    <p class='ocr_par' dir='ltr' id='par_1_69' title="bbox 2262 2335 3855 2406">
     <span class='ocr_line' id='line_1_69' title="bbox 2262 2335 3855 2406; baseline 0.004 -18"><span class='ocrx_word' id='word_1_503' title='bbox 2262 2344 2490 2404; x_wconf 76' lang='lat' dir='ltr'><strong>estquze</strong></span> <span class='ocrx_word' id='word_1_504' title='bbox 2515 2335 2748 2391; x_wconf 92' lang='lat' dir='ltr'><strong>Domino</strong></span> <span class='ocrx_word' id='word_1_505' title='bbox 2779 2352 2878 2406; x_wconf 91' lang='lat' dir='ltr'><strong>per</strong></span> <span class='ocrx_word' id='word_1_506' title='bbox 2918 2348 3149 2393; x_wconf 92' lang='lat' dir='ltr'><strong>mortem</strong></span> <span class='ocrx_word' id='word_1_507' title='bbox 3183 2338 3361 2394; x_wconf 88' lang='lat' dir='ltr'><strong>crucis</strong></span> <span class='ocrx_word' id='word_1_508' title='bbox 3395 2338 3855 2395; x_wconf 90' lang='lat' dir='ltr'><strong>immortalitatem</strong></span> 
     </span>
    </p>
   </div>
   <div class='ocr_carea' id='block_1_70' title="bbox 2264 2427 3857 2498">
    <p class='ocr_par' dir='ltr' id='par_1_70' title="bbox 2264 2427 3857 2498">
     <span class='ocr_line' id='line_1_70' title="bbox 2264 2427 3857 2498; baseline 0.003 -17"><span class='ocrx_word' id='word_1_509' title='bbox 2264 2427 2566 2498; x_wconf 70' lang='lat' dir='ltr'><strong>coniungit.</strong></span> <span class='ocrx_word' id='word_1_510' title='bbox 2598 2428 2723 2485; x_wconf 67' lang='lat' dir='ltr'><strong>llaec</strong></span> <span class='ocrx_word' id='word_1_511' title='bbox 2751 2445 2848 2498; x_wconf 89' lang='lat' dir='ltr'><strong>per</strong></span> <span class='ocrx_word' id='word_1_512' title='bbox 2878 2430 2999 2485; x_wconf 91' lang='lat' dir='ltr'><strong>odia</strong></span> <span class='ocrx_word' id='word_1_513' title='bbox 3031 2432 3217 2486; x_wconf 59' lang='lat' dir='ltr'><strong>saeculi</strong></span> <span class='ocrx_word' id='word_1_514' title='bbox 3241 2431 3466 2488; x_wconf 70' lang='lat' dir='ltr'><strong>exhibet</strong></span> <span class='ocrx_word' id='word_1_515' title='bbox 3498 2432 3733 2487; x_wconf 88' lang='lat' dir='ltr'><strong>Domino</strong></span> <span class='ocrx_word' id='word_1_516' title='bbox 3760 2448 3857 2488; x_wconf 85' lang='lat' dir='ltr'><strong>co-</strong></span> 
     </span>
    </p>
   </div>
   <div class='ocr_carea' id='block_1_71' title="bbox 2262 2519 3851 2593">
    <p class='ocr_par' dir='ltr' id='par_1_71' title="bbox 2262 2519 3851 2593">
     <span class='ocr_line' id='line_1_71' title="bbox 2262 2519 3851 2593; baseline 0.006 -21"><span class='ocrx_word' id='word_1_517' title='bbox 2262 2519 2496 2574; x_wconf 81' lang='lat' dir='ltr'><strong>odibi&#39;es</strong></span> <span class='ocrx_word' id='word_1_518' title='bbox 2525 2536 2541 2584; x_wconf 91' lang='lat'><strong>;</strong></span> <span class='ocrx_word' id='word_1_519' title='bbox 2573 2520 2687 2575; x_wconf 66' lang='lat' dir='ltr'><strong>hare</strong></span> <span class='ocrx_word' id='word_1_520' title='bbox 2718 2520 2769 2574; x_wconf 93' lang='lat' dir='ltr'><strong>iu</strong></span> <span class='ocrx_word' id='word_1_521' title='bbox 2810 2523 3124 2577; x_wconf 86' lang='lat' dir='ltr'><strong>carceribus</strong></span> <span class='ocrx_word' id='word_1_522' title='bbox 3172 2524 3424 2579; x_wconf 78' lang='lat' dir='ltr'><strong>confovet</strong></span> <span class='ocrx_word' id='word_1_523' title='bbox 3466 2524 3851 2593; x_wconf 88' lang='lat' dir='ltr'><strong>Confessores,</strong></span> 
     </span>
    </p>
   </div>
   <div class='ocr_carea' id='block_1_72' title="bbox 2264 2611 3853 2688">
    <p class='ocr_par' dir='ltr' id='par_1_72' title="bbox 2264 2611 3853 2688">
     <span class='ocr_line' id='line_1_72' title="bbox 2264 2611 3853 2688; baseline 0.004 -22"><span class='ocrx_word' id='word_1_524' title='bbox 2264 2611 2544 2667; x_wconf 89' lang='lat' dir='ltr'><strong>teterrimo</strong></span> <span class='ocrx_word' id='word_1_525' title='bbox 2569 2612 2916 2668; x_wconf 89' lang='lat' dir='ltr'><strong>tenebrarum</strong></span> <span class='ocrx_word' id='word_1_526' title='bbox 2948 2614 3178 2671; x_wconf 87' lang='lat' dir='ltr'><strong>horrore</strong></span> <span class='ocrx_word' id='word_1_527' title='bbox 3198 2617 3506 2685; x_wconf 90' lang='lat' dir='ltr'><strong>conclusos,</strong></span> <span class='ocrx_word' id='word_1_528' title='bbox 3539 2616 3779 2688; x_wconf 89' lang='lat' dir='ltr'><strong>dumque</strong></span> <span class='ocrx_word' id='word_1_529' title='bbox 3800 2618 3853 2673; x_wconf 92' lang='lat' dir='ltr'><strong>in</strong></span> 
     </span>
    </p>
   </div>
   <div class='ocr_carea' id='block_1_73' title="bbox 2261 2706 3853 2780">
    <p class='ocr_par' dir='ltr' id='par_1_73' title="bbox 2261 2706 3853 2780">
     <span class='ocr_line' id='line_1_73' title="bbox 2261 2706 3853 2780; baseline 0.004 -21"><span class='ocrx_word' id='word_1_530' title='bbox 2261 2706 2516 2772; x_wconf 86' lang='lat' dir='ltr'><strong>squalore</strong></span> <span class='ocrx_word' id='word_1_531' title='bbox 2556 2706 2926 2777; x_wconf 87' lang='lat' dir='ltr'><strong>sordibusqne</strong></span> <span class='ocrx_word' id='word_1_532' title='bbox 2974 2707 3271 2778; x_wconf 85' lang='lat' dir='ltr'><strong>jactautur,</strong></span> <span class='ocrx_word' id='word_1_533' title='bbox 3305 2710 3551 2780; x_wconf 83' lang='lat' dir='ltr'><strong>ipsisque</strong></span> <span class='ocrx_word' id='word_1_534' title='bbox 3583 2721 3853 2765; x_wconf 88' lang='lat' dir='ltr'><strong>terrarum</strong></span> 
     </span>
    </p>
   </div>
   <div class='ocr_carea' id='block_1_74' title="bbox 2263 2800 3851 2874">
    <p class='ocr_par' dir='ltr' id='par_1_74' title="bbox 2263 2800 3851 2874">
     <span class='ocr_line' id='line_1_74' title="bbox 2263 2800 3851 2874; baseline 0.004 -21"><span class='ocrx_word' id='word_1_535' title='bbox 2263 2800 2533 2855; x_wconf 88' lang='lat' dir='ltr'><strong>cubilibus</strong></span> <span class='ocrx_word' id='word_1_536' title='bbox 2554 2811 3042 2871; x_wconf 88' lang='lat' dir='ltr'><strong>transpungnntur,</strong></span> <span class='ocrx_word' id='word_1_537' title='bbox 3072 2818 3177 2857; x_wconf 92' lang='lat' dir='ltr'><strong>non</strong></span> <span class='ocrx_word' id='word_1_538' title='bbox 3194 2819 3388 2858; x_wconf 89' lang='lat' dir='ltr'><strong>somno</strong></span> <span class='ocrx_word' id='word_1_539' title='bbox 3412 2804 3590 2868; x_wconf 88' lang='lat' dir='ltr'><strong>liberi.</strong></span> <span class='ocrx_word' id='word_1_540' title='bbox 3613 2805 3851 2874; x_wconf 88' lang='lat' dir='ltr'><strong>quietem</strong></span> 
     </span>
    </p>
   </div>
   <div class='ocr_carea' id='block_1_75' title="bbox 2267 2892 3856 2967">
    <p class='ocr_par' dir='ltr' id='par_1_75' title="bbox 2267 2892 3856 2967">
     <span class='ocr_line' id='line_1_75' title="bbox 2267 2892 3856 2967; baseline 0.006 -24"><span class='ocrx_word' id='word_1_541' title='bbox 2267 2893 2345 2947; x_wconf 82' lang='lat' dir='ltr'><strong>vel</strong></span> <span class='ocrx_word' id='word_1_542' title='bbox 2373 2892 2565 2947; x_wconf 85' lang='lat' dir='ltr'><strong>modici</strong></span> <span class='ocrx_word' id='word_1_543' title='bbox 2597 2894 2857 2963; x_wconf 89' lang='lat' dir='ltr'><strong>temporis</strong></span> <span class='ocrx_word' id='word_1_544' title='bbox 2897 2895 3139 2963; x_wconf 90' lang='lat' dir='ltr'><strong>capiunt.</strong></span> <span class='ocrx_word' id='word_1_545' title='bbox 3174 2895 3307 2949; x_wconf 87' lang='lat' dir='ltr'><strong>Dum</strong></span> <span class='ocrx_word' id='word_1_546' title='bbox 3344 2896 3415 2949; x_wconf 90' lang='lat' dir='ltr'><strong>ita</strong></span> <span class='ocrx_word' id='word_1_547' title='bbox 3468 2912 3565 2967; x_wconf 89' lang='lat' dir='ltr'><strong>per</strong></span> <span class='ocrx_word' id='word_1_548' title='bbox 3609 2896 3856 2967; x_wconf 83' lang='lat' dir='ltr'><strong>singulos</strong></span> 
     </span>
    </p>
   </div>
   <div class='ocr_carea' id='block_1_76' title="bbox 2264 2983 3853 3057">
    <p class='ocr_par' dir='ltr' id='par_1_76' title="bbox 2264 2983 3853 3057">
     <span class='ocr_line' id='line_1_76' title="bbox 2264 2983 3853 3057; baseline 0.005 -20"><span class='ocrx_word' id='word_1_549' title='bbox 2264 2983 2382 3038; x_wconf 89' lang='lat' dir='ltr'><strong>dies</strong></span> <span class='ocrx_word' id='word_1_550' title='bbox 2412 2985 2561 3038; x_wconf 91' lang='lat' dir='ltr'><strong>omni</strong></span> <span class='ocrx_word' id='word_1_551' title='bbox 2587 2995 2980 3040; x_wconf 88' lang='lat' dir='ltr'><strong>tormentorum</strong></span> <span class='ocrx_word' id='word_1_552' title='bbox 3009 3001 3211 3057; x_wconf 87' lang='lat' dir='ltr'><strong>genere</strong></span> <span class='ocrx_word' id='word_1_553' title='bbox 3254 2986 3534 3043; x_wconf 92' lang='lat' dir='ltr'><strong>laniuutur</strong></span> <span class='ocrx_word' id='word_1_554' title='bbox 3559 3005 3573 3054; x_wconf 93' lang='lat'><strong>;</strong></span> <span class='ocrx_word' id='word_1_555' title='bbox 3604 2988 3732 3043; x_wconf 89' lang='lat' dir='ltr'><strong>dum</strong></span> <span class='ocrx_word' id='word_1_556' title='bbox 3760 2988 3853 3045; x_wconf 87' lang='lat' dir='ltr'><strong>de-</strong></span> 
     </span>
    </p>
   </div>
   <div class='ocr_carea' id='block_1_77' title="bbox 2268 3078 3855 3152">
    <p class='ocr_par' dir='ltr' id='par_1_77' title="bbox 2268 3078 3855 3152">
     <span class='ocr_line' id='line_1_77' title="bbox 2268 3078 3855 3152; baseline 0.007 -23"><span class='ocrx_word' id='word_1_557' title='bbox 2268 3078 2429 3147; x_wconf 89' lang='lat' dir='ltr'><strong>nique</strong></span> <span class='ocrx_word' id='word_1_558' title='bbox 2460 3080 2741 3149; x_wconf 82' lang='lat' dir='ltr'><strong>suppliciis</strong></span> <span class='ocrx_word' id='word_1_559' title='bbox 2772 3079 3107 3135; x_wconf 89' lang='lat' dir='ltr'><strong>multimodis</strong></span> <span class='ocrx_word' id='word_1_560' title='bbox 3132 3092 3414 3152; x_wconf 74' lang='lat' dir='ltr'><strong>urgentur,</strong></span> <span class='ocrx_word' id='word_1_561' title='bbox 3444 3081 3617 3138; x_wconf 90' lang='lat' dir='ltr'><strong>virtus</strong></span> <span class='ocrx_word' id='word_1_562' title='bbox 3643 3084 3855 3151; x_wconf 86' lang='lat' dir='ltr'><strong>proﬁcit</strong></span> 
     </span>
    </p>
   </div>
   <div class='ocr_carea' id='block_1_78' title="bbox 2264 3168 3855 3242">
    <p class='ocr_par' dir='ltr' id='par_1_78' title="bbox 2264 3168 3855 3242">
     <span class='ocr_line' id='line_1_78' title="bbox 2264 3168 3855 3242; baseline 0.008 -23"><span class='ocrx_word' id='word_1_563' title='bbox 2264 3168 2330 3221; x_wconf 86' lang='lat' dir='ltr'><strong>ad</strong></span> <span class='ocrx_word' id='word_1_564' title='bbox 2354 3184 2636 3223; x_wconf 82' lang='lat' dir='ltr'><strong>coronam.</strong></span> <span class='ocrx_word' id='word_1_565' title='bbox 2668 3169 2832 3225; x_wconf 86' lang='lat' dir='ltr'><strong>Fides</strong></span> <span class='ocrx_word' id='word_1_566' title='bbox 2854 3181 2938 3226; x_wconf 79' lang='lat' dir='ltr'><strong>est</strong></span> <span class='ocrx_word' id='word_1_567' title='bbox 2974 3188 3096 3242; x_wconf 82' lang='lat' dir='ltr'><strong>qua:</strong></span> <span class='ocrx_word' id='word_1_568' title='bbox 3129 3173 3179 3226; x_wconf 92' lang='lat' dir='ltr'><strong>in</strong></span> <span class='ocrx_word' id='word_1_569' title='bbox 3213 3173 3299 3227; x_wconf 89' lang='lat' dir='ltr'><strong>his</strong></span> <span class='ocrx_word' id='word_1_570' title='bbox 3330 3184 3407 3227; x_wconf 86' lang='lat' dir='ltr'><strong>tot</strong></span> <span class='ocrx_word' id='word_1_571' title='bbox 3438 3175 3855 3231; x_wconf 80' lang='lat' dir='ltr'><strong>conﬂictationi—</strong></span> 
     </span>
    </p>
   </div>
   <div class='ocr_carea' id='block_1_79' title="bbox 2264 3260 3854 3331">
    <p class='ocr_par' dir='ltr' id='par_1_79' title="bbox 2264 3260 3854 3331">
     <span class='ocr_line' id='line_1_79' title="bbox 2264 3260 3854 3331; baseline 0.007 -18"><span class='ocrx_word' id='word_1_572' title='bbox 2264 3260 2363 3313; x_wconf 92' lang='lat' dir='ltr'><strong>hus</strong></span> <span class='ocrx_word' id='word_1_573' title='bbox 2391 3275 2571 3314; x_wconf 87' lang='lat' dir='ltr'><strong>caram</strong></span> <span class='ocrx_word' id='word_1_574' title='bbox 2598 3262 2860 3317; x_wconf 88' lang='lat' dir='ltr'><strong>unitatem</strong></span> <span class='ocrx_word' id='word_1_575' title='bbox 2892 3263 3111 3318; x_wconf 83' lang='lat' dir='ltr'><strong>exhibet</strong></span> <span class='ocrx_word' id='word_1_576' title='bbox 3141 3265 3268 3331; x_wconf 89' lang='lat' dir='ltr'><strong>Deo,</strong></span> <span class='ocrx_word' id='word_1_577' title='bbox 3298 3265 3477 3320; x_wconf 85' lang='lat' dir='ltr'><strong>reddit</strong></span> <span class='ocrx_word' id='word_1_578' title='bbox 3504 3266 3675 3322; x_wconf 88' lang='lat' dir='ltr'><strong>vicem</strong></span> <span class='ocrx_word' id='word_1_579' title='bbox 3703 3268 3854 3324; x_wconf 80' lang='lat' dir='ltr'><strong>Citri—</strong></span> 
     </span>
    </p>
   </div>
   <div class='ocr_carea' id='block_1_80' title="bbox 2262 3352 3854 3428">
    <p class='ocr_par' dir='ltr' id='par_1_80' title="bbox 2262 3352 3854 3428">
     <span class='ocr_line' id='line_1_80' title="bbox 2262 3352 3854 3428; baseline 0.006 -23"><span class='ocrx_word' id='word_1_580' title='bbox 2262 3359 2368 3411; x_wconf 86' lang='lat' dir='ltr'><strong>sto,</strong></span> <span class='ocrx_word' id='word_1_581' title='bbox 2416 3352 2700 3407; x_wconf 84' lang='lat' dir='ltr'><strong>moriendo</strong></span> <span class='ocrx_word' id='word_1_582' title='bbox 2752 3371 2850 3423; x_wconf 92' lang='lat' dir='ltr'><strong>pro</strong></span> <span class='ocrx_word' id='word_1_583' title='bbox 2880 3355 3016 3425; x_wconf 91' lang='lat' dir='ltr'><strong>ipso.</strong></span> <span class='ocrx_word' id='word_1_584' title='bbox 3060 3356 3204 3411; x_wconf 91' lang='lat' dir='ltr'><strong>Sicut</strong></span> <span class='ocrx_word' id='word_1_585' title='bbox 3237 3360 3668 3428; x_wconf 87' lang='lat' dir='ltr'><strong>caputcorporis</strong></span> <span class='ocrx_word' id='word_1_586' title='bbox 3709 3374 3854 3415; x_wconf 88' lang='lat' dir='ltr'><strong>mor-</strong></span> 
     </span>
    </p>
   </div>
   <div class='ocr_carea' id='block_1_81' title="bbox 2265 3446 3852 3517">
    <p class='ocr_par' dir='ltr' id='par_1_81' title="bbox 2265 3446 3852 3517">
     <span class='ocr_line' id='line_1_81' title="bbox 2265 3446 3852 3517; baseline 0.007 -20"><span class='ocrx_word' id='word_1_587' title='bbox 2265 3453 2414 3497; x_wconf 86' lang='lat' dir='ltr'><strong>tuum</strong></span> <span class='ocrx_word' id='word_1_588' title='bbox 2447 3454 2534 3498; x_wconf 88' lang='lat' dir='ltr'><strong>est</strong></span> <span class='ocrx_word' id='word_1_589' title='bbox 2566 3461 2662 3515; x_wconf 90' lang='lat' dir='ltr'><strong>pro</strong></span> <span class='ocrx_word' id='word_1_590' title='bbox 2691 3446 2973 3513; x_wconf 88' lang='lat' dir='ltr'><strong>membris,</strong></span> <span class='ocrx_word' id='word_1_591' title='bbox 3006 3446 3076 3501; x_wconf 87' lang='lat' dir='ltr'><strong>ita</strong></span> <span class='ocrx_word' id='word_1_592' title='bbox 3106 3464 3204 3517; x_wconf 88' lang='lat' dir='ltr'><strong>pro</strong></span> <span class='ocrx_word' id='word_1_593' title='bbox 3231 3449 3407 3517; x_wconf 87' lang='lat' dir='ltr'><strong>capite</strong></span> <span class='ocrx_word' id='word_1_594' title='bbox 3440 3450 3682 3505; x_wconf 89' lang='lat' dir='ltr'><strong>membra</strong></span> <span class='ocrx_word' id='word_1_595' title='bbox 3732 3466 3852 3507; x_wconf 85' lang='lat' dir='ltr'><strong>mo-</strong></span> 
     </span>
    </p>
   </div>
   <div class='ocr_carea' id='block_1_82' title="bbox 2263 3538 3854 3614">
    <p class='ocr_par' dir='ltr' id='par_1_82' title="bbox 2263 3538 3854 3614">
     <span class='ocr_line' id='line_1_82' title="bbox 2263 3538 3854 3614; baseline 0.008 -25"><span class='ocrx_word' id='word_1_596' title='bbox 2263 3538 2496 3605; x_wconf 91' lang='lat' dir='ltr'><strong>riuntur,</strong></span> <span class='ocrx_word' id='word_1_597' title='bbox 2518 3538 2739 3593; x_wconf 82' lang='lat' dir='ltr'><strong>utsicut</strong></span> <span class='ocrx_word' id='word_1_598' title='bbox 2764 3549 2926 3609; x_wconf 91' lang='lat' dir='ltr'><strong>caput</strong></span> <span class='ocrx_word' id='word_1_599' title='bbox 2954 3541 3105 3606; x_wconf 89' lang='lat' dir='ltr'><strong>vivit,</strong></span> <span class='ocrx_word' id='word_1_600' title='bbox 3139 3543 3208 3595; x_wconf 91' lang='lat' dir='ltr'><strong>ita</strong></span> <span class='ocrx_word' id='word_1_601' title='bbox 3238 3558 3359 3597; x_wconf 90' lang='lat' dir='ltr'><strong>cum</strong></span> <span class='ocrx_word' id='word_1_602' title='bbox 3385 3544 3560 3614; x_wconf 86' lang='lat' dir='ltr'><strong>capite</strong></span> <span class='ocrx_word' id='word_1_603' title='bbox 3580 3544 3854 3602; x_wconf 83' lang='lat' dir='ltr'><strong>viviﬁcen-</strong></span> 
     </span>
    </p>
   </div>
   <div class='ocr_carea' id='block_1_83' title="bbox 2262 3630 3855 3693">
    <p class='ocr_par' dir='ltr' id='par_1_83' title="bbox 2262 3630 3855 3693">
     <span class='ocr_line' id='line_1_83' title="bbox 2262 3630 3855 3693; baseline 0.006 -12"><span class='ocrx_word' id='word_1_604' title='bbox 2262 3638 2349 3682; x_wconf 88' lang='lat' dir='ltr'><strong>tur</strong></span> <span class='ocrx_word' id='word_1_605' title='bbox 2382 3630 2647 3685; x_wconf 87' lang='lat' dir='ltr'><strong>membra.</strong></span> <span class='ocrx_word' id='word_1_606' title='bbox 2679 3630 2804 3686; x_wconf 71' lang='lat' dir='ltr'><strong>llznc</strong></span> <span class='ocrx_word' id='word_1_607' title='bbox 2824 3633 3113 3686; x_wconf 72' lang='lat' dir='ltr'><strong>conﬁrmat</strong></span> <span class='ocrx_word' id='word_1_608' title='bbox 3139 3632 3489 3689; x_wconf 86' lang='lat' dir='ltr'><strong>beatissimus</strong></span> <span class='ocrx_word' id='word_1_609' title='bbox 3520 3634 3722 3691; x_wconf 87' lang='lat' dir='ltr'><strong>Paulus</strong></span> <span class='ocrx_word' id='word_1_610' title='bbox 3752 3654 3765 3689; x_wconf 87' lang='lat'><strong>:</strong></span> <span class='ocrx_word' id='word_1_611' title='bbox 3793 3636 3855 3693; x_wconf 76' lang='lat' dir='ltr'><strong>Si</strong></span> 
     </span>
    </p>
   </div>
   <div class='ocr_carea' id='block_1_84' title="bbox 2261 3723 3851 3795">
    <p class='ocr_par' dir='ltr' id='par_1_84' title="bbox 2261 3723 3851 3795">
     <span class='ocr_line' id='line_1_84' title="bbox 2261 3723 3851 3795; baseline 0.007 -21"><span class='ocrx_word' id='word_1_612' title='bbox 2261 3723 2628 3776; x_wconf 82' lang='lat' dir='ltr'><strong>commorimur</strong></span> <span class='ocrx_word' id='word_1_613' title='bbox 2656 3723 2883 3785; x_wconf 81' lang='lat' dir='ltr'><strong>Christo,</strong></span> <span class='ocrx_word' id='word_1_614' title='bbox 2916 3735 2962 3778; x_wconf 87' lang='lat' dir='ltr'><strong>et</strong></span> <span class='ocrx_word' id='word_1_615' title='bbox 3013 3726 3358 3792; x_wconf 80' lang='lat' dir='ltr'><strong>convivimus,-</strong></span> <span class='ocrx_word' id='word_1_616' title='bbox 3388 3728 3432 3780; x_wconf 84' lang='lat' dir='ltr'><strong>si</strong></span> <span class='ocrx_word' id='word_1_617' title='bbox 3475 3726 3777 3795; x_wconf 82' lang='lat' dir='ltr'><strong>toleramus,</strong></span> <span class='ocrx_word' id='word_1_618' title='bbox 3805 3741 3851 3785; x_wconf 84' lang='lat' dir='ltr'><strong>et</strong></span> 
     </span>
    </p>
   </div>
   <div class='ocr_carea' id='block_1_85' title="bbox 2261 3815 3855 3891">
    <p class='ocr_par' dir='ltr' id='par_1_85' title="bbox 2261 3815 3855 3891">
     <span class='ocr_line' id='line_1_85' title="bbox 2261 3815 3855 3891; baseline 0.007 -25"><span class='ocrx_word' id='word_1_619' title='bbox 2261 3830 2655 3885; x_wconf 83' lang='lat' dir='ltr'><strong>conregnamus.</strong></span> <span class='ocrx_word' id='word_1_620' title='bbox 2689 3815 2973 3884; x_wconf 84' lang='lat' dir='ltr'><strong>Superest,</strong></span> <span class='ocrx_word' id='word_1_621' title='bbox 3008 3817 3391 3885; x_wconf 88' lang='lat' dir='ltr'><strong>amantissimi,</strong></span> <span class='ocrx_word' id='word_1_622' title='bbox 3424 3829 3480 3873; x_wconf 93' lang='lat' dir='ltr'><strong>ut</strong></span> <span class='ocrx_word' id='word_1_623' title='bbox 3508 3829 3565 3873; x_wconf 90' lang='lat' dir='ltr'><strong>et</strong></span> <span class='ocrx_word' id='word_1_624' title='bbox 3592 3831 3855 3891; x_wconf 87' lang='lat' dir='ltr'><strong>peccato-</strong></span> 
     </span>
    </p>
   </div>
   <div class='ocr_carea' id='block_1_86' title="bbox 2262 3910 3855 3985">
    <p class='ocr_par' dir='ltr' id='par_1_86' title="bbox 2262 3910 3855 3985">
     <span class='ocr_line' id='line_1_86' title="bbox 2262 3910 3855 3985; baseline 0.007 -25"><span class='ocrx_word' id='word_1_625' title='bbox 2262 3924 2378 3961; x_wconf 93' lang='lat' dir='ltr'><strong>rum</strong></span> <span class='ocrx_word' id='word_1_626' title='bbox 2405 3918 2717 3962; x_wconf 89' lang='lat' dir='ltr'><strong>uostrorum</strong></span> <span class='ocrx_word' id='word_1_627' title='bbox 2746 3910 3019 3965; x_wconf 80' lang='lat' dir='ltr'><strong>confessio</strong></span> <span class='ocrx_word' id='word_1_628' title='bbox 3047 3911 3430 3982; x_wconf 70' lang='lat' dir='ltr'><strong>subsequatur.</strong></span> <span class='ocrx_word' id='word_1_629' title='bbox 3454 3912 3571 3968; x_wconf 83' lang='lat' dir='ltr'><strong>Non</strong></span> <span class='ocrx_word' id='word_1_630' title='bbox 3594 3915 3739 3985; x_wconf 90' lang='lat' dir='ltr'><strong>quod</strong></span> <span class='ocrx_word' id='word_1_631' title='bbox 3770 3915 3855 3971; x_wconf 87' lang='lat' dir='ltr'><strong>di-</strong></span> 
     </span>
    </p>
   </div>
   <div class='ocr_carea' id='block_1_87' title="bbox 2262 4000 3854 4071">
    <p class='ocr_par' dir='ltr' id='par_1_87' title="bbox 2262 4000 3854 4071">
     <span class='ocr_line' id='line_1_87' title="bbox 2262 4000 3854 4071; baseline 0.008 -20"><span class='ocrx_word' id='word_1_632' title='bbox 2262 4000 2400 4053; x_wconf 83' lang='lat' dir='ltr'><strong>vinae</strong></span> <span class='ocrx_word' id='word_1_633' title='bbox 2429 4009 2728 4071; x_wconf 88' lang='lat' dir='ltr'><strong>potestates</strong></span> <span class='ocrx_word' id='word_1_634' title='bbox 2757 4016 3010 4057; x_wconf 78' lang='lat' dir='ltr'><strong>secessus</strong></span> <span class='ocrx_word' id='word_1_635' title='bbox 3057 4005 3389 4071; x_wconf 89' lang='lat' dir='ltr'><strong>animorum,</strong></span> <span class='ocrx_word' id='word_1_636' title='bbox 3421 4016 3472 4061; x_wconf 92' lang='lat' dir='ltr'><strong>et</strong></span> <span class='ocrx_word' id='word_1_637' title='bbox 3503 4017 3710 4063; x_wconf 86' lang='lat' dir='ltr'><strong>secreta</strong></span> <span class='ocrx_word' id='word_1_638' title='bbox 3746 4024 3854 4065; x_wconf 90' lang='lat' dir='ltr'><strong>non</strong></span> 
     </span>
    </p>
   </div>
   <div class='ocr_carea' id='block_1_88' title="bbox 2261 4090 3854 4166">
    <p class='ocr_par' dir='ltr' id='par_1_88' title="bbox 2261 4090 3854 4166">
     <span class='ocr_line' id='line_1_88' title="bbox 2261 4090 3854 4166; baseline 0.008 -21"><span class='ocrx_word' id='word_1_639' title='bbox 2261 4090 2471 4155; x_wconf 90' lang='lat' dir='ltr'><strong>norint;</strong></span> <span class='ocrx_word' id='word_1_640' title='bbox 2493 4092 2587 4146; x_wconf 89' lang='lat' dir='ltr'><strong>sed</strong></span> <span class='ocrx_word' id='word_1_641' title='bbox 2613 4091 2773 4148; x_wconf 88' lang='lat' dir='ltr'><strong>facile</strong></span> <span class='ocrx_word' id='word_1_642' title='bbox 2804 4093 2951 4148; x_wconf 88' lang='lat' dir='ltr'><strong>elicit</strong></span> <span class='ocrx_word' id='word_1_643' title='bbox 2978 4094 3408 4151; x_wconf 86' lang='lat' dir='ltr'><strong>misericordiam</strong></span> <span class='ocrx_word' id='word_1_644' title='bbox 3430 4097 3723 4166; x_wconf 73' lang='lat' dir='ltr'><strong>judirantis</strong></span> <span class='ocrx_word' id='word_1_645' title='bbox 3746 4116 3854 4157; x_wconf 92' lang='lat' dir='ltr'><strong>nou</strong></span> 
     </span>
    </p>
   </div>
   <div class='ocr_carea' id='block_1_89' title="bbox 2258 4186 3850 4261">
    <p class='ocr_par' dir='ltr' id='par_1_89' title="bbox 2258 4186 3850 4261">
     <span class='ocr_line' id='line_1_89' title="bbox 2258 4186 3850 4261; baseline 0.006 -22"><span class='ocrx_word' id='word_1_646' title='bbox 2258 4192 2469 4239; x_wconf 80' lang='lat' dir='ltr'><strong>extorta</strong></span> <span class='ocrx_word' id='word_1_647' title='bbox 2510 4186 2803 4241; x_wconf 83' lang='lat' dir='ltr'><strong>confessio.</strong></span> <span class='ocrx_word' id='word_1_648' title='bbox 2858 4187 3047 4242; x_wconf 84' lang='lat' dir='ltr'><strong>Nullus</strong></span> <span class='ocrx_word' id='word_1_649' title='bbox 3092 4191 3209 4253; x_wconf 90' lang='lat' dir='ltr'><strong>sit,</strong></span> <span class='ocrx_word' id='word_1_650' title='bbox 3267 4190 3572 4246; x_wconf 83' lang='lat' dir='ltr'><strong>charissimi</strong></span> <span class='ocrx_word' id='word_1_651' title='bbox 3629 4191 3850 4261; x_wconf 78' lang='lat' dir='ltr'><strong>fratres,</strong></span> 
     </span>
    </p>
   </div>
   <div class='ocr_carea' id='block_1_90' title="bbox 2260 4274 3853 4356">
    <p class='ocr_par' dir='ltr' id='par_1_90' title="bbox 2260 4274 3853 4356">
     <span class='ocr_line' id='line_1_90' title="bbox 2260 4274 3853 4356; baseline 0.009 -27"><span class='ocrx_word' id='word_1_652' title='bbox 2260 4274 2398 4340; x_wconf 91' lang='lat' dir='ltr'><strong>dies,</strong></span> <span class='ocrx_word' id='word_1_653' title='bbox 2431 4292 2540 4346; x_wconf 91' lang='lat' dir='ltr'><strong>quo</strong></span> <span class='ocrx_word' id='word_1_654' title='bbox 2571 4294 2675 4332; x_wconf 89' lang='lat' dir='ltr'><strong>non</strong></span> <span class='ocrx_word' id='word_1_655' title='bbox 2710 4278 2795 4333; x_wconf 89' lang='lat' dir='ltr'><strong>his</strong></span> <span class='ocrx_word' id='word_1_656' title='bbox 2818 4279 3013 4334; x_wconf 84' lang='lat' dir='ltr'><strong>fabulis</strong></span> <span class='ocrx_word' id='word_1_657' title='bbox 3064 4296 3367 4349; x_wconf 90' lang='lat' dir='ltr'><strong>moremur,</strong></span> <span class='ocrx_word' id='word_1_658' title='bbox 3397 4283 3490 4339; x_wconf 90' lang='lat' dir='ltr'><strong>ille</strong></span> <span class='ocrx_word' id='word_1_659' title='bbox 3519 4284 3725 4356; x_wconf 79' lang='lat' dir='ltr'><strong>Martyr</strong></span> <span class='ocrx_word' id='word_1_660' title='bbox 3753 4286 3853 4343; x_wconf 91' lang='lat' dir='ltr'><strong>sub</strong></span> 
     </span>
    </p>
   </div>
   <div class='ocr_carea' id='block_1_91' title="bbox 2263 4371 3853 4443">
    <p class='ocr_par' dir='ltr' id='par_1_91' title="bbox 2263 4371 3853 4443">
     <span class='ocr_line' id='line_1_91' title="bbox 2263 4371 3853 4443; baseline 0.008 -21"><span class='ocrx_word' id='word_1_661' title='bbox 2263 4378 2466 4425; x_wconf 89' lang='lat' dir='ltr'><strong>tortore</strong></span> <span class='ocrx_word' id='word_1_662' title='bbox 2498 4386 2605 4424; x_wconf 91' lang='lat' dir='ltr'><strong>non</strong></span> <span class='ocrx_word' id='word_1_663' title='bbox 2628 4371 3034 4441; x_wconf 90' lang='lat' dir='ltr'><strong>impalluit,ille</strong></span> <span class='ocrx_word' id='word_1_664' title='bbox 3064 4376 3403 4443; x_wconf 84' lang='lat' dir='ltr'><strong>percussoris</strong></span> <span class='ocrx_word' id='word_1_665' title='bbox 3421 4392 3602 4433; x_wconf 91' lang='lat' dir='ltr'><strong>moras</strong></span> <span class='ocrx_word' id='word_1_666' title='bbox 3629 4380 3853 4435; x_wconf 88' lang='lat' dir='ltr'><strong>festina-</strong></span> 
     </span>
    </p>
   </div>
   <div class='ocr_carea' id='block_1_92' title="bbox 2262 4460 3851 4537">
    <p class='ocr_par' dir='ltr' id='par_1_92' title="bbox 2262 4460 3851 4537">
     <span class='ocr_line' id='line_1_92' title="bbox 2262 4460 3851 4537; baseline 0.011 -24"><span class='ocrx_word' id='word_1_667' title='bbox 2262 4460 2408 4515; x_wconf 83' lang='lat' dir='ltr'><strong>tione</strong></span> <span class='ocrx_word' id='word_1_668' title='bbox 2442 4464 2741 4530; x_wconf 76' lang='lat' dir='ltr'><strong>prrccessit,</strong></span> <span class='ocrx_word' id='word_1_669' title='bbox 2778 4464 2869 4520; x_wconf 90' lang='lat' dir='ltr'><strong>ille</strong></span> <span class='ocrx_word' id='word_1_670' title='bbox 2899 4465 3148 4521; x_wconf 80' lang='lat' dir='ltr'><strong>flammas</strong></span> <span class='ocrx_word' id='word_1_671' title='bbox 3171 4468 3363 4524; x_wconf 88' lang='lat' dir='ltr'><strong>avidus</strong></span> <span class='ocrx_word' id='word_1_672' title='bbox 3406 4469 3583 4537; x_wconf 90' lang='lat' dir='ltr'><strong>bibit;</strong></span> <span class='ocrx_word' id='word_1_673' title='bbox 3615 4472 3709 4527; x_wconf 91' lang='lat' dir='ltr'><strong>illc</strong></span> <span class='ocrx_word' id='word_1_674' title='bbox 3729 4488 3851 4529; x_wconf 88' lang='lat' dir='ltr'><strong>sec-</strong></span> 
     </span>
    </p>
   </div>
   <div class='ocr_carea' id='block_1_93' title="bbox 562 4532 3853 4637">
    <p class='ocr_par' dir='ltr' id='par_1_93' title="bbox 562 4532 3853 4637">
     <span class='ocr_line' id='line_1_93' title="bbox 562 4532 3853 4637; baseline -0.003 -11"><span class='ocrx_word' id='word_1_675' title='bbox 562 4570 780 4636; x_wconf 91' lang='lat' dir='ltr'><strong>structi,</strong></span> <span class='ocrx_word' id='word_1_676' title='bbox 802 4532 1259 4637; x_wconf 66' lang='lat' dir='ltr'><strong>intemperantiae,</strong></span> <span class='ocrx_word' id='word_1_677' title='bbox 1284 4560 2157 4633; x_wconf 52' lang='lat' dir='ltr'><strong>lascivimmttpiditatis,ambitio-</strong></span> <span class='ocrx_word' id='word_1_678' title='bbox 2183 4532 2236 4592; x_wconf 82' lang='lat' dir='ltr'><strong>D</strong></span> <span class='ocrx_word' id='word_1_679' title='bbox 2264 4557 2350 4606; x_wconf 72' lang='lat' dir='ltr'><strong>lus</strong></span> <span class='ocrx_word' id='word_1_680' title='bbox 2376 4562 2479 4615; x_wconf 75' lang='lat' dir='ltr'><strong>cst.</strong></span> <span class='ocrx_word' id='word_1_681' title='bbox 2508 4556 2604 4609; x_wconf 84' lang='lat' dir='ltr'><strong>sed</strong></span> <span class='ocrx_word' id='word_1_682' title='bbox 2638 4555 2853 4627; x_wconf 67' lang='lat' dir='ltr'><strong>integer</strong></span> <span class='ocrx_word' id='word_1_683' title='bbox 2880 4558 3052 4625; x_wconf 85' lang='lat' dir='ltr'><strong>stetit,</strong></span> <span class='ocrx_word' id='word_1_684' title='bbox 3086 4559 3179 4615; x_wconf 90' lang='lat' dir='ltr'><strong>ille</strong></span> <span class='ocrx_word' id='word_1_685' title='bbox 3234 4559 3448 4617; x_wconf 89' lang='lat' dir='ltr'><strong>felicem</strong></span> <span class='ocrx_word' id='word_1_686' title='bbox 3472 4578 3531 4619; x_wconf 89' lang='lat' dir='ltr'><strong>se</strong></span> <span class='ocrx_word' id='word_1_687' title='bbox 3570 4564 3732 4631; x_wconf 84' lang='lat' dir='ltr'><strong>dixit,</strong></span> <span class='ocrx_word' id='word_1_688' title='bbox 3764 4566 3853 4623; x_wconf 87' lang='lat' dir='ltr'><strong>cui</strong></span> 
     </span>
    </p>
   </div>
   <div class='ocr_carea' id='block_1_94' title="bbox 564 4656 1934 4733">
    <p class='ocr_par' dir='ltr' id='par_1_94' title="bbox 564 4656 1934 4733">
     <span class='ocr_line' id='line_1_94' title="bbox 564 4656 1934 4733; baseline -0.007 -13"><span class='ocrx_word' id='word_1_689' title='bbox 564 4664 669 4733; x_wconf 89' lang='lat' dir='ltr'><strong>nis,</strong></span> <span class='ocrx_word' id='word_1_690' title='bbox 705 4664 800 4718; x_wconf 77' lang='lat' dir='ltr'><strong>ira:</strong></span> <span class='ocrx_word' id='word_1_691' title='bbox 828 4676 1043 4733; x_wconf 90' lang='lat' dir='ltr'><strong>quoque</strong></span> <span class='ocrx_word' id='word_1_692' title='bbox 1084 4668 1140 4714; x_wconf 89' lang='lat' dir='ltr'><strong>et</strong></span> <span class='ocrx_word' id='word_1_693' title='bbox 1164 4658 1435 4729; x_wconf 83' lang='lat' dir='ltr'><strong>superbiae</strong></span> <span class='ocrx_word' id='word_1_694' title='bbox 1466 4657 1606 4713; x_wconf 90' lang='lat' dir='ltr'><strong>colla</strong></span> <span class='ocrx_word' id='word_1_695' title='bbox 1638 4656 1934 4725; x_wconf 83' lang='lat' dir='ltr'><strong>fregerunt.</strong></span> 
     </span>
    </p>
   </div>
   <div class='ocr_carea' id='block_1_95' title="bbox 633 4756 2152 4834">
    <p class='ocr_par' dir='ltr' id='par_1_95' title="bbox 633 4756 2152 4834">
     <span class='ocr_line' id='line_1_95' title="bbox 633 4756 2152 4834; baseline -0.007 -13"><span class='ocrx_word' id='word_1_696' title='bbox 633 4764 779 4821; x_wconf 84' lang='lat' dir='ltr'><strong>Nihil</strong></span> <span class='ocrx_word' id='word_1_697' title='bbox 833 4765 1015 4834; x_wconf 92' lang='lat' dir='ltr'><strong>itaque</strong></span> <span class='ocrx_word' id='word_1_698' title='bbox 1044 4760 1205 4819; x_wconf 88' lang='lat' dir='ltr'><strong>nobis</strong></span> <span class='ocrx_word' id='word_1_699' title='bbox 1251 4758 1620 4815; x_wconf 86' lang='lat' dir='ltr'><strong>misericordia</strong></span> <span class='ocrx_word' id='word_1_700' title='bbox 1666 4756 1984 4820; x_wconf 84' lang='lat' dir='ltr'><strong>Salvatoris,</strong></span> <span class='ocrx_word' id='word_1_701' title='bbox 2046 4771 2152 4811; x_wconf 89' lang='lat' dir='ltr'><strong>non</strong></span> 
     </span>
    </p>
   </div>
   <div class='ocr_carea' id='block_1_96' title="bbox 563 4858 2155 4935">
    <p class='ocr_par' dir='ltr' id='par_1_96' title="bbox 563 4858 2155 4935">
     <span class='ocr_line' id='line_1_96' title="bbox 563 4858 2155 4935; baseline -0.006 -11"><span class='ocrx_word' id='word_1_702' title='bbox 563 4885 737 4933; x_wconf 90' lang='lat' dir='ltr'><strong>arma,</strong></span> <span class='ocrx_word' id='word_1_703' title='bbox 785 4882 891 4922; x_wconf 93' lang='lat' dir='ltr'><strong>non</strong></span> <span class='ocrx_word' id='word_1_704' title='bbox 952 4863 1202 4935; x_wconf 67' lang='lat' dir='ltr'><strong>praesidia</strong></span> <span class='ocrx_word' id='word_1_705' title='bbox 1244 4860 1552 4933; x_wconf 86' lang='lat' dir='ltr'><strong>denegavit.</strong></span> <span class='ocrx_word' id='word_1_706' title='bbox 1603 4858 1759 4916; x_wconf 91' lang='lat' dir='ltr'><strong>Unde</strong></span> <span class='ocrx_word' id='word_1_707' title='bbox 1796 4860 1958 4915; x_wconf 91' lang='lat' dir='ltr'><strong>etiam</strong></span> <span class='ocrx_word' id='word_1_708' title='bbox 1994 4868 2155 4929; x_wconf 88' lang='lat' dir='ltr'><strong>atque</strong></span> 
     </span>
    </p>
   </div>
   <div class='ocr_carea' id='block_1_97' title="bbox 559 4960 2156 5038">
    <p class='ocr_par' dir='ltr' id='par_1_97' title="bbox 559 4960 2156 5038">
     <span class='ocr_line' id='line_1_97' title="bbox 559 4960 2156 5038; baseline -0.009 -11"><span class='ocrx_word' id='word_1_709' title='bbox 559 4970 725 5027; x_wconf 90' lang='lat' dir='ltr'><strong>etiam</strong></span> <span class='ocrx_word' id='word_1_710' title='bbox 757 4966 1151 5038; x_wconf 87' lang='lat' dir='ltr'><strong>providendum</strong></span> <span class='ocrx_word' id='word_1_711' title='bbox 1172 4972 1347 5020; x_wconf 89' lang='lat' dir='ltr'><strong>estne</strong></span> <span class='ocrx_word' id='word_1_712' title='bbox 1375 4978 1475 5017; x_wconf 90' lang='lat' dir='ltr'><strong>nos</strong></span> <span class='ocrx_word' id='word_1_713' title='bbox 1503 4962 1650 5016; x_wconf 86' lang='lat' dir='ltr'><strong>velut</strong></span> <span class='ocrx_word' id='word_1_714' title='bbox 1673 4961 1970 5016; x_wconf 88' lang='lat' dir='ltr'><strong>oscitantes</strong></span> <span class='ocrx_word' id='word_1_715' title='bbox 1997 4960 2156 5014; x_wconf 88' lang='lat' dir='ltr'><strong>vitio-</strong></span> 
     </span>
    </p>
   </div>
   <div class='ocr_carea' id='block_1_98' title="bbox 559 5060 2151 5138">
    <p class='ocr_par' dir='ltr' id='par_1_98' title="bbox 559 5060 2151 5138">
     <span class='ocr_line' id='line_1_98' title="bbox 559 5060 2151 5138; baseline -0.006 -12"><span class='ocrx_word' id='word_1_716' title='bbox 559 5085 678 5126; x_wconf 90' lang='lat' dir='ltr'><strong>rum</strong></span> <span class='ocrx_word' id='word_1_717' title='bbox 712 5069 899 5138; x_wconf 90' lang='lat' dir='ltr'><strong>torpor</strong></span> <span class='ocrx_word' id='word_1_718' title='bbox 924 5067 1163 5131; x_wconf 90' lang='lat' dir='ltr'><strong>invadat,</strong></span> <span class='ocrx_word' id='word_1_719' title='bbox 1194 5080 1259 5120; x_wconf 91' lang='lat' dir='ltr'><strong>ne</strong></span> <span class='ocrx_word' id='word_1_720' title='bbox 1280 5073 1374 5118; x_wconf 91' lang='lat' dir='ltr'><strong>aut</strong></span> <span class='ocrx_word' id='word_1_721' title='bbox 1402 5062 1751 5119; x_wconf 89' lang='lat' dir='ltr'><strong>incredulitas</strong></span> <span class='ocrx_word' id='word_1_722' title='bbox 1785 5061 1907 5117; x_wconf 90' lang='lat' dir='ltr'><strong>ﬁdei</strong></span> <span class='ocrx_word' id='word_1_723' title='bbox 1936 5060 2151 5116; x_wconf 88' lang='lat' dir='ltr'><strong>inimica</strong></span> 
     </span>
    </p>
   </div>
   <div class='ocr_carea' id='block_1_99' title="bbox 558 5164 2152 5241">
    <p class='ocr_par' dir='ltr' id='par_1_99' title="bbox 558 5164 2152 5241">
     <span class='ocr_line' id='line_1_99' title="bbox 558 5164 2152 5241; baseline -0.006 -14"><span class='ocrx_word' id='word_1_724' title='bbox 558 5171 849 5241; x_wconf 86' lang='lat' dir='ltr'><strong>subripiat,</strong></span> <span class='ocrx_word' id='word_1_725' title='bbox 895 5177 991 5225; x_wconf 90' lang='lat' dir='ltr'><strong>aut</strong></span> <span class='ocrx_word' id='word_1_726' title='bbox 1037 5170 1112 5224; x_wconf 91' lang='lat' dir='ltr'><strong>ira</strong></span> <span class='ocrx_word' id='word_1_727' title='bbox 1145 5166 1381 5233; x_wconf 83' lang='lat' dir='ltr'><strong>differat,</strong></span> <span class='ocrx_word' id='word_1_728' title='bbox 1424 5174 1515 5219; x_wconf 93' lang='lat' dir='ltr'><strong>aut</strong></span> <span class='ocrx_word' id='word_1_729' title='bbox 1542 5164 1807 5235; x_wconf 80' lang='lat' dir='ltr'><strong>cupiditas</strong></span> <span class='ocrx_word' id='word_1_730' title='bbox 1852 5173 2028 5231; x_wconf 84' lang='lat' dir='ltr'><strong>vexet,</strong></span> <span class='ocrx_word' id='word_1_731' title='bbox 2061 5171 2152 5218; x_wconf 90' lang='lat' dir='ltr'><strong>aut</strong></span> 
     </span>
    </p>
   </div>
   <div class='ocr_carea' id='block_1_100' title="bbox 554 5266 2154 5336">
    <p class='ocr_par' dir='ltr' id='par_1_100' title="bbox 554 5266 2154 5336">
     <span class='ocr_line' id='line_1_100' title="bbox 554 5266 2154 5336; baseline -0.008 -7"><span class='ocrx_word' id='word_1_732' title='bbox 554 5274 725 5329; x_wconf 90' lang='lat' dir='ltr'><strong>luctet</strong></span> <span class='ocrx_word' id='word_1_733' title='bbox 773 5269 1020 5327; x_wconf 89' lang='lat' dir='ltr'><strong>ambitio.</strong></span> <span class='ocrx_word' id='word_1_734' title='bbox 1076 5268 1335 5325; x_wconf 88' lang='lat' dir='ltr'><strong>Libenter</strong></span> <span class='ocrx_word' id='word_1_735' title='bbox 1391 5266 1671 5322; x_wconf 91' lang='lat' dir='ltr'><strong>nobiscum</strong></span> <span class='ocrx_word' id='word_1_736' title='bbox 1727 5267 1897 5320; x_wconf 78' lang='lat' dir='ltr'><strong>nostri</strong></span> <span class='ocrx_word' id='word_1_737' title='bbox 1953 5266 2154 5336; x_wconf 84' lang='lat' dir='ltr'><strong>Marty-</strong></span> 
     </span>
    </p>
   </div>
   <div class='ocr_carea' id='block_1_101' title="bbox 549 5366 2150 5437">
    <p class='ocr_par' dir='ltr' id='par_1_101' title="bbox 549 5366 2150 5437">
     <span class='ocr_line' id='line_1_101' title="bbox 549 5366 2150 5437; baseline -0.001 -15"><span class='ocrx_word' id='word_1_738' title='bbox 549 5382 639 5429; x_wconf 87' lang='lat' dir='ltr'><strong>res</strong></span> <span class='ocrx_word' id='word_1_739' title='bbox 688 5373 1080 5436; x_wconf 89' lang='lat' dir='ltr'><strong>versabuntur,</strong></span> <span class='ocrx_word' id='word_1_740' title='bbox 1134 5370 1180 5425; x_wconf 91' lang='lat' dir='ltr'><strong>si</strong></span> <span class='ocrx_word' id='word_1_741' title='bbox 1228 5369 1295 5423; x_wconf 91' lang='lat' dir='ltr'><strong>ad</strong></span> <span class='ocrx_word' id='word_1_742' title='bbox 1350 5383 1541 5424; x_wconf 89' lang='lat' dir='ltr'><strong>eorum</strong></span> <span class='ocrx_word' id='word_1_743' title='bbox 1598 5366 1916 5422; x_wconf 88' lang='lat' dir='ltr'><strong>famulatum</strong></span> <span class='ocrx_word' id='word_1_744' title='bbox 1960 5383 2150 5437; x_wconf 88' lang='lat' dir='ltr'><strong>puram</strong></span> 
     </span>
    </p>
   </div>
   <div class='ocr_carea' id='block_1_102' title="bbox 553 5469 2150 5534">
    <p class='ocr_par' dir='ltr' id='par_1_102' title="bbox 553 5469 2150 5534">
     <span class='ocr_line' id='line_1_102' title="bbox 553 5469 2150 5534; baseline -0.007 0"><span class='ocrx_word' id='word_1_745' title='bbox 553 5474 942 5534; x_wconf 86' lang='lat' dir='ltr'><strong>conscientiam</strong></span> <span class='ocrx_word' id='word_1_746' title='bbox 988 5472 1317 5529; x_wconf 90' lang='lat' dir='ltr'><strong>deferamus.</strong></span> <span class='ocrx_word' id='word_1_747' title='bbox 1373 5469 1432 5526; x_wconf 92' lang='lat' dir='ltr'><strong>Si</strong></span> <span class='ocrx_word' id='word_1_748' title='bbox 1481 5471 1567 5524; x_wconf 90' lang='lat' dir='ltr'><strong>eui</strong></span> <span class='ocrx_word' id='word_1_749' title='bbox 1616 5469 1757 5524; x_wconf 90' lang='lat' dir='ltr'><strong>forte</strong></span> <span class='ocrx_word' id='word_1_750' title='bbox 1800 5469 1937 5524; x_wconf 89' lang='lat' dir='ltr'><strong>dura</strong></span> <span class='ocrx_word' id='word_1_751' title='bbox 1982 5479 2037 5525; x_wconf 94' lang='lat' dir='ltr'><strong>et</strong></span> <span class='ocrx_word' id='word_1_752' title='bbox 2072 5471 2150 5524; x_wconf 84' lang='lat' dir='ltr'><strong>in-</strong></span> 
     </span>
    </p>
   </div>
   <div class='ocr_carea' id='block_1_103' title="bbox 553 5570 2150 5640">
    <p class='ocr_par' dir='ltr' id='par_1_103' title="bbox 553 5570 2150 5640">
     <span class='ocr_line' id='line_1_103' title="bbox 553 5570 2150 5640; baseline -0.009 -1"><span class='ocrx_word' id='word_1_753' title='bbox 553 5580 860 5639; x_wconf 88' lang='lat' dir='ltr'><strong>eluctabilis</strong></span> <span class='ocrx_word' id='word_1_754' title='bbox 883 5577 1097 5632; x_wconf 88' lang='lat' dir='ltr'><strong>videtur</strong></span> <span class='ocrx_word' id='word_1_755' title='bbox 1158 5574 1259 5629; x_wconf 85' lang='lat' dir='ltr'><strong>ista</strong></span> <span class='ocrx_word' id='word_1_756' title='bbox 1302 5572 1529 5637; x_wconf 91' lang='lat' dir='ltr'><strong>militia,</strong></span> <span class='ocrx_word' id='word_1_757' title='bbox 1593 5588 1700 5626; x_wconf 93' lang='lat' dir='ltr'><strong>non</strong></span> <span class='ocrx_word' id='word_1_758' title='bbox 1754 5570 1975 5640; x_wconf 83' lang='lat' dir='ltr'><strong>abjiciat</strong></span> <span class='ocrx_word' id='word_1_759' title='bbox 2024 5570 2150 5625; x_wconf 86' lang='lat' dir='ltr'><strong>has-</strong></span> 
     </span>
    </p>
   </div>
   <div class='ocr_carea' id='block_1_104' title="bbox 555 5676 2150 5753">
    <p class='ocr_par' dir='ltr' id='par_1_104' title="bbox 555 5676 2150 5753">
     <span class='ocr_line' id='line_1_104' title="bbox 555 5676 2150 5753; baseline -0.007 -13"><span class='ocrx_word' id='word_1_760' title='bbox 555 5697 689 5753; x_wconf 86' lang='lat' dir='ltr'><strong>tam,</strong></span> <span class='ocrx_word' id='word_1_761' title='bbox 736 5691 1025 5752; x_wconf 79' lang='lat' dir='ltr'><strong>antequam</strong></span> <span class='ocrx_word' id='word_1_762' title='bbox 1074 5676 1362 5733; x_wconf 87' lang='lat' dir='ltr'><strong>classicum</strong></span> <span class='ocrx_word' id='word_1_763' title='bbox 1386 5686 1593 5746; x_wconf 87' lang='lat' dir='ltr'><strong>crepet,</strong></span> <span class='ocrx_word' id='word_1_764' title='bbox 1627 5690 1726 5732; x_wconf 89' lang='lat' dir='ltr'><strong>nec</strong></span> <span class='ocrx_word' id='word_1_765' title='bbox 1752 5690 1877 5730; x_wconf 91' lang='lat' dir='ltr'><strong>eum</strong></span> <span class='ocrx_word' id='word_1_766' title='bbox 1905 5682 2029 5729; x_wconf 90' lang='lat' dir='ltr'><strong>ante</strong></span> <span class='ocrx_word' id='word_1_767' title='bbox 2050 5691 2150 5745; x_wconf 86' lang='lat' dir='ltr'><strong>pu-</strong></span> 
     </span>
    </p>
   </div>
   <div class='ocr_carea' id='block_1_105' title="bbox 551 5774 2146 5858">
    <p class='ocr_par' dir='ltr' id='par_1_105' title="bbox 551 5774 2146 5858">
     <span class='ocr_line' id='line_1_105' title="bbox 551 5774 2146 5858; baseline -0.005 -20"><span class='ocrx_word' id='word_1_768' title='bbox 551 5799 715 5858; x_wconf 83' lang='lat' dir='ltr'><strong>gnam</strong></span> <span class='ocrx_word' id='word_1_769' title='bbox 768 5782 938 5851; x_wconf 76' lang='lat' dir='ltr'><strong>frigus</strong></span> <span class='ocrx_word' id='word_1_770' title='bbox 969 5779 1167 5836; x_wconf 67' lang='lat' dir='ltr'><strong>tortis</strong></span> <span class='ocrx_word' id='word_1_771' title='bbox 1214 5776 1457 5835; x_wconf 85' lang='lat' dir='ltr'><strong>invadat.</strong></span> <span class='ocrx_word' id='word_1_772' title='bbox 1514 5774 1687 5835; x_wconf 84' lang='lat' dir='ltr'><strong>Nemo</strong></span> <span class='ocrx_word' id='word_1_773' title='bbox 1729 5776 1886 5847; x_wconf 76' lang='lat' dir='ltr'><strong>signa</strong></span> <span class='ocrx_word' id='word_1_774' title='bbox 1929 5776 2146 5833; x_wconf 88' lang='lat' dir='ltr'><strong>deserat</strong></span> 
     </span>
    </p>
   </div>
   <div class='ocr_carea' id='block_1_106' title="bbox 2261 4646 3853 4726">
    <p class='ocr_par' dir='ltr' id='par_1_106' title="bbox 2261 4646 3853 4726">
     <span class='ocr_line' id='line_1_106' title="bbox 2261 4646 3853 4726; baseline 0.011 -26"><span class='ocrx_word' id='word_1_775' title='bbox 2261 4646 2488 4718; x_wconf 86' lang='lat' dir='ltr'><strong>contigit</strong></span> <span class='ocrx_word' id='word_1_776' title='bbox 2526 4649 2802 4715; x_wconf 86' lang='lat' dir='ltr'><strong>cruciari;</strong></span> <span class='ocrx_word' id='word_1_777' title='bbox 2849 4650 2943 4706; x_wconf 93' lang='lat' dir='ltr'><strong>ille</strong></span> <span class='ocrx_word' id='word_1_778' title='bbox 2973 4652 3113 4709; x_wconf 88' lang='lat' dir='ltr'><strong>inter</strong></span> <span class='ocrx_word' id='word_1_779' title='bbox 3163 4670 3359 4711; x_wconf 89' lang='lat' dir='ltr'><strong>manus</strong></span> <span class='ocrx_word' id='word_1_780' title='bbox 3413 4658 3759 4726; x_wconf 90' lang='lat' dir='ltr'><strong>carniﬁcum,</strong></span> <span class='ocrx_word' id='word_1_781' title='bbox 3784 4676 3853 4718; x_wconf 88' lang='lat' dir='ltr'><strong>ne</strong></span> 
     </span>
    </p>
   </div>
   <div class='ocr_carea' id='block_1_107' title="bbox 2260 4753 3848 4826">
    <p class='ocr_par' dir='ltr' id='par_1_107' title="bbox 2260 4753 3848 4826">
     <span class='ocr_line' id='line_1_107' title="bbox 2260 4753 3848 4826; baseline 0.008 -22"><span class='ocrx_word' id='word_1_782' title='bbox 2260 4766 2363 4820; x_wconf 88' lang='lat' dir='ltr'><strong>qua</strong></span> <span class='ocrx_word' id='word_1_783' title='bbox 2396 4766 2551 4805; x_wconf 89' lang='lat' dir='ltr'><strong>mora</strong></span> <span class='ocrx_word' id='word_1_784' title='bbox 2582 4753 2739 4808; x_wconf 86' lang='lat' dir='ltr'><strong>ﬁeret</strong></span> <span class='ocrx_word' id='word_1_785' title='bbox 2770 4756 3084 4825; x_wconf 90' lang='lat' dir='ltr'><strong>properanti</strong></span> <span class='ocrx_word' id='word_1_786' title='bbox 3116 4756 3275 4826; x_wconf 87' lang='lat' dir='ltr'><strong>jussit</strong></span> <span class='ocrx_word' id='word_1_787' title='bbox 3303 4759 3485 4814; x_wconf 90' lang='lat' dir='ltr'><strong>redire</strong></span> <span class='ocrx_word' id='word_1_788' title='bbox 3515 4758 3848 4818; x_wconf 82' lang='lat' dir='ltr'><strong>ﬂuminibus.</strong></span> 
     </span>
    </p>
   </div>
   <div class='ocr_carea' id='block_1_108' title="bbox 2260 4851 3853 4934">
    <p class='ocr_par' dir='ltr' id='par_1_108' title="bbox 2260 4851 3853 4934">
     <span class='ocr_line' id='line_1_108' title="bbox 2260 4851 3853 4934; baseline 0.011 -30"><span class='ocrx_word' id='word_1_789' title='bbox 2260 4851 2355 4907; x_wconf 85' lang='lat' dir='ltr'><strong>Illa</strong></span> <span class='ocrx_word' id='word_1_790' title='bbox 2387 4854 2558 4920; x_wconf 89' lang='lat' dir='ltr'><strong>patris</strong></span> <span class='ocrx_word' id='word_1_791' title='bbox 2598 4853 2869 4926; x_wconf 87' lang='lat' dir='ltr'><strong>lacrymas</strong></span> <span class='ocrx_word' id='word_1_792' title='bbox 2918 4857 3116 4923; x_wconf 88' lang='lat' dir='ltr'><strong>doluit,</strong></span> <span class='ocrx_word' id='word_1_793' title='bbox 3167 4870 3226 4913; x_wconf 92' lang='lat' dir='ltr'><strong>ut</strong></span> <span class='ocrx_word' id='word_1_794' title='bbox 3273 4858 3402 4925; x_wconf 92' lang='lat' dir='ltr'><strong>ﬁlia,</strong></span> <span class='ocrx_word' id='word_1_795' title='bbox 3432 4863 3765 4934; x_wconf 90' lang='lat' dir='ltr'><strong>contempsit</strong></span> <span class='ocrx_word' id='word_1_796' title='bbox 3795 4873 3853 4921; x_wconf 92' lang='lat' dir='ltr'><strong>ut</strong></span> 
     </span>
    </p>
   </div>
   <div class='ocr_carea' id='block_1_109' title="bbox 2259 4950 3853 5024">
    <p class='ocr_par' dir='ltr' id='par_1_109' title="bbox 2259 4950 3853 5024">
     <span class='ocr_line' id='line_1_109' title="bbox 2259 4950 3853 5024; baseline 0.009 -18"><span class='ocrx_word' id='word_1_797' title='bbox 2259 4950 2462 5024; x_wconf 79' lang='lat' dir='ltr'><strong>Martyr</strong></span> <span class='ocrx_word' id='word_1_798' title='bbox 2495 4969 2510 5019; x_wconf 95' lang='lat'><strong>;</strong></span> <span class='ocrx_word' id='word_1_799' title='bbox 2542 4955 2632 5010; x_wconf 92' lang='lat' dir='ltr'><strong>illa</strong></span> <span class='ocrx_word' id='word_1_800' title='bbox 2686 4956 2991 5013; x_wconf 89' lang='lat' dir='ltr'><strong>irritatioue</strong></span> <span class='ocrx_word' id='word_1_801' title='bbox 3048 4957 3183 5015; x_wconf 91' lang='lat' dir='ltr'><strong>iram</strong></span> <span class='ocrx_word' id='word_1_802' title='bbox 3228 4960 3401 5017; x_wconf 84' lang='lat' dir='ltr'><strong>leonis</strong></span> <span class='ocrx_word' id='word_1_803' title='bbox 3444 4962 3638 5019; x_wconf 88' lang='lat' dir='ltr'><strong>mortis</strong></span> <span class='ocrx_word' id='word_1_804' title='bbox 3692 4966 3853 5021; x_wconf 89' lang='lat' dir='ltr'><strong>avida</strong></span> 
     </span>
    </p>
   </div>
   <div class='ocr_carea' id='block_1_110' title="bbox 2255 5060 3853 5145">
    <p class='ocr_par' dir='ltr' id='par_1_110' title="bbox 2255 5060 3853 5145">
     <span class='ocr_line' id='line_1_110' title="bbox 2255 5060 3853 5145; baseline 0.011 -31"><span class='ocrx_word' id='word_1_805' title='bbox 2255 5060 2586 5129; x_wconf 90' lang='lat' dir='ltr'><strong>concitavit;</strong></span> <span class='ocrx_word' id='word_1_806' title='bbox 2616 5062 2707 5118; x_wconf 90' lang='lat' dir='ltr'><strong>illa</strong></span> <span class='ocrx_word' id='word_1_807' title='bbox 2726 5064 3011 5134; x_wconf 89' lang='lat' dir='ltr'><strong>jejunante</strong></span> <span class='ocrx_word' id='word_1_808' title='bbox 3038 5066 3149 5121; x_wconf 90' lang='lat' dir='ltr'><strong>ﬁlio</strong></span> <span class='ocrx_word' id='word_1_809' title='bbox 3182 5067 3317 5124; x_wconf 86' lang='lat' dir='ltr'><strong>feris</strong></span> <span class='ocrx_word' id='word_1_810' title='bbox 3342 5069 3508 5126; x_wconf 89' lang='lat' dir='ltr'><strong>ubera</strong></span> <span class='ocrx_word' id='word_1_811' title='bbox 3540 5072 3698 5145; x_wconf 86' lang='lat' dir='ltr'><strong>plena</strong></span> <span class='ocrx_word' id='word_1_812' title='bbox 3725 5089 3853 5145; x_wconf 86' lang='lat' dir='ltr'><strong>por-</strong></span> 
     </span>
    </p>
   </div>
   <div class='ocr_carea' id='block_1_111' title="bbox 2258 5161 3851 5244">
    <p class='ocr_par' dir='ltr' id='par_1_111' title="bbox 2258 5161 3851 5244">
     <span class='ocr_line' id='line_1_111' title="bbox 2258 5161 3851 5244; baseline 0.009 -29"><span class='ocrx_word' id='word_1_813' title='bbox 2258 5161 2397 5216; x_wconf 86' lang='lat' dir='ltr'><strong>rexit</strong></span> <span class='ocrx_word' id='word_1_814' title='bbox 2428 5178 2443 5216; x_wconf 93' lang='lat'>:</span> <span class='ocrx_word' id='word_1_815' title='bbox 2470 5162 2555 5217; x_wconf 88' lang='lat' dir='ltr'><strong>illa</strong></span> <span class='ocrx_word' id='word_1_816' title='bbox 2589 5165 2741 5235; x_wconf 76' lang='lat' dir='ltr'><strong>vErgo</strong></span> <span class='ocrx_word' id='word_1_817' title='bbox 2772 5165 2993 5219; x_wconf 89' lang='lat' dir='ltr'><strong>monilia</strong></span> <span class='ocrx_word' id='word_1_818' title='bbox 3027 5168 3358 5225; x_wconf 67' lang='lat' dir='ltr'><strong>aeternitatis</strong></span> <span class='ocrx_word' id='word_1_819' title='bbox 3379 5185 3705 5228; x_wconf 87' lang='lat' dir='ltr'><strong>ornamenta</strong></span> <span class='ocrx_word' id='word_1_820' title='bbox 3730 5188 3851 5244; x_wconf 87' lang='lat' dir='ltr'><strong>per-</strong></span> 
     </span>
    </p>
   </div>
   <div class='ocr_carea' id='block_1_112' title="bbox 2255 5266 3847 5343">
    <p class='ocr_par' dir='ltr' id='par_1_112' title="bbox 2255 5266 3847 5343">
     <span class='ocr_line' id='line_1_112' title="bbox 2255 5266 3847 5343; baseline 0.007 -23"><span class='ocrx_word' id='word_1_821' title='bbox 2255 5266 2464 5321; x_wconf 87' lang='lat' dir='ltr'><strong>cussori</strong></span> <span class='ocrx_word' id='word_1_822' title='bbox 2494 5266 2631 5320; x_wconf 90' lang='lat' dir='ltr'><strong>colla</strong></span> <span class='ocrx_word' id='word_1_823' title='bbox 2652 5266 2904 5337; x_wconf 86' lang='lat' dir='ltr'><strong>subjecit.</strong></span> <span class='ocrx_word' id='word_1_824' title='bbox 2924 5266 3092 5324; x_wconf 85' lang='lat' dir='ltr'><strong>Millia</strong></span> <span class='ocrx_word' id='word_1_825' title='bbox 3114 5281 3262 5339; x_wconf 91' lang='lat' dir='ltr'><strong>sunt,</strong></span> <span class='ocrx_word' id='word_1_826' title='bbox 3295 5273 3601 5329; x_wconf 87' lang='lat' dir='ltr'><strong>charissimi</strong></span> <span class='ocrx_word' id='word_1_827' title='bbox 3631 5274 3847 5343; x_wconf 87' lang='lat' dir='ltr'><strong>fratres,</strong></span> 
     </span>
    </p>
   </div>
   <div class='ocr_carea' id='block_1_113' title="bbox 2258 5367 3849 5441">
    <p class='ocr_par' dir='ltr' id='par_1_113' title="bbox 2258 5367 3849 5441">
     <span class='ocr_line' id='line_1_113' title="bbox 2258 5367 3849 5441; baseline 0.009 -20"><span class='ocrx_word' id='word_1_828' title='bbox 2258 5368 2503 5435; x_wconf 84' lang='lat' dir='ltr'><strong>exempla</strong></span> <span class='ocrx_word' id='word_1_829' title='bbox 2533 5367 2816 5435; x_wconf 90' lang='lat' dir='ltr'><strong>virtutum,</strong></span> <span class='ocrx_word' id='word_1_830' title='bbox 2841 5385 2961 5438; x_wconf 74' lang='lat' dir='ltr'><strong>quae</strong></span> <span class='ocrx_word' id='word_1_831' title='bbox 2992 5371 3182 5441; x_wconf 87' lang='lat' dir='ltr'><strong>pagina</strong></span> <span class='ocrx_word' id='word_1_832' title='bbox 3211 5382 3400 5429; x_wconf 90' lang='lat' dir='ltr'><strong>sancta</strong></span> <span class='ocrx_word' id='word_1_833' title='bbox 3428 5390 3849 5435; x_wconf 90' lang='lat' dir='ltr'><strong>commemorat.</strong></span> 
     </span>
    </p>
   </div>
   <div class='ocr_carea' id='block_1_114' title="bbox 2257 5468 3855 5551">
    <p class='ocr_par' dir='ltr' id='par_1_114' title="bbox 2257 5468 3855 5551">
     <span class='ocr_line' id='line_1_114' title="bbox 2257 5468 3855 5551; baseline -0.001 -26"><span class='ocrx_word' id='word_1_834' title='bbox 2257 5468 2363 5525; x_wconf 86' lang='lat' dir='ltr'><strong>Sed</strong></span> <span class='ocrx_word' id='word_1_835' title='bbox 2396 5484 2497 5525; x_wconf 87' lang='lat' dir='ltr'><strong>nos</strong></span> <span class='ocrx_word' id='word_1_836' title='bbox 2542 5470 2797 5525; x_wconf 88' lang='lat' dir='ltr'><strong>hortandi</strong></span> <span class='ocrx_word' id='word_1_837' title='bbox 2830 5472 3025 5543; x_wconf 89' lang='lat' dir='ltr'><strong>magis,</strong></span> <span class='ocrx_word' id='word_1_838' title='bbox 3066 5489 3228 5544; x_wconf 91' lang='lat' dir='ltr'><strong>quam</strong></span> <span class='ocrx_word' id='word_1_839' title='bbox 3256 5476 3492 5532; x_wconf 87' lang='lat' dir='ltr'><strong>docendi</strong></span> <span class='ocrx_word' id='word_1_840' title='bbox 3519 5470 3855 5551; x_wconf 55' lang='lat' dir='ltr'><strong>gratifmr-</strong></span> 
     </span>
    </p>
   </div>
   <div class='ocr_carea' id='block_1_115' title="bbox 2254 5572 3852 5652">
    <p class='ocr_par' dir='ltr' id='par_1_115' title="bbox 2254 5572 3852 5652">
     <span class='ocr_line' id='line_1_115' title="bbox 2254 5572 3852 5652; baseline 0.008 -25"><span class='ocrx_word' id='word_1_841' title='bbox 2254 5573 2461 5643; x_wconf 87' lang='lat' dir='ltr'><strong>psimus</strong></span> <span class='ocrx_word' id='word_1_842' title='bbox 2492 5588 2660 5643; x_wconf 90' lang='lat' dir='ltr'><strong>pauca</strong></span> <span class='ocrx_word' id='word_1_843' title='bbox 2684 5572 2753 5629; x_wconf 92' lang='lat' dir='ltr'><strong>dc</strong></span> <span class='ocrx_word' id='word_1_844' title='bbox 2782 5574 2987 5629; x_wconf 90' lang='lat' dir='ltr'><strong>multis.</strong></span> <span class='ocrx_word' id='word_1_845' title='bbox 3022 5574 3302 5634; x_wconf 83' lang='lat' dir='ltr'><strong>Fidelibus</strong></span> <span class='ocrx_word' id='word_1_846' title='bbox 3325 5578 3469 5635; x_wconf 92' lang='lat' dir='ltr'><strong>cnim</strong></span> <span class='ocrx_word' id='word_1_847' title='bbox 3500 5597 3670 5652; x_wconf 89' lang='lat' dir='ltr'><strong>pauca</strong></span> <span class='ocrx_word' id='word_1_848' title='bbox 3698 5583 3852 5639; x_wconf 85' lang='lat' dir='ltr'><strong>sufﬁ—</strong></span> 
     </span>
    </p>
   </div>
   <div class='ocr_carea' id='block_1_116' title="bbox 2250 5676 3853 5747">
    <p class='ocr_par' dir='ltr' id='par_1_116' title="bbox 2250 5676 3853 5747">
     <span class='ocr_line' id='line_1_116' title="bbox 2250 5676 3853 5747; baseline 0.007 -18"><span class='ocrx_word' id='word_1_849' title='bbox 2250 5676 2422 5742; x_wconf 90' lang='lat' dir='ltr'><strong>ciunt,</strong></span> <span class='ocrx_word' id='word_1_850' title='bbox 2456 5676 2770 5732; x_wconf 88' lang='lat' dir='ltr'><strong>inﬁdelilms</strong></span> <span class='ocrx_word' id='word_1_851' title='bbox 2799 5676 2965 5731; x_wconf 89' lang='lat' dir='ltr'><strong>multa</strong></span> <span class='ocrx_word' id='word_1_852' title='bbox 3001 5692 3108 5731; x_wconf 94' lang='lat' dir='ltr'><strong>non</strong></span> <span class='ocrx_word' id='word_1_853' title='bbox 3139 5690 3388 5747; x_wconf 89' lang='lat' dir='ltr'><strong>prosunt.</strong></span> <span class='ocrx_word' id='word_1_854' title='bbox 3418 5682 3536 5739; x_wconf 88' lang='lat' dir='ltr'><strong>Non</strong></span> <span class='ocrx_word' id='word_1_855' title='bbox 3561 5696 3692 5741; x_wconf 91' lang='lat' dir='ltr'><strong>sunt</strong></span> <span class='ocrx_word' id='word_1_856' title='bbox 3721 5702 3853 5741; x_wconf 83' lang='lat' dir='ltr'><strong>san-</strong></span> 
     </span>
    </p>
   </div>
   <div class='ocr_carea' id='block_1_117' title="bbox 2244 5775 3851 5862">
    <p class='ocr_par' dir='ltr' id='par_1_117' title="bbox 2244 5775 3851 5862">
     <span class='ocr_line' id='line_1_117' title="bbox 2244 5775 3851 5862; baseline 0.007 -29"><span class='ocrx_word' id='word_1_857' title='bbox 2244 5787 2456 5834; x_wconf 90' lang='lat' dir='ltr'><strong>ctorum</strong></span> <span class='ocrx_word' id='word_1_858' title='bbox 2475 5775 2743 5835; x_wconf 83' lang='lat' dir='ltr'><strong>desideria</strong></span> <span class='ocrx_word' id='word_1_859' title='bbox 2781 5777 3099 5835; x_wconf 70' lang='lat' dir='ltr'><strong>differenda.</strong></span> <span class='ocrx_word' id='word_1_860' title='bbox 3126 5777 3235 5835; x_wconf 88' lang='lat' dir='ltr'><strong>Cur</strong></span> <span class='ocrx_word' id='word_1_861' title='bbox 3265 5787 3589 5841; x_wconf 87' lang='lat' dir='ltr'><strong>moramur?</strong></span> <span class='ocrx_word' id='word_1_862' title='bbox 3622 5785 3851 5862; x_wconf 85' lang='lat' dir='ltr'><strong>Divinis,</strong></span> 
     </span>
    </p>
   </div>
  </div>
