4344 6174
425 268 533 328 857

1333 271 1390 328 S.
1432 269 1889 331 INNOCENTIUS
1928 271 1946 328 l
1990 271 2190 329 PAPA.
2253 261 2805 328 PROLEGOMENA.

3620 269 3729 326 ηε

422 391 607 456 pateat
635 384 758 440 aula
786 384 1116 460 Martyribus
1138 395 1187 453 δ,
1234 386 1533 458 jungantur
1588 389 1862 458 reliquias;
1899 388 2022 461 jun-
2050 395 2103 456 Α
2127 387 2292 443 rietes
2324 387 2376 440 in
2401 387 2618 456 longum
2642 385 2990 451 duximus,et
3021 382 3184 438 hodie
3210 381 3498 450 discimus,
3530 382 3729 452 quibus

418 487 617 548 gantur
645 487 701 533 et
727 481 939 549 gratiae,
973 480 1025 533 in
1049 496 1216 536 unum
1249 483 1597 548 conveniant,
1622 484 1812 554 prima:
1842 501 2020 540 resur-

419 571 687 629 rectionis
730 572 976 628 exordia.
1027 571 1240 628 lnlerea
1281 575 1556 630 confessio
1603 590 1787 630 uoswa
1835 577 2018 631 snhri-

417 667 553 738 piat.
602 665 942 737 Indulgentia
982 667 1270 722 criminum
1325 679 1407 724 est
1462 669 1754 738 gratulatio
1785 679 2022 736 potesta-

416 765 556 813 tum.
597 756 763 812 .llaud
812 756 1107 825 immerito,
1163 759 1472 815 charissimi
1512 759 1732 826 fratres,
1784 762 2019 817 basilica:

413 850 650 922 Spatium
705 851 937 922 cupidus
994 852 1294 908 aediﬁcator
1341 854 1575 923 arripui.
1636 855 2016 926 Appetentiam

413 959 594 1002 meam
646 955 960 1002 sanctorum
993 955 1221 1001 excusat
1250 947 1540 1002 adventus.
1574 947 1680 1017 Ipsi
1711 948 1811 1003 sibi
1840 948 2020 1004 aulam

414 1039 597 1112 parari
636 1039 848 1094 occulta
877 1039 1134 1095 desiderii
1183 1039 1291 1096 mei
1342 1041 1556 1096 ratione
1582 1040 1883 1109 jusserunt.
1928 1040 2019 1096 Sic

410 1144 496 1192 est
525 1132 795 1205 proiecto,
821 1132 902 1190 sic
931 1143 1037 1189 est.
1071 1133 1205 1189 Nam
1255 1133 1608 1190 fundamenta
1635 1135 1895 1204 jecimus,
1924 1149 2020 1204 pa-

486 1284 512 1313 α
541 1272 673 1329 lnde
712 1272 885 1342 liquet
913 1280 1204 1328 tractatum
1235 1275 1397 1327 istum
1440 1282 1731 1342 antequam
1765 1272 2008 1340 reliquia:

409 1344 466 1404 in
498 1345 744 1402 Ecclesia
795 1344 1200 1400 collocarentur
1232 1344 1404 1400 I‘nisse
1443 1346 1717 1416 prolatum
1746 1359 1760 1409 ;
1794 1355 1845 1398 et
1878 1343 2010 1397 :cdi-

2127 480 2311 552 operis
2344 481 2516 534 nostri
2559 479 2834 535 crescebat
2895 476 3150 530 intentio.
3201 477 3320 544 Qua
3349 475 3418 530 de
3445 489 3508 530 re
3536 489 3731 529 omnes

2129 585 2256 630 sunt
2287 590 2453 629 morm
2501 573 2854 644 castigatione
2902 570 3152 641 pulsaue,
3206 569 3341 624 nihil
3397 584 3483 623 me
3515 569 3728 638 pigrum

2131 670 2456 738 tardumque
2479 669 2736 724 deleetat.
2758 666 2918 722 Juvat
2950 663 3201 718 manibus
3231 661 3546 727 volvere-,et
3569 677 3732 729 gran-

2129 763 2217 816 dia
2245 761 2491 817 humeris
2549 775 2678 815 saxa
2729 769 2968 828 portare.
3025 757 3294 813 Sudorem
3351 769 3529 810 meum
3583 754 3736 810 bibat

2130 865 2272 910 terra
2301 872 2315 920 ;
2349 864 2513 926 atque
2541 855 2752 909 utinam
2783 853 3109 923 sanguinem
3140 851 3352 906 biberet
3385 865 3481 919 pro
3503 849 3730 905 nomine

2129 949 2461 1004 Salvatoris!
2495 949 2763 1006 Sudorem
2789 946 3006 1003 interim
3037 945 3190 1000 bibat
3217 953 3359 998 terra
3388 944 3580 998 altaria
3609 958 3734 998 sus-

2127 1052 2377 1110 ceptura.
2405 1042 2461 1097 Si
2495 1057 2598 1097 nos
2630 1041 2820 1096 ﬁdeles
2866 1038 3112 1109 Apostoli
3145 1048 3201 1093 et
3233 1036 3502 1107 Martyres
3553 1033 3730 1091 nostri

2125 1135 2529 1206 perspexerint,
2560 1135 2696 1188 alios
2716 1132 3039 1188 invitabunt.

2119 1271 2298 1326 licium
2333 1270 2571 1353 nondum
2624 1270 2796 1325 fuisse
2841 1267 3146 1322 absolutum
3181 1282 3303 1321 cum
3337 1275 3528 1321 auctor
3573 1265 3724 1320 illum

2117 1351 2544 1398 COIISUIIIIIHIVII.

761 1483 838 1534 De
862 1483 955 1533 hoc
976 1482 1209 1546 Opusculo
1231 1483 1344 1532 vide
1366 1495 1477 1545 quae
1501 1483 1738 1543 leguntur
1763 1482 1813 1531 in
1836 1477 1982 1530 Przet‘.
2003 1479 2062 1529 Τ.
2093 1479 2136 1530 ll
2159 1480 2253 1543 Op.
2278 1480 2332 1530 S.
2356 1480 2625 1539 Ambrosii;
2647 1486 2698 1529 et
2725 1480 2774 1528 in
2798 1478 3009 1529 Mercur.
3036 1477 3206 1528 Gallic.
3238 1475 3376 1536 I757,

1553 1568 1732 1618 Martio
1757 1581 1870 1631 pag.
1897 1565 1994 1618 546
2013 1572 2066 1616 et
2107 1565 2367 1628 Septemb.
2397 1579 2445 1627 p.
2470 1564 2580 1614 916.

1961 1695 3412 1702 --ψ--ψκῂγ
3633 1695 3636 1696 ,
3673 1695 3689 1696 κ

408 1688 2080 1732 =__—-=_—=====—__————_.—-_—"—'=

1659 1824 1826 1869 ANNO
1871 1824 2102 1868 DOMINI
2150 1823 2467 1868 CCCCXVII.

408 1954 2018 2122 PAMMACHIUS

2130 1957 2457 2112 ET
2561 1954 3704 2116 OCEANUS.

1449 2216 1984 2329 ALIQUOT
2045 2212 2664 2300 EPISTOL/E.

521 2383 645 2449 (Has
667 2384 816 2435 adisis
838 2383 1080 2448 Epistolas
1103 2383 1233 2433 inter
1257 2381 1682 2444 Hieronymianas,
1709 2387 1839 2429 tomo
1862 2376 1995 2426 XXII
2023 2383 2200 2427 nostra:
2221 2377 2427 2437 Patrol.,
2455 2378 2548 2426 sub
2568 2380 2790 2429 numeris
2813 2377 3030 2443 XLVIII,
3061 2377 3229 2437 XLIX,
3254 2378 3401 2439 LVII,
3430 2377 3597 2442 LXVI,

1575 2461 1744 2526 LXIX,
1770 2459 2029 2522 LXXXIII,
2053 2459 2311 2523 LXXXIV,
2337 2459 2553 2524 XCVII.)

434 2604 3709 2629 ______________________—_—.——————_—_——_—_———————————

1647 2707 1826 2750 ’ΔΝΝΟ
1869 2705 2104 2750 DOMIN!
2148 2706 2464 2751 CCCCXVII.

716 2855 2067 3018 INNOCENTI‘I

2029 2853 2322 3016 US
2458 2853 2544 3009 Ι
2677 2852 3362 3016 ΡΑΡΑ.

1725 3219 2244 3250 ἡ

1560 3316 2492 3402 PROLEGOMENA.

761 3621 1061 3680 NOTITIIE
1101 3618 1608 3678 ISIOGRAPIIICKE.

476 3817 572 3880 (Ex
597 3816 726 3867 libro
748 3812 1032 3880 pontiﬁcali,
1056 3811 1182 3874 apud
1210 3810 1364 3861 Labb.
1391 3808 1502 3859 coll.
1528 3806 1712 3858 Concil.
1743 3809 1776 3856 t.
1805 3803 1893 3866 ll.)

451 3911 823 3973 Innocentius,
842 3908 1062 3962 natione
1085 3904 1434 3970 Albanensis,
1451 3918 1518 3957 ex
1539 3911 1692 3971 patre
1718 3899 1984 3954 ltmocen-

379 4003 478 4069 tio,
507 4003 652 4058 sedit
677 4002 838 4057 aunis
866 3998 1204 4069 quindecim,
1227 3993 1762 4058 mensibnsduodns,
1794 3991 1988 4047 dit-bus

379 4095 573 4165 viginti
603 4109 729 4148 uno.
766 4093 864 4147 llic
891 4090 1248 4146 constitutum
1282 4088 1411 4142 fecit
1441 4086 1508 4140 de
1536 4085 1686 4138 UIllltl
1717 4084 1983 4150 Ecclesia,

377 4200 433 4246 et
471 4190 540 4247 de
572 4189 775 4261 regulis
817 4186 1302 4250 monasteriorum,
1345 4191 1402 4237 et
1436 4181 1504 4236 de
1551 4179 1778 4245 Judais,
1823 4188 1879 4233 et
1918 4177 1987 4234 de

378 4285 622 4355 paganis.
678 4284 741 4337 Et
791 4281 992 4336 mullos
1033 4277 1408 4348 Cataphrygas
1461 4274 1693 4338 invenit,
1740 4287 1878 4341 quos
1930 4273 1986 4326 in

378 4376 571 4431 exsilio
604 4371 920 4429 monasterii
951 4370 1233 4439 relegavit.
1265 4367 1362 4420 llic
1390 4365 1603 4421 invenit
1633 4363 1912 4432 Pelagium
1932 4371 1987 4416 ct

377 4465 692 4525 leesrium
721 4466 1028 4528 lizereticos,
1059 4487 1067 4514 ι
1093 4461 1408 4518 tdamnavit
1435 4474 1548 4515 eos.
1571 4459 1635 4512 Et
1666 4457 1768 4510 hoc
1784 4455 1989 4511 consti-

380 4561 504 4627 tuit,
538 4562 712 4628 utqui
746 4571 905 4616 natus
951 4558 1116 4614 fuerit
1146 4557 1213 4611 de
1250 4553 1590 4617 Christiana,
1623 4551 1805 4606 denuo
1836 4549 1982 4604 nasci

377 4653 579 4709 debeat
630 4670 726 4724 per
779 4652 1131 4720 baptismum,
1186 4651 1290 4702 hoc
1341 4657 1447 4711 est,
1505 4643 1790 4714 baptizari,
1840 4640 1982 4712 quod

377 4745 633 4817 Pelagius
661 4747 973 4801 damnabat.
996 4743 1199 4798 Eodem
1225 4752 1472 4809 tempore
1498 4737 1774 4792 dedicavit
1803 4734 1983 4789 basili-

374 4855 494 4896 cam
537 4853 848 4896 sanCIornnt
899 4836 1150 4894 Gcrvasii
1195 4846 1248 4890 ct
1299 4831 1526 4888 Prntasii
1573 4847 1640 4885 ex
1691 4827 1983 4884 devotione

375 4938 683 4992 testamenti
713 4935 996 5002 anttsdatn
1028 4930 1261 4986 illustris
1294 4929 1504 4983 femina:
1537 4925 1795 4990 Vestina),
1829 4924 1979 4977 labo-

375 5031 622 5085 rantibus
650 5029 982 5100 presbyteris
1005 5027 1257 5084 Ursicino
1280 5036 1330 5078 cl
1363 5022 1636 5092 Lopardo,
1665 5036 1726 5076 ac
1751 5021 1980 5074 diacono
2008 5000 2054 5061 Ο

376 5121 638 5194 Libyano.
690 5123 820 5189 Qua:
870 5121 1070 5178 Ietnina
1117 5117 1490 5187 suprascripta
1525 5114 1836 5168 testamenti
1888 5128 1978 5183 pa-

374 5215 556 5286 ginam
580 5215 660 5270 sic
674 5215 966 5282 ordinavit,
1002 5228 1053 5268 ut
1075 5213 1300 5269 basilica
1323 5220 1632 5265 sanctorum
1654 5218 1978 5278 martyrum,

375 5320 441 5361 ex
470 5306 811 5362 ornamentis
859 5314 913 5361 et
963 5303 1292 5374 margaritis,
1329 5301 1566 5357 venditis
1600 5300 1766 5370 justis
1796 5298 1981 5353 existi-

375 5399 732 5465 mationibus,
779 5406 1208 5455 construeretnr.
1259 5396 1324 5450 Et
1350 5403 1660 5449 constructa
1697 5402 1780 5446 est
1810 5405 1979 5462 usque

373 5493 439 5546 ad
474 5491 798 5562 perlectum.
839 5489 896 5546 In
941 5507 1047 5560 quo
1077 5491 1196 5546 loco
1243 5489 1590 5544 beatissimus
1631 5485 1980 5540 Innocentius

373 5600 441 5644 ex
495 5588 838 5659 delegatione
902 5588 1128 5643 illustri;
1182 5588 1396 5642 l'eminze
1456 5584 1696 5641 Vestina:
1762 5583 1974 5638 titulum

373 5677 684 5735 Romanum
709 5682 1008 5736 constituit.
1043 5680 1110 5736 Et
1141 5681 1396 5736 ineadem
1425 5678 1588 5732 domo
1611 5676 1807 5732 obtulit
1832 5688 1977 5747 pate-

372 5787 472 5828 nas
518 5783 804 5844 argenteas
850 5773 1009 5838 duas,
1056 5785 1346 5843 pensantes
1388 5771 1630 5845 singulas
1671 5771 1839 5827 libras
1869 5771 1976 5838 20;

785 5869 1062 5929 Ρλτιιοι.
1109 5866 1254 5927 XX.

2015 3621 2064 3680 B
2090 3635 2240 3675 amas
2271 3630 2560 3690 argenteas
2589 3623 2744 3689 duas,
2797 3636 3092 3694 pensantes
3125 3628 3366 3699 singulas
3395 3633 3564 3687 libras
3589 3635 3660 3690 20
3686 3652 3699 3701 ;

2093 3727 2325 3770 coronas
2365 3727 2652 3784 argenteas
2679 3717 2764 3792 12,
2794 3733 3082 3789 pen-antes
3111 3724 3354 3792 singulas
3388 3726 3552 3779 libras
3589 3726 3655 3780 14
3683 3744 3698 3791 ;

2092 3811 2320 3880 pharum
2354 3815 2673 3870 cantharum
2703 3834 2892 3882 unum,
2925 3833 3162 3886 pensans
3206 3819 3375 3872 libras
3405 3818 3476 3870 22
3504 3835 3517 3877 ;
3543 3834 3702 3873 cero-

2091 3913 2262 3959 slrota
2291 3919 2547 3977 argentea
2577 3908 2633 3974 4,
2669 3911 2952 3980 pensantia
2988 3911 3198 3981 singula
3233 3911 3398 3964 libras
3428 3910 3529 3975 25;
3578 3919 3694 3965 tur-

2090 3997 2193 4052 rim
2224 4011 2534 4070 argenteam
2557 4016 2678 4056 cum
2706 4013 2921 4071 patena,
2945 4016 2997 4057 et
3018 4003 3331 4058 columbam
3354 4004 3696 4071 tleauratam,

2091 4100 2407 4159 pensantem
2435 4093 2599 4149 libras
2622 4095 2709 4148 50.
2734 4094 2813 4149 Ad
2837 4107 3088 4150 ornatum
3124 4097 3450 4165 baptisterii,
3476 4113 3696 4152 cervum

2089 4194 2430 4254 argenteum,
2455 4185 2770 4243 fundentem
2793 4204 3011 4260 aquam,
3045 4201 3365 4259 pensantem
3391 4191 3560 4244 libras
3593 4191 3655 4244 l5
3683 4209 3697 4255 ;

2088 4291 2184 4331 Vas
2209 4277 2274 4330 ad
2307 4278 2489 4333 oleum
2521 4280 2836 4335 chrismatis
2871 4291 3216 4352 argenteum,
3248 4298 3484 4352 pensans
3531 4283 3700 4338 libras

2088 4370 2359 4440 quinque;
2403 4387 2502 4425 vas
2532 4373 2680 4428 aliud
2710 4373 2775 4427 ad
2805 4377 2985 4430 olemn
3029 4376 3424 4440 exoreizatnm,
3459 4391 3695 4446 pensans

2089 4462 2258 4518 libras
2282 4465 2556 4536 quinque;
2594 4478 2814 4536 patenas
2841 4468 2978 4523 duas
3010 4469 3075 4522 ad
3105 4468 3363 4534 chrisma,
3400 4483 3695 4540 pensantes

2089 4553 2329 4624 singulas
2378 4555 2547 4613 libras
2593 4568 2744 4624 tres;
2802 4559 3068 4631 scyphum
3117 4573 3434 4631 argenteum
3471 4565 3695 4633 anagly-

2090 4647 2276 4717 plmm,
2329 4662 2650 4719 pensantem
2706 4651 2874 4707 libras
2919 4652 3152 4716 decem;
3200 4652 3463 4723 scyphum
3523 4655 3689 4709 alium

2086 4753 2430 4814 argenteum,
2461 4755 2782 4814 pensantem
2812 4747 2982 4800 libras
3008 4749 3196 4802 decem
3273 4747 3469 4801 calices
3501 4765 3692 4817 argen-

2086 4845 2206 4890 teos
2236 4837 2494 4907 quinque,
2545 4847 2834 4906 pensantes
2882 4839 3048 4892 libras
3080 4848 3229 4902 tres;
3264 4839 3461 4893 calices
3495 4858 3694 4909 ιιι-θρησ-

2088 4937 2202 4982 tcos
2228 4928 2485 4997 baptismi
2519 4945 2747 4985 numero
2770 4941 2908 4995 tres,
2942 4943 3239 5000 pensantes
3267 4933 3512 5000 singulos
3538 4933 3572 4986 Ι.
3614 4935 3649 4987 2
3677 4951 3690 4998 ;

2087 5024 2461 5091 aquamaniles
2506 5036 2818 5092 argenteos,
2856 5035 3151 5093 pensantes
3186 5025 3354 5080 libras
3387 5027 3488 5091 I6;
3523 5026 3692 5095 pltara

2085 5116 2342 5169 Canthara
2376 5130 2514 5170 :rrea
2556 5116 2644 5178 16,
2681 5119 2968 5185 pensantia
3010 5117 3216 5187 singula
3251 5116 3416 5170 libras
3455 5117 3647 5174 decem
3678 5139 3691 5183 ;

2087 5207 2253 5278 pbara
2282 5208 2538 5262 canthara
2585 5225 2725 5263 a’rea
2761 5219 3064 5265 ccrostrola
3110 5213 3160 5264 in
3189 5212 3398 5280 gremio
3447 5213 3692 5269 basilich-

2085 5300 2417 5365 numero‘20,
2453 5303 2733 5370 pensantia
2759 5303 2972 5373 singula
3005 5295 3173 5358 libras
3192 5305 3296 5369 40;
3328 5305 3691 5372 domosjuxta

2084 5393 2359 5450 basilicam
2405 5394 2728 5468 Lihyanam,
2779 5409 3103 5467 praestantes
3165 5399 3373 5452 Solidos
3417 5399 3692 5469 octoginta

2082 5489 2322 5561 quinque
2345 5501 2399 5544 et
2425 5491 2731 5547 tremissem
2760 5507 2774 5556 ;
2803 5491 3054 5546 balneum
3081 5490 3132 5544 in
3158 5491 3351 5546 eodem
3376 5491 3526 5561 juxta
3555 5503 3689 5548 tem-

2083 5584 2230 5653 plmn
2264 5583 2512 5646 Mamuri,
2541 5597 2806 5655 prmstans
2823 5585 3030 5640 solidos
3051 5585 3158 5648 52;
3189 5584 3384 5638 domos
3415 5586 3465 5640 in
3492 5586 3695 5643 clivum

2086 5676 2276 5731 salutis
2308 5677 2595 5738 halneatm,
2633 5686 2960 5746 praestantes
3007 5674 3212 5729 solidos
3243 5688 3457 5746 septem
3491 5686 3546 5733 et
3584 5691 3707 5737 tre-

2089 5773 2308 5830 missem
2335 5789 2348 5835 ;
2381 5771 2784 5840 possessionem
2825 5772 3019 5824 Sarras
3060 5770 3111 5822 in
3140 5767 3378 5830 Clusino
3407 5775 3728 5840 territorio.

3431 5869 3510 5933 15
