4210 6190
553 228 650 288 401

1930 230 2302 293 PRULEGOM
2315 231 2472 292 ENA.

3748 247 3855 304 462

559 349 727 414 pisse,
780 360 842 404 ac
891 347 1094 406 multas
1136 348 1218 406 eis
1253 347 1518 408 ecclesias
1559 346 1832 406 ademisse
1872 345 2150 410 Socrates,
2182 346 2227 408 Α
2259 360 2380 404 rum
2431 344 2783 420 damnatione
2827 349 3131 403 cumulavit
3167 367 3180 404 :
3217 368 3377 416 quem
3431 366 3743 425 propterea,
3805 375 3866 415 ιη

556 438 653 492 lib.
691 453 786 507 vn,
819 453 867 494 c.
901 439 955 505 9,
987 449 1179 496 auctor
1204 452 1308 498 est.
1335 441 1678 514 Singularem
1711 451 1894 500 autem
1923 440 2149 509 gloriam

555 530 787 603 adeptus
828 541 912 590 est
955 534 1228 592 constanti
1262 534 1490 594 Joannis
1536 533 1911 604 ChrySostomi
1963 534 2154 592 deleti--

551 629 732 686 sione.
767 629 918 686 Ilanc
950 629 1148 688 deinde
1187 629 1544 690 Antiocheam
1592 630 1934 700 aliarumque
1962 628 2155 687 Orien-

552 723 741 782 talium
767 724 1124 782 ecclesiarum
1157 725 1610 784 reconciliatione
1647 733 1703 783 et
1747 738 1877 791 pace
1900 738 2010 778 non
2045 738 2156 780 tne-

552 815 814 876 diocriter
844 816 1030 883 auxit;
1064 833 1126 874 ac
1157 827 1436 888 postremo
1467 816 1702 874 solemni
1735 816 2155 886 Pelagianorum

555 908 908 966 damnatione
929 909 1250 968 cumulavit.
1267 909 1419 979 Quod
1435 924 1718 968 eumanuo
1744 907 1873 972 417,
1898 906 2158 968 Januario

554 1011 817 1068 exeunte,
855 1005 1182 1071 pratstitisse
1211 1018 1333 1061 cum
1369 1003 1674 1062 litterarum
1720 1001 1890 1071 ipsius
1923 999 2156 1058 auctori-

557 1105 668 1154 tate
696 1103 935 1166 constet,
959 1113 1190 1168 cumque
1232 1097 1515 1156 Zoziuttttn
1555 1107 1684 1152 ante
1724 1111 1968 1152 mensem
2002 1095 2160 1164 Apriv

556 1189 666 1246 lem
695 1189 942 1260 ejusdem
987 1192 1122 1247 anni
1167 1191 1269 1249 417
1318 1190 1618 1248 Rmmmam
1661 1189 1959 1250 Ecclesiam
1991 1189 2159 1246 admi-

558 1281 822 1341 nistrasse
850 1297 915 1339 ex
947 1281 1107 1352 hujus
1137 1297 1290 1353 papa!
1324 1266 1522 1340 litteris
1554 1298 1658 1341 non
1689 1283 1867 1340 tniuus
1891 1281 2163 1336 indubita-

561 1383 672 1432 tum
704 1375 811 1437 sit;
840 1384 1015 1432 I'Cslal
1047 1385 1106 1434 ut
1143 1375 1444 1434 Innocentii
1477 1392 1626 1434 mors
1655 1389 1800 1432 anno
1843 1375 1950 1434 U7
1980 1374 2163 1429 consi-

559 1465 772 1538 gnanda
797 1465 890 1534 sit,
915 1479 966 1526 et
993 1482 1059 1522 eo
1081 1467 1300 1542 quidem
1336 1467 1650 1533 intervallo,
1673 1467 1816 1538 quod
1843 1467 2162 1524 Januarinm

561 1559 703 1616 inter
733 1569 788 1616 et
818 1559 1066 1630 Aprilem
1112 1575 1354 1618 mensem
1395 1559 1748 1630 interjicitur.
1782 1559 1967 1631 Neque
1998 1559 2165 1630 igitur

564 1650 684 1709 ltzec
713 1652 801 1709 vel
825 1667 949 1709 cum
986 1651 1114 1710 Julii
1143 1651 1214 1712 28
1241 1652 1330 1711 die
1351 1693 1365 1720 ,
1394 1661 1447 1710 ut
1490 1652 1758 1710 Baronius
1789 1653 2002 1722 priscos
2033 1666 2166 1720 pon-

2256 451 2379 492 cum
2412 436 2580 507 Pagio
2635 439 3031 502 concludamus
3057 440 3161 513 (g).
3193 445 3355 513 paulo
3389 457 3508 514 post
3539 448 3677 503 adeo
3704 467 3863 522 egre-

2256 533 2404 602 gium
2440 532 2674 597 facinus,
2705 549 2772 590 ex
2798 552 2904 604 quo
2951 548 3157 590 tantam
3204 540 3444 594 nominis
3477 542 3860 601 celebritatem

2257 635 2585 684 consecutus
2607 638 2693 683 est
2726 637 2784 683 ut
2816 629 2963 684 nulla
2987 631 3036 685 ei
3067 633 3316 687 accessio
3349 635 3399 690 iu
3427 644 3708 703 posterum
3744 639 3860 694 fieri

2261 737 2422 791 posse
2448 723 2728 780 videretur
2749 767 2764 791 ,
2798 727 2944 782 Deus
2971 727 3114 783 cutio
3143 729 3463 794 vindicavit,
3493 747 3557 784 ne
3602 733 3726 802 quid
3751 747 3864 798 post

2261 815 2393 870 illud
2419 815 2646 871 divinum
2675 819 2963 876 immortale
2983 821 3179 888 factum
3213 823 3429 876 mortale
3475 827 3664 893 faceret
3695 843 3707 878 :
3740 843 3863 895 quae

2261 918 2388 964 sunt
2413 910 2579 965 verba
2611 911 2772 966 Plinii
2805 912 2886 983 (It)
2912 914 2980 968 ab
3008 914 3202 968 eodem
3232 913 3402 985 Pugio
3428 930 3711 986 usurpata.
3744 918 3867 973 Cae-

2265 1009 2442 1059 terum
2473 1002 2646 1072 ipsius
2688 1003 2994 1058 Innorentii
3027 1005 3264 1075 elogium
3295 1007 3363 1060 de
3401 1008 3574 1062 sancti
3607 1008 3867 1078 Augusti—

2265 1094 2321 1152 ni
2353 1093 2603 1152 doctrina
2650 1095 2705 1150 in
2755 1096 3076 1165 Ptlagianos
3136 1114 3164 1150 a
3211 1098 3454 1152 sinistris
3496 1101 3873 1157 recentiorum

2266 1187 2818 1256 interpretationibus
2850 1188 3088 1242 vindicat
3121 1189 3476 1244 doetissimus
3513 1189 3759 1245 Norisius
3784 1193 3869 1260 (i).

2337 1280 2391 1330 :2.
2435 1279 2618 1349 Neque
2660 1281 2789 1335 illud
2824 1282 3258 1350 prmtereuudum
3311 1285 3570 1337 memoria
3622 1285 3870 1354 dignum,

2266 1371 2410 1440 quod
2443 1371 2770 1430 Innocentio
2811 1373 3108 1442 contigisse
3137 1373 3301 1430 tradit
3331 1374 3653 1449 Orosius
3687 1395 3699 1430 :
3730 1393 3873 1432 anno

2267 1463 2523 1520 videlicet
2550 1462 2656 1520 409
2685 1480 2714 1519 a
2746 1464 3011 1520 Romanis
3041 1465 3106 1526 ad
3146 1466 3454 1526 Honorium
3484 1470 3874 1538 imperatorem

2269 1557 2494 1613 tnissutn
2539 1557 2708 1614 fuisse
2765 1558 3004 1630 legatum
3057 1576 3334 1620 summum
3387 1563 3710 1626 antistitem,
3766 1580 3876 1634 quo

2271 1666 2459 1720 pacem
2489 1667 2611 1708 cum
2661 1652 2882 1708 Alarico
2930 1656 3339 1712 sancirctzscd
3393 1673 3515 1713 cmn
3568 1659 3768 1728 legatio
3818 1661 3873 1713 in

562 1745 792 1802 tilicales
815 1745 987 1803 libros
1010 1744 1602 1810 secutusexistimavit,
1630 1744 1710 1800 vel
1734 1744 1959 1800 cumdie
1979 1742 2041 1802 2i
2063 1743 2166 1799 De—
2196 1743 2243 1810 Β
2273 1743 2488 1802 irritum
2536 1747 2788 1810 cesserit,
2823 1747 2951 1804 dum
3003 1749 3182 1809 adimo
3231 1751 3507 1806 Ravennae
3539 1763 3727 1822 ageret
3755 1769 3880 1807 san-

562 1839 822 1906 cemhris,
847 1850 899 1898 ιιι
923 1839 1191 1897 Bollando
1215 1855 1280 1896 ex
1312 1839 1711 1898 nonnullorum
1742 1839 2166 1909 martyroiogio-

561 1949 681 1992 rum
709 1931 816 1991 ﬁde
843 1933 1074 2004 placuit.
1105 1933 1364 2003 componi
1396 1942 1595 2003 patest.
1623 1933 1773 1988 illam
1801 1933 1852 1988 in
1884 1931 2067 1988 Martii
2100 1930 2168 1988 12

563 2026 707 2083 dicm
761 2029 1063 2084 convenire
1118 2027 1333 2083 erudite
1379 2025 1630 2084 Norisius
1682 2023 2164 2093 cardinahsillist.

565 2123 746 2194 Pelag.
780 2138 903 2194 pag.
932 2123 996 2177 71
1029 2123 1377 2191 approbavit,
1406 2131 1568 2189 atque
1592 2119 1937 2174 confirmavit
1964 2117 2165 2172 Anton.

565 2217 764 2288 Pagius
791 2216 856 2272 ad
887 2231 1091 2271 annum
1121 2214 1252 2281 417,
1279 2232 1332 2269 n.
1365 2215 1399 2270 5
1428 2223 1481 2270 et
1513 2213 1565 2268 6.
1601 2213 1893 2281 Perspicua
1917 2219 2001 2266 cst
2021 2225 2080 2264 ca
2105 2210 2170 2264 de

565 2325 626 2368 re
674 2309 1194 2383 martyrologiorum
1245 2307 1430 2371 Bedte,
1481 2306 1713 2369 Adonis.
1757 2304 1990 2361 Usuardi
2035 2304 2170 2358 alio-

565 2418 800 2471 rumque
836 2402 1162 2459 auctoritas.
1201 2400 1306 2458 Sed
1366 2399 1500 2456 itiilli
1545 2398 1806 2453 adversus
1847 2395 2064 2452 Barunii
2109 2409 2172 2449 ac

565 2495 817 2552 Bollandi
847 2493 1139 2561 opiniones
1167 2491 1470 2548 desiderari
1503 2490 1817 2546 evidentius
1844 2497 1938 2541 aut
1967 2488 2174 2542 certius

567 2599 749 2661 petest
791 2587 1110 2645 testimonio
1155 2585 1471 2644 Pascltasiui
1511 2584 1723 2641 Lililitl'i
1759 2583 1810 2640 iu
1841 2582 2026 2638 Sicilia
2057 2582 2173 2650 epi-

567 2682 721 2754 scopi
743 2723 759 2747 .
789 2682 882 2755 qui
914 2681 1134 2754 quidem
1163 2679 1228 2735 ad
1270 2678 1512 2736 Leonem
1557 2692 1748 2747 papam
1777 2675 1940 2744 epist.
1973 2675 2006 2729 5
2037 2674 2174 2729 scri-

569 2775 728 2845 bens,
761 2773 1042 2832 Zosimnm
1074 2787 1218 2830 anno
1243 2772 1372 2840 417,
1394 2769 1522 2826 dum
1548 2769 1755 2824 Pascha
1777 2767 2173 2832 celebraretur,

570 2865 832 2924 Romanae
875 2865 1126 2923 ecclesia:
1203 2862 1584 2936 pontiﬁcatum
1661 2859 1908 2932 gessisse
1970 2857 2178 2914 diserte

572 2957 759 3016 docet.

1334 3047 1422 3104 111.

761 3143 857 3208 (Ex
884 3143 1107 3196 Galland.
1133 3141 1369 3194 Biblioth.
1397 3138 1513 3190 νει.
1539 3139 1672 3190 Patr.
1695 3145 1810 3188 tom.
1837 3135 1996 3200 Vill.)

651 3240 704 3296 1.
733 3240 893 3294 Anno
919 3238 1022 3294 401
1055 3245 1314 3301 exeunte,
1352 3233 1644 3291 Anastasio
1695 3231 1952 3289 suffectus
1983 3241 2064 3286 est
2094 3229 2179 3286 Iu-

577 3332 888 3396 nocentius,
918 3329 1216 3403 apostolicae
1249 3327 1514 3384 cathedra:
1559 3335 1607 3384 et
1649 3327 1874 3398 ejusdem
1922 3325 2180 3380 Anastasii

576 3443 841 3480 successor
867 3425 1095 3494 etﬁlius,
1155 3423 1332 3493 inquit
1389 3433 1610 3476 sanctus
1661 3420 2026 3492 Hieronymus
2078 3419 2174 3488 (α).

579 3518 854 3588 Prospero
899 3516 1108 3573 dicitur
1170 3513 1316 3569 Petri
1362 3514 1480 3570 sedc
1533 3513 1867 3582 dignissimus
1916 3511 1992 3584 (b)
2050 3529 2063 3564 :
2117 3526 2181 3566 ac

578 3609 915 3665 Theodorito
939 3610 1066 3678 jure
1096 3608 1405 3680 appellatur
1429 3606 1497 3678 (c)
1528 3609 1654 3684 ἀνὴρ
1684 3608 1927 3681 ἀγχινοίᾳ
1953 3609 2038 3659 καὶ
2058 3627 2178 3660 σνν-

579 3707 686 3761 ἐσει
727 3707 1077 3778 κοσμούμενος
1106 3745 1119 3768 ,
1170 3704 1246 3758 vir
1295 3702 1487 3775 insigni
1529 3701 1742 3756 solertia
1795 3717 1858 3752 ac
1905 3698 2181 3770 prudentia

577 3799 828 3870 prwdittts
844 3813 862 3850 :
881 3798 1018 3852 mira
1037 3804 1165 3852 sunt
1183 3796 1331 3852 enim
1354 3809 1476 3865 qua)
1495 3795 1549 3850 in
1581 3793 1842 3874 Ecclesia:
1858 3792 2182 3848 universalis

575 3878 866 3962 regimine,
900 3891 1016 3944 sive
1049 3905 1146 3959 pro
1191 3889 1316 3944 fidei
1362 3887 1648 3942 catholicae
1674 3885 2016 3950 defensione,
2065 3886 2182 3941 sive

580 4002 681 4055 pro
725 3984 1104 4042 ecclesiastica
1154 3983 1444 4052 disciplina
1494 3979 1868 4045 restituenda,
1927 3980 2042 4034 sive
2083 3994 2182 4048 pro

581 4079 949 4134 Ecciesiarum
972 4077 1179 4131 unitate
1198 4074 1723 4138 servanda,strenue
1741 4087 1803 4126 ac
1819 4070 2183 4139 viriliterges-

581 4173 672 4226 sit.
697 4170 962 4226 Praeclara
979 4169 1096 4239 ejus
1108 4176 1257 4238 gesta
1274 4181 1388 4238 pra:
1405 4164 1622 4222 ctctcris
1648 4163 1838 4223 solerti
1869 4163 2049 4218 studio
2089 4175 2184 4230 pro

585 4279 738 4319 more
767 4262 1046 4318 contexuit
1077 4258 1584 4330 Tillemontiusw).
1611 4258 1832 4312 Eavero
1873 4256 2182 4310 summatim

585 4356 664 4410 sic
691 4357 859 4410 refert
885 4352 1695 4424 Contantius(e);Innocentium
1731 4349 1984 4420 persequi
2013 4349 2187 4408 Nova-

588 4446 766 4503 tianos
797 4447 1032 4517 primum
1061 4445 1320 4516 coepisse,
1352 4458 1413 4501 ac
1451 4443 1652 4500 multas
1681 4442 1761 4498 eis
1795 4439 2070 4498 Ecclesias
2093 4438 2185 4498 ad—

2271 1846 2393 1893 ctus
2443 1838 2704 1907 pontifex,
2754 1839 2907 1900 illurn
2956 1841 3260 1898 Gothorum
3316 1860 3496 1914 regem
3554 1846 3878 1915 insequente

2271 1947 2414 1990 anno
2442 1931 2550 1990 410
2575 1932 2806 1990 Romam
2854 1936 3138 1992 obsedisso
3161 1952 3392 2008 eamque
3425 1939 3594 1994 fuisse
3633 1941 3878 2009 depopu-

2273 2025 2460 2082 latum.
2490 2025 2604 2094 Qua
2637 2025 2706 2082 de
2738 2042 2796 2082 re
2823 2027 2898 2082 ita
2929 2028 3180 2083 laudatus
3221 2031 3452 2084 Orosius
3486 2048 3498 2083 :
3529 2032 3731 2088 Accidit
3754 2049 3878 2100 quo-

2272 2134 2391 2188 que.
2423 2117 2519 2182 ait,
2565 2135 2668 2189 quo
2714 2120 2879 2189 magis
2923 2121 3016 2175 illa
3062 2120 3216 2176 Urbis
3263 2123 3486 2190 irruptio
3529 2123 3883 2193 indignatione

2274 2210 2372 2267 Dei
2397 2223 2532 2275 acta.
2557 2231 2712 2283 quam
2737 2215 2896 2269 hostis
2918 2215 3245 2286 fortitudine,
3270 2217 3592 2288 probaretur,
3622 2229 3676 2271 ut
3706 2219 3881 2273 beatus

2277 2305 2612 2363 Innocentius
2664 2307 2912 2364 Romana!
2959 2308 3208 2364 Ecclesia:
3253 2312 3520 2384 episcopus
3550 2356 3563 2378 ,
3620 2323 3882 2382 tamquam

2265 2402 2442 2470 justus
2481 2399 2580 2454 Lat
2629 2401 2919 2456 subtractus
2944 2419 2974 2455 η
3003 2402 3270 2469 Sodomis,
3305 2407 3505 2456 occulta
3556 2407 3876 2475 prouidentia

2275 2490 2375 2546 Dei
2403 2493 2546 2563 apud
2589 2492 2887 2549 Ravennam
2930 2504 3052 2549 tunc
3103 2496 3321 2563 positus.
3370 2504 3653 2565 peccatoris
3704 2497 3884 2570 νομική

2278 2601 2378 2640 non
2407 2585 2600 2639 videret
2619 2585 2900 2641 excidium.
2932 2586 3108 2641 Porro
3135 2587 3204 2643 de
3239 2587 3428 2642 eadem
3456 2587 3618 2643 Urbis
3640 2589 3886 2642 obsidio-

2279 2692 2349 2732 ne
2392 2693 2558 2747 agens
2588 2677 2842 2736 Zositnus
2870 2678 3310 2734 Christianorum
3356 2679 3532 2735 hostis
3579 2681 3888 2734 inl'cnsissi'

2279 2787 2422 2831 tntis.
2459 2782 2644 2826 narrat
2671 2771 2746 2844 (lt)
2777 2773 3091 2836 permisisse
3124 2771 3498 2828 Innocentium
3541 2785 3599 2830 ut
3624 2777 3881 2845 gentiles,

2283 2863 2604 2923 imminente
2631 2864 2742 2934 jam
2777 2863 2966 2920 Romae
2990 2864 3234 2929 Alarico,
3270 2881 3365 2933 per
3417 2878 3727 2934 nuncupata
3783 2867 3892 2922 diis

2279 2955 2396 3012 suis
2427 2964 2550 3012 vota
2609 2955 2900 3014 barbarqu
2958 2956 3171 3012 hostem
3233 2957 3536 3026 abigurent.
3587 2958 3794 3013 Verum
3825 2960 3879 3014 in

2281 3047 2590 3106 Romanum
2618 3047 2931 3116 pontificem
2965 3065 2993 3102 a
3031 3049 3246 3105 Zosituo
3281 3049 3486 3104 illatam
3531 3053 3884 3117 calumniam,

2201 3127 2246 3186 (δ
2281 3160 2349 3200 ex
2381 3145 2690 3202 Sozomeno
2723 3144 2791 3216 (Ι)
2818 3145 3026 3200 refellit
3075 3162 3304 3216 magnus
3339 3148 3606 3204 Batonius
3660 3150 3780 3220 (in).
3814 3149 3892 3204 De

2284 3246 2534 3308 tempore
2563 3251 2744 3294 autem
2778 3237 2939 3308 hujus
2966 3223 3382 3295 Innuceiuianm
3415 3244 3702 3311 legationis
3740 3245 3890 3312 plura

2283 3330 2495 3389 erudito
2524 3331 2815 3388 observata
2849 3333 3036 3387 videas
3065 3334 3206 3403 apud
3245 3333 3576 3390 Ballerinios
3609 3337 3707 3402 tu).

2353 3424 2406 3478 5.
2454 3423 2610 3492 Quod
2641 3435 2916 3492 superest,
2949 3425 3305 3481 innocentius
3338 3428 3586 3497 pontifex
3617 3429 3890 3484 damnatis

2286 3515 2594 3585 Pelagianis
2619 3532 2761 3571 anno
2788 3516 2892 3570 417
2923 3532 3163 3574 exeunte
3193 3519 3486 3585 Januario,
3527 3530 3581 3572 ut
3615 3539 3677 3575 ex
3718 3524 3892 3592 ipsius

2283 3607 2636 3682 epistolarum
2690 3610 3016 3666 auctoritate
3060 3613 3469 3677 comprobatur,
3525 3628 3646 3668 mox
3698 3615 3888 3666 eodem

2283 3713 2427 3753 anno
2459 3713 2508 3752 tv
2535 3698 2655 3752 Idus
2683 3700 2862 3756 Martii
2893 3703 2958 3756 ad
2987 3717 3222 3769 supr-ros
3247 3715 3530 3757 evocatur.
3557 3703 3680 3757 liies
3705 3719 3889 3758 θιιιυΓο

2285 3793 2448 3848 tualis
2478 3808 2542 3846 ex
2575 3792 3090 3863 rnartyrologiomm
3121 3795 3307 3861 Bothe,
3354 3797 3587 3866 Adonis,
3648 3797 3887 3853 Usuardi

2284 3889 2625 3955 aliorumque
2673 3887 2777 3942 fide
2824 3889 3124 3942 statuitur:
3165 3891 3368 3944 mensis
3421 3906 3552 3945 vero
3606 3901 3661 3946 ct
3713 3908 3819 3946 ann
3885 3908 3912 3947 s

2285 3993 2440 4036 extra
2491 3982 2922 4035 controversiam
2960 3984 3178 4050 ponitur
3213 3983 3527 4038 testimonio
3573 3984 3889 4040 Paschasini

2286 4075 2498 4130 Lihbtei
2522 4077 2573 4130 in
2596 4075 2782 4132 Sicilia
2813 4076 3076 4145 cpiscotii,
3109 4077 3307 4130 Zosimi
3337 4093 3489 4148 papa:
3516 4080 3604 4146 qui
3628 4082 3891 4134 successit

2285 4170 2628 4240 Innocentio,
2661 4169 2937 4239 quondam
2971 4170 3205 4226 clientis.
3241 4171 3290 4226 Is
3339 4174 3486 4226 enim
3540 4173 3684 4227 hunc
3717 4175 3890 4242 ipsum

2289 4261 2603 4333 pontilicem
2621 4262 2831 4316 sedisse
2846 4279 2990 4316 anno
3003 4265 3106 4317 417
3123 4272 3364 4334 tempore
3381 4265 3672 4333 paschalis,
3691 4267 3897 4321 diserte

2286 4354 2447 4413 doCt-t
2479 4355 2529 4409 in
2560 4354 2790 4422 cpistola
2811 4371 2969 4424 quant
2991 4357 3216 4426 scripsit
3245 4357 3310 4415 ad
3343 4358 3602 4412 Sanctum
3630 4359 3892 4422 Leonem,

2291 4448 2370 4505 sic
2392 4449 2647 4518 inquiens
2663 4458 2718 4502 οε
2743 4448 2992 4520 Tempore
3007 4451 3549 4506 beatwrecordotionis
3563 4454 3760 4507 domini
3774 4458 3896 4522 mei,

590 4541 815 4604 eruisse,
849 4539 1107 4595 Socrates
1135 4547 1330 4593 auctor
1377 4547 1459 4590 est
1491 4537 1580 4605 (Γ).
1619 4535 1964 4604 Siogularem
2006 4544 2186 4588 autent
2217 4511 2267 4570 Ῑ)
2299 4541 2688 4610 prcedecessoris
2716 4543 3036 4610 apostolatus
3059 4545 3212 4596 vestri
3237 4543 3458 4610 Zosimi,
3485 4563 3621 4599 anno
3653 4549 3895 4602 consula-

590 4634 823 4705 gloriam
837 4632 1065 4701 adeptus
1079 4629 1690 4686 cstconstantiJoatmis
1705 4628 2080 4698 Chrysostomi
2097 4628 2192 4683 de-

588 4725 861 4781 fensione.
889 4725 1041 4782 Ilanc
1055 4723 1252 4782 deinde
1284 4722 1638 4780 Antiocheam
1654 4722 1994 4792 aliarumque
2009 4723 2187 4780 orien-

593 4821 780 4876 talium
851 4819 1220 4878 Ecclesiarum
1295 4817 1747 4874 reconciliatione
1791 4827 1840 4870 ct
1902 4830 2034 4885 pace
2081 4831 2187 4870 non

593 4913 952 4972 mediocriter
973 4913 1158 4980 auxit;
1189 4927 1252 4969 ac
1289 4920 1565 4982 postremo
1607 4909 1843 4967 solemni
1873 4909 2194 4980 Pelagiano-

668 5099 750 5170 (a)
781 5100 1028 5164 llieron.,
1058 5096 1378 5170 epist._l.’iO
1404 5095 1470 5152 ad
1502 5095 1767 5170 Demetrg
1795 5091 1824 5164 ᾗ
1856 5091 1944 5148 16.

668 5164 743 5244 (bi
771 5172 988 5244 Pro5p.,
1020 5164 1196 5244 contr.
1221 5167 1422 5244 Collat.
1449 5167 1628 5237 cap.5,

669 5235 742 5310 (ci
771 5235 1004 5309 'l‘heod.,
1030 5241 1169 5296 Hist.
1196 5240 1329 5295 ccci.
1369 5240 1460 5293 lib.
1500 5235 1681 5310 £9:th
1704 5235 1798 5290 24.

690 5306 749 5385 d)
779 5306 999 5370 Tillem.
1028 5315 1187 5385 Mum.
1213 5311 1348 5385 eccl.
1383 5319 1514 5385 tom_.
1546 5308 1772 5385 X,_pag.
1806 5306 2122 5385 62_7_,_seqq.

690 5315 749 5385 ό)
779 5315 996 5370 Tilletn.
1028 5315 1187 5367 Mem.
1213 5315 1348 5367 eccl.
1383 5319 1514 5364 ιοηι.
1549 5315 1614 5376 x,
1651 5323 1772 5376 pag.
1806 5315 1936 5368 ϐίη,
1967 5320 1999 5359 ς

666 5315 741 5458 ie)
772 5387 1066 5458 Coutant..r
1089 5384 1259 5450 Epist.
1283 5383 1445 5458 lium.
1477 5380 1698 5438 Pontill'.
1725 5394 1846 5458 pag.
1874 5378 1999 5434 757.

724 5453 736 5522 1
767 5460 1003 5515 Socml”
1034 5457 1173 5510 Hist.
1205 5455 1342 5508 eccl.
1374 5453 1466 5507 lii).
1503 5468 1595 5517 vlt,
1629 5467 1749 5522 Cap,
1783 5457 1839 5508 9.

724 5474 736 5522 )
767 5460 1003 5515 Socr-at”
1034 5459 1173 5510 llist.
1205 5459 1342 5508 eccl.
1374 5459 1466 5507 lib.

667 5459 746 5602 1111
773 5527 952 5602 ﬂigi”
975 5528 1042 5602 ad
1071 5543 1198 5580 ann.
1221 5527 1349 5602 4L7,
1442 5523 1498 5578 4.

671 5593 750 5672 lit)
777 5593 944 5672 Plin.,
975 5599 1242 5672 Panegyr.
1269 5593 1490 5672 Trajan.
1511 5609 1634 5667 cap.
1663 5593 1748 5672 10ἐ

670 5664 741 5744 (ἰ)’
765 5671 972 5744 Noris.,
1029 5664 1243 5730 Vinii-lc.
1303 5668 1530 5740 August.
1563 5664 1686 5734 cap.
1721 5665 1775 5735 6,
1825 5681 1951 5736 opp.
1988 5674 2120 5722 tum.
2159 5664 2201 5730 I,

599 5743 868 5814 p.’IlS7.

2299 4643 2379 4687 tus
2417 4631 2638 4687 Honorii
2692 4635 2898 4703 angusti
2951 4651 2998 4688 ιι
3031 4647 3077 4688 ει
3119 4635 3406 4690 Constantii
3455 4655 3512 4704 ιι,
3574 4649 3690 4693 tunc
3741 4643 3893 4708 enim,

2299 4743 2414 4780 cum
2443 4727 2808 4793 declinaretnr,
2842 4744 2905 4780 ne
2933 4726 3129 4780 decimo
3158 4727 3421 4782 It'alendas
3455 4729 3586 4782 Maii
3615 4733 3721 4786 dies
3774 4752 3898 4806 pos-

2300 4819 2410 4874 cha.’
2461 4829 2741 4883 teneretur,
2794 4819 3104 4874 celebratum
3157 4831 3229 4875 est
3272 4832 3449 4876 octavo
3500 4824 3583 4878 die
3634 4826 3896 4882 Kalendas

2301 4913 2513 4982 Aprilis.
2558 4911 2945 4982 Ilttjttscemodi
2972 4923 3151 4968 autem
3204 4917 3896 4985 notationemchronicam,

2373 5091 2442 5164 (j)
2471 5092 2653 5164 Drus..
2682 5091 2888 5164 Ilistor.
2920 5093 3015 5149 lib.
3041 5110 3133 5158 vn,
3168 5111 3290 5164 cap.
3335 5099 3427 5155 59.

2378 5163 2451 5232 (It)
2494 5162 2722 5244 Ζίρζίιιιη
2778 5163 2917 5218 Hist.
2977 5182 3101 5218 nov.
3160 5162 3253 5223 lii).
3305 5185 3359 5236 ν,
3415 5189 3534 5243 pag.
3570 5176 3698 5244 556,
3757 5178 3889 5234 edit.

2303 5235 2476 5288 Oxon.
2508 5234 2663 5288 1670.

2379 5306 2465 5384 (1).
2487 5307 2728 5384 S_or.om.,
2756 5306 2892 5384 Ilisl.
2924 5308 3060 5384 ccci.
3085 5309 3186 5384 lib.
3223 5327 3298 5377 Ix,
3329 5304 3452 5384 cap.
3487 5316 3540 5370 6.

2377 5377 2474 5452 (ut)
2496 5378 2727 5452 _Barou.,
2752 5379 2819 5452 ad
2845 5396 2972 5433 anu.
3003 5379 3127 5437 409.
3154 5381 3182 5452 §
3217 5385 3268 5436 7.

2377 5448 2460 5521 (η)
2493 5450 2808 5517 B.tller.,ad
2862 5468 2992 5522 opp.
3042 5448 3222 5509 Neris.
3258 5470 3390 5512 tom.
3440 5473 3512 5521 tv,
3569 5475 3721 5531 pagg.
3771 5463 3901 5532 85I,

2309 5537 2462 5589 seqq.

2383 5592 2767 5675 (o)_Pa_schas.,
2802 5596 2959 5665 epist.
2989 5597 3131 5656 inter
3157 5597 3380 5654 Leoniu.
3408 5598 3461 5662 ὅ,
3496 5599 3602 5671 59,
3629 5618 3750 5675 pag.
3778 5606 3905 5673 610,

2311 5663 2444 5722 edit.
2472 5664 2665 5726 Baller.
