4210 6190
498 335 606 388 465

1703 332 2062 389 ΕΡΙδἸὈΙλέΕ
2107 333 2197 388 E'I"
2238 333 2580 391 DECRETA.

3690 335 3802 396 166

502 451 708 506 donare
738 452 990 522 dignatus
1017 461 1131 516 est,
1169 452 1480 508 ordinatum
1515 468 1601 508 tne
1639 455 1690 507 in
1732 453 1854 523 ejus
1884 451 2095 519 locum,
2129 455 2178 516 Α
2207 452 2302 507 sed
2330 463 2384 525 et
2412 463 2691 522 postquam
2724 455 3004 509 Victricius
3032 455 3201 512 Roma
3225 457 3582 525 Rotomagum
3607 456 3800 512 rediis-

505 546 673 599 t'rater
694 544 1031 610 charissime,
1048 561 1147 616 par
1173 545 1276 600 fuit
1297 549 1774 616 recognoscere“.
1804 555 1854 599 te
1869 560 2102 613 cognos-

505 637 692 711 cere);
728 640 1102 709 pritnitiasque
1145 655 1296 694 ineas
1327 640 1548 694 nonnisi
1587 641 1706 693 viro
1731 649 1756 676 ει
1786 638 1998 708 optimo
2024 648 2105 692 at-

504 748 609 804 que
639 735 692 787 in
729 733 839 786 Deo
870 748 1088 800 semper
1117 734 1353 789 ﬁdeliter
1383 735 1652 788 laboranti
1685 733 1944 788 celeriter
1969 749 2106 786 nun-

505 827 641 881 tiare
687 824 784 896 (V.
819 827 970 897 epist.
1008 827 1045 880 2
1077 826 1287 881 Nicolm’
1327 826 1388 897 ι).
1443 827 1543 882 Cui
1589 828 1755 882 etiam
1797 827 2104 883 anteriores

503 920 635 975 tanti
666 934 728 974 ac
747 919 885 974 tales
907 921 1007 974 viri
1034 920 1472 989 pravdecessores
1503 921 1611 975 mei
1631 921 1897 990 episcopi,
1923 921 1973 974 id
1995 931 2100 987 est,

502 1025 707 1070 sancta:
739 1017 1020 1070 memoriae
1053 1016 1337 1074 Damasus.
1362 1013 1593 1070 Siricins
1611 1023 1772 1086 atque
1797 1030 1962 1084 supra
1992 1029 2107 1068 nie—

503 1119 748 1163 moratus
780 1106 862 1162 vir
893 1107 967 1161 ita
999 1106 1354 1174 detulerunt,
1387 1117 1448 1161 ut
1478 1110 1692 1173 omnia,
1727 1124 1848 1179 quae
1890 1110 1942 1162 in
1992 1107 2104 1162 illis

504 1203 754 1273 partibus
810 1216 1158 1273 gererentur,
1224 1204 1503 1256 sanctitati
1571 1211 1710 1265 tute,
1769 1218 1892 1271 qua}
1944 1201 2104 1271 plena

497 1299 724 1370 justitiie
753 1308 858 1364 est,
894 1297 1180 1354 traderent
1207 1298 1622 1368 cognoscenda;
1664 1313 1842 1353 meam
1881 1313 2104 1368 quoque

505 1389 826 1462 parvitatem
851 1391 954 1445 hoc
984 1403 1170 1446 tenere
1190 1390 1484 1460 judicium,
1513 1391 1878 1460 eamdemque
1903 1389 2107 1446 habere

503 1484 861 1551 voluntatem,
895 1493 948 1538 le
978 1483 1142 1538 decet
1173 1500 1592 1554 tceognoscere.
1618 1483 1808 1556 Neque
1836 1484 1980 1538 enim
2025 1483 2106 1539 fas

506 1584 646 1642 erat,
679 1587 734 1629 iit
763 1586 860 1630 aut
887 1590 988 1646 ego
1019 1587 1209 1630 contra
1244 1585 1519 1630 tantorum
1567 1576 1832 1631 bonorum
1860 1579 2103 1631 virorum

497 1667 767 1737 judicium
797 1669 986 1722 venire
1017 1676 1307 1733 tentarem,
1332 1683 1563 1738 quorum
1595 1668 1646 1722 in
1675 1669 1851 1722 locum
1877 1683 2104 1723 succes-

503 1761 640 1814 sisse
686 1758 997 1824 dignoscor,
1031 1768 1126 1812 attt
1175 1768 1266 1812 tuo
1313 1759 1534 1822 merito,
1567 1759 1653 1814 cui
1700 1759 1950 1829 pra-clari
1999 1760 2102 1815 viri

505 1862 706 1909 tantam
745 1852 974 1922 gratiam
1021 1852 1360 1907 auctoritatis
1392 1852 1623 1920 hujusce
1671 1853 1974 1908 eontulisse
2018 1853 2100 1906 vi-
2137 1845 2184 1903 B

501 1945 718 2012 (lentur,
759 1943 964 2015 aliquid
1009 1946 1263 2014 derogari
1299 1945 1602 2000 videretur.
1653 1944 1773 1999 Prte
1803 1962 1888 1998 ine
1919 1945 2102 2011 itaque

501 2035 638 2102 fero,
667 2045 726 2090 ut
752 2036 857 2091 hoc
892 2036 1068 2106 ipsum
1099 2037 1265 2091 etiam
1301 2051 1435 2091 meae
1469 2037 1722 2105 parvitati
1755 2047 2102 2091 reseivatum

503 2146 892 2202 recognoscam
916 2173 930 2196 ,
962 2141 1018 2184 ut
1049 2131 1167 2202 pari
1187 2131 1396 2201 judicio
1418 2131 1697 2198 similique
1720 2130 1893 2185 forma
1925 2139 1981 2184 et
2007 2129 2103 2186 bo-

501 2227 588 2282 nis
615 2226 843 2297 adaeque
868 2234 923 2280 et
969 2236 1074 2280 tua:
1120 2224 1373 2280 ebaritati
1425 2224 1477 2279 id
1518 2225 1752 2279 tribuam
1800 2223 1949 2294 quod
1981 2240 2098 2279 me-

500 2321 665 2377 reris.

629 2420 942 2477 MONITUM
979 2419 1044 2475 IN
1085 2419 1476 2476 EPISTOLAM
1516 2421 1966 2489 SEQUENTEM.

571 2517 622 2569 I.
677 2514 951 2568 Veritatem
976 2517 1087 2585 ejus
1110 2513 1319 2567 duliiani
1346 2529 1444 2566 non
1480 2515 1698 2583 faciunt,
1727 2530 1841 2579 qua:
1868 2515 1920 2566 in
1948 2529 2008 2566 ca
2033 2532 2098 2567 ea:

503 2587 692 2642 Siricio
721 2585 976 2652 descripta
999 2593 1141 2638 sunt.
1167 2614 1239 2624 —-
1264 2587 1336 2637 lix
1385 2585 1620 2655 cpistola
1650 2587 1684 2639 4
1717 2585 1897 2639 Siricii
1933 2587 2096 2638 multa

500 2661 552 2713 in
587 2658 688 2712 liae
734 2657 1142 2711 describuntur.
1192 2656 1416 2715 Verum,
1466 2670 1526 2710 ut
1577 2656 1892 2711 observavit
1933 2655 2098 2709 Titie-

501 2733 763 2794 manlius,
798 2729 849 2782 id
881 2729 1104 2782 minime
1136 2725 1330 2780 iniruin
1364 2728 1536 2781 videri
1569 2728 1754 2791 debet,
1785 2742 1905 2781 cum
1935 2725 2097 2780 Iuno-

499 2799 712 2854 centius
758 2816 786 2852 a
831 2799 1092 2855 V’ictricio
1147 2810 1367 2866 rogatus
1407 2811 1464 2853 ut
1494 2800 1711 2868 regulas
1751 2801 1803 2852 in
1848 2797 2092 2852 Ecclesia

502 2873 740 2925 Ilomaua
774 2873 976 2924 servari
1007 2870 1198 2925 solitas
1225 2871 1327 2925 sibi
1352 2873 1612 2931 traderet.
1639 2869 1688 2923 id
1719 2869 1929 2923 felicius
1959 2886 2098 2937 pra--

498 2956 664 3008 stare,
687 2956 847 3006 quam
877 2943 1229 2997 decessurum
1252 2945 1472 2995 decreta
1496 2940 1879 3004 exscribendo,
1914 2941 2095 3010 nequi-

497 3015 659 3070 verit.
695 3014 830 3068 IIinc
875 3013 1056 3080 itaque
1107 3013 1252 3066 nulla
1301 3013 1532 3068 habetur
1563 3015 1756 3067 idonea
1788 3015 1947 3078 ratio,
1995 3027 2094 3066 cur

497 3095 589 3140 aut
640 3085 895 3148 pra'dicta
949 3085 1180 3153 epistola
1227 3085 1444 3150 Siricio,
1481 3095 1575 3139 attt
1621 3084 1736 3138 ha-c
1778 3084 2094 3138 Innocentio

497 3159 806 3226 abrogetur.
837 3156 1023 3226 Neque
1054 3155 1257 3211 leviora
1301 3168 1425 3211 sunt
1469 3166 1768 3217 momenta,
1793 3172 1913 3225 qua:
1955 3157 2094 3208 banc

2209 532 2312 598 set,
2348 524 2461 578 haec
2490 527 2725 598 epistola
2744 528 2941 594 scripta
2971 530 3058 580 sit.
3092 529 3270 598 Atqui,
3305 524 3495 594 inquit.
3531 527 3800 584 Honorius

2209 593 2502 663 imperator
2527 593 2671 650 anno
2698 593 2974 652 dumtaxat
3003 599 3131 663 405,
3167 593 3352 654 tiiense
3379 593 3656 654 Decembri
3688 601 3801 653 Ito-

2207 681 2348 719 main
2382 683 2482 721 ven
2508 677 2547 730 t,
2599 684 2697 724 nec
2745 686 2810 724 eo
2840 683 3017 736 antea,
3053 684 3107 724 ut
3137 686 3200 725 ev
3235 671 3513 723 Claudiani
3550 682 3802 737 poemate

2209 738 2496 804 Colligitur,
2526 750 2748 794 venerat
2781 760 2794 794 :
2824 741 3111 794 \‘tctricius
3143 750 3323 795 autem
3354 750 3461 794 tam
3491 757 3688 809 exiguo
3715 745 3800 797 itt-

2211 809 2457 880 tervallo,
2488 810 2628 878 quod
2657 811 2726 863 ab
2755 813 3098 880 imperatoris
3127 815 3178 866 in
3231 814 3416 866 urbem
3455 814 3690 866 adventu
3732 813 3802 868 ad

2210 879 2278 934 15
2309 878 2580 935 Februarii
2613 882 2752 934 diem
2776 878 2900 936 anni
2929 882 3033 936 404
3065 895 3324 948 exeiirrit,
3355 883 3520 937 Ruina
3547 882 3802 938 llotoma-

2208 965 2333 1020 gum
2386 952 2606 1013 redre,
2667 968 2826 1020 a:qne
2881 956 3001 1006 imle
3058 955 3259 1009 litteras
3307 955 3371 1007 ad
3430 954 3800 1010 lnnocentnm

2209 1021 2458 1086 mittere,
2513 1024 2582 1076 ita
2613 1036 2667 1076 ut
2704 1025 2752 1077 ei
2783 1033 2906 1078 ante
2945 1024 3316 1087 reddi-rentur,
3349 1042 3455 1079 non
3488 1025 3673 1078 valuit.
3712 1027 3796 1082 Ex

2208 1109 2316 1161 quo
2349 1096 2550 1148 litteras
2583 1095 2700 1149 illas
2729 1111 2834 1149 non
2871 1095 3105 1149 lienorio
3153 1106 3379 1166 angusto
3407 1097 3652 1161 consule,
3701 1098 3798 1152 sed

2209 1175 2330 1233 post
2359 1167 2692 1220 consulatum
2734 1167 2953 1220 Ilenorii
3000 1169 3231 1236 augusti,
3267 1167 3368 1222 Iioc
3393 1179 3476 1222 est
3502 1183 3643 1221 anno
3665 1169 3796 1233 405.

2211 1251 2314 1287 non
2361 1236 2490 1297 404.
2537 1239 2691 1290 datas
2736 1253 2858 1291 esse
2911 1240 3202 1292 Concludit.
3253 1239 3357 1294 Sed
3403 1240 3447 1292 si
3477 1240 3546 1292 ιι)
3576 1238 3796 1306 factum,

2208 1309 2362 1373 cujus
2393 1308 2536 1361 nulla
2573 1308 2798 1362 babetur
2825 1310 3009 1362 notitia
3041 1318 3206 1371 certa,
3245 1320 3321 1362 tot
3351 1319 3404 1362 et
3432 1317 3538 1362 tant
3569 1312 3798 1365 divetsis

2211 1387 2424 1452 tamque
2467 1381 2700 1449 antiquis
2740 1381 2912 1452 titulis
2959 1379 3118 1434 ﬁdem
3146 1396 3342 1452 negare
3371 1381 3559 1445 liceat,
3589 1383 3716 1451 quid
3745 1384 3800 1436 in

2211 1446 2432 1502 ItiStoria
2485 1446 2790 1504 erit'certi?
2835 1452 2965 1504 Esto
3014 1446 3519 1519 igilurfllonorius
3567 1446 3798 1508 eieunte

2209 1535 2351 1572 anno
2377 1521 2486 1575 405
2506 1520 2729 1574 Romam
2760 1523 2988 1585 venerit,
3018 1533 3178 1591 atque
3205 1524 3257 1576 in
3299 1523 3435 1577 urbe
3481 1531 3607 1577 tunc
3655 1534 3794 1577 lent-

2209 1592 2356 1660 poris
2399 1593 2666 1645 exstiterit
2721 1592 3007 1646 Victricius
3042 1612 3053 1646 :
3092 1604 3149 1647 ttt
3190 1594 3440 1649 eumdem
3480 1594 3795 1663 episeoiium

2211 1663 2380 1731 prius,
2399 1679 2556 1732 quam
2577 1663 2670 1716 lias
2691 1664 2986 1718 Iunoientii
3011 1664 3218 1718 litteras
3236 1670 3525 1734 acciperet,
3550 1664 3798 1719 Rotoma-

2208 1749 2332 1805 {tllllt
2363 1734 2588 1789 rediisse
2620 1734 2779 1789 simul
2804 1736 3183 1798 assentiamus,
3211 1735 3338 1805 qttid
3368 1735 3549 1802 cogit?
3578 1735 3794 1790 Nullum

2215 1803 2555 1859 Innocentius
2605 1806 2839 1858 \‘ictricii
2889 1807 3106 1860 nomine
3154 1803 3309 1861 ad‘se
3341 1808 3587 1873 misum,
3623 1807 3797 1862 nullas

2211 1874 2355 1929 illius
2402 1876 2611 1948 litteras
2654 1878 2752 1930 sibi
2791 1877 3026 1930 redditas
3057 1889 3340 1932 memorat.
3371 1877 3594 1943 Verum,
3624 1879 3800 1948 inquit

2209 1950 2292 2016 vir
2340 1947 2603 2012 eruditus,
2652 1949 2877 2001 verbum
2931 1949 3065 2012 misi,
3121 1965 3226 2016 quo
3274 1952 3325 2002 in
3373 1951 3599 2003 exordio
3633 1947 3803 2004 ntiur

2207 2015 2574 2084 Innocentius,
2624 2018 2901 2072 absentem
2953 2015 3149 2072 innuit.
3197 2021 3267 2072 At
3295 2022 3338 2073 si
3367 2019 3803 2086 absentetn,non

2206 2099 2356 2143 certe
2406 2089 2758 2159 Rotomagnin
2807 2105 3105 2148 revers'im.
3159 2107 3263 2144 non
3310 2090 3482 2144 Roma
3524 2105 3801 2161 egressum

2206 2171 2385 2214 SOnat.
2412 2163 2547 2227 Quid
2572 2166 2714 2215 enim
2741 2161 2986 2230 prohibet
3009 2162 3294 2230 quominus
3322 2160 3607 2217 Victi-icins
3628 2160 3798 2216 Roma

2204 2232 2577 2304 asbeessnrus.
2604 2232 2730 2286 dum
2758 2235 2875 2304 vale
2894 2231 3209 2286 Innocentio
3235 2233 3458 2297 diceret,
3491 2233 3796 2304 regularum

2204 2303 2696 2357 ecclesiasticarum
2742 2303 2931 2357 librum
2970 2305 3036 2357 ab
3065 2319 3132 2357 eo
3181 2306 3483 2372 postularit,
3539 2303 3703 2371 atque
3752 2304 3799 2358 is

2204 2373 2270 2426 ad
2299 2390 2518 2428 manum
2543 2388 2650 2427 tum
2681 2391 2786 2428 itoit
2817 2373 3023 2446 habens
3050 2375 3264 2440 librum,
3298 2377 3444 2446 illum
3481 2391 3644 2446 quam
3688 2377 3800 2446 pri-

2204 2460 2350 2497 mum
2403 2447 2742 2505 cem-innari,
2799 2458 2852 2498 et
2905 2445 3158 2500 Victi-icio
3203 2456 3329 2501 ante
3374 2445 3517 2501 illius
3559 2462 3623 2501 ex
3669 2445 3799 2501 urbe

2203 2514 2503 2589 discissum
2530 2517 2664 2570 tradi
2695 2517 2916 2589 curarit.
2951 2517 3136 2589 Neque
3161 2533 3290 2571 vero
3320 2534 3455 2589 opus
3482 2527 3564 2572 est
3587 2531 3646 2572 ut
3674 2533 3797 2586 pro-

2202 2587 2288 2638 cul
2319 2601 2347 2639 a
2382 2587 2534 2641 nobis
2566 2589 2694 2651 sint,
2744 2588 2809 2640 :td
2841 2603 2977 2656 quos
3021 2588 3224 2654 aliquid
3283 2587 3499 2644 mittere
3545 2589 3794 2644 dicimur.

2201 2657 2453 2730 Quotidie
2493 2659 2592 2712 sibi
2636 2669 2820 2712 intttuo
2870 2659 3087 2712 mittunt
3126 2661 3303 2724 amici,
3346 2661 3510 2715 etiam
3553 2660 3795 2730 ejusdem

2203 2727 2352 2781 urbis
2384 2730 2652 2783 inmitibus
2677 2731 2940 2795 contenti,
2973 2733 3312 2794 munuscula,
3339 2733 3531 2797 libros,
3559 2727 3790 2796 litteras,

2201 2808 2305 2851 etc.
2337 2799 2608 2874 Cujusrci
2639 2807 2888 2869 exemplo
2907 2801 3016 2854 sint
3040 2801 3304 2858 Damasus
3327 2817 3378 2858 et
3404 2803 3795 2874 Hieronymus,

2199 2884 2358 2937 supra
2392 2885 2443 2938 p.
2474 2871 2579 2926 579
2608 2882 2662 2926 et
2684 2887 2833 2940 seqq.

2300 2981 2313 2993 .
2368 2941 2691 3003 Ri'aulnrum
2736 2943 2864 2996 liber
2917 2944 3235 3010 appellatur.
3263 2945 3626 3014 Capitulornm
3656 2945 3792 2999 ditii-

2199 3015 2297 3066 sio.
2326 3043 2397 3052 -—
2423 3014 2593 3068 Porro
2633 3026 2967 3067 memoratus
3005 3015 3318 3083 regularum
3349 3018 3485 3072 liber
3515 3034 3622 3071 noti
3653 3017 3797 3071 alius

2200 3085 2601 3157 existimandus
2629 3089 2847 3140 videtur
2873 3086 2940 3138 ab
2968 3085 3067 3138 liae
3098 3087 3211 3155 ipsa
3245 3089 3496 3157 epistola,
3533 3099 3717 3156 utpote
3744 3088 3798 3141 in

2201 3171 2305 3224 qua
2356 3156 2707 3212 Innocenui's
2759 3172 2922 3220 pauCa
2965 3157 3244 3226 pra'l'atus,
3281 3156 3443 3228 plura
3491 3159 3796 3227 disciplinae

499 3223 839 3300 Innocentio,
864 3223 1027 3295 quam
1060 3229 1280 3282 luerunt
1318 3245 1437 3297 qua:
1482 3230 1625 3283 illam
1658 3223 1855 3284 Siricio
1881 3227 2095 3296 adjudi-
2125 3223 2171 3284 C
2202 3223 2465 3300 (apitula,
2515 3229 2714 3297 quibus
2757 3223 3018 3282 Ecclesiie
3065 3223 3317 3299 regendae
3357 3233 3490 3292 sint,
3534 3223 3794 3300 explicat.

496 3309 644 3354 eant.
677 3299 722 3354 A
745 3301 978 3354 concilio
1004 3301 1305 3353 'I'uronensi
1340 3317 1397 3365 ll,
1429 3318 1478 3354 c.
1505 3301 1596 3360 20,
1642 3315 1670 3352 a
1719 3300 2014 3354 Cresconio
2043 3301 2094 3354 in

497 3371 735 3426 bre\iar.
769 3387 892 3425 can.
928 3371 1152 3440 passim,
1186 3385 1214 3422 a
1249 3370 1513 3426 Zacliaria
1557 3387 1690 3440 papa
1741 3371 1882 3434 apud
1928 3370 2092 3425 Sirm.

501 3454 573 3496 lo.
611 3440 633 3496 Ι
692 3443 904 3498 Concil.
949 3442 1092 3498 Gall.
1137 3448 1300 3510 epist.
1347 3447 1398 3499 9.
1433 3459 1484 3497 c.
1519 3444 1583 3497 Μ
1617 3454 1667 3495 et
1705 3442 1796 3506 20,
1827 3447 1926 3493 sub
1958 3442 2097 3496 ilius

499 3512 720 3568 nomine
749 3515 1018 3567 laudatur.
1069 3512 1336 3568 Prii-terea
1381 3529 1410 3568 e
1453 3515 1735 3568 veteribus
1760 3513 2096 3566 collectioni-

497 3584 619 3646 bus,
649 3602 783 3654 quas
815 3587 955 3640 bene
983 3585 1186 3639 multas
1216 3586 1653 3655 recogitet-imus,
1689 3586 1739 3637 in
1774 3584 1918 3636 nulla
1949 3585 2095 3638 desi-

497 3657 745 3724 deratur,
807 3660 857 3710 in
918 3657 1064 3710 nulla
1135 3671 1241 3710 neti
1304 3656 1594 3712 exhilii-tur
1648 3656 1966 3709 Innocentio
2013 3655 2098 3708 iii-

498 3726 720 3796 seripta.
757 3728 906 3782 Hanc
955 3729 1054 3794 ipsi
1096 3727 1411 3782 adscribunt
1451 3731 1730 3795 exemplar
1759 3726 2095 3780 Corlieiense

497 3797 678 3861 Vigilii
729 3814 878 3868 papa:
921 3800 1263 3867 temporibus
1311 3802 1669 3866 descriptum,
1715 3796 2092 3850 Colbertinum

497 3872 813 3936 majnsculis
864 3871 1057 3924 litteris
1109 3869 1538 3940 Langobardicis
1579 3879 1886 3931 csaratnm,
1939 3882 2095 3922 vetus

495 3955 765 3998 concitum
794 3941 977 3996 (loich
1008 3958 1036 3994 a
1086 3943 1386 4006 ους-μηνιιο
1415 3948 1695 4010 vulgatus,
1746 3940 2094 4004 Dionysiana:

495 4016 832 4069 collectionis
873 4013 1270 4083 IIadrianteque
1302 4013 1671 4081 exemplaria,
1715 4026 1926 4064 necnon
1974 4012 2092 4066 col-

496 4085 660 4138 lectio
701 4085 958 4154 Ilispana,
990 4083 1311 4151 Lidoruana,
1346 4096 1399 4138 et
1424 4087 1543 4137 aliae.
1578 4084 1784 4148 plures.

569 4157 624 4210 2.
657 4157 722 4209 In
751 4153 944 4210 annum
990 4157 1099 4210 405
1134 4158 1465 4229 i'ejicienditm
1513 4172 1612 4208 non
1655 4172 1782 4208 esse.
1817 4153 1974 4229 —-Aln
2007 4153 2093 4229 his

494 4229 745 4282 omnibus
769 4225 1284 4296 Culleolionibus'tsi
1326 4230 1708 4295 Dionysianam
1741 4225 2008 4293 excipias.
2040 4227 2091 4278 iii

493 4303 879 4366 qttaoniittitur
909 4309 1031 4352 iiota
1069 4300 1404 4367 Consularis)
1453 4300 1590 4352 idem
1619 4300 1843 4350 omnino
1866 4307 1947 4349 est
1978 4299 2092 4363 epio

495 4373 650 4424 Stulte
683 4374 824 4426 linis,
855 4387 917 4423 ac
938 4386 1152 4423 summo
1180 4386 1452 4424 consensu
1484 4369 1835 4438 coiisignaiur
1863 4367 2093 4420 Honorio

495 4458 613 4511 ang.
648 4457 700 4495 Vi
723 4453 766 4494 et
793 4442 1078 4495 Aristeneto
1099 4458 1267 4496 conss.
1293 4444 1426 4494 IIinc
1455 4443 1633 4494 nullus
1661 4441 1986 4511 relinquitur
2015 4440 2095 4491 lo-

496 4509 592 4565 cus
619 4515 814 4567 eruditi
839 4515 940 4566 viri
973 4532 1052 4567 eo:
1077 4515 1325 4581 jectura',
1359 4529 1464 4582 qua
1497 4513 1621 4565 Itnic
1648 4509 1944 4565 Innocentii
1977 4512 2094 4578 epi-

2207 3299 2336 3352 Hzttc
2374 3309 2555 3352 autem
2590 3301 2822 3368 Capitula
2863 3301 3140 3367 plerisque
3170 3302 3220 3353 Ill
3265 3318 3396 3357 ltiss.
3433 3299 3650 3356 tatnetii
3687 3316 3794 3356 non

2205 3371 2560 3433 inmunibus,
2589 3370 2886 3438 pt':l:llIISSIS
2916 3371 3086 3424 titulis
3104 3375 3418 3427 summatim
3444 3374 3794 3429 exhibentur.

2201 3440 2308 3496 Sed
2365 3458 2539 3510 neque
2597 3443 2649 3496 in
2702 3443 2809 3495 illis
2868 3443 2984 3496 lia-c
3037 3447 3397 3510 capitulorum
3458 3446 3654 3499 divisio
3699 3459 3797 3498 seu

2201 3528 2548 3585 sumntaitna
2599 3525 2652 3567 et
2701 3514 2908 3585 eadem
2936 3525 3042 3576 est,
3087 3531 3273 3569 verum
3321 3531 3418 3585 pro
3459 3532 3671 3578 eorum,
3705 3518 3796 3581 qui

2203 3583 2510 3656 νωιῑίίὶνῇιῖ
2539 3587 2800 3652 epistolas
2830 3584 3167 3654 COIIt'geIIIIII
3188 3627 3202 3649 ,
3234 3583 3452 3656 ingenio
3483 3599 3541 3642 et
3570 3586 3797 3640 arbitrio

2202 3654 2441 3727 diversa.
2474 3653 2705 3708 Ca'tt-ris
2736 3669 2914 3708 autem
2947 3653 3182 3719 ainpltnt'
3209 3653 3409 3716 es't'ea.
3441 3674 3602 3727 quam
3633 3656 3798 3711 (Zodi-

2201 3728 2280 3778 cis
2323 3741 2351 3777 a
2396 3726 2694 3789 Ouesnello
2721 3727 2921 3794 vulgati
2965 3727 3222 3780 exhibent
3257 3726 3615 3793 exemplaria.
3644 3729 3795 3792 Quo—

2201 3800 2351 3849 circa
2377 3813 2535 3848 nnant
2561 3796 2708 3849 illam
2741 3797 2826 3849 liie
2859 3809 3258 3862 repraesentare
3281 3801 3415 3853 satis
3443 3800 3791 3862 liabi-retnus,

2202 3869 2304 3919 nisi
2338 3868 2386 3920 ci
2425 3873 2649 3920 alteratn
2691 3884 2755 3920 ex
2791 3867 3032 3938 Dionysii
3078 3869 3268 3936 Exigui
3309 3870 3672 3934 Collectinne,
3706 3871 3795 3923 cui

2202 3948 2258 3992 et
2301 3940 2557 4005 lli~pana,
2591 3939 2734 3992 unde
2771 3939 3042 4006 deseripta
3084 3951 3170 3992 est
3202 3941 3532 4007 l~idoriana,
3567 3955 3705 4009 pene
3735 3940 3791 3994 in

2200 4010 2456 4064 omnbus
2497 4012 2758 4068 concinit.
2811 4009 3051 4077 adjicere
3100 4026 3284 4078 Opera:
3343 4027 3574 4079 pretium
3621 4019 3789 4066 esset.

2201 4084 2334 4133 tium
2368 4084 2512 4134 enim
2547 4081 2876 4134 Cresconius
2913 4082 3116 4148 aliique
3153 4098 3422 4138 canonum
3463 4083 3793 4137 eollectores

2199 4151 2571 4206 Romanorum
2604 4152 2917 4220 pontiﬁcum
2943 4155 3159 4206 decreta
3183 4157 3480 4209 Secundum
3509 4157 3791 4208 titulorum

2201 4225 2529 4278 tIiVisiOtIcltt
2563 4240 2591 4277 a
2635 4225 2890 4294 Dionysio
2930 4237 3313 4278 concutuatani
3353 4228 3525 4280 citare
3555 4225 3788 4291 soleant,

2203 4308 2255 4348 ut
2279 4311 2466 4349 eorum
2490 4299 2900 4366 comperiantur
2922 4297 3235 4358 Cilttltutit's,
3264 4311 3542 4366 praenosse
3567 4309 3792 4351 necesse

2199 4377 2285 4419 est
2327 4384 2446 4433 qua:
2499 4367 2583 4419 illa
2635 4370 2704 4419 sit
2747 4365 2963 4420 divisio.
3010 4368 3172 4436 Atqui
3217 4365 3505 4438 Dionysius
3551 4368 3792 4436 Exiguus

2200 4453 2396 4491 novent
2431 4452 2494 4491 ac
2523 4439 2709 4506 viginti
2736 4437 2908 4491 titulis
2938 4437 3554 4508 eoinptebcnditomnia
3578 4455 3698 4508 qua:
3723 4453 3793 4492 ex

2200 4511 2521 4562 Innocentio
2555 4509 2778 4577 collegit
2818 4509 3064 4575 decreta,
3101 4514 3240 4564 inter
3279 4529 3400 4581 qua:
3445 4512 3676 4578 primum
3713 4511 3792 4581 lo-

497 4587 655 4638 stolie
681 4593 862 4639 notant
889 4584 1032 4638 illam
1057 4579 1402 4664 consularem
1434 4587 1501 4664 ab
1524 4583 1628 4636 alio
1651 4583 1918 4664 atljettatn
1946 4597 2088 4644 es~e,
2121 4604 2169 4664 ι)
2199 4597 2321 4664 etim
2353 4583 2565 4664 obtinet
2595 4581 2754 4662 liuius
2800 4595 2949 4664 papa:
2981 4585 3062 4664 ,τω
3108 4579 3424 4664 Decentium
3457 4583 3686 4664 epistola
3719 4579 3790 4662 ti-

495 4669 584 4708 aut
609 4668 760 4710 certe
786 4667 897 4726 post
923 4658 1244 4708 consulatum
1268 4654 1646 4718 llonorii,etc.,
1669 4655 1951 4720 legendum
1969 4668 2090 4708 esse

494 4739 822 4796 sit-picalttr.
867 4728 936 4782 Ut
962 4727 1104 4780 enini
1147 4728 1196 4779 ei
1239 4729 1537 4795 largiamur
1566 4741 1727 4778 voces
1760 4735 1869 4794 post
1907 4741 2090 4777 consu-

493 4799 674 4864 latum,
728 4814 848 4867 quze
891 4800 1080 4867 primis
1117 4799 1317 4851 litteris
1346 4796 1411 4850 Ρ.
1443 4797 1505 4852 C.
1531 4797 1599 4850 ab
1643 4796 1757 4850 attli
1781 4798 1966 4860 ,uariis
1997 4813 2092 4849 cx-

495 4870 649 4936 priint
683 4873 882 4931 solent,
918 4869 1175 4925 excidere
1203 4868 1362 4923 facile
1403 4873 1677 4938 pmnism;
1707 4884 1774 4922 eo
1802 4884 1932 4920 sane
1959 4883 2088 4922 casu

494 4940 546 4993 iit
577 4941 756 5005 aliquo
782 4942 970 4995 saltem
1000 4953 1180 4994 vetere
1207 4940 1392 4996 codice
1433 4938 1654 4992 Honorii
1692 4949 1737 4992 et
1776 4938 2083 5004 Aristeneti,

493 5026 601 5064 non
630 5011 865 5066 Honorio
892 5023 936 5064 et
965 5013 1280 5070 Aristeneto.
1335 5013 1520 5064 luisset
1563 5019 1851 5074 retentum,
1893 5024 1991 5062 nec
2031 5010 2083 5063 iit

492 5083 606 5136 ullo
646 5086 959 5139 vocabuluttt
1003 5101 1167 5138 conss.
1204 5083 1325 5137 addi
1367 5083 1660 5136 debuisset.
1705 5081 1887 5146 Neque
1917 5082 2086 5149 magis

491 5155 820 5224 conjectura:
859 5156 1002 5209 illius
1041 5156 1341 5209 concedere
1380 5170 1653 5223 cogemur,
1685 5153 1729 5206 si
1755 5153 1879 5221 quid
1909 5168 2086 5206 causa:

493 5227 562 5279 sit
593 5244 690 5281 cur
715 5228 998 5295 epistolam
1025 5226 1164 5280 banc
1201 5241 1345 5279 anno
1375 5226 1502 5290 405,
1553 5226 1733 5294 potius
1775 5239 1934 5293 quam
1979 5224 2088 5277 MM

496 5298 748 5367 si-riplant
795 5309 964 5367 putet,
1010 5298 1395 5366 expendamus.
1448 5295 1651 5365 Nempe
1684 5296 1805 5349 nnis
1845 5304 2092 5348 movetur

495 5366 644 5423 num.
677 5371 712 5425 5
739 5366 938 5435 verbis,
973 5369 1165 5439 quibus
1193 5378 1582 5422 commemorat
1611 5366 2091 5439 Iitnoceiitinsqnze

495 5442 780 5495 curialium
808 5437 1004 5502 causa;
1025 5441 1351 5506 imperatore
1400 5447 1687 5507 prasente,
1720 5446 1775 5490 et
1801 5437 2088 5500 Victricin,

496 5524 680 5565 secutn
717 5515 893 5582 posito
920 5510 1220 5582 pertulerit.
1260 5509 1411 5582 Unde
1452 5520 1504 5563 et
1535 5509 1683 5578 sequi
1712 5509 2004 5572 existimat,
2036 5518 2093 5562 ut

497 5597 604 5637 non
631 5585 794 5638 modo
821 5594 1103 5653 postquam
1143 5581 1197 5636 in
1249 5581 1435 5636 urbem
1489 5581 1727 5635 veniSSet
1777 5582 2089 5648 imperator,

571 5730 597 5758 ⁸
617 5721 763 5778 Idem
794 5719 1028 5791 Anysitis
1049 5734 1075 5770 τι
1107 5718 1424 5791 Palladioin
1451 5715 1668 5791 dialogo
1691 5714 1757 5768 de
1780 5713 1896 5766 Vita
1917 5713 2093 5786 Cbry-

499 5797 752 5858 sostomi,
789 5788 910 5862 cap.
946 5792 1002 5855 3,
1031 5791 1209 5860 optimi
1252 5790 1505 5862 settisrroi}
1532 5788 2096 5862 naloyripoufttcotnio

503 5856 753 5920 donatur}
783 5856 935 5918 lbi'ct
961 5856 1294 5919 memoratur
1315 5860 1531 5928 Eulysio
1554 5856 1809 5926 Apameae
1833 5856 2095 5928 Ilithynia:

2199 4655 2329 4706 tulis
2355 4662 2481 4705 octo
2509 4653 2785 4704 distineta.
2816 4651 2950 4702 'I‘tini
2979 4651 3114 4704 Itane
3137 4656 3341 4720 excipit
3372 4656 3472 4705 ista
3496 4652 3560 4704 atl
3597 4650 3790 4705 Victri-

2193 4725 2362 4788 cium,
2397 4739 2560 4790 quam
2593 4725 2644 4775 in
2684 4723 2969 4775 duodecim
3008 4723 3193 4776 titulos
3225 4726 3473 4791 partitur.
3519 4724 3792 4790 Quociica

2194 4811 2430 4861 primum
2463 4794 2712 4861 cpistola:
2759 4793 2916 4860 hujus
2962 4793 3240 4848 decretum
3291 4796 3434 4862 apud
3472 4795 3787 4863 Dionysium

2194 4869 2386 4919 titulus
2417 4865 2449 4920 9
2477 4875 2535 4920 et
2568 4864 2814 4919 ultimum
2859 4864 3048 4918 titulus
3079 4864 3150 4919 20
3185 4870 3516 4935 appellatur,
3563 4873 3623 4919 ut
3650 4865 3791 4918 inl'ra

2190 4939 2375 4991 videre
2401 4948 2503 4989 est.

2272 5013 2325 5061 4.
2383 5007 2597 5082 Leges,
2621 5024 2737 5082 qua:
2778 5007 2999 5061 curiales
3036 5025 3066 5059 α
3097 5010 3244 5082 curia
3274 5011 3513 5082 migrare
3550 5007 3793 5082 prohibe:

2194 5080 2336 5133 limit.
2375 5108 2447 5118 —
2477 5081 2535 5133 In
2570 5081 2677 5134 illis
2715 5089 2900 5134 autem
2947 5081 3186 5133 decretis
3235 5081 3285 5134 id
3337 5077 3601 5145 maxime,
3645 5077 3790 5149 quod

2195 5167 2318 5219 cap.
2357 5154 2416 5206 II
2462 5153 2532 5205 de
2570 5151 2868 5206 curialibus
2908 5151 3128 5207 dicitur.
3163 5154 3287 5220 quia
3332 5165 3386 5208 et
3418 5153 3470 5206 in
3509 5152 3630 5206 aliis
3657 5151 3796 5203 alio—

2196 5239 2316 5277 rum
2347 5226 2658 5291 ponlilicutn
2683 5222 2928 5291 epistolis
2952 5222 3196 5290 ejusdem
3227 5226 3302 5278 rei
3337 5224 3632 5278 identidem
3657 5220 3793 5274 inci-

2195 5295 2288 5348 det
2336 5296 2565 5357 nientio,
2598 5296 2760 5362 paulo
2792 5293 2879 5347 liic
2911 5295 3092 5360 latius,
3126 5310 3286 5358 quam
3323 5296 3375 5349 in
3421 5291 3793 5348 annotationi-

2194 5366 2297 5422 bus
2321 5368 2467 5428 lieet,
2483 5381 2621 5434 opus
2642 5377 2724 5419 est
2747 5367 3043 5435 explicare.
3068 5368 3319 5419 tjtiriales
3339 5381 3432 5420 seu
3457 5367 3790 5435 decuriones

2196 5438 2540 5503 dicebantur,
2589 5440 2678 5506 qui
2721 5434 3129 5504 magistratibus
3171 5444 3330 5504 atque
3363 5435 3561 5489 ofﬁciis
3595 5434 3789 5500 funge-

2195 5508 2397 5563 banlur
2425 5509 2868 5577 municipalibus.
2903 5509 2978 5562 lle
3012 5509 3121 5561 illis
3151 5508 3480 5572 Maiorianus
3506 5508 3660 5570 inip.,
3693 5516 3793 5556 ito-

2198 5580 2354 5635 vellie
2386 5581 2409 5634 I
2444 5579 2632 5646 initio,
2665 5581 2736 5634 ita
2770 5580 3005 5649 loquitur
3035 5595 3049 5633 :
3085 5597 3104 5630 (
3140 5578 3393 5632 Curiales
3436 5589 3636 5630 nervos
3663 5587 3790 5628 esse

2203 5717 2498 5785 episeopo,
2550 5716 2637 5784 qui
2691 5714 2998 5784 quindecim
3049 5713 3424 5785 episeopornm
3482 5710 3701 5785 litteras
3739 5710 3796 5765 in

2201 5781 2428 5910 εἶἋξιὶῂι
2445 5781 2829 5857 ,(Lbrysostomi
2855 5781 3096 5842 Romam
3115 5781 3411 5850 delerebat,
3463 5797 3590 5839 suas
3631 5783 3794 5838 etiam

2203 5870 2281 5911 "'1!
2327 5870 2504 5912 ιιιεερ.
