4210 6190
369 261 479 324 685

369 379 457 438 hic
482 378 748 461 Toletanis
774 378 958 461 synodi
985 377 1206 461 nomine
1233 378 1521 461 episcopos
1545 379 1618 461 ad
1647 379 1962 461 Ioletanam
1992 403 2040 461 Α

365 453 633 520 synodum
670 445 1003 517 pertinentes
1034 445 1286 518 intelligi;
1319 445 1481 504 Certe
1525 449 1596 506 de
1647 452 1910 506 'l‘oletano
1943 465 1959 504 ι

366 522 596 576 com-ilio
630 531 685 575 ut
713 523 910 574 dudum
937 520 1213 574 celebrato
1243 521 1487 574 laudatus
1518 536 1651 590 papa
1678 562 1691 582 ,
1728 538 1876 575 num.
1905 522 1959 587 6,

365 591 628 662 loquitur.
683 591 791 646 Nee
845 591 1131 645 Patruinns
1170 592 1267 662 ille
1309 592 1611 644 venerabilis
1658 593 1917 645 memoriw
1949 633 1962 655 ,

367 661 520 734 cujus
552 664 674 719 luco
703 664 1020 731 Gregorium
1071 661 1355 717 suﬂ'ectum
1387 678 1539 734 esse,
1573 679 1722 718 num.
1754 664 1820 729 9,
1854 680 1967 734 tun-_

369 732 578 798 morat,
621 737 762 794 alius
802 735 1018 790 videtur
1050 735 1118 788 ab
1159 749 1226 788 eu
1265 735 1354 802 qui
1404 733 1650 789 Toletani
1686 749 1699 788 ι
1748 732 1966 789 concilii

368 807 667 862 canonihus
698 806 912 878 primus
934 805 1328 878 subscripshse
1358 805 1848 878 legitttr.rlh-ui«;ue
1883 805 1965 859 ln-

371 881 608 934 nocentii
631 877 732 932 hac
755 880 805 932 in
830 877 1060 946 epistola
1085 877 1322 930 studium
1353 892 1418 929 eo
1443 878 1492 928 in
1520 877 1708 943 primis
1736 886 1964 944 spectat,

370 961 429 1004 ιιι
456 951 693 1004 schisma
717 966 786 1002 ex
816 948 1176 1018 Symphnsio,
1206 948 1435 1000 liictinin
1462 949 1694 1017 aliisque
1716 964 1840 1002 cum
1873 949 1969 999 ho-

371 1023 598 1079 noribus
623 1022 739 1078 suis
769 1020 823 1076 in
861 1020 1123 1074 'l‘oletana
1155 1020 1364 1090 synodo
1392 1024 1627 1084 receptis
1656 1030 1843 1074 uatntu
1867 1059 1882 1083 ,
1914 1028 1971 1074 et

371 1093 530 1146 latius
563 1094 614 1145 in
647 1093 768 1146 dies
806 1105 1061 1162 serpens,
1083 1089 1604 1162 comprimatatque
1653 1098 1964 1157 componat.

370 1164 637 1230 Quocirca
668 1164 810 1217 inter
840 1161 976 1216 hanc
1006 1161 1292 1230 epistolam
1325 1168 1378 1215 et
1412 1161 1554 1214 illam
1590 1163 1857 1231 synodum
1891 1162 1968 1214 itt-

374 1237 660 1290 ti-rvallum
690 1233 910 1301 aliquod
942 1234 1285 1300 interiectum
1317 1246 1440 1286 esse
1486 1235 1832 1286 niamt'estnm
1861 1241 1965 1286 est.

356 1306 641 1375 Quantum
687 1319 818 1361 vero
869 1304 1280 1369 intercesserit,
1312 1301 1528 1375 drliniri
1559 1314 1712 1358 certo
1758 1305 1965 1373 nequit.

373 1373 600 1433 Tantum
641 1376 917 1445 conjicere
947 1377 1108 1442 licet,
1138 1376 1424 1443 epistolam
1455 1373 1614 1428 istam
1644 1384 1770 1430 ante
1798 1377 1968 1445 scrip-

374 1456 479 1502 tatu
508 1463 661 1518 esse,
687 1463 845 1517 quam
882 1447 1134 1518 llispania
1166 1446 1376 1499 bellicis
1405 1445 1728 1518 tumultibus
1759 1455 1969 1514 pertur-

371 1520 600 1573 bari-tur
623 1516 800 1584 ,adeo
821 1534 909 1583 tne
937 1516 1066 1571 ante
1092 1534 1290 1570 annum
1320 1518 1425 1571 408
1447 1533 1556 1586 quo
1581 1516 1970 1571 Censtantinus

374 1590 615 1650 “inperio
645 1591 979 1660 provinciam
1010 1590 1156 1643 illam
1187 1588 1405 1660 eripuit.
1440 1588 1548 1660 Sed
1600 1599 1781 1660 utrum
1826 1591 1969 1656 epis-

373 1665 478 1718 tola
511 1659 777 1732 superiori
809 1663 1075 1731 posterior
1102 1662 1206 1724 sit,
1237 1659 1443 1726 neeue,
1477 1659 1604 1732 licet
1631 1659 1965 1732 ignoremus,

371 1735 441 1787 ob
490 1751 670 1787 rerum
719 1745 896 1786 tamen
943 1732 1010 1787 de
1062 1733 1388 1785 clericorum
1429 1731 1864 1785 ordinationibus
1912 1732 1964 1784 in

372 1814 606 1873 utraque
650 1803 994 1859 deliuitarum
1045 1804 1365 1856 al'liuitatem
1392 1843 1406 1865 ,
1455 1806 1644 1856 ambas
1692 1803 1964 1868 proximas
2002 1791 2039 1848 δῖ

374 1875 578 1930 habere
606 1877 792 1931 lectori
822 1887 1034 1941 gratum
1065 1885 1227 1942 atque
1253 1876 1601 1927 commodum
1627 1874 1751 1928 erit.
1781 1874 1966 1943 Neque

367 1947 475 2015 jam
539 1948 709 2018 ipsius
759 1948 1050 2003 admodum
1097 1947 1327 2002 interest
1373 1957 1717 2016 compertum
1767 1945 1966 2000 habere

373 2029 586 2088 tempus
617 2035 723 2088 quo
752 2018 867 2073 haec
896 2018 1096 2081 scripta
1127 2018 1227 2081 sit,
1262 2020 1647 2088 cutuquibus,
1677 2032 1778 2087 qua
1810 2031 1970 2070 occa-

372 2087 566 2156 sione,
606 2087 657 2143 et
701 2107 807 2159 quo
856 2089 1085 2143 consilio
1132 2091 1330 2156 scripta
1383 2087 1582 2151 fuerit,
1616 2095 1817 2140 teneat.
1872 2089 1966 2159 llic

376 2160 512 2214 forte
543 2158 830 2215 mirabitur
859 2175 1166 2224 nonnemo,
1201 2176 1309 2225 quo
1339 2167 1498 2229 pacto
1545 2160 1685 2212 idem
1721 2158 1966 2226 pontifex

375 2231 648 2288 Toletanat
676 2232 868 2303 synodi
891 2247 1014 2303 erga
1051 2231 1372 2303 Prisctltiani
1403 2231 1641 2284 asseclas
1683 2234 1969 2303 indulgeu-

375 2304 501 2358 tiam
533 2320 676 2359 nunc
708 2301 816 2358 tam
849 2301 1092 2372 itttpense
1121 2301 1302 2357 laudet
1329 2317 1393 2356 ac
1417 2303 1604 2372 probet
1627 2343 1640 2367 ,
1664 2301 1753 2370 qui
1783 2311 1967 2371 postea

373 2377 589 2431 clericis
618 2392 647 2428 a
678 2375 895 2430 Buttusn
931 2376 1196 2428 ordinatis
1238 2373 1476 2427 honores
1505 2389 1632 2428 sues
1672 2374 1970 2427 servandos

375 2461 495 2501 esse
519 2456 627 2500 tam
650 2456 968 2501 constanter
989 2450 1226 2514 negavit.
1252 2444 1452 2499 Verum
1477 2449 1694 2514 sapiens
1717 2447 1970 2498 sacerdos

376 2517 518 2572 inter
549 2519 752 2586 lepratn
785 2529 839 2573 et
875 2519 1081 2586 lepram
1111 2517 1415 2582 diiudicare
1435 2559 1448 2582 ,
1479 2530 1530 2571 et
1557 2517 1774 2589 quando
1800 2518 1970 2570 disci-

377 2589 536 2658 plinas
559 2591 828 2644 severitas
854 2601 946 2642 aut
972 2590 1252 2642 retinenda
1282 2601 1376 2642 aut
1407 2588 1728 2643 remittenda
1761 2589 1865 2651 sit,
1893 2590 1974 2641 in-

376 2661 642 2730 vestigare
660 2663 841 2716 debet.
868 2661 1128 2726 Quamvis
1146 2663 1288 2713 enim
1314 2660 1511 2714 eodem
1535 2660 1726 2728 Spiritu
1748 2659 1970 2712 animati

374 2731 485 2786 sint
514 2735 684 2787 sancti
715 2733 1069 2788 ecclesiarum
1117 2731 1317 2795 duces,
1354 2733 1589 2785 diversis
1621 2742 1799 2783 tamen
1831 2741 1969 2784 tem-

377 2801 598 2872 poribus
626 2805 842 2860 diversa
878 2806 948 2859 de
987 2803 1204 2857 clericis
1241 2802 1308 2856 ab
1339 2803 1533 2858 haeresi
1564 2803 1646 2856 vel
1678 2801 1974 2856 schismate

373 2877 442 2927 ad
475 2876 773 2929 Ecclesium
817 2876 1167 2928 redeuntibus
1193 2877 1616 2928 constituerunt.
1649 2873 1851 2927 Nicarni
1876 2888 1971 2941 pa-

378 2954 488 2999 tres
509 2987 525 3010 ,
552 2962 674 3000 can.
706 2947 740 3006 8
762 2989 774 3011 ,
803 2945 1140 3000 Novatianos
1170 2948 1222 3000 in
1253 2947 1400 3000 clero
1433 2947 1724 2999 voluerunt
1757 2960 1972 3012 perma-

377 3031 526 3071 nere.
553 3017 702 3073 Afris
731 3017 960 3072 testibus
991 3018 1417 3070 transmarinum
1445 3018 1759 3080 concilium,
1787 3014 1973 3072 Sirieii

373 3097 536 3158 atque
555 3091 828 3144 Ambrosii
860 3089 1195 3158 tetttpuribus
1216 3130 1230 3153 ,
1261 3105 1329 3143 ne
1354 3090 1535 3144 clerici
1565 3090 1634 3140 alt
1660 3089 1854 3142 Incresi
1882 3103 1975 3140 ve-

1560 250 1919 322 EPiS‘l‘OLE
1957 260 2048 322 ET
2086 251 2432 320 DEGRETA.

3559 253 3667 321 486

2139 378 2284 447 copis
2312 394 2345 434 tl
2371 375 2567 444 Ruﬁno
2591 385 2644 434 et
2682 374 2897 432 Minicio
2924 377 2977 432 in
3007 375 3192 432 alienis
3231 375 3460 432 ecclesiis
3487 389 3668 432 contra

2138 484 2358 525 canones
2399 468 2674 522 ordinatis.
2696 498 2769 510 —-
2791 468 2883 524 ιιι.
2914 466 2982 523 Ut
3023 465 3244 521 Joannis
3291 470 3517 540 episcitpi
3545 485 3670 522 cau-

2137 578 2196 616 sa
2224 563 2578 628 nominetur,
2609 560 2929 632 aliorumque
2949 563 3034 631 qui
3065 564 3443 618 communionis
3463 581 3672 620 consor-

2140 656 2269 708 tium
2298 655 2645 728 refugiebant.
2669 687 2739 698 —-
2781 656 2865 711 IV.
2903 654 2982 709 De
3024 657 3222 712 vitiosis
3257 659 3533 711 multorum
3581 675 3668 712 or-

2142 755 2519 819 dinationibus,
2552 756 2624 808 ita
2654 756 2976 810 dissimulari
3001 772 3115 826 autc
3137 755 3395 812 Ita'ctenns
3423 767 3673 827 usurpata

2141 859 2291 914 sunt,
2322 861 2376 903 ut
2405 851 2474 916 in,
2498 860 2760 920 posterum
2782 849 3256 922 proltt'beantur.-—
3281 849 3342 904 ν.
3382 849 3451 905 Ut
3475 849 3674 920 Grego-

2140 941 2206 995 rii
2235 940 2572 996 Emeritensis
2597 941 2835 1009 episcOpi
2864 943 3074 1010 querela
3116 941 3446 996 discutiatur.
3478 970 3548 982 --
3583 942 3671 997 Vl.

2145 1032 2410 1096 Quasnam
2456 1033 2526 1087 ad
2569 1033 2845 1086 clericatus
2894 1035 3127 1087 ordinent
3172 1032 3448 1088 admittere
3487 1035 3672 1089 liceat:

2141 1127 2416 1198 qualesque
2457 1128 2679 1200 eligendi
2723 1128 2847 1182 sint.
2900 1126 2965 1181 Et
3005 1128 3145 1198 quod
3203 1129 3464 1201 bigamtun
3515 1129 3672 1200 faciat

2142 1221 2298 1273 etiam
2326 1220 2420 1274 illa
2445 1235 2562 1290 qua
2585 1229 2704 1274 ante
2726 1220 3042 1292 baptismum
3066 1237 3200 1274 stator
3227 1221 3350 1290 fuit.

2073 1353 2426 1412 INNOCBNTIUS
2452 1357 2723 1413 universis
2751 1357 3026 1426 episuipis
3066 1358 3118 1411 in
3147 1356 3412 1412 Toletaua
3463 1360 3678 1434 synodo

2144 1449 2494 1517 constitutis,
2520 1449 2896 1505 dilectissimis
2923 1448 3217 1515 fratribus,
3255 1451 3304 1504 in
3337 1450 3565 1506 Domino
3593 1469 3680 1506 sa-

2144 1543 2332 1600 lutem.

2147 1659 2199 1714 i.
2233 1657 2300 1714 In
2327 1658 2582 1732 Hispania
2601 1660 2849 1715 schisnta.
2883 1660 2948 1716 Et
2981 1677 3238 1718 canonum
3261 1671 3677 1732 corztentptus—

2072 1749 2231 1821 Smpe
2258 1767 2344 1807 me
2366 1762 2420 1807 et
2450 1751 2613 1808 nimia
2643 1769 2762 1808 cum
2794 1761 3006 1808 teneret
3031 1771 3160 1808 cura
3189 1743 3680 1824 sollicitnmisupcr

2071 1841 2098 1880 b
2145 1843 2492 1900 dissensione
2524 1855 2580 1901 et
2622 1845 2921 1901 schismate
2953 1845 3355 1912 Ectlesiarntu,
3389 1848 3534 1918 quod
3584 1864 3681 1920 per

2071 1934 2361 2004 Hispanias
2405 1936 2573 1991 latins
2611 1939 2662 1991 in
2707 1938 2822 1992 dics
2863 1952 3089 2008 serpere
3133 1948 3188 1992 et
3229 1939 3478 1994 citatiore
3510 1940 3679 2008 gradu

2072 2030 2330 2087 incedere
2387 2030 2530 2086 fama
2592 2032 2985 2103 proloquitur;
3040 2035 3416 2088 necessarium
3469 2044 3685 2104 tempus

2072 2125 2330 2186 emersit,
2363 2139 2472 2194 quo
2503 2139 2608 2178 non
2658 2135 2848 2193 posset
2879 2125 3195 2180 emendatio
3249 2136 3392 2178 tanta
3441 2125 3684 2191 dim-rri,

2071 2223 2123 2270 et
2155 2215 2380 2270 deberet
2408 2230 2647 2286 congrua
2682 2215 2952 2271 medicina
2986 2217 3284 2286 provideri.
3315 2215 3452 2271 Nam
3486 2216 3682 2271 fratres

2074 2311 2247 2363 nostri
2274 2311 2637 2381 coepisctipus
2669 2310 2693 2340 °
2729 2309 2992 2374 Hilarius,
3018 2319 3074 2364 et
3101 2307 3352 2378 Elpidius
3375 2310 3681 2380 presbyter.

2073 2403 2272 2472 partim
2306 2403 2534 2458 unitatis
2561 2417 2754 2458 amore
2795 2403 3064 2472 permoti,
3100 2411 3220 2472 part
3247 2419 3295 2456 ιιι
3336 2418 3440 2472 qua
3473 2401 3687 2455 laborat

2075 2495 2356 2564 provincia
2389 2493 2630 2562 pernicie
2651 2537 2664 2555 ,
2700 2502 2757 2548 ut
2789 2496 3063 2565 oportuit,
3097 2495 3319 2551 excitati
3340 2537 3358 2560 ,
3389 2495 3458 2548 ad
3496 2493 3681 2548 :cdrm

2074 2589 2433 2656 apostolicam
2467 2599 2881 2653 cnmmearunt,
2916 2600 2969 2643 et
3001 2589 3053 2642 in
3095 2589 3214 2656 ipso
3248 2590 3370 2643 sinu
3401 2588 3526 2643 fidei
3558 2589 3678 2642 vio-

2074 2677 2238 2733 latam
2274 2678 2412 2734 intra
2443 2681 2780 2750 provinciam
2823 2696 3048 2750 pacem,
3076 2681 3380 2752 disciplina:
3412 2683 3679 2736 ratioiiem

2076 2785 2202 2827 esse
2241 2770 2526 2827 confusam
2551 2814 2567 2837 ,
2606 2783 2658 2828 et
2706 2773 2875 2830 multa
2903 2785 3095 2830 contra
3138 2789 3382 2831 canones
3432 2786 3678 2842 patrum,

2075 2870 2401 2930 contempto
2421 2863 2650 2929 ordine,
2684 2865 2998 2934 regulisque
3039 2864 3332 2931 neglectis,
3367 2865 3422 2917 in
3451 2879 3685 2931 usurpa-

2077 2954 2225 3010 tione
2254 2955 2608 3012 ecclesiarum
2636 2955 2802 3012 fuisse
2828 2956 3118 3012 commissa
3140 2999 3154 3023 ,
3182 2971 3280 3010 nec
3302 2955 3678 3022 concordiam,

2079 3047 2134 3102 in
2166 3065 2272 3112 qua
2320 3047 2447 3105 ﬁdei
2490 3061 2692 3105 nostra:
2719 3050 2993 3105 stabilitas
3039 3059 3154 3105 tota
3196 3049 3485 3116 consistit,
3520 3063 3682 3118 posse

377 3142 586 3214 uie-tiles
640 3161 880 3236 honores
926 3142 1055 3236 suos
1089 3142 1424 3236 seruarent,
1465 3160 1778 3236 prohibuit.
1825 3158 1971 3236 Istud

2079 3142 2340 3209 retineri,
2369 3158 2492 3196 cum
2525 3142 2717 3199 dolore
2743 3151 2800 3198 ct
2831 3144 3037 3213 gemitu
3070 3144 3347 3210 prosecuti
3375 3150 3533 3195 sunt:
3566 3157 3684 3211 qua:

377 3245 542 3294 vero,
571 3247 718 3284 anno
763 3232 901 3295 400,
935 3231 1262 3286 Priscilliani
1305 3232 1529 3286 asseclis
1580 3231 1970 3302 indulgendum

374 3304 584 3356 censuit
628 3303 952 3357 Toletanum
997 3303 1288 3357 concilium
1313 3344 1326 3367 ,
1365 3305 1597 3373 ejusque
1639 3303 1967 3358 sententiam

377 3377 638 3446 proposito
667 3377 881 3428 unitatis
911 3390 1054 3428 nunc
1083 3374 1432 3429 Innocentius
1464 3379 1674 3444 probat,
1705 3375 1795 3446 qui
1826 3389 1969 3430 anno

376 3445 480 3500 ιιι
511 3445 899 3502 ecclesiastica:
919 3445 1220 3516 disciplinae
1242 3449 1584 3501 severitatem
1616 3445 1758 3501 circa
1793 3447 1967 3500 Bono-

375 3518 552 3570 siscus
572 3522 772 3571 acriter
797 3518 1115 3572 vindicabit.
1144 3517 1571 3586 Carthaginiense
1613 3528 1791 3574 autem
1836 3533 1968 3573 con-

375 3588 585 3654 ciltum,
617 3604 758 3642 anno
785 3589 885 3644 ιιοι
918 3591 1179 3647 habitum.
1217 3592 1318 3642 hoc
1346 3598 1776 3655 temperamento
1808 3600 1963 3643 uten-

374 3656 503 3712 dum
530 3661 881 3724 existimavit,
922 3674 978 3714 ut
1017 3660 1232 3715 clericis
1261 3660 1638 3721 redeuntibus.
1660 3662 1746 3715 ubi
1780 3676 1968 3714 eorum

378 3731 554 3784 reditu
579 3731 759 3801 aliqua
787 3732 844 3788 lit
876 3734 1098 3786 unitatis
1123 3735 1522 3800 cuntpeusatio,
1556 3742 1849 3786 serventur
1871 3734 1969 3785 ho-

377 3816 543 3855 nores
581 3805 697 3868 sui,
739 3815 793 3858 et
826 3803 913 3858 ubi
947 3804 1088 3857 nulla
1121 3813 1203 3857 est
1241 3802 1545 3872 htljlhlllOdi
1576 3803 1968 3874 cetnpensatio,

379 3885 642 3942 negentur
666 3874 818 3942 (Cod.
850 3891 966 3928 cun.
1000 3878 1124 3929 eccl.
1161 3877 1310 3944 Afra,
1343 3892 1389 3928 c.
1424 3874 1537 3943 68).

947 3968 1281 4024 EPISTOLA
1322 3967 1409 4024 Ill.

378 4060 456 4118 De
486 4071 509 4099 ⁸
534 4062 880 4121 dissensione
908 4073 1271 4134 corruptaque
1291 4063 1581 4133 disciplina
1609 4063 1974 4120 Ecclesiarum

1022 4158 1112 4213 llis
1119 4173 1182 4228 pa
1191 4160 1314 4213 nix.

382 4249 422 4303 Ι.
459 4250 612 4317 Quod
649 4252 880 4322 episcOpi
907 4253 1144 4306 nonnulli
1170 4251 1232 4305 ab
1259 4253 1381 4305 aliis
1411 4251 1470 4306 ob
1503 4262 1736 4321 receptos
1776 4251 1839 4305 ab
1869 4252 1976 4307 Ita:-

450 4347 550 4398 resi
581 4360 852 4400 conversos
877 4361 1147 4416 perperam
1185 4344 1492 4402 dissideant.
1534 4376 1610 4388 -—
1636 4345 1702 4403 ll.
1735 4344 1814 4402 De
1841 4346 1979 4415 epis-

454 4562 478 4588 η
509 4551 661 4608 "unc
688 4552 900 4608 titulum
931 4567 992 4608 ac
1021 4551 1422 4624 subsequentes
1451 4568 1484 4608 e
1509 4551 1806 4610 Sirtuoudn
1830 4595 1844 4618 ,
1869 4569 1976 4608 non
2005 4556 2058 4616 D

381 4638 414 4678 e
449 4638 576 4679 mss.
613 4627 846 4678 mutuati
877 4641 1090 4679 smnus.

456 4694 479 4731 δ
509 4695 626 4750 Jam
657 4708 781 4751 ante
811 4696 1101 4751 concilium
1133 4695 1451 4751 Toletanum
1501 4713 1518 4751 1
1557 4696 1808 4766 quedam
1840 4697 1982 4751 inter

383 4765 649 4835 Histtanos
685 4769 998 4822 obtinuerat
1039 4767 1178 4820 circa
1234 4765 1611 4823 os‘dinationes
1659 4769 1980 4824 clericorum

381 4837 675 4893 dissensio.
715 4839 980 4906 Quocirca
1038 4838 1332 4894 Patruinus
1369 4839 1662 4908 episcopus
1717 4841 1768 4893 in
1823 4840 1982 4907 huius

380 4911 600 4967 concilii
630 4913 896 4980 prooemio
926 4911 1004 4966 sic
1040 4911 1333 4982 pra-tatur:
1364 4911 1627 4977 Quoniam
1653 4911 1846 4982 singuli
1877 4928 1980 4965 cae-

381 4982 552 5052 pimus
584 4983 635 5035 in
665 4982 892 5037 ecclesiis
923 4981 1113 5034 nostris
1143 4985 1314 5053 facere
1343 4983 1545 5053 diversa
1565 5024 1580 5047 ,
1611 4993 1656 5037 et
1686 4983 1809 5037 inde
1835 4992 1979 5035 tanta

381 5051 630 5110 Scattdala
657 5064 809 5115 sunt,
838 5069 949 5123 quae
992 5051 1153 5120 usque
1177 5051 1247 5124 ad
1295 5052 1522 5107 schistna
1567 5056 1863 5124 perveniunt
1889 5095 1903 5114 ,
1936 5054 1980 5107 si

381 5125 582 5194 placet,
616 5133 875 5180 communi
906 5125 1123 5178 consilio
1149 5123 1490 5178 decernamus
1509 5123 1631 5190 quid
1652 5123 1715 5177 ab
1745 5125 1980 5176 erunibus

382 5198 632 5267 episcopis
654 5199 706 5251 in
735 5196 1041 5250 ordinandis
1067 5195 1269 5267 clericis
1291 5197 1355 5248 sit
1375 5197 1708 5262 sequendum.
1731 5195 1835 5252 Sed
1863 5204 1983 5263 post

381 5266 671 5322 concilium
702 5284 826 5324 mox
871 5269 1074 5321 dictum
1099 5309 1114 5330 ,
1142 5267 1208 5320 ad
1240 5266 1378 5322 hanc
1408 5267 1718 5323 schismatis
1759 5280 1978 5322 onustm

382 5342 612 5393 accessit
639 5339 812 5394 altera
834 5380 846 5401 ,
879 5354 1000 5393 cum
1035 5353 1172 5403 ques
1202 5338 1394 5392 eadem
1424 5337 1668 5407 synodus
1700 5356 1729 5390 tt
1764 5337 1980 5392 Priscil-

383 5407 507 5462 liani
544 5410 737 5464 hau-eti
763 5411 827 5462 ad
857 5410 1185 5463 catholicam
1211 5412 1653 5464 coutttmnionem
1687 5423 1980 5464 conversos

385 5481 440 5533 in
471 5480 771 5538 honoribus
821 5482 934 5537 suis
977 5490 1254 5544 receperat
1279 5521 1292 5541 ,
1324 5480 1674 5536 admitterent
1727 5482 1815 5532 alii
1844 5522 1860 5539 ,
1889 5481 1979 5533 alii

383 5551 712 5618 reiicit-udo;
749 5568 872 5606 εδει)
901 5551 1314 5610 (totiteuderent.
1350 5552 1558 5620 Duplici
1581 5551 1658 5607 illi
1689 5554 1828 5608 tanti
1851 5551 1977 5607 ntali

381 5636 560 5678 causa:
595 5624 799 5680 mederi
833 5639 976 5679 nunc
1011 5623 1352 5680 ltmoceutius
1383 5633 1635 5678 enitatur.

458 5705 480 5732 ε
504 5694 646 5750 Inter
675 5696 900 5764 eos.qui
923 5695 1184 5751 Toletani)
1216 5693 1486 5750 tcoucil'to
1509 5692 1974 5764 subscripserunt,

381 5778 578 5837 quarto
604 5767 725 5824 loco
754 5766 952 5838 legitur
980 5765 1235 5821 Hilarius.

2080 3235 2133 3290 in
2164 3252 2428 3293 consessu
2470 3235 2498 3273 δ
2532 3237 2859 3310 presbyterii
2903 3246 3148 3292 actorum
3179 3235 3528 3291 confectione
3555 3234 3686 3289 reti-

2081 3340 2316 3399 nentur,
2344 3340 2400 3387 ct
2425 3341 2661 3402 possunt
2685 3329 2844 3386 vobis
2872 3329 3108 3386 lecaione
3139 3328 3454 3385 monstrari.

2146 3419 2278 3477 Car.
2311 3423 2350 3478 Ι.
2375 3453 2444 3463 --
2466 3421 2523 3477 9.
2555 3421 2808 3492 Episcopi
2837 3422 3019 3477 Baetici
3040 3434 3260 3494 propter
3295 3420 3576 3478 Galltecios
3605 3436 3686 3474 re-

2076 3524 2252 3585 ceptos
2279 3532 2312 3566 τι
2339 3516 2538 3568 ceteris
2582 3532 2636 3568 se
2664 3526 2958 3586 segregant.
2980 3543 3056 3555 —
3073 3515 3194 3569 Jam
3240 3515 3479 3582 priurum
3496 3555 3511 3578 ,
3543 3511 3689 3581 quod

2074 3606 2142 3664 ad
2185 3609 2357 3678 ipsam
2389 3607 2552 3662 [idem
2592 3609 2824 3674 attinet,
2858 3609 3003 3678 quod
3036 3608 3230 3663 Baetici
3278 3607 3363 3660 vel
3395 3605 3688 3674 Carthagi-

2075 3713 2280 3755 nienses
2329 3699 2612 3768 episcopi,
2657 3710 2884 3767 pt'Optet‘
2930 3699 3290 3754 Gallicini-um
3342 3697 3688 3753 communio-

2078 3809 2241 3859 nem,
2272 3807 2302 3848 a
2331 3807 2463 3862 pace
2493 3791 2734 3846 omnium
2781 3803 2806 3828 ε
2836 3792 3186 3846 discednrtmt
3209 3834 3222 3855 ,
3258 3799 3378 3845 orta
3409 3789 3687 3844 dissensio

2079 3894 2197 3945 est;
2223 3901 2343 3956 qua:
2368 3899 2476 3939 non
2505 3884 2680 3938 solum
2717 3900 2824 3940 non
2855 3883 3122 3939 minuitur
3142 3928 3156 3952 ,
3189 3899 3380 3940 verum
3405 3882 3566 3937 etiam
3593 3896 3690 3950 per

2080 3978 2204 4036 dies
2228 3977 2478 4049 singulos
2507 3976 2688 4034 studio
2717 3977 3091 4034 contetttioiiis
3113 3985 3372 4046 augetur,
3404 3991 3531 4031 cum
3550 4017 3567 4042 ,
3597 3974 3696 4030 ob-

2084 4072 2290 4127 tinendi
2333 4071 2620 4141 proposito
2673 4072 3048 4140 unusquisque
3095 4069 3240 4140 quod
3290 4068 3494 4131 voluit,
3527 4075 3690 4122 atter-

2084 4181 2210 4219 num
2241 4163 2427 4219 orbem
2478 4165 2604 4219 mali
2633 4173 2683 4219 et
2717 4163 2984 4219 circulum
3033 4163 3322 4234 quemdam
3358 4164 3425 4217 de
3453 4160 3546 4216 taii
3571 4161 3692 4214 ani-

2082 4261 2338 4315 inusitate
2367 4257 2644 4314 iecerunt:
2670 4273 2794 4312 cum
2823 4257 3012 4326 utique
3036 4257 3180 4312 bono
3210 4255 3410 4326 cuique
3437 4256 3488 4308 in
3525 4254 3688 4308 rebus

2082 4350 2289 4406 talibus
2333 4350 2473 4405 vinci
2502 4351 2704 4406 melius
2725 4351 2836 4418 sit,
2863 4365 3030 4420 quam
3076 4349 3221 4404 male
3265 4364 3420 4404 more
3465 4361 3690 4418 pravum

2155 4550 2180 4590 ἀ
2216 4553 2268 4610 id
2298 4565 2382 4609 est
2411 4554 2545 4610 cieri
2577 4553 2838 4620 Romani,
2873 4554 2978 4610 hoc
3010 4555 3230 4610 nomine
3284 4553 3519 4620 repetito
3539 4569 3568 4608 a
3597 4553 3686 4608 dia

2083 4625 2258 4696 guiori
2281 4627 2476 4695 gradu.
2507 4627 2586 4680 Ad
2609 4627 2858 4680 eumdem
2889 4641 3212 4680 consessum
3252 4625 3486 4680 ttiaxitue
3520 4627 3571 4679 in
3590 4628 3690 4696 ltus

2080 4695 2320 4766 jusmodi
2351 4696 2566 4762 causis.
2597 4698 2762 4751 etiam
2811 4696 3109 4751 convocari
3155 4697 3404 4750 solebant
3443 4695 3692 4767 episcopi

2085 4770 2181 4836 qui
2211 4768 2398 4823 “(mue
2436 4769 2690 4838 agebant.

2158 4849 2180 4876 ο
2210 4840 2286 4896 ita
2318 4855 2450 4895 mss.
2476 4836 2649 4894 L‘orh.
2681 4848 2738 4892 et
2782 4837 2939 4893 Colb.
2971 4843 3042 4892 At
3072 4838 3217 4906 apud
3261 4838 3429 4893 Sirm.
3461 4836 3695 4893 dissede-

2083 4921 2226 4965 rant.
2259 4909 2683 4965 Restituendum
2715 4910 2896 4975 potius
2932 4912 3076 4963 l'orct
3105 4911 3472 4964 discesserunt.
3519 4911 3693 4966 Antea

2087 4983 2140 5034 itt
2171 4997 2273 5035 ms.
2317 4979 2482 5036 Corb.
2531 4980 2863 5042 Galliarum,
2896 4982 2951 5034 in
2993 4980 3150 5037 Culb.
3196 4980 3488 5036 Galliarum
3510 5022 3528 5044 ,
3559 4984 3698 5037 forte

2086 5051 2208 5106 loco
2245 5049 2568 5106 Gallicorum
2613 5067 2714 5106 seu
2745 5049 3118 5106 Gallinariam.
3151 5052 3218 5108 Ut
3265 5052 3415 5107 enim
3443 5055 3695 5120 superius

2085 5139 2150 5177 ex
2202 5122 2367 5177 ldacii
2407 5122 2687 5178 Chronico
2732 5121 3079 5188 audivimus,
3128 5123 3401 5180 Galla-cia:
3449 5123 3693 5193 cpiscttpi

2085 5203 2244 5250 erant
2275 5193 2676 5264 Symphosius,
2707 5193 2972 5248 Dictinius
3003 5207 3060 5250 et
3087 5196 3182 5249 alii
3217 5197 3307 5262 qui
3341 5193 3608 5248 Toletana
3641 5199 3692 5249 in

2085 5265 2294 5337 synodo
2325 5263 2666 5319 'Prtscilliani
2701 5263 2953 5320 ιιιιτῐρεὶιιι
3006 5282 3135 5321 cum
3164 5265 3287 5336 ipso
3321 5272 3552 5321 auctore
3597 5281 3694 5321 sua

2084 5337 2489 5402 sitbscr'tptione
2523 5337 2993 5402 condemnarunt;
3021 5353 3160 5408 quos
3191 5341 3257 5391 in
3288 5352 3478 5406 pacem
3505 5352 3694 5405 ret-ep—

2087 5415 2172 5462 tos
2200 5408 2387 5476 iniquo
2410 5409 2594 5462 animo
2628 5408 2815 5462 tulisse
2849 5409 3086 5466 Bottieos
3115 5421 3168 5466 et
3193 5408 3657 5472 Carthagineuses
3678 5448 3692 5471 ,

2084 5490 2246 5548 atque
2279 5479 2404 5535 ideo
2431 5497 2461 5532 ιι
2489 5491 2817 5535 ceterorum
2845 5482 3232 5536 cottttnttnione
3261 5479 3558 5535 descivisse
3588 5479 3694 5533 tui~

2081 5554 2228 5606 nitue
2273 5555 2467 5605 mirum
2501 5562 2604 5606 est.
2659 5552 2780 5605 Alta
2820 5551 3113 5621 Gregorius
3154 5552 3517 5621 Elihcritanus
3564 5551 3682 5621 epi-

2078 5636 2280 5694 scopus
2303 5624 2354 5677 in
2381 5623 2582 5679 Bmtica
2607 5622 2879 5690 provincia
2891 5618 3102 5694 iecerat
3125 5618 3452 5694 Luciieriani
3475 5634 3623 5694 erret
3637 5620 3683 5675 is

2077 5690 2307 5752 semina.
2342 5693 2530 5764 Neque
2558 5690 3002 5762 stupenduut'ess
3027 5710 3094 5749 ea
3118 5693 3191 5748 ad
3217 5690 3520 5748 innocentii
3546 5701 3660 5747 tetu

2079 5780 2210 5836 pora
2250 5766 2522 5824 infelice
2543 5766 2780 5824 tractum
2805 5777 3151 5836 propagasse.
