4210 6190
442 259 550 321 489

1623 273 1985 334 ΕΡΙδΤΟιιΕ
2028 273 2118 334 ΕΤ
2160 275 2505 334 DECRETA.

3633 285 3742 345 ‘90

429 375 657 432 dotibus
681 375 1343 445 adnitendum,quatenus
1358 393 1639 452 praeeunte
1661 387 1911 445 doctrina
1936 399 1960 427 ἰ
1984 391 2036 446 in
2063 389 2120 451 Α
2141 390 2227 444 cio
2249 398 2440 445 contra
2469 391 2688 456 regulas
2713 391 2949 446 ordinati
2975 401 3122 454 sunt.
3152 394 3420 450 habeatur
3446 396 3604 466 plena
3632 399 3748 456 dis-

441 468 704 522 unitatem
722 472 1002 527 catliolicie
1018 475 1144 530 lidei
1167 490 1358 531 omnes
1383 477 1474 546 qui
1501 478 1732 548 dispersi
1763 492 1891 537 sunt
1913 499 2045 538 con-

440 573 766 632 gregentur;
799 575 855 620 et
891 581 1015 621 esse
1047 567 1464 640 inexpugnabile
1495 586 1659 626 unum
1687 587 1885 642 corpus
1913 576 2044 630 inel-

439 654 588 722 piat,
616 655 762 724 quod
803 657 847 711 si
886 667 1173 728 separetur
1196 661 1248 714 in
1284 671 1486 730 partes,
1518 661 1585 715 ad
1609 677 1800 718 omnes
1839 665 2046 734 patebit

436 745 795 804 lacerationis
825 749 1074 819 injurias,
1102 761 1158 806 ct
1188 768 1256 809 ex
1299 767 1422 809 sese
1449 763 1656 822 pestem
1689 755 1928 824 patietur
1960 757 2044 810 iti-

433 849 667 904 ternain.
720 843 940 912 quando
966 861 1154 901 secum
1186 861 1451 918 compago
1488 848 1604 917 ipsa
1633 848 1897 919 conﬂigit.
1931 849 2040 906 Sed

429 930 552 987 litec
605 934 940 1002 generaliter
985 935 1054 991 de
1097 937 1324 994 unitatis
1373 937 1768 995 reformatione
1823 957 2037 1010 omnes,

431 1032 708 1094 tamquam
739 1027 976 1099 singulis
991 1031 1193 1100 scripta
1217 1032 1354 1098 sint,
1398 1032 1669 1103 accipiant
1698 1033 2035 1090 sacerdotes.

431 1117 642 1174 Deliinc
693 1119 748 1174 in
792 1135 978 1192 partes
1013 1125 1253 1180 animum
1299 1140 1465 1195 super
1510 1127 1766 1183 omnibus
1813 1128 2039 1186 dilectio

428 1222 613 1268 vestra
646 1231 767 1280 quae
797 1229 1180 1286 preponentur
1205 1221 1479 1276 intendat.

429 1336 437 1354 ›
497 1303 625 1362 CAP.
657 1306 726 1362 Il.
753 1339 822 1350 —
843 1309 898 1364 5.
934 1309 1154 1382 Ruﬁnus
1184 1322 1233 1366 et
1263 1312 1515 1368 Minicius
1559 1326 1874 1388 usurparunt
1906 1316 2034 1372 alie-

427 1398 506 1454 nis
535 1400 592 1454 in
619 1402 848 1456 ecclesiis
877 1405 1252 1462 ordinationes.
1282 1439 1353 1449 —
1381 1407 1501 1464 Non
1545 1410 1691 1465 enim
1734 1411 1910 1467 latere
1938 1428 2033 1481 po-

433 1492 563 1555 tuit,
593 1494 737 1562 quod
765 1493 998 1550 Ruﬁnus
1019 1509 1184 1570 atque
1211 1501 1462 1556 Minicius
1484 1503 1729 1571 episcoiii
1761 1503 1814 1558 in
1837 1503 2030 1561 alienis

428 1584 680 1640 ecclesiis
701 1627 714 1651 ,
745 1599 937 1642 contra
968 1588 1220 1645 Nicaeuos
1242 1607 1505 1658 canones,
1552 1595 1844 1665 episcopos
1874 1612 2032 1651 usur-

423 1687 697 1748 paverunt
722 1681 1002 1738 ordinare.
1037 1684 1163 1740 Hinc
1202 1684 1436 1756 (Nicen.
1465 1704 1584 1743 can.
1614 1686 1669 1754 4,
1698 1689 1731 1744 6
1751 1697 1805 1744 et
1838 1689 1928 1759 l6)
1960 1705 2030 1746 ne

2145 485 2368 536 cussio:
2406 494 2460 535 ut
2489 484 2614 553 quia
2643 499 2930 552 perperam
2964 483 3091 539 facti
3138 497 3293 553 sunt,
3331 487 3634 559 intelligant
3667 491 3744 558 id,

2143 574 2285 644 quod
2319 573 2517 631 vitioso
2541 575 2696 630 initio
2723 576 2903 646 adepti
2947 587 3106 645 sunt,
3152 593 3213 634 se
3259 578 3464 636 diutius
3498 581 3746 638 obtinere

2145 682 2251 722 non
2277 683 2455 736 passa.
3501 665 3507 669 ’

2213 755 2342 813 Csp.
2373 758 2460 814 ΙΙΙ.
2494 789 2566 800 -
2588 760 2641 815 6.
2673 759 2742 816 Ut
2765 761 3031 817 abdicetur
3060 761 3313 830 Joannes,
3361 766 3407 820 si
3450 767 3653 821 decreto
3681 769 3746 824 de

2137 849 2446 919 recipiendis
2462 849 2532 903 ad
2555 849 2846 906 Ecclesium
2866 856 3220 917 redeuntibus,
3247 858 3330 911 cui
3343 858 3734 931 subscripserat.

2139 956 2428 1014 repugnare
2458 959 2558 997 non
2577 945 2799 1000 desinat.
2832 977 2903 988 —-
2927 948 3001 1002 De
3022 947 3229 1004 Joanne
3276 966 3493 1022 qitoque
3521 955 3739 1023 episco-

2138 1047 2239 1102 po,
2269 1033 2423 1103 cujus
2453 1035 2506 1089 iii
2552 1037 2767 1106 synodo
2795 1037 3058 1094 Toletana
3090 1055 3256 1109 super
3301 1044 3540 1110 receptis
3594 1044 3741 1100 Sut-

2137 1141 2326 1183 Pu0sio
2351 1137 2514 1198 atque
2535 1129 2777 1186 DIC’I‘INIO
2805 1147 2900 1201 per
2919 1132 3131 1203 legatos
3154 1148 3457 1190 consensus
3485 1137 3748 1203 accessit,

2136 1230 2191 1276 et
2220 1222 2306 1276 cui
2341 1222 2635 1292 probabilis
2690 1229 2806 1280 visa
2858 1225 2952 1280 illa
3005 1228 3298 1295 correctio,
3359 1231 3743 1287 examinentur

2136 1329 2256 1384 quae
2289 1325 2476 1384 postea
2505 1326 2630 1370 sunt
2667 1326 2877 1373 secuta.
2921 1319 2991 1374 Et
3019 1335 3246 1390 prorsus
3266 1337 3430 1392 super
3457 1326 3712 1382 omnibus
3732 1369 3746 1394 ,

2136 1426 2367 1480 quorum
2397 1411 2453 1466 in
2484 1411 2713 1466 dubium
2760 1414 2910 1469 venit
2941 1415 3008 1469 de
3050 1418 3361 1472 cessatione
3398 1423 3744 1487 communio,

2133 1504 2288 1573 plena
2343 1504 2618 1572 inquisitio
2647 1505 2968 1575 vestigetur,
3002 1517 3059 1561 ut
3099 1509 3400 1563 secundum
3454 1509 3741 1568 decretqu

2132 1595 2328 1666 synodi
2352 1596 2656 1662 Toletanis,
2685 1597 2772 1652 vel
2790 1600 3193 1654 communionis
3217 1603 3498 1656 consortio
3526 1611 3750 1672 propter

2131 1688 2458 1744 abolendam
2495 1689 2862 1758 suspicionem
2891 1690 3206 1747 scliisniatis
3255 1695 3612 1762 misceantur,
3663 1696 3750 1752 vel

424 1771 548 1840 quis
577 1771 678 1827 sibi
710 1773 906 1828 audeat
935 1774 1215 1831 vindicare
1236 1817 1252 1842 ,
1276 1778 1470 1832 saltem
1519 1794 1666 1833 nunc
1694 1795 1725 1833 a
1757 1780 1914 1835 nobis
1943 1791 2026 1836 est
2057 1781 2106 1842 B
2133 1781 2176 1835 si
2203 1782 2294 1850 qui
2321 1781 2523 1836 fuerint
2564 1782 2897 1850 deprehensi
2947 1783 3038 1853 qui
3066 1782 3084 1821 ί
3119 1783 3365 1839 abnuant
3396 1787 3747 1844 concordiam

424 1865 723 1921 salubriter
746 1868 1152 1937 providendum
1181 1888 1194 1925 :
1227 1887 1294 1926 ne
1337 1873 1581 1940 improba
1610 1871 1637 1912 ιι
1669 1875 2031 1944 usurpatione

424 1959 792 2016 dissimulatio
818 1963 870 2016 in
901 1963 1150 2020 deterius
1178 1966 1572 2032 convalescat,
1605 1977 1660 2022 et
1688 1967 1774 2020 fiat
1799 1967 1868 2023 de
1893 1982 2028 2023 eon-

422 2053 715 2109 suetudiue
736 2055 946 2125 regula,
971 2072 1094 2126 quae
1122 2073 1228 2112 non
1252 2058 1436 2113 veniat
1455 2059 1524 2114 ab
1551 2060 1664 2127 ipsa
1683 2076 1805 2131 qua:
1827 2061 2033 2117 litteris

425 2148 680 2203 mandata
725 2161 810 2204 est
853 2149 1167 2218 disciplina.
1193 2152 1306 2220 Qua
1339 2153 1391 2206 in
1439 2168 1499 2209 re
1546 2153 1729 2208 llilarii
1761 2153 1947 2210 fratris
1977 2164 2034 2211 et

422 2242 837 2297 consacerdotis
873 2244 1046 2298 nostri
1072 2246 1298 2314 querela
1328 2245 1585 2315 primitus
1621 2246 1895 2315 audiatur,
1939 2248 2034 2318 qui

422 2335 660 2389 asseruit
712 2333 962 2389 Rulinum
995 2349 1189 2391 contra
1233 2338 1593 2393 ecclesiarum
1643 2354 1835 2410 pacem
1881 2341 2032 2396 omni

421 2427 830 2498 Oppugnatiorie
863 2429 1033 2484 fuisse
1063 2442 1363 2497 versatum,
1395 2437 1452 2486 et
1478 2420 1680 2486 dudum
1719 2433 1772 2485 in
1794 2433 2032 2488 concilio

427 2529 450 2558 θ
483 2518 748 2574 Toletauo
773 2522 983 2575 erroris
1010 2523 1093 2577 sui
1124 2525 1338 2576 veniam
1384 2523 1724 2592 postulasse,
1769 2534 1823 2579 et
1854 2539 2027 2592 nunc,

423 2625 547 2667 cum
577 2613 998 2681 metropolitano
1027 2615 1289 2684 episeopo
1313 2613 1606 2669 ordinandi
1646 2611 1673 2651 ά
1712 2616 2032 2671 sacerdotes

422 2708 762 2778 pontilicium
794 2707 1115 2774 deberetur,
1148 2717 1341 2764 contra
1377 2709 1562 2779 populi
1609 2708 1948 2766 voluntatem
1977 2719 2035 2766 et

421 2795 728 2870 disciplina:
781 2801 1074 2867 rationem,
1117 2802 1432 2870 episcopum
1480 2800 1616 2855 locis
1646 2801 1848 2857 abditis
1887 2802 2036 2858 ordi-

421 2904 614 2954 nasse,
650 2891 916 2946 ecclesias
944 2892 1216 2948 scandalis
1252 2893 1562 2950 miscuisse.
1599 2892 1805 2950 Deliiuc
1835 2894 2034 2950 Tarra-

423 2987 744 3039 conoiisiuin
790 2987 1176 3056 epi~.c0porum
1225 2994 1311 3041 est
1355 3001 1520 3041 causa
1579 2987 1887 3053 tractanda,
1937 2989 2032 3058 qui

421 3075 546 3147 pari
583 3076 744 3131 modo
787 3076 1060 3131 Miniciuin
1091 3077 1144 3132 in
1175 3077 1523 3134 Gerundeusi
1556 3079 1788 3134 ecclesia
1821 3078 2035 3150 episco-

425 3183 553 3240 pum
602 3168 894 3222 ordiuasse
940 3170 1227 3240 conquesti
1270 3180 1430 3236 sunt;
1479 3181 1535 3225 et
1569 3169 1722 3240 juxta
1773 3169 2030 3226 Nicaenos
2058 3150 2104 3216 (ἶ

430 3271 453 3298 ε
478 3277 716 3318 canones
746 3262 971 3318 ferenda
995 3275 1078 3318 est
1099 3263 1169 3318 de
1201 3265 1292 3319 tali
1327 3267 1682 3332 usurpatione
1733 3267 2025 3320 sententia.

425 3354 649 3414 Illorum
671 3357 836 3412 etiam
859 3359 1268 3430 episcOporum,
1297 3361 1390 3431 qui
1419 3377 1449 3416 a
1479 3360 1677 3418 Ruliuo
1703 3364 1789 3418 vel
1820 3379 1850 3417 a
1875 3363 2032 3420 Mini-

501 3531 526 3559 λ
550 3523 664 3590 Qua
715 3520 926 3576 scilicet
949 3531 1006 3576 et
1029 3522 1344 3578 schismatis
1373 3538 1469 3577 seu
1500 3523 1775 3578 liinreseos
1805 3538 2031 3591 perver-

427 3593 561 3650 sitas
587 3605 640 3647 et
670 3594 956 3646 catholica:
1003 3593 1128 3649 fidei
1177 3595 1448 3649 rectitudo
1477 3595 1924 3660 couiprobcutur.
1973 3603 2031 3648 ut

429 3665 661 3721 tenebras
690 3667 878 3718 erroris
899 3662 993 3719 lux
1012 3666 1240 3720 veritatis
1266 3664 1516 3735 expellat,
1548 3665 1725 3730 inquit
1775 3666 2032 3733 Augusti-

426 3752 532 3792 nus
565 3737 720 3802 epist.
755 3735 846 3796 95,
884 3754 936 3788 ιι.
969 3738 1023 3799 5,
1050 3748 1213 3804 atque,
1243 3739 1483 3792 Ecclesia
1523 3737 1706 3807 potius
1725 3746 2029 3802 correctos,

428 3823 589 3878 quani
622 3822 909 3878 perversos
933 3823 1212 3878 suscipere
1242 3809 1511 3863 videatur.

500 3877 528 3917 δ
558 3878 768 3933 Clarius
796 3877 1098 3947 diceretur,
1135 3897 1198 3933 ne
1226 3881 1459 3951 improba
1490 3880 1757 3951 usurpatio
1789 3877 2032 3932 dissimu-

430 3948 645 4004 latione.

507 4032 528 4059 ε
573 4022 645 4073 Ita
669 4033 770 4077 ms.
803 4017 960 4075 Colb.
996 4020 1086 4075 ubi
1117 4021 1171 4076 in
1204 4022 1366 4075 (.Iorh.
1396 4021 1714 4077 Tholosano.
1747 4021 1843 4075 llic
1873 4037 2032 4076 reco-

429 4091 654 4146 lenilum
684 4101 764 4145 est
796 4091 1074 4164 Toletaiize
1104 4095 1292 4164 synodi
1327 4109 1476 4164 gesm
1509 4107 1848 4161 nequaquam
1874 4095 2029 4160 plena

431 4175 487 4217 et
510 4165 718 4232 integra
750 4161 814 4216 ad
859 4179 957 4216 nos
996 4161 1351 4232 pervenisse;
1383 4167 1478 4217 sed
1523 4179 1712 4218 eorum
1749 4167 2034 4217 dumtaxat

431 4233 755 4304 fragmenta,
785 4238 1085 4301 posteriore
1127 4237 1179 4288 in
1208 4237 1461 4300 concilio,
1489 4247 1643 4300 prout
1671 4245 1799 4288 tunc
1826 4235 2032 4288 condu-

432 4307 615 4369 cehat,
641 4307 896 4366 recitata;
933 4319 1111 4368 neque
1157 4307 1209 4358 in
1245 4308 1344 4360 lioc
1363 4307 1598 4360 concilio
1621 4306 1842 4358 recitata
1869 4319 1992 4359 esse
2013 4345 2029 4370 ,

433 4376 536 4431 nisi
566 4391 688 4444 qua!
737 4377 802 4428 ad
836 4375 1277 4431 Priscilliauistas
1307 4377 1626 4431 attinerent.
1674 4375 1900 4429 Rufinus
1934 4391 2030 4428 au-

2134 1881 2190 1927 et
2215 1872 2512 1927 constituta
2561 1873 2917 1943 placitorum,
2969 1890 2999 1928 a
3047 1877 3434 1932 communione
3464 1879 3752 1935 catholica:

2134 1964 2259 2018 fidei
2306 1980 2404 2035 per
2444 1965 2756 2021 dilectionis
2785 1975 2984 2020 vestrae
3025 1968 3330 2022 sententias
3375 1969 3747 2026 abdicentur:

2134 2067 2193 2112 ut
2213 2057 2326 2128 jam
2355 2074 2462 2112 non
2493 2059 2767 2113 internum
2821 2057 3022 2112 malum
3042 2101 3057 2126 ,
3086 2060 3232 2130 quod
3259 2062 3485 2116 tacitum
3515 2078 3620 2118 non
3652 2064 3750 2119 de-

2133 2155 2263 2209 sinit
2293 2165 2318 2203 8
2345 2170 2587 2224 semper,
2631 2154 2726 2210 sed
2760 2154 3242 2210 scliismaticorum
3292 2156 3581 2212 manifesta
3625 2174 3751 2228 pro-

2133 2246 2302 2302 fessio
2325 2248 2685 2318 contagioque
2711 2233 2938 2303 viietur.
2977 2291 2980 2293 λ

2205 2339 2338 2395 CAP.
2364 2338 2454 2393 ιν.
2483 2340 2626 2395 --7.
2674 2339 3042 2393 Ordinationes
3083 2339 3326 2409 quadam
3367 2353 3551 2396 contra
3592 2359 3750 2399 cano-

2135 2447 2246 2496 nes,
2275 2431 2417 2499 pacis
2445 2446 2568 2503 ergo
2598 2431 2903 2486 tolerandis.
2951 2430 3060 2485 Sed
3097 2431 3339 2503 deinceps
3360 2433 3525 2488 irrita:
3549 2435 3671 2498 sint,
3701 2451 3751 2493 et

2135 2540 2314 2578 earum
2335 2537 2574 2578 auctores
2600 2524 2919 2594 deponendi.
2941 2553 3011 2564 ——
3031 2523 3168 2580 Nam
3195 2526 3264 2580 de
3281 2527 3747 2598 ordinationibus,

2135 2634 2270 2689 quas
2301 2634 2483 2687 prava:
2510 2618 2930 2672 consuetudinis
2955 2619 3088 2674 vitio
3122 2619 3510 2690 Hispanienses
3535 2625 3749 2691 episco-

2135 2727 2235 2782 pos
2261 2711 2546 2766 cclebrare
2573 2713 2981 2782 cognoscimus,
3007 2714 3184 2768 fuerat
3212 2715 3417 2784 aliquid
3447 2718 3747 2775 secundum

2135 2802 2402 2870 majorum
2445 2801 2797 2858 traditionem
2824 2804 3174 2858 statuendum
3201 2847 3216 2872 ,
3244 2807 3344 2859 nisi
3379 2810 3748 2876 perpendere-

2135 2912 2255 2951 mus
2311 2911 2378 2951 ne
2427 2895 2868 2966 perturbationes
2912 2893 2940 2932 ιλ
2977 2912 3138 2966 quam
3192 2899 3458 2968 plurimas
3499 2903 3748 2959 ecclesiis

2137 3006 2505 3046 moveremus.
2538 2991 2778 3057 Quorum
2813 2991 3015 3045 factum
3055 2991 3127 3045 ita
3177 2994 3658 3061 reprehendimus,
3693 3006 3751 3050 ut

2136 3096 2360 3155 propter
2400 3100 2688 3138 numerum
2737 3084 3186 3152 corrigendorum
3217 3101 3315 3150 ea,
3366 3102 3486 3156 quae
3526 3103 3746 3159 quoquo

2137 3179 2302 3232 modo
2324 3179 2477 3236 fl'acta
2508 3187 2631 3233 sunt
2654 3219 2668 3243 ,
2727 3177 2780 3231 in
2815 3177 3039 3231 dubium
3071 3194 3177 3231 non
3220 3193 3502 3242 vocemus,
3530 3181 3624 3234 sed
3655 3180 3750 3236 Dei

2138 3270 2550 3342 potiusjudicio
2580 3269 2939 3324 dimittamus.
2974 3269 3220 3336 Quantos
3243 3271 3388 3324 enim
3418 3287 3488 3326 ex
3523 3273 3626 3340 liis,
3656 3274 3748 3343 qui

2138 3375 2262 3434 post
2281 3372 2565 3434 acceptam
2591 3360 2609 3400 ί
2638 3362 2868 3434 gratiam
2902 3363 2956 3417 in
2980 3362 3180 3419 forensi
3207 3363 3603 3423 exercitatione
3627 3382 3750 3425 ver-

2212 3520 2230 3559 τ
2275 3521 2438 3573 Corb.
2467 3535 2598 3584 ms.,
2620 3519 2708 3589 qui
2729 3520 3008 3589 abnegant.

2210 3602 2234 3640 ε
2275 3591 2430 3658 Apuil
2467 3591 2682 3665 ‘Laliret
2712 3589 3043 3665 Sirm.,_non
3084 3591 3270 3645 desinit
3312 3609 3538 3665 serpere.
3573 3597 3660 3650 tibi
3689 3597 3744 3653 in

2135 3678 2266 3718 mss.
2302 3679 2404 3715 non
2443 3661 2631 3714 desinit
2659 3677 2880 3732 semper,
2907 3661 3046 3732 forte
3078 3676 3195 3727 pro,
3222 3679 3321 3715 non
3345 3661 3408 3717 se
3442 3667 3564 3718 sinit
3608 3685 3744 3722 sent-

2133 3752 2244 3806 per.
2262 3733 2482 3806 Nempe
2509 3731 2856 3806 lunoceutius
2878 3731 3068 3806 nolens
3098 3746 3422 3806 quemquam
3453 3738 3640 3800 quavis
3663 3738 3746 3792 iti-

2137 3801 2276 3859 terui
2302 3803 2428 3858 mali
2458 3803 2785 3871 suspicione,
2837 3801 2931 3854 sed
2979 3808 3184 3854 tantum
3217 3802 3306 3855 ubi
3341 3807 3623 3860 manilrsm
3655 3821 3742 3864 est

2133 3876 2255 3947 ejus
2286 3873 2582 3943 professio,
2637 3872 2829 3938 vitari,
2852 3880 3030 3940 aptant
3063 3871 3324 3947 rationein
3377 3875 3582 3936 reddit,
3616 3880 3742 3943 quia

2137 3943 2340 4002 malunt
2373 3947 2644 3998 internum
2680 3957 2784 3995 nou
2823 3957 3039 4009 semper
3068 3943 3288 3994 tacitum
3315 3956 3405 3997 aut
3435 3947 3579 4002 intus
3607 3965 3738 4004 con-

2136 4018 2294 4073 tineri
2326 4033 2386 4071 se
2416 4015 2575 4080 sinit,
2606 4012 2698 4066 sed
2741 4028 3037 4082 erumpere
3092 4012 3305 4065 tandem
3353 4031 3416 4066 ac
3448 4019 3626 4070 verbis
3654 4031 3747 4074 aut

2133 4091 2304 4160 gestis
2334 4089 2568 4160 prodere
2585 4100 2643 4140 se
2678 4084 2843 4160 solet.
2873 4083 3060 4160 quue
3090 4095 3247 4160 pacto
3276 4100 3444 4160 grave
3470 4098 3625 4142 cavet,
3656 4099 3739 4144 ιη-

2135 4154 2510 4221 commoiluin,
2557 4158 2608 4209 iti
2661 4157 2802 4222 quod
2834 4155 2969 4224 lapsi
3000 4164 3155 4207 erant
3187 4154 3442 4209 ltliaciaui
3481 4161 3744 4212 schisma-

2135 4232 2262 4295 tici,
2302 4246 2396 4284 seu
2428 4229 2519 4298 qui
2549 4241 2736 4298 eorum
2783 4224 3084 4298 hortaruiu
3139 4224 3420 4298 llispanias
3447 4243 3475 4280 a
3511 4229 3743 4288 Maximo

2136 4304 2266 4370 imp.
2297 4301 2364 4352 ad
2410 4295 2786 4370 inquirendos
2817 4295 3275 4370 Pris_Ctl|ia_uiSIas
3307 4299 3466 4370 inissi
3497 4300 3742 4370 fiierani,

2138 4367 2435 4442 de'qiiilius
2478 4370 2751 4442 Sulpicius
2775 4367 2891 4421 hinc
2930 4367 3127 4442 litteris
3157 4367 3473 4422 mandavit:
3506 4368 3618 4423 Nec
3644 4367 3743 4425 du;

433 4455 542 4501 tem
573 4439 639 4499 ex
671 4447 735 4499 iis
767 4447 947 4512 potius
968 4447 1176 4502 exuitit
1195 4448 1487 4516 episcopis.
1510 4449 1577 4500 de
1599 4446 1797 4517 quibus
1827 4445 2030 4500 Patrui-
2057 4451 2111 4512 D
2137 4439 2277 4499 biuin
2303 4452 2436 4501 erat.
2461 4441 2586 4517 quin
2612 4447 2913 4492 sanctorum
2941 4439 3218 4517 ntaa‘intant
3249 4450 3448 4517 partem
3473 4451 3743 4517 tempestas

435 4533 536 4571 nus
567 4518 621 4570 in
657 4520 979 4584 przefatioue
1025 4519 1275 4572 Toletani
1307 4518 1328 4573 l
1379 4520 1595 4573 concilii
1634 4522 1902 4584 queritur,
1933 4517 2026 4586 qui

435 4587 690 4643 videlicet
736 4589 1045 4657 illegitimas
1069 4590 1443 4644 ordinationes
1471 4588 1748 4657 aggres~i,
1781 4603 1842 4642 ea
1883 4589 2032 4642 exei-

436 4668 618 4712 taruut
663 4657 930 4730 scandala.
974 4677 1087 4730 qua:
1109 4677 1267 4728 usque
1291 4660 1360 4712 ad
1399 4659 1622 4713 scliisnta
1673 4661 2028 4730 peruenirent,

438 4745 545 4783 non
578 4746 643 4784 ex
675 4733 740 4782 iis
771 4735 858 4797 qui
883 4729 1223 4784 Priscilliano
1247 4733 1445 4784 aililicti
1472 4729 1705 4784 fuerant.
1734 4729 1875 4783 Ideni
1906 4744 2033 4782 sen-

439 4801 679 4855 tiemlnin
722 4810 777 4854 et
824 4800 892 4853 de
934 4801 1165 4856 Minicio.
1208 4801 1358 4856 Unde
1390 4812 1443 4855 et
1483 4800 2034 4870 gesturuni'l‘uletani

438 4872 648 4926 concilii
681 4885 822 4939 pars,
856 4887 972 4936 quia
995 4875 1059 4925 ad
1081 4874 1202 4928 illos
1229 4873 1514 4936 attinebat,
1541 4873 1799 4942 pratdicto
1830 4871 1880 4925 iti
1904 4887 2033 4926 con-

437 4942 567 4997 Ciliu
600 4944 983 5007 prmlet'missa.

507 5011 533 5050 ἀ
558 5014 723 5068 Sirin.
741 5022 797 5064 et
820 5012 974 5071 Lali.,
998 5015 1300 5068 sacerdotis.
1322 5014 1545 5068 Rectius
1571 5028 1704 5067 mss.
1723 5013 2031 5067 sacerdotes.

439 5083 739 5152 Episcopus
787 5083 1047 5152 ClleISlllli:
1103 5087 1394 5152 pr0viuciie
1452 5086 1584 5138 citra
1639 5086 2036 5138 Illell‘OaIOlllaﬂi

438 5169 766 5211 consensum
813 5154 1055 5210 ordinari
1103 5169 1283 5210 vetant
1333 5157 1619 5210 concilium
1674 5154 2036 5208 inoilii-eunm

441 5241 564 5280 ean.
602 5225 690 5281 12.
717 5224 991 5281 Nicmuum
1022 5243 1142 5281 can.
1165 5228 1266 5281 bet
1294 5228 1350 5290 6,
1373 5226 1770 5281 Auttuclienuni
1799 5239 1922 5283 cati.
1952 5225 2035 5278 l9.

440 5293 578 5352 Vide
602 5309 650 5350 ei
687 5294 1018 5351 Fet-randum
1070 5299 1310 5352 Breviar.
1341 5314 1462 5352 can.
1497 5314 1547 5351 c.
1581 5298 1634 5350 4.
1668 5296 1918 5360 Ειιίδιῡνί
1945 5313 2037 5348 aii-

442 5377 553 5422 tein
579 5368 629 5419 in
651 5366 841 5421 abditis
868 5365 995 5423 locis
1019 5372 1225 5424 creatio
1246 5367 1588 5425 Sat-dicensis
1609 5366 1823 5422 concilii
1846 5366 2042 5421 canoui

445 5439 482 5493 6
510 5438 849 5492 adt/uramur.

519 5519 541 5545 °
577 5508 858 5570 Euin,nui
908 5511 976 5564 ita
1029 5511 1185 5565 fuerit
1219 5511 1523 5572 ordinatus,
1574 5508 1888 5576 episcopum
1920 5521 2044 5562 eSse

445 5595 554 5652 non
580 5581 780 5634 debere
812 5579 1026 5634 Nica-na
1059 5583 1296 5652 synodus
1325 5598 1356 5635 c
1374 5600 1447 5631 ιιι.
1477 5580 1511 5635 6
1531 5580 1794 5633 declarat.
1818 5579 1970 5646 Quod
1992 5588 2047 5631 et

443 5649 845 5705 Auttucltcnum
875 5649 1162 5706 coliciliiiiit
1191 5669 1315 5708 can.
1347 5652 1413 5706 15
1440 5654 1792 5714 (.iiitiliriuans,
1827 5655 2046 5717 insuper

445 5733 500 5775 et
523 5738 574 5775 in
603 5732 874 5791 u.~urpat:e
893 5725 1248 5778 ordinationis
1283 5733 1531 5778 auctores
1555 5722 1912 5792 depositionis
1935 5734 2048 5792 pte-

447 5807 574 5849 nam
597 5793 865 5850 decernit.

824 5887 1097 5948 ΡΑτιιοι..
1138 5887 1287 5949 XX.

2137 4517 2233 4569 illa
2259 4513 2636 4585 depopulatum
2658 4520 2812 4569 esset.
2829 4524 2996 4585 parra
3016 4507 3315 4585 discrimine
3333 4509 3466 4562 inter
3477 4507 3742 4567 hominum

2136 4577 2344 4657 general
2380 4581 2585 4657 Etenim
2615 4591 2721 4633 tum
2761 4577 2886 4632 solis
2924 4577 3088 4657 oculis
3103 4578 3464 4657 judicabatur.
3491 4586 3742 4657 suntquis

2136 4646 2337 4729 pallore
2359 4656 2528 4725 potius
2549 4662 2638 4705 aut
2669 4660 2820 4717 reste,
2854 4665 3006 4719 quam
3038 4646 3159 4717 ﬁde,
3186 4646 3455 4705 haereticus
3479 4646 3744 4708 existinm-

2197 4739 2302 4782 ιιιν.

2137 4745 2354 4852 "ﬁnita
2389 4810 2488 4847 ius.
2513 4791 2679 4865 Cori).
2707 4805 2828 4844 cum
2848 4805 2956 4865 quo
2976 4787 3144 4865 _Colb.
3177 4791 3420 4865 retinens
3450 4807 3601 4865 quain
3625 4795 3744 4865 plu-

2138 4870 2319 4929 rimas,
2370 4864 2550 4917 subdit
2599 4860 3068 4933 ctiamrecrleaias.
3118 4860 3189 4914 At
3219 4859 3400 4933 Sirm._
3430 4859 3742 4933 ειιὶιμιὶιιιίι,

2138 4955 2298 5010 quam
2325 4935 2563 5010 pluritiiis
2594 4932 2839 5010 ecclesiis.
2876 4931 3232 5010 Augustinus
3265 4947 3330 5010 e_o
3369 4930 3586 5010 -Spiril.u
3625 4930 3743 4990 ςιιιίἑ

2140 5001 2344 5066 matus,
2377 5023 2485 5073 quo
2515 5004 2883 5058 Innocentius.
2915 5003 3087 5073 lili._tu
3112 5009 3258 5055 ciiiit.
3283 5001 3456 5070 Epist.
3487 5003 3740 5062 Parineii.

2141 5097 2195 5134 ιι,
2229 5083 2296 5134 14
2317 5070 2516 5132 scribit
2540 5092 2551 5124 :
2582 5075 2713 5146 Cum
2733 5073 2866 5125 idem
2890 5070 3091 5146 inarbus
3121 5073 3368 5146 plurimos
3395 5079 3740 5146 occupat'erit,

2139 5150 2270 5204 nihil
2301 5145 2450 5202 aliud
2473 5145 2619 5198 bonis
2666 5153 2839 5205 restat,
2865 5157 3021 5213 quam
3051 5145 3200 5195 dolor
3238 5156 3284 5196 et
3321 5145 3556 5210 qemituit.
3604 5146 3741 5201 Nam

2142 5232 2292 5286 tunc,
2337 5219 2510 5287 inquit
2544 5217 2704 5278 paulo
2723 5226 2863 5283 post,
2891 5213 3107 5287 consilia
3127 5215 3469 5287 separatiom's
3492 5226 3541 5268 et
3567 5218 3743 5271 inania

2141 5301 2260 5347 sunt
2286 5302 2335 5344 et
2366 5285 2652 5354 perniciosa
2678 5295 2828 5354 atque
2858 5285 3143 5355 sacrilega;
3162 5285 3294 5355 quia
3323 5296 3368 5338 et
3397 5288 3552 5353 impia
3576 5298 3622 5340 et
3649 5304 3744 5339 su-

2141 5362 2296 5435 perba
2341 5362 2496 5430 ﬁunt,
2519 5370 2565 5412 et
2595 5357 2712 5428 plus
2742 5354 3059 5435 perturbiint
3083 5354 3314 5435 infirmos
3364 5357 3540 5435 bonos,
3589 5373 3744 5421 quant

2142 5425 2407 5506 corrigunt
2439 5425 2699 5506 animosps
2722 5425 2908 5481 rit-ilus.
2938 5425 3202 5506 Quocirga
3234 5433 3290 5478 et
3317 5425 3549 5504 subinde
3591 5442 3741 5480 unm.

2148 5505 2236 5567 l6,
2269 5497 2323 5558 ξι
2343 5505 2503 5571 epist.
2533 5501 2605 5552 al.
2629 5497 2720 5562 64,
2753 5515 2893 5571 nunc
2932 5497 3027 5558 22,
3062 5513 3115 5549 ιι.
3139 5497 3195 5571 5,
3222 5510 3381 5571 quain
3411 5497 3750 5571 cirruiii-pe-

2152 5566 2241 5630 cie
2262 5566 2606 5638 corripienda
2632 5571 2702 5622 sit
2726 5569 3017 5621 tnultitudo
3039 5569 3292 5638 explicat.
3322 5566 3748 5638 Quodquauivis

2158 5646 2228 5700 de
2282 5635 2468 5714 populi
2522 5641 2887 5714 multitudine
2910 5639 3127 5706 proprie
3158 5637 3398 5696 dictum,
3429 5635 3747 5714 adonniem

2158 5705 2588 5783 delinquentium
2617 5705 3029 5783 multitudinem
3046 5716 3168 5775 apte
3183 5705 3651 5783 acciiriiiiimletur.

2229 5785 2247 5825 ί
2295 5774 2411 5841 Vox
2443 5782 2704 5854 baptismi,
2733 5793 2858 5850 qua:
2887 5779 2974 5833 liic
3000 5774 3144 5845 apud
3179 5774 3346 5834 Sirut.
3379 5784 3434 5829 et
3453 5775 3584 5833 Lab.
3616 5779 3761 5836 addi-

3395 5869 3470 5930 16
