4344 6174
537 233 638 291 ⁴91

1795 233 1851 294 S.
1891 226 2347 300 INNOCENTIH
2385 223 2592 302 ΡΑΡῶ

3737 231 3846 305 ιω

534 352 637 408 sati
683 355 828 416 sunt,
861 356 918 406 et
962 345 1241 405 obtinendi
1268 355 1295 384 ⁸
1349 346 1706 420 pertinaciam
1757 355 2139 417 susceperunt,
2171 357 2220 426 Α
2245 343 2532 399 servandm.
2565 342 2666 408 Qui
2695 341 2758 396 ab
2789 340 3054 396 ordinibus
3083 340 3315 402 arcendi,
3358 346 3455 392 ι-’
3479 339 3550 404 Et
3593 348 3844 415 quamvis

533 447 774 504 adscitos
803 445 870 502 ad
891 444 1254 499 sacerdotium
1279 456 1403 497 esse
1430 442 1829 512 comperimus!
1855 459 1884 496 c
1914 457 2142 511 quorum

538 553 766 594 numero
796 532 1021 591 Ruﬁnus
1064 543 1121 589 et
1145 532 1440 610 Gregorius
1485 534 1875 606 perhibentur;
1909 543 2143 604 quantos

536 648 607 687 ex
650 631 828 701 aliqua
875 626 1091 692 militia,
1125 627 1217 696 qui
1260 643 1382 686 cum
1426 626 1798 697 potestatibus
1829 627 2140 694 obedirent,

535 721 563 761 ι’
589 722 901 778 necessario
929 733 1200 795 praecepta
1235 732 1368 784 sunt
1398 722 1641 780 exsecuti
1664 722 1678 775 l
1701 731 1933 793 quantos
1961 737 2025 777 ex
2044 738 2141 777 cu-

529 816 778 884 rialibus,
813 816 904 887 qui
937 816 1063 870 dum
1096 827 1292 890 parent
1324 815 1706 890 potestatibus,
1731 830 1856 885 quae
1881 813 1989 870 sibi
2017 824 2144 875 sunt

529 910 794 984 imperata
829 908 1105 964 fecerunt!
1133 918 1367 985 quantos
1395 908 1486 982 qui
1520 908 1827 978 voluptates
1857 918 1911 964 et
1951 907 2143 964 editio-

530 1002 712 1057 tiones
741 1013 762 1040 ο
795 1002 996 1072 popqu
1021 1001 1386 1068 celebrarunt,
1416 1000 1486 1056 ad
1519 987 1780 1060 honorem
1813 1001 2009 1056 summi
2037 1013 2144 1058 .sa-

527 1092 759 1152 ccrdotii
793 1097 1408 1166 pervenisselquorum
1459 1095 1701 1150 omnium
1751 1092 2022 1152 neminem
2073 1105 2142 1154 ne

530 1190 598 1246 ad
627 1191 948 1245 societatem
979 1191 1198 1260 quidem
1223 1189 1431 1244 ordinis
1459 1189 1783 1244 clericorum
1825 1193 2143 1256 Oportuerat

448 1344 460 1358 ,
528 1285 844 1355 pervenire.
891 1284 1021 1352 Quae
1053 1283 1098 1338 si
1145 1284 1355 1355 singula
1408 1281 1747 1340 discutienda
1795 1280 2138 1348 mandemus,

529 1392 640 1432 non
670 1377 913 1431 modicos
940 1385 1119 1431 motus
1143 1385 1235 1430 aut
1265 1373 1516 1430 scandala
1540 1374 1992 1448 Ilispaniensibus
2017 1389 2141 1442 pro-

526 1470 744 1536 vinciis,
774 1469 970 1540 quibus
1025 1469 1233 1524 mederi
1278 1469 1547 1537 cupimus,
1577 1466 1647 1522 de
1673 1467 1853 1521 studio
1879 1465 2139 1521 emenda-

526 1565 696 1621 tionis
747 1564 1086 1618 inducemus.
1139 1563 1348 1618 Idcirco
1398 1559 1726 1617 remittenda
1784 1559 1902 1614 hinc
1962 1559 2139 1628 potius

527 1667 802 1728 putamus.
850 1655 958 1712 Sed
1012 1671 1080 1711 ne
1129 1657 1386 1723 deinceps
1435 1653 1632 1708 similia
1697 1654 2136 1715 committuntur,

2247 436 2528 492 dilectioni
2560 445 2776 502 vestrae,
2812 435 3006 490 fratres
3034 436 3340 504 carissimi,
3377 438 3587 507 regulae
3616 438 3849 500 Nicias:

2243 531 2356 586 sint
2381 531 2638 602 cognitae,
2669 529 2968 586 secundum
3000 544 3136 606 quas
3167 529 3539 585 ordinationes
3570 531 3848 590 faciendas

2246 641 2367 684 esse
2417 641 2517 698 per
2563 625 2891 679 sententiam
2940 623 2958 661 τ
3003 621 3332 690 decernitis;
3382 632 3562 680 tamen
3612 625 3846 695 aliquam

2247 727 2476 790 partem,
2505 733 2626 789 quae
2658 716 2725 772 de
2753 716 3190 774 ordinationibus
3219 727 3302 774 est
3325 718 3568 788 pr0visa,
3601 717 3848 778 inseren-

2244 812 2368 876 dam
2423 812 2628 890 putavi,
2665 821 2690 858 κ
2719 821 2778 869 ut
2825 813 3127 868 secundum
3176 811 3319 868 hanc
3365 813 3744 874 ordinationes
3791 815 3846 874 in

2244 914 2528 976 posterum
2561 905 2947 972 celebrandas,
2979 921 3053 970 ne
3103 907 3192 966 cui
3249 906 3646 977 interpretandi
3690 907 3848 964 aliter

2242 1002 2478 1060 liberum
2507 1001 2790 1058 arbitrium
2821 1003 3182 1074 relinquatur.
3216 1003 3291 1058 Ac
3314 1003 3544 1073 primum
3574 1019 3694 1073 quae
3720 1011 3850 1060 sunt

2244 1095 2517 1166 prohibita
2547 1094 2888 1164 digeruntur.
2931 1093 3009 1150 Ne
3055 1093 3358 1166 quispiam.
3408 1094 3499 1162 qui
3547 1104 3671 1164 post
3715 1095 3848 1166 bapa

2244 1187 2463 1240 tismum
2494 1186 2846 1252 militaverit,
2878 1185 2946 1241 ad
3003 1187 3252 1242 ordinem
3304 1185 3504 1246 debeat
3553 1187 3846 1244 clericmus

2242 1278 2493 1346 admitti;
2529 1293 2704 1349 neque
2721 1279 2813 1348 qui
2832 1294 3026 1338 causas
3054 1289 3176 1349 post
3201 1291 3484 1349 acceptum
3514 1279 3845 1350 baptismum

2241 1372 2484 1443 egerint;
2517 1383 2610 1426 aut
2636 1374 2728 1443 qui
2762 1381 2884 1443 post
2929 1381 3206 1444 acceptam
3253 1371 3350 1428 Dei
3397 1373 3623 1443 gratiam
3671 1372 3847 1428 admi-

2241 1468 2594 1524 nistraverint
2625 1486 2637 1522 :
2671 1482 2846 1538 neque
2875 1467 2942 1524 de
2974 1466 3271 1526 curialibus
3295 1466 3530 1538 aliquem
3555 1468 3746 1522 venire
3775 1467 3843 1524 ad

2241 1562 2675 1618 ecclesiasticum
2704 1562 2951 1622 ordinem
2987 1577 3170 1632 posse,
3210 1561 3300 1632 qui
3350 1571 3471 1632 post
3518 1561 3843 1630 baptismum

2240 1657 2324 1710 vel
2355 1659 2604 1714 coronati
2635 1654 2660 1693 ιι
2691 1654 2912 1718 fuerint.
2951 1656 3041 1712 vel
3069 1655 3431 1716 sacerdotium
3459 1655 3603 1728 quod
3645 1655 3846 1712 dicitur

526 1749 839 1804 dilectionis
880 1758 1076 1804 vestra:
1121 1749 1412 1804 maturitas
1465 1745 1753 1818 providere
1807 1743 2048 1810 debebit,
2079 1753 2138 1798 ut
2168 1749 2641 1816 Bsustintterint,
2693 1758 2747 1806 et
2794 1749 3066 1808 editiones
3121 1749 3365 1818 publicas
3420 1748 3840 1812 celebraverint.

525 1851 692 1899 tanta:
722 1843 1060 1913 usurpationi
1110 1843 1302 1898 saltem
1337 1855 1481 1895 nunc
1513 1840 1637 1896 finis
1666 1841 2005 1896 necessarius
2030 1839 2132 1894 im-

526 1949 761 2008 ponatur
795 1954 808 1990 :
849 1952 914 1991 eo
964 1935 1216 1990 videlicet
1256 1935 1591 2000 constituto,
1617 1930 1645 1969 ἀ
1682 1941 1740 1986 ιιι
1772 1933 1815 1987 si
1868 1932 1958 2001 qui
2013 1940 2134 2000 post

525 2030 644 2086 haec
674 2032 937 2086 adversus
970 2029 1176 2084 formas
1202 2043 1468 2082 canonum
1499 2027 1586 2083 vel
1614 2025 1678 2080 ad
1703 2025 2131 2080 ecclesiasticum

523 2125 797 2191 ordinem,
832 2126 916 2178 vel
952 2123 1017 2176 ad
1054 2126 1226 2192 ipsum
1269 2120 1633 2180 sacerdotium
1672 2120 1864 2173 venire
1890 2126 2135 2172 tentave-

523 2219 658 2282 rint,
694 2232 795 2270 una
827 2231 950 2270 cum
985 2214 1328 2269 creatoribus
1367 2214 1478 2268 suis
1505 2213 1657 2282 ipso,
1696 2212 1750 2266 in
1776 2225 1884 2282 quo
1927 2207 2132 2264 inventi

526 2311 752 2376 fuerint,
775 2310 969 2365 ordine
997 2318 1051 2363 et
1079 2308 1286 2362 honore
1318 2308 1620 2376 priventur.

596 2405 728 2464 Car.
775 2401 838 2458 ν.
893 2431 963 2441 -
1012 2403 1065 2458 8.
1111 2399 1346 2470 Gregorii
1373 2397 1596 2456 Emerit.
1625 2396 1834 2469 querela
1862 2397 2128 2451 audiatur.

524 2499 878 2556 -—GBEGORII
910 2497 1073 2552 etiam
1110 2495 1468 2550 Emeritensis
1499 2491 1768 2564 episcopi,
1815 2490 1905 2561 qui
1946 2490 1998 2549 in
2047 2490 2128 2546 lo-

523 2607 645 2647 cum
679 2587 944 2644 Psruuuvt
969 2599 991 2625 υ
1017 2585 1344 2641 venerabilis
1377 2582 1774 2642 recordatiimis
1803 2571 1886 2636 est
1913 2581 2129 2634 ordina-

522 2691 633 2748 tus,
657 2681 902 2752 querela,
933 2681 975 2734 si
1008 2695 1112 2750 qua
1143 2687 1246 2742 est,
1281 2675 1531 2730 audiatur
1559 2692 1572 2728 :
1603 2683 1658 2730 et
1684 2674 1728 2729 si
1754 2684 1941 2728 contra
1969 2673 2132 2727 ineri-

522 2785 638 2833 tum
669 2792 825 2832 suum
857 2788 1048 2844 passus
1078 2782 1162 2827 est
1198 2770 1452 2841 injuriam
1479 2811 1494 2835 ,
1551 2769 1602 2824 in
1649 2768 1858 2822 inv-idos
1907 2767 2130 2824 honoris

520 2869 748 2924 alterius
781 2867 1129 2919 vindicetur:
1165 2877 1266 2917 nec
1297 2861 1524 2929 posthac
1565 2860 1617 2914 in
1661 2875 1986 2931 quemquam
2031 2859 2127 2912 bo-

456 2944 462 2951 ’
521 2978 718 3020 norum
747 2961 973 3031 spiritus
1003 2957 1256 3013 factionis
1285 2956 1547 3024 insurgat.

594 3061 724 3118 Car.
771 3055 860 3112 Vl.
889 3084 959 3096 —
989 3053 1042 3108 9.
1101 3050 1333 3106 Nicwnar
1378 3049 1570 3123 regqu
1613 3049 1665 3102 in
1717 3048 2128 3104 ordinationibus

2238 1842 2371 1896 Nam
2401 1854 2454 1898 et
2487 1843 2587 1900 hoc
2618 1841 2686 1897 de
2724 1843 3021 1896 curialibus
3064 1853 3150 1896 est
3185 1840 3485 1896 cavendum
3509 1882 3523 1906 ,
3572 1856 3638 1896 ne
3681 1841 3842 1900 iidem

2237 1936 2326 2004 qui
2375 1949 2441 1989 ex
2485 1935 2778 1990 curialibus
2830 1935 3062 2001 fuerint,
3113 1934 3407 2002 aliquando
3435 1949 3463 1988 a
3496 1934 3610 1990 suis
3636 1934 3840 1998 curiis,

2236 2026 2379 2100 quod
2411 2026 2722 2098 frequenter
2742 2028 2990 2083 videmus
3013 2027 3282 2090 accidere,
3309 2038 3686 2097 reposcuntur.
3711 2025 3842 2094 Qua:

2238 2120 2420 2174 omnia
2451 2119 2847 2176 rationabiliter
2878 2119 3148 2189 prohibita
3180 2127 3400 2196 oportet
3449 2117 3625 2174 modis
3666 2120 3841 2176 omni-

2238 2213 2339 2268 bus
2366 2213 2647 2268 custodiri.

2313 2307 2400 2364 IO.
2448 2309 2547 2380 Qui
2589 2307 2835 2377 eligendi.
2889 2307 3123 2368 (latorum
3153 2308 3466 2380 baptismum
3489 2325 3595 2368 non
3621 2309 3838 2366 aboleri.

2236 2430 2308 2442 —
2329 2400 2529 2469 Quales
2563 2417 2695 2456 vero
2715 2402 2956 2473 eligendi
3005 2404 3116 2460 sint
3156 2403 3212 2460 in
3259 2403 3451 2460 ordine
3478 2403 3798 2460 clericorum
3819 2445 3838 2472 ,

2237 2496 2462 2556 evidens
2492 2495 2661 2552 forma
2693 2495 2936 2554 declarat
2962 2514 2974 2550 :
3004 2496 3054 2552 id
3079 2507 3186 2562 est,
3215 2497 3304 2568 qui
3337 2496 3406 2554 ab
3433 2499 3658 2556 ineunte
3677 2506 3844 2557 aetate

2236 2589 2498 2660 baptizati
2529 2589 2768 2657 fuerint.
2800 2598 2855 2645 et
2887 2589 2902 2628 ί
2937 2591 3202 2650 lectorum
3252 2590 3432 2652 officio
3479 2593 3712 2658 sociati;
3755 2593 3842 2649 vel

2237 2683 2282 2740 si
2313 2683 2545 2752 majores
2574 2683 2705 2746 sint.
2731 2700 2852 2744 cum
2891 2683 3094 2740 fuerint
3124 2685 3219 2744 Dei
3259 2684 3491 2756 gratiam
3533 2687 3839 2753 consecuti.

2237 2779 2418 2832 statim
2447 2793 2506 2832 se
2527 2777 2921 2834 ecclesiasticis
2950 2777 3233 2836 ordinibus
3259 2779 3642 2849 manciparint.
3689 2780 3755 2834 Et
3791 2780 3840 2837 si

2239 2883 2443 2924 uxores
2473 2868 2789 2936 habuerint,
2821 2869 3176 2939 quaerendum
3221 2871 3266 2924 si
3307 2886 3532 2926 uxorem
3574 2873 3838 2941 virginem

2237 2962 2547 3029 acceperint
2577 2980 2587 3016 :
2622 2961 2744 3032 quia
2777 2960 3037 3032 scriptum
3071 2971 3158 3017 est
3188 2965 3239 3020 in
3263 2966 3433 3019 veteri
3462 2964 3837 3033 Testamento,

2242 3051 2467 3114 Uxorem
2509 3054 2758 3126 virginem
2805 3055 3029 3124 accipiat
3072 3055 3315 3118 ραεενάοδ
3348 3054 3540 3128 (ιενίι-
3575 3073 3691 3122 Περ
3725 3058 3838 3128 1⁵)ιῑ

515 3208 629 3268 tur,
659 3205 836 3252 cxsm
858 3194 1078 3268 quidem
1103 3191 1158 3244 in
1177 3192 1476 3268 declinatis
1495 3189 1742 3268 epistolae
1761 3190 2129 3268 liiijiis_exem-
2149 3193 2200 3254 ‘C
2235 3192 2913 3268 summai-iunicapituium
2943 3192 3269 3268 Innocentii
3297 3193 3576 3268 explicans
3609 3201 3835 3249 textum.

517 3261 788 3342 pluribus.
817 3267 912 3320 sed
939 3268 992 3318 in
1019 3265 1247 3330 integris
1293 3262 1576 3342 retinetur.
1618 3262 1902 3328 Quomodo
1925 3261 1979 3314 in
2013 3265 2130 3342 epi-

520 3334 658 3396 stola
689 3339 957 3406 superiori
993 3352 1046 3388 n.
1073 3339 1128 3396 5,
1157 3344 1268 3405 post
1295 3334 1651 3406 remissionem
1677 3344 2020 3406 peccatorum.
2053 3335 2125 3387 ita

519 3426 666 3466 nunc
710 3403 823 3482 post
867 3418 1133 3487 acceptum
1158 3403 1414 3487 'gratli‘am:
1455 3403 1596 3456 idem
1626 3405 1970 3487 sonat‘qnod
2004 3415 2130 3471 post

515 3473 801 3548 acceptum
853 3473 1460 3548 baptismum,Gratia:
1513 3475 1736 3548 nomine
1791 3474 2126 3548 baptismum

516 3543 722 3623 pariter
747 3543 1134 3623 designat_l.eo
1159 3547 1319 3623 epist.
1346 3547 1519 3623 18_._n.
1553 3543 1608 3623 4,
1633 3545 1724 3599 ubi
1749 3546 1974 3623 scribit:
2003 3543 2128 3617 Ipsa

515 3614 675 3708 igitur
704 3614 881 3708 operis
901 3618 1127 3708 qualitas
1156 3614 1301 3698 docet
1331 3614 2130 3708 ςὶειεὺναητιωιρεῃςγαιὲιες,ητα-

521 3688 640 3767 ιῖατ(
661 3688 779 3767 loc-To
794 3688 1085 3767 celebrandi
1107 3688 1368 3767 baptist
1387 3702 1500 3740 eum
1518 3700 1634 3740 esse.
1656 3688 1942 3767 legitimqu
1966 3688 2121 3755 diem,

516 3759 874 3837 quo'scilicet
908 3759 1465 3837 C_liristus_'_sepultus
1515 3761 1836 3837 resurrexit.
1891 3759 2124 3837 linrstltn

517 3825 657 3893 infra
682 3833 1038 3890 Innocentius
1062 3847 1115 3884 η.
1153 3831 1242 3894 il,
1268 3825 1408 3884 sicut
1433 3839 1488 3883 et
1508 3825 1815 3901 Cyprianus
1843 3832 2006 3895 epist.
2030 3830 2120 3899 '76,

515 3909 586 3963 ad
624 3909 872 3977 “agnum
898 3948 911 3967 ,
942 3914 998 3957 et
1031 3904 1290 3977 Damasus
1321 3903 1482 3970 epist.
1517 3899 1569 3962 9,
1609 3917 1664 3953 n.
1705 3904 1764 3967 l,
1799 3901 2125 3977 baptismum

559 3969 741 4032 ratium
759 3977 854 4031 Dei
881 3980 1094 4028 vocant.
1143 3969 1290 4026 Idem
1322 3969 1724 4026 sacramentum
1768 3972 1912 4035 aliis,
1956 3975 2124 4027 immo

549 4050 841 4104 nnoceutio
879 4046 980 4114 ipsi
1024 4044 1257 4114 gratiam,
1279 4039 1470 4096 Christi
1503 4052 1552 4096 et
1587 4044 1774 4114 gratia:
1817 4039 2127 4098 Christiana:

520 4113 1208 4184 sacramentumappellare
1238 4113 1507 4168 familiare
1530 4113 1632 4166 est.

597 4203 621 4229 ιι
667 4192 766 4246 Hic
798 4188 972 4242 notari
1009 4186 1265 4240 videntur
1295 4194 1508 4238 actores
1533 4198 1844 4250 causarum,
1875 4185 1966 4256 qui
1993 4185 2126 4241 licet

522 4264 739 4334 iniquas
767 4259 1041 4334 interdum
1075 4256 1408 4334 suscipiant,
1441 4265 1747 4334 castamen
1791 4257 2122 4326 eloquentia:

520 4337 572 4390 vi
603 4326 664 4389 ac
696 4330 958 4404 pertinaci
988 4328 1168 4383 studio
1197 4327 1448 4404 obtinere
1477 4326 1741 4404 nituntur.

596 4405 621 4444 ι)
663 4396 719 4458 In
777 4404 984 4471 aliquot
1027 4397 1438 4471 exemplaribus
1481 4396 1567 4471 hic
1617 4396 1873 4466 adjicitur
1913 4414 2119 4466 severa;

519 4476 666 4546 quod
697 4491 724 4528 a
755 4462 1146 4528 sinc'erioribus
1178 4462 1587 4546 a'licst._Eadein
1621 4462 1831 4522 raiione
1863 4484 2008 4546 nunc
2039 4462 2121 4524 dil-

521 4539 680 4606 éitur.
715 4553 966 4612 praecepta
991 4539 1388 4612 suntexsecuti,
1422 4553 1528 4612 qua
1563 4551 1850 4612 mox,qute
1869 4541 1967 4593 sibi
1999 4550 2120 4594 sunt

518 4609 775 4685 imperata
803 4619 1052 4687 fecerunt.
1087 4610 1330 4687 Utroque
1359 4609 1411 4662 in
1453 4609 1818 4687 loco_mi|iti:c
1855 4620 1910 4664 et
1954 4614 2122 4666 curiae

520 4681 838 4751 adstrictos,
868 4686 932 4739 ad
959 4698 1022 4738 ea
1041 4683 1258 4751 agenda
1302 4696 1421 4751 qua:
1471 4681 1695 4751 aﬂclero
1742 4695 1836 4733 eos
1877 4692 2118 4750 arceant,

519 4763 638 4831 cogi
689 4749 869 4831 solere
904 4749 1284 4831 significatur:-
1314 4749 1468 4820 Apud
1504 4750 1822 4831 antiatium
1855 4751 1994 4831 dist._
2027 4753 2118 4819 51,

517 4820 676 4894 (κυῶ,
715 4820 1022 4884 Toletani!
1069 4821 1286 4876 concilii
1340 4836 1512 4894 cation
1561 4820 1595 4875 8
1637 4823 1706 4874 ita
1760 4823 2122 4894 interpolatus

520 4890 856 4957 exhibetur:
908 4895 968 4950 Si
1012 4897 1127 4963 quis
1175 4903 1286 4964 post
1334 4893 1643 4964 baptismum
1692 4890 2013 4959 militareﬁt,
2074 4907 2122 4950 et

519 4970 841 5040 chlamydem
860 4962 1137 5040 sumpSeril
1157 4962 1245 5040 aut
1275 4962 1552 5040 cingulum
1570 4962 1638 5015 uti
1657 4964 1914 5040 necandos
1929 4965 2120 5040 ﬁdeles

521 5043 648 5114 (tria
682 5034 952 5114 postrema
994 5036 1161 5114 verba
1204 5036 1255 5088 in
1303 5034 1554 5114 rI_‘oletani
1593 5035 1809 5114 concilii
1842 5036 2120 5114 codicibus

521 5106 629 5168 non
660 5106 922 5171 exstant),
957 5107 1155 5160 etiamsi
1200 5106 1436 5174 graviora
1485 5122 1586 5158 non
1631 5106 1926 5172 admiserit,
1977 5109 2020 5160 si
2051 5112 2118 5162 ad

518 5185 710 5240 clerum
742 5179 1000 5234 admissus
1029 5175 1368 5252 fui_t,diac‘oni
1392 5189 1504 5252 non
1521 5176 1770 5252 suscipiat
1794 5177 2115 5252 dignitatem.

519 5256 724 5310 Eadem
769 5263 947 5306 autem
981 5250 1330 5318 priejlttlicnla
1361 5246 1567 5318 opinio,
1598 5259 1718 5315 qua:
1758 5246 1917 5316 httj'us
1955 5265 2118 5302 cano.

520 5330 606 5381 nis
633 5317 1044 5389 interpolationi
1078 5323 1254 5389 locum
1284 5318 1458 5380 dedit,
1492 5317 1656 5389 etiam
1684 5328 1745 5372 u’t
1791 5318 1877 5372 hic
1909 5335 2009 5374 vox
2040 5336 2121 5376 se—

518 5413 637 5452 vera
669 5388 1018 5464 adjiCerctur,
1052 5388 1267 5464 videtur
1288 5392 1348 5464 in
1382 5399 1544 5464 causa
1576 5388 1770 5464 fuisse.

593 5478 617 5508 ο
659 5458 752 5522 Εί
774 5465 1003 5537 epistola
1033 5460 1324 5530 superiori,
1360 5477 1413 5513 η.
1443 5458 1529 5524 15,
1556 5459 1746 5528 supple
1777 5458 2018 5512 ludorum
2041 5461 2120 5514 vel

518 5554 811 5592 munerum.

587 5608 612 5645 ι¹
655 5610 710 5662 In
745 5602 1150 5674 exemplaribus
1178 5598 1320 5674 Isid.
1370 5599 1455 5653 hic
1485 5597 1766 5674 adjicitur,
1796 5609 1848 5652 ut
1880 5604 2115 5674 quicum-

509 5696 609 5747 que
638 5677 766 5733 tales
797 5670 1020 5747 ordinati
1053 5671 1267 5744 fuerint,
1312 5670 1847 5747 cum_or_t_linatoribus
1877 5673 1985 5747 suis
2026 5673 2114 5725 de-

515 5741 775 5819 ponantur
800 5764 817 5802 :
843 5745 989 5818 quod
1019 5741 1229 5798 merum
1261 5751 1339 5798 (εει
1375 5741 1625 5798 scliolion
1671 5742 1971 5814 nrarginale
2019 5758 2113 5799 seu

2235 3264 2293 3317 In
2327 3263 2519 3316 iisdem
2555 3263 2710 3317 libris
2740 3279 2864 3318 mox
2899 3281 2998 3334 pro
3023 3264 3343 3320 aectoribus
3361 3267 3720 3320 substitutum
3754 3276 3839 3322 est

2234 3334 2642 3390 ordinutoribus.

2309 3407 2330 3439 δ
2372 3403 2472 3477 Qui
2507 3403 2820 3459 l’atruinnm
2844 3449 2858 3468 ,
2905 3406 3058 3476 cujus
3093 3409 3143 3460 in
3189 3403 3510 3477 prolatione
3541 3403 3786 3462 Toletani
3820 3426 3835 3464 ι

2233 3476 2457 3550 concilii
2506 3492 2700 3550 numici:
2742 3479 2961 3546 legitur,
3010 3476 3210 3549 quique
3241 3480 3416 3550 eidem
3462 3477 3671 3550 primus
3713 3479 3838 3533 sub-

2231 3547 2481 3614 scripsit,
2523 3547 2566 3599 Τ
2572 3547 2847 3601 σῐθίςηιυιη
2901 3547 3219 3618 cpiscmium
3257 3547 3506 3603 arbitrati
3533 3561 3686 3616 sum,
3735 3551 3837 3605 hoc

2231 3617 2352 3689 loco
2383 3618 2764 3672 emendantur.
2793 3617 3103 3689 Gregorius
3149 3634 3276 3674 vero
3323 3634 3696 3682 successorem
3743 3621 3837 3674 lia-

2232 3688 2414 3744 buisse
2443 3692 2656 3743 videtur
2684 3688 3038 3754 Antoninum,
3065 3706 3224 3760 quem
3256 3691 3468 3745 Iducins
3489 3689 3836 3747 inChronicn

2231 3760 2433 3829 olymp.
2469 3759 2592 3819 306.
2621 3778 2673 3813 n.
2702 3761 2796 3824 2i,
2833 3762 3230 3817 Emeritensem
3263 3765 3548 3817 ecclesiam
3586 3780 3657 3816 eo
3699 3775 3834 3817 tom-

2231 3847 2384 3899 pore,
2428 3831 2835 3903 quorTuribius
2877 3834 3302 3902 Asturiccnsem,
3353 3834 3462 3889 hoc
3509 3845 3592 3888 εει
3636 3833 3835 3890 Leonis

2230 3911 2414 3963 ailate.
2448 3902 2656 3958 rexisse
2687 3905 2870 3958 tradit.

2307 3973 2346 4045 f7
2367 3973 2656 4039 Nimirum,
2689 3977 2764 4028 uti
2792 3984 2912 4045 post
2933 3975 3282 4031 Sirmondum
3329 3976 3380 4030 in
3413 3976 3616 4032 Monito
3649 3976 3835 4030 obser-

2229 4044 2496 4118 vavimus,
2525 4044 3215 4118 Patruino'prmloquente,
3265 4047 3320 4101 in
3371 4049 3541 4118 ipsius
3582 4047 3831 4103 Toletani

2229 4117 2446 4170 concilii
2480 4115 2824 4185 pra-latione.

2303 4197 2328 4234 κ
2362 4188 2645 4240 Orationis
2687 4190 2866 4243 series
2909 4188 2998 4243 hic
3046 4189 3287 4258 postulat
3333 4199 3379 4242 et
3423 4189 3727 4242 secundum.
3767 4189 3834 4244 Et

2227 4258 2449 4330 quidem
2483 4259 2806 4328 antiquariis
2833 4271 2888 4313 ut
2918 4275 3015 4328 pro
3046 4272 3114 4326 et,
3164 4276 3227 4315 ac
3269 4259 3514 4314 vicissim
3548 4271 3594 4314 et
3623 4277 3719 4330 pro
3754 4272 3830 4328 ut,

2226 4328 2488 4400 frequens
2516 4331 2737 4400 excidit.
2774 4331 2941 4387 Vetus
2973 4343 3060 4387 est
3101 4331 3188 4386 hic
3227 4333 3434 4400 lapsus,
3465 4328 3635 4400 quem
3660 4348 3835 4386 resar-

2227 4401 2342 4472 cire
2374 4402 2562 4472 volens
2587 4399 2831 4456 Isidorus
2859 4403 3021 4458 Merc.
3060 4412 3180 4472 post
3210 4399 3435 4458 verbum
3476 4399 3829 4468 celebrandas,

2227 4471 2437 4543 addidit
2484 4487 2592 4525 esse
2638 4475 2880 4527 sciamus.
2931 4475 3014 4528 Ex
3064 4471 3187 4542 ejus
3233 4473 3638 4543 exemplaribus
3688 4475 3829 4529 idem

2228 4542 2662 4596 additamentum
2695 4546 3019 4599 translatum
3052 4557 3133 4599 est
3171 4547 3226 4598 in
3268 4542 3684 4600 Noviomcnsem
3718 4547 3832 4599 col-

2230 4614 2478 4667 lectionis
2509 4614 2763 4680 Hispana:
2793 4615 3063 4682 codicem,
3099 4631 3204 4671 non
3238 4617 3290 4670 in
3323 4615 3687 4670 Laudunense
3719 4617 3833 4671 col-

2230 4685 2482 4755 lectionis
2506 4684 2749 4754 ejusdem
2777 4687 3112 4755 exemplum.

2303 4753 2330 4791 ιι
2369 4754 2427 4809 in
2473 4756 2553 4828 iis,
2589 4756 2799 4812 scilicet
2843 4753 3286 4813 Soleninitatibus
3311 4800 3324 4824 ,
3374 4771 3494 4828 qua:
3542 4755 3611 4811 de
3642 4760 3833 4828 gentili

2227 4826 2332 4899 ritu
2377 4826 2704 4899 manabant,
2761 4839 2814 4882 et
2859 4830 2910 4882 in
2961 4830 3154 4899 quibus
3195 4826 3542 4897 magistratus
3575 4826 3834 4884 sacerdo—

2225 4898 2358 4971 tium
2391 4897 2700 4971 dromonum
2736 4899 2907 4953 cultui
2945 4897 3198 4971 dicatum
3228 4908 3653 4971 repraesentare
3671 4917 3833 4971 coge.

2227 4967 2448 5022 bantur.
2478 4968 2597 5034 Qtto
2625 4979 2834 5038 spectat
2857 4971 2990 5023 illud
3019 4967 3338 5024 Tertulliani
3373 4971 3467 5024 lib.
3511 4971 3578 5023 de
3617 4967 3830 5026 Corona

2228 5053 2279 5094 c.
2317 5039 2420 5093 10:
2457 5037 2892 5113 Habeshomnium
2933 5040 3269 5113 collegiorum
3313 5040 3715 5094 sacerdotalium
3745 5059 3832 5096 co-

2230 5125 2391 5182 ronas
2433 5111 2575 5182 apud
2623 5109 2901 5165 Claudium
2928 5128 2946 5165 :
2970 5109 3125 5180 Cujus
3152 5114 3430 5182 nimirum
3459 5153 3473 5177 ,
3522 5124 3577 5165 ut
3628 5114 3829 5168 ibidem

2225 5193 2347 5248 cap.
2381 5181 2413 5234 7
2449 5179 2806 5248 memoratur,
2841 5179 3089 5237 eXStabat
3124 5181 3188 5235 de
3218 5179 3432 5236 Coronis
3475 5182 3604 5237 liber
3643 5194 3689 5238 et
3721 5187 3828 5237 ori-

2225 5251 2369 5322 gines
2394 5263 2439 5303 et
2466 5267 2648 5306 causas
2678 5264 2722 5305 et
2745 5255 2940 5321 species
2971 5264 3017 5308 et
3047 5252 3394 5307 solemnitates
3421 5269 3593 5307 earnm
3618 5254 3828 5310 docens.

2307 5321 2320 5358 ί
2345 5323 2503 5396 Lai).,
2534 5335 2578 5376 et
2599 5322 2882 5396 electorum
2924 5323 3102 5396 ofﬁcio
3118 5325 3348 5392 deputati
3373 5340 3392 5379 .°
3422 5327 3742 5379 emendatur
3763 5342 3831 5380 ex

2225 5393 2347 5466 aliis
2378 5394 2558 5466 libris.
2596 5394 2662 5449 Et
2687 5412 2874 5450 eorum
2905 5393 3124 5466 quidem
3157 5397 3320 5450 lectio
3345 5397 3705 5466 conﬁrmatur
3741 5397 3830 5450 hic

2228 5461 2408 5518 Siricii
2439 5465 2600 5534 epist.
2633 5481 2649 5519 ι
2677 5507 2691 5531 ,
2737 5483 2790 5520 n.
2820 5467 2888 5521 I3
2912 5461 2936 5522 ε’
2958 5467 3274 5534 Quicumque
3311 5483 3364 5520 se
3406 5465 3657 5520 Ecclesitv
3696 5468 3830 5520 vovit

2229 5534 2484 5603 obsequiis
2539 5537 2602 5589 ab
2648 5538 2873 5608 infantia
2913 5555 3079 5593 sua...
3130 5553 3420 5592 Lucronuu
3462 5537 3610 5606 debet
3651 5539 3827 5607 officio

2223 5617 2428 5660 socrum
2449 5619 2533 5680 ,et
2564 5623 2716 5662 num.
2743 5609 2808 5662 H
2835 5627 2847 5661 :
2875 5609 2977 5673 Qui
2998 5623 3117 5662 vero
3137 5609 3251 5680 iam
3271 5617 3423 5662 artato
3447 5611 3822 5680 grandtevus...

2224 5690 2282 5728 eo
2309 5692 2409 5745 quo
2441 5677 2731 5747 baptizatur
2758 5690 2980 5752 tempore
3016 5682 3191 5733 statim
3234 5677 3483 5734 lectorum
3511 5690 3602 5734 aut
3630 5680 3827 5735 excrci-

2222 5754 2420 5801 starum
2448 5764 2661 5804 numero
2693 5764 2976 5806 socru'run.
