4210 6190
479 269 585 330 49¹1

1695 279 2062 341 121⁵15⁸1⁸0ιῶ
2107 282 2194 341 ET
2237 282 2582 344 DECRETA.

3675 297 3783 358 498

473 399 744 492 purgatos
774 392 878 451 sibi
907 393 1185 452 vindicent
1215 396 1397 492 divina
1430 406 1457 438 ι
1485 400 1782 459 ministeria
1818 404 1873 478 (1
1904 402 2075 459 Para-
2102 416 2157 476 Α
2180 406 2366 476 spiritu
2399 406 2574 481 (Rom.
2601 425 2714 477 vni,
2745 410 2802 484 9)
2827 430 2841 468 :
2875 410 2979 469 et’d
3004 413 3274 472 habentem
3297 417 3434 487 ﬁlios
3462 417 3508 492 (1
3538 418 3672 476 Tim.
3696 381 3779 490 ui,

473 482 568 554 lip.
604 485 792 556 xxiv):
846 503 1024 557 neque
1068 503 1164 544 eos
1193 489 1258 544 ad
1309 492 1578 549 sacrificia
1627 495 1707 550 fas
1736 498 1810 551 sit
1838 498 2071 566 admitti,

471 578 562 647 qui
586 589 846 636 exercent
865 582 947 637 vel
976 597 1098 638 cuin
1127 600 1302 641 uxore
1323 589 1544 644 carnale
1566 591 1923 661 consortium,
1948 594 2074 663 quia

470 673 734 736 scriptum
764 684 887 731 est:
924 675 1112 733 Sancti
1137 688 1320 749 estote,
1368 684 1489 752 quia
1515 693 1563 738 et
1591 701 1686 758 ego
1715 695 1926 740 sanctus
1957 703 2072 741 sum

469 761 728 821 Dominus
759 766 896 823 Deus
925 781 1083 826 vester
1110 771 1300 844 (Leuit.
1326 791 1402 843 XI,
1429 776 1522 840 4t,
1551 788 1602 831 et
1635 795 1722 846 sx,
1758 780 1835 851 7).
1863 780 2074 848 Quibus

469 856 675 928 utique,
727 875 954 931 pr0pter
1007 864 1214 921 sobolis
1254 871 1684 937 successimiem,
1718 870 1746 910 ι)
1780 886 2069 943 propterea

467 951 696 1006 uxorius
733 968 862 1009 usus
894 955 1072 1013 fuerat
1101 961 1406 1027 relaxatus,
1434 968 1559 1033 quia
1592 981 1658 1020 ex
1689 967 1792 1021 alia
1831 968 1972 1022 tribu
2001 969 2068 1024 ad

466 1043 836 1101 sacerdotium
854 1049 1224 1108 nullusfucrat
1246 1066 1545 1125 przeceptus
1562 1059 1846 1121 accedere.
1865 1070 2067 1129 quanto

467 1135 640 1204 magis
667 1135 901 1208 (Confer.
931 1143 1114 1196 concil.
1152 1143 1350 1202 Tui-on.
1381 1163 1418 1213 ι,
1450 1165 1540 1204 an.
1572 1149 1698 1220 461,
1725 1167 1771 1204 c.
1799 1151 1852 1224 l)
1896 1153 1949 1207 hi
1982 1168 2070 1208 sa-

464 1227 719 1282 cerdotes
742 1229 828 1284 vel
879 1230 1063 1288 levita:
1106 1235 1422 1304 pudicitiam
1455 1254 1527 1295 ex
1576 1242 1666 1297 die
1706 1245 2068 1303 ordinationis

462 1331 575 1372 sua:
602 1335 825 1378 servare
851 1323 1077 1393 debent,
1102 1329 1303 1398 quibus
1325 1331 1408 1386 vel
1437 1334 1827 1403 sacerdotium,
1855 1338 1937 1393 vel
1967 1339 2068 1393 iiii-

463 1410 753 1468 nisterium
783 1416 903 1472 sine
954 1422 1307 1477 successione
1353 1431 1459 1490 est,
1491 1440 1592 1481 nec
1637 1430 1878 1496 pra-terit
1922 1431 2062 1498 dies,

461 1519 567 1575 qua
598 1508 685 1563 vel
713 1524 745 1565 a
775 1511 1061 1568 sacrificiis
1089 1515 1309 1579 divinis,
1339 1518 1425 1572 vel
1454 1535 1481 1572 a
1515 1521 1855 1590 baptismatis
1882 1523 2065 1580 officio

464 1603 695 1656 Vacent!
726 1602 858 1658 Nam
889 1607 932 1660 si
967 1606 1167 1664 Paulus
1195 1609 1260 1664 ad
1287 1611 1604 1670 Corinthios
1629 1619 1823 1671 scribit
1847 1618 2060 1687 dicens,

459 1689 726 1749 Abstinete
753 1711 840 1751 vos
870 1699 940 1752 ad
969 1707 1190 1772 tempus,
1224 1715 1278 1757 ut
1306 1707 1496 1759 vacetis
1526 1709 1748 1763 orationi
1781 1710 1822 1782 (Ι
1857 1709 2057 1766 Corint.

2177 500 2256 568 4),
2291 516 2396 556 non
2429 514 2802 571 generantem,
2826 507 2990 562 dixit.

2246 596 2300 649 4.
2331 595 2434 651 Sed
2477 613 2538 651 ea
2572 599 2732 667 plane
2781 599 2967 668 dispar
3013 611 3067 656 et
3101 611 3123 638 °
3156 602 3325 657 divisa
3361 605 3633 661 sententia
3667 615 3778 665 est.

2174 686 2307 742 Nam
2341 691 2385 742 si
2415 689 2479 742 ad
2510 693 2722 761 aliquos
2767 691 2940 746 forma
2974 694 3064 748 illa
3095 695 3492 754 ecclesiastica:
3521 699 3645 753 vitae
3675 715 3777 769 pa-

2173 780 2308 834 riter
2348 791 2399 834 ιιι
2427 781 2749 852 ὠςιιίρεὶηειι,
2783 800 2903 855 quze
2933 787 3000 840 ab
3029 789 3290 855 eni~copo
3318 789 3521 843 Siricio
3549 791 3617 844 ad
3651 808 3780 862 pro-

2171 871 2380 925 vincias
2426 876 2778 934 eotnmeavit.
2814 891 2918 929 non
2953 878 3276 946 probabi'ur
3307 882 3643 945 pervenisse,
3696 884 3781 938 bis

2173 962 2531 1032 ignorationis
2560 969 2713 1019 venia
2746 967 3076 1026 remittetur.
3100 970 3169 1022 ita
3201 979 3258 1024 ut
3289 971 3359 1027 de
3388 985 3587 1027 caetero
3620 972 3779 1041 peni-

2172 1067 2256 1112 tus
2277 1060 2539 1130 incipiant
2567 1063 2864 1119 abstinere.
2897 1063 2963 1118 Et
2989 1065 3058 1119 ita
3085 1068 3285 1136 gradus
3313 1081 3466 1129 suos,
3503 1069 3555 1122 in
3577 1068 3780 1138 quibus

2169 1150 2376 1207 inventi
2425 1153 2642 1221 fuerint,
2692 1158 2772 1210 sic
2804 1167 3102 1214 rcteutenl.
3140 1167 3198 1212 nt
3243 1160 3324 1214 eis
3355 1175 3464 1214 non
3516 1161 3676 1216 liceat
3706 1162 3778 1218 ad

2169 1248 2378 1316 potiora
2406 1251 2799 1304 conscendere.
2824 1251 3036 1319 Quibus
3059 1252 3113 1307 in
3141 1253 3409 1307 beneficio
3437 1269 3560 1311 esse
3588 1255 3774 1322 debet,

2168 1340 2312 1409 quod
2349 1342 2495 1395 hunc
2527 1343 2700 1411 ipsum
2734 1343 2934 1410 locum,
2965 1361 3127 1414 quem
3162 1347 3423 1411 retinent,
3461 1364 3566 1401 non
3611 1351 3779 1404 antit-

2167 1441 2307 1488 tunt.
2337 1434 2392 1490 Si
2426 1441 2514 1505 qui
2546 1446 2729 1490 autem
2761 1438 2928 1492 scisse
2977 1437 3204 1492 formam
3235 1439 3460 1494 vivendi
3493 1440 3712 1496 missam
3744 1456 3777 1497 a

2168 1525 2365 1584 Siricio
2389 1528 2738 1595 detegentur,
2762 1546 2940 1599 neque
2962 1533 3147 1586 statim
3174 1533 3504 1604 cupiditates
3531 1534 3778 1592 libidinis

2167 1620 2562 1688 abjeri~se;illi
2586 1635 2713 1678 sunt
2735 1625 2909 1680 modis
2931 1625 3187 1680 omnibus
3205 1625 3592 1691 sultmotendi,
3633 1625 3652 1664 τ
3679 1627 3775 1697 qui

2167 1722 2285 1781 post
2334 1714 2763 1771 admonitionem
2814 1718 3110 1787 cognitam,
3146 1717 3574 1786 prmponendam
3625 1717 3774 1772 arbi—

458 1803 554 1854 νη,
587 1789 681 1860 5);
716 1804 771 1847 et
799 1792 904 1849 hoc
931 1796 1122 1868 utique
1152 1797 1301 1854 laicis
1329 1802 1633 1872 praacapit;
1685 1805 1857 1861 multo
1888 1810 2060 1878 magis
2091 1812 2138 1872 Β
2167 1806 2292 1859 trati
2322 1817 2444 1860 sunt
2475 1807 2828 1878 voluptatem.

457 1883 800 1954 sacerdotes,
833 1887 1033 1956 quibus
1061 1900 1116 1943 et
1143 1891 1338 1946 orandi
1371 1905 1424 1947 et
1451 1895 1791 1951 sacriﬁcandi
1819 1898 1952 1969 jnge
1983 1899 2065 1954 of-

458 1972 640 2030 ﬁcium
670 1987 776 2047 est,
806 1994 1023 2050 semper
1047 1983 1327 2040 debebunt
1347 1987 1417 2041 ab
1445 1989 1757 2058 linjusmodi
1784 1993 2066 2047 consortio

456 2067 758 2128 abstinere.
791 2073 891 2140 Qui
922 2076 966 2128 si
992 2079 1399 2134 contaminatus
1431 2081 1593 2136 fuerit
1621 2083 1825 2137 carnali
1857 2099 2063 2140 concu-

457 2161 742 2232 piscentia,
777 2183 885 2236 quo
915 2170 1124 2238 pudore
1168 2175 1253 2226 vel
1281 2175 1591 2230 sacrificare
1631 2179 1938 2247 usurpabit,
1971 2187 2064 2233 aut

455 2279 565 2337 qua
591 2271 934 2328 conscientia
987 2288 1166 2344 quave
1223 2280 1421 2330 merito
1468 2279 1714 2333 exaudiri
1763 2296 1823 2335 se
1861 2282 2058 2347 credit,

457 2380 581 2422 cum
611 2368 819 2426 dictum
846 2373 954 2427 sit:
994 2374 1184 2428 Omnia
1226 2378 1418 2430 munda
1451 2381 1676 2445 mundis,
1708 2382 2062 2452 coinquinatis

456 2477 630 2523 autem
657 2482 704 2524 et
734 2471 1033 2541 inﬁdelibus
1064 2475 1197 2529 nihil
1224 2477 1474 2530 mundum
1503 2479 1636 2549 (Tit.
1671 2496 1724 2549 ι,
1757 2482 1883 2552 lii)?

526 2571 580 2625 5.
614 2571 723 2628 Sed
773 2573 1008 2632 fortasse
1041 2576 1144 2632 hoc
1189 2579 1357 2634 licere
1386 2581 1582 2644 credit,
1631 2583 1754 2652 quia
1790 2583 2058 2654 scriptum

456 2680 558 2737 est,
588 2675 745 2728 unius
770 2678 951 2730 uxoris
977 2680 1143 2732 uirum
1167 2677 1211 2748 (Ι
1241 2678 1374 2735 Tim.
1410 2696 1489 2747 ut,
1521 2682 1604 2750 2).
1634 2683 1753 2738 Non
1787 2694 1809 2722 ε
1845 2699 2061 2753 perma-

455 2787 671 2833 nentem
701 2784 753 2835 in
786 2782 1228 2853 concupiscentia
1273 2789 1569 2858 generandi
1618 2789 1722 2846 boc
1749 2791 1910 2857 dixit,
1960 2797 2056 2850 sed

455 2892 680 2951 propter
706 2882 1102 2940 continentiam
1130 2886 1388 2943 futuram.
1423 2888 1612 2959 Neque
1639 2892 1782 2946 enim
1814 2894 2058 2964 integros

455 2994 687 3050 corpore
735 2999 846 3040 non
891 2985 1140 3055 admisit,
1187 2989 1278 3059 qui
1309 2989 1407 3056 ait,
1443 2987 1640 3044 Vellent
1684 3001 1856 3046 autem
1884 3010 2058 3057 omne;

452 3084 529 3138 sic
552 3101 684 3147 esse,
713 3088 850 3142 sicut
877 3099 926 3143 et
952 3106 1045 3164 ego
1086 3088 1132 3159 (Ι
1162 3088 1284 3146 Cor.
1318 3107 1412 3157 vn,
1446 3091 1545 3160 7):
1592 3102 1646 3148 et
1685 3095 1927 3163 apertius
1955 3094 2056 3150 de-

2241 1899 2370 1953 Csr.
2405 1898 2472 1956 ll.
2502 1929 2574 1940 —-
2599 1899 2651 1953 5.
2689 1902 2755 1954 Et
2797 1902 2901 1955 hoc
2937 1901 3221 1970 quaesitum
3273 1909 3380 1966 est,
3425 1901 3553 1972 quid
3587 1900 3656 1956 de
3686 1900 3775 1958 bis

2167 1989 2444 2044 observari
2470 2002 2738 2060 oporteat,
2760 1994 2847 2063 qui
2869 1991 3341 2062 postbaptismnni
3362 1993 3510 2048 omni
3532 2004 3776 2062 tempore

2169 2083 2581 2138 incontinentis:
2613 2085 2984 2152 voluptatibus
3034 2084 3226 2148 dediti,
3279 2085 3330 2139 in
3382 2097 3631 2140 extremo
3669 2084 3777 2140 fine

2166 2177 2294 2231 vitae
2312 2191 2425 2230 suae
2449 2177 2824 2246 paenitentiam
2850 2177 3010 2230 simul
3033 2186 3086 2229 et
3108 2175 3614 2232 reconciliationem
3630 2190 3778 2230 eom-

2169 2271 2443 2324 tnunionts
2474 2279 2775 2336 exposcunt
2803 2271 2921 2339 (23,
2946 2287 2994 2339 q.
3022 2269 3079 2336 4,
3110 2287 3155 2324 c.
3185 2269 3300 2342 43).

2238 2363 2290 2417 6.
2319 2363 2393 2416 De
2417 2361 2819 2418 hisobservatio
2845 2362 3009 2432 prior,
3037 2364 3260 2428 durior;
3285 2364 3582 2433 posterior,
3603 2361 3773 2417 inter-

2164 2455 2424 2511 veniente
2455 2455 2858 2519 misericordia,
2889 2456 3226 2510 inclinatior.
3259 2455 3394 2510 Nam
3427 2443 3772 2511 consuetudo

2163 2551 2318 2620 prior
2349 2551 2542 2615 tenuit,
2577 2560 2630 2603 ut
2661 2551 3063 2604 concederetur
3111 2549 3452 2618 pauitantia,
3486 2550 3582 2604 sed
3615 2565 3769 2626 corng

2166 2644 2356 2697 niunio
2384 2652 2694 2713 negaretur.
2730 2643 2864 2698 Nam
2895 2659 3017 2698 cum
3054 2645 3159 2697 illis
3193 2644 3532 2713 temporibus
3561 2644 3773 2701 crebrte

2165 2737 2574 2805 perseeutiones
2604 2745 2810 2801 essent,
2844 2752 2911 2790 ne
2955 2737 3360 2791 communionis
3389 2751 3651 2792 corcessa
3686 2737 3764 2789 fa-

2163 2829 2342 2883 cilitas
2373 2829 2624 2882 homines
2651 2828 2719 2882 de
2743 2828 3188 2883 recoiiciliatione
3217 2844 3442 2885 securos
3473 2845 3582 2884 non
3611 2844 3771 2884 revo-

2162 2930 2312 2976 caret
2334 2937 2361 2973 a
2389 2921 2567 2989 lapsu,
2590 2923 2784 2976 merito
2810 2932 3001 2990 negata
3025 2922 3338 2976 cttmmuttio
3360 2931 3475 2988 est;
3505 2937 3770 2978 concessa

2163 3018 2505 3087 paenitentia,
2533 3033 2600 3071 ne
2624 3025 2791 3070 totum
2818 3017 3034 3086 penitus
3059 3024 3380 3081 negaretur:
3410 3024 3464 3070 et
3483 3015 3766 3070 duriorem

2161 3111 2541 3166 remissionem
2575 3111 2699 3164 fecit
2724 3109 2983 3172 tempatis
3018 3111 3179 3164 ratio.
3207 3107 3312 3164 Sed
3346 3118 3630 3178 postquam
3659 3109 3766 3163 Do-

451 3185 646 3257 clarae,
681 3189 892 3256 dicens,
927 3189 1031 3259 Qui
1056 3201 1229 3245 autem
1259 3192 1312 3247 in
1352 3208 1508 3248 carne
1533 3202 1674 3262 sunt,
1710 3194 1818 3248 Deo
1847 3194 2054 3266 placere

2162 3207 2343 3260 minus
2375 3213 2563 3258 noster
2595 3218 2781 3273 pacem
2813 3203 3072 3257 ECClesllS
3102 3203 3215 3256 suis
3245 3202 3502 3263 reddidit,
3529 3202 3640 3270 jam
3670 3200 3768 3256 de-

451 3307 555 3346 non
579 3304 816 3361 possunt.
851 3293 956 3350 Vos
978 3305 1148 3352 autem
1168 3299 1285 3370 jam
1314 3313 1420 3351 non
1447 3297 1571 3352 estis
1597 3298 1649 3352 in
1674 3314 1850 3366 carne,
1877 3299 1967 3354 sed
1995 3301 2049 3354 in

522 3527 546 3555 ι
575 3517 731 3574 Meri.
765 3517 930 3575 Crab.
963 3528 1019 3575 et
1059 3519 1309 3591 plerique
1338 3534 1494 3582 mss..
1523 3522 1788 3591 mysteria.
1821 3521 2049 3575 Retine-

448 3604 568 3644 mus
599 3606 721 3643 cum
756 3606 860 3644 ms.
893 3591 1036 3646 Pitb.
1074 3606 1284 3646 necnon
1315 3591 1450 3644 edit.
1487 3593 1642 3645 liOIII.
1676 3602 1728 3645 ct
1761 3593 1902 3654 aliis,
1943 3593 2046 3645 nti-

447 3661 676 3732 nisteria.
697 3661 924 3717 Siricius
945 3663 1162 3732 quidem
1187 3663 1346 3729 epist.
1370 3664 1422 3725 l,
1448 3679 1501 3715 n.
1529 3664 1617 3728 ll,
1643 3663 1837 3728 sancit,
1865 3679 2049 3715 sacer-

444 3731 601 3786 dotes
620 3747 680 3785 ac
703 3733 894 3788 levitas
917 3731 1322 3788 ineuntinenlcs
1341 3750 1430 3786 nec
1451 3749 1695 3801 umquam
1714 3750 1861 3802 posse
1873 3732 1976 3785 dmi
1983 3750 2049 3784 na

445 3812 719 3858 attrectare
747 3807 1025 3876 mysteria:
1055 3804 1150 3876 scd
1184 3804 1253 3858 ibi
1281 3807 1348 3857 de
1373 3805 1751 3858 sacerdotibus
1778 3819 1839 3876 ac
1869 3805 2048 3876 levitis

444 3888 602 3928 nova:
636 3875 772 3941 legis
800 3874 1057 3943 loquitur.
1077 3875 1370 3942 Sequentia
1404 3885 1584 3928 autem
1609 3891 1730 3927 eum
1754 3874 2049 3929 Gratianus

443 3944 574 3998 ἀίει.
608 3945 696 4002 ⁸51.
728 3961 777 4001 c.
810 3947 864 4012 6,
897 3948 977 4002 sic
1002 3948 1209 4014 laudat,
1244 3947 1346 4000 Eos
1376 3945 1447 3998 ad
1474 3946 1736 4012 sacriﬁcia
1764 3949 1842 4009 fas
1864 3947 1931 3998 sit
1954 3946 2050 3999 atl-

443 4017 598 4074 mitti.
631 4018 721 4083 qui
749 4018 825 4072 vel
853 4035 970 4070 cum
996 4035 1154 4071 uxore
1176 4035 1275 4071 non
1301 4027 1536 4071 exercent
1559 4015 1767 4070 eornalc
1790 4017 2044 4085 ofﬁciunt,

443 4087 763 4158 adulterata!
797 4087 1097 4143 Innocentii
1138 4093 1423 4142 St‘ttlmtlitl'.
1475 4087 1668 4141 merito
1716 4091 2044 4158 postuletur.

445 4157 574 4211 Eam
607 4161 722 4226 ipso
747 4158 874 4212 dist.
905 4161 994 4225 8‘2,
1022 4175 1072 4213 r.
1099 4161 1154 4222 9.,
1181 4159 1398 4212 fidelius
1429 4160 1613 4212 refert.

512 4227 538 4265 ι’
573 4228 630 4283 ln
658 4229 786 4283 edit.
821 4231 978 4284 Rom.
1011 4231 1314 4285 secundum
1346 4231 1499 4284 Merl.
1532 4241 1581 4283 et
1611 4227 1775 4283 Crab.
1803 4229 1888 4281 hic
1921 4244 2049 4298 Sup-

442 4311 631 4367 preSso
665 4313 959 4368 propterea,
1009 4317 1132 4355 mox
1184 4313 1302 4368 post
1345 4301 1507 4354 verba
1549 4316 1612 4354 ea:
1642 4300 1751 4352 alia
1780 4301 1913 4352 tribu
1945 4302 2044 4352 ad-

441 4371 607 4444 ditur,
647 4372 1044 4444 prtzter(Crab.
1097 4371 1428 4444 minusculis
1454 4371 1651 4423 litteris
1691 4388 1866 4440 quam,
1901 4372 2044 4444 (μιμᾴ

442 4440 493 4494 in
527 4443 659 4524 edit.
697 4439 1007 4537 lio‘mfsine
1050 4446 1156 4537 tilla
1185 4442 1542 4537 distinctione
1569 4451 1651 4495 est
1682 4439 2044 4513 expressum)
2072 4477 2122 4537 D

441 4526 504 4564 ex
531 4515 724 4584 semine
750 4516 963 4570 Aaron:
997 4514 1396 4584 refragantibus
1421 4528 1554 4565 mss.

515 4593 537 4622 ε
570 4581 733 4640 Crab.
770 4597 823 4640 et
851 4587 983 4640 edit.
1032 4581 1218 4652 Rcui,
1255 4583 1323 4636 nd
1357 4593 1756 4649 permanentem.
1789 4581 1948 4648 Lab.,
1981 4583 2046 4637 de

443 4665 791 4728 permanente.
829 4659 1059 4723 Quesn.,
1117 4665 1330 4728 prapter
1358 4653 1693 4728 manendum.
1733 4653 1882 4728 Unus
1935 4671 2038 4707 ms.

439 4722 620 4800 §_olb.,
640 4722 1538 4800 propterpermanentem.-Novioni.
1570 4738 1624 4800 et
1654 4724 2039 4800 La_t_tdun.cur_n

441 4794 688 4864 Merlino,
716 4794 1055 4864 permanenti.
1087 4798 1190 4852 Alii
1227 4797 1349 4866 plus
1378 4795 1689 4866 duodecim,
1723 4796 1868 4864 iique
1901 4798 2042 4849 anti-

437 4866 528 4935 qui
554 4883 675 4934 tres,
712 4879 1126 4934 permanentem:
1166 4865 1354 4937 sicque
1383 4865 1673 4937 legendum
1706 4881 1827 4921 eSse
1853 4866 2042 4921 subse-

437 4951 611 5006 quens
644 4950 770 4993 nota
801 4940 1170 4995 confirmabit.

508 5006 533 5045 δ
569 5010 800 5066 RurSum
833 5011 964 5065 edit.
991 5011 1148 5065 Rom.
1184 5018 1326 5079 post.
1357 5007 1547 5079 Crab.,
1581 5017 1627 5062 et
1657 5007 1726 5060 ad
1745 5007 2038 5075 habentem,

439 5094 726 5150 perperam
756 5083 939 5136 addita
976 5078 1359 5150 praepositione
1390 5083 1478 5134 ad.
1513 5078 1842 5133 Ambrosius
1872 5081 2038 5146 epist.

435 5151 527 5212 63,
559 5153 624 5204 ad
663 5152 924 5217 Vercell.,
961 5171 1014 5208 fl.
1060 5151 1154 5216 ἓξ,
1188 5151 1435 5207 eamdem
1485 5151 1810 5204 sententiam
1848 5150 2036 5204 iisdem

436 5223 683 5288 Apostoli
718 5225 898 5280 verbis
929 5225 1164 5278 illustrat
1193 5225 1244 5277 in
1290 5224 1435 5275 hunc
1464 5219 1682 5274 tnodutn
1709 5239 1721 5271 :
1771 5218 2038 5274 habentem

432 5294 571 5347 enim
599 5295 734 5348 dixit
764 5296 929 5364 ﬁlios,
969 5311 1072 5348 non
1117 5295 1408 5363 facientem.
1434 5293 1606 5364 Antea
1648 5291 1854 5364 cadi-tn
1903 5294 2034 5345 edit.

436 5377 558 5431 post
587 5361 796 5420 Merlin.
817 5408 833 5432 ,
887 5365 1039 5433 Quod
1069 5361 1124 5420 eti
1145 5365 1393 5432 apertius,
1445 5362 1629 5417 addito
1659 5361 1795 5431 quod
1840 5372 2038 5431 praeter

435 5436 595 5490 iidem
629 5451 757 5492 mss.

509 5517 531 5542 ε
567 5508 711 5563 Edit.
747 5509 902 5563 Rom.
934 5516 991 5564 et
1019 5507 1354 5576 posteriores
1394 5505 1590 5559 concil.
1613 5505 1863 5576 diversa:
1887 5505 2036 5576 quod

435 5578 487 5633 in
518 5595 626 5633 uno
674 5590 879 5634 tantum
916 5597 1017 5633 ms.
1057 5580 1197 5633 l'itli.
1249 5576 1575 5643 reperinms.
1611 5575 1688 5629 Ex
1731 5577 1852 5626 aliis-
1882 5575 2034 5628 libris

433 5665 755 5705 revocamus
776 5651 962 5715 dirisu,
989 5650 1266 5703 scilicetin
1290 5649 1421 5698 duas
1442 5657 1644 5714 partes,
1670 5661 1896 5707 quarunt
1931 5659 2034 5700 una

433 5720 500 5774 ad
523 5731 618 5773 eos
640 5721 851 5788 attinet.
882 5723 969 5788 qui
993 5719 1216 5774 dcerem
1236 5716 1414 5773 Siricii
1439 5717 1503 5788 ad
1534 5717 1843 5788 provincias
1870 5715 2034 5769 missa

437 5785 754 5860 ilnorntttes'
780 5785 1164 5862 peccavlrunt.
1198 5789 1367 5845 altera
1399 5785 1466 5842 nd
1497 5798 1593 5842 eos
1621 5789 1710 5857 qui
1742 5785 2000 5841 scierim.

2157 3299 2317 3370 pulso
2345 3307 2580 3365 terrore,
2609 3298 3053 3351 communionem
3084 3293 3202 3348 dari
3235 3302 3261 3341 ε
3289 3291 3613 3348 abeuntibus
3643 3290 3765 3363 pla-

2233 3520 2255 3560 f
2272 3521 2438 3585 Editi,
2458 3529 2686 3590 excepto
2705 3521 2903 3590 Qucsn.
2920 3522 3042 3592 quia
3058 3531 3193 3583 post:
3207 3521 3612 3587 refragantibus
3626 3538 3761 3582 mss.

2231 3602 2255 3638 8
2291 3592 2379 3647 Sir
2411 3593 2568 3651 I.:i|)..
2615 3593 2782 3647 Sirtn.
2817 3605 2867 3647 et
2902 3597 3086 3662 plures
3111 3608 3174 3644 ac
3208 3597 3453 3661 potiores
3485 3608 3618 3648 mss.
3653 3595 3762 3650 Alii

2157 3677 2290 3716 vero
2337 3663 2490 3726 editi,
2525 3663 2867 3726 abeuntibus;
2908 3674 2960 3717 et.
2995 3663 3132 3716 infra
3167 3677 3197 3717 c
3223 3681 3288 3716 tm
3337 3663 3493 3717 Dion.
3529 3673 3586 3717 et
3629 3664 3758 3719 Isid.

2156 3735 2419 3802 subsequi,
2464 3749 2562 3802 pro
2605 3735 2768 3802 sequi.
2800 3733 3091 3800 Disciplina
3124 3734 3211 3783 illa
3255 3733 3469 3799 durior,
3499 3737 3569 3787 ab
3602 3734 3764 3790 luno-

2155 3806 2338 3859 centio
2386 3815 2708 3868 III-'lllorﬂlit,
2759 3804 2993 3857 maxime
3037 3803 3090 3856 in
3140 3802 3479 3856 Eliberitano
3520 3808 3760 3861 concilio

2157 3890 2278 3928 can.
2326 3875 2381 3939 6,
2432 3876 2484 3939 7,
2513 3877 2566 3940 8,
2611 3884 2743 3940 ete.,
2797 3877 3028 3928 obtinet.
3063 3874 3376 3927 Obtinuerat
3421 3885 3475 3926 et
3517 3889 3674 3930 an'ea
3704 3878 3756 3932 in

2155 3946 2363 4008 Africa,
2398 3947 2494 3998 sed
2537 3950 2673 4012 apud
2705 3946 2877 4013 qtiosd
2901 3962 2968 3998 tm
3003 3946 3279 3998 dumtaxat
3314 3946 3628 4014 epi~eopos,
3663 3949 3757 4012 qui

2157 4019 2372 4082 quidem
2406 4019 2474 4068 ita
2524 4017 2751 4070 dandam
2787 4033 2964 4087 pacem
3003 4014 3208 4070 masc/tis
3229 4033 3330 4087 non
3357 4025 3682 4083 putaverunt,
3710 4027 3761 4072 et

2155 4088 2209 4140 in
2240 4098 2400 4140 talum
2425 4090 2732 4156 paenitentiie
2757 4083 2922 4140 locum
2947 4097 3126 4139 contra
3148 4083 3406 4138 adulteria
3431 4088 3752 4159 clauserunt,

2157 4169 2412 4212 uttatncn
2465 4176 2492 4210 a
2536 4161 2981 4226 coepisrtqtornm
3034 4172 3253 4211 suorum
3303 4159 3465 4212 aliter
3511 4160 3758 4214 sentien-

2158 4238 2314 4292 tnnn,
2360 4245 2421 4284 ac
2453 4245 2640 4298 pacem
2690 4230 2769 4282 eis
2801 4228 3218 4282 conci-dentium
3249 4229 3484 4297 collegio
3525 4230 3616 4283 mit
3642 4229 3753 4285 iine

2156 4303 2509 4363 recesserint,
2544 4314 2603 4354 ut
2645 4300 2808 4354 tradit
2843 4301 3148 4370 Cyprianus
3174 4302 3336 4368 epist.
3366 4300 3456 4361 52.
3491 4301 3555 4353 ad
3584 4304 3759 4355 Anto-

2155 4373 2397 4424 nianutn.
2417 4372 2512 4426 SM
2525 4374 2732 4424 ct'itatis
2749 4372 2907 4436 hujus
2920 4371 3191 4438 quoddam
3210 4381 3469 4436 prmterea
3485 4388 3537 4423 es
3550 4381 3567 4423 ι
3581 4386 3761 4426 exem-

2157 4444 2303 4508 plum
2357 4442 2410 4495 in
2442 4441 2661 4510 vulgato
2710 4443 2982 4495 Ambrosii
3021 4441 3157 4493 libro
3205 4441 3274 4492 de
3326 4439 3480 4509 lapsu
3528 4442 3754 4506 virginis

2149 4522 2509 4574 Conseciala’,
2564 4515 2630 4564 ad
2674 4529 2833 4573 quam
2883 4527 2932 4564 c.
2968 4514 3021 4574 8,
3054 4528 3106 4564 η.
3141 4513 3230 4574 58,
3277 4524 3360 4563 est
3410 4512 3496 4564 hic
3525 4528 3749 4568 Sermo:

2148 4581 2360 4637 lnhwre
2403 4583 2713 4653 paenitentia,
2740 4601 2901 4653 aque
2923 4584 2990 4634 ad
3041 4591 3324 4634 extremum
3369 4583 3503 4644 tita’.
3543 4600 3635 4636 nec
3665 4582 3757 4637 tibi

2146 4671 2430 4725 pra’snmus
2457 4654 2520 4706 ab
2546 4652 2773 4725 hnrnnna
2798 4652 2880 4725 die
2903 4655 3062 4725 venia
3076 4679 3099 4700 ιι
3131 4653 3288 4725 dari;
3311 4657 3434 4722 quin
3458 4654 3746 4725 deripitte,

2145 4722 2234 4784 qui
2263 4724 2360 4777 hoc
2385 4725 2474 4778 tibi
2497 4723 2734 4794 polliceri
2755 4722 2996 4778 voluerit.
3026 4722 3154 4786 Qua!
3177 4723 3306 4774 enin
3335 4724 3542 4793 pioprie
3565 4722 3615 4775 in
3645 4723 3754 4778 llo-

2145 4802 2340 4848 minnm
2369 4796 2612 4864 paci-asti,
2638 4798 2702 4866 ab
2743 4795 2855 4866 ipso
2879 4794 2990 4845 εοΙο
3015 4805 3061 4844 te
3103 4794 3340 4845 convenit
3372 4796 3424 4844 in
3452 4794 3535 4866 die
3558 4796 3755 4866 judicii

2144 4877 2442 4932 exspectare
2471 4865 2772 4918 remedium.
2819 4864 3079 4931 Quamvis
3129 4876 3308 4918 autem
3360 4864 3663 4934 Cyprium.
3698 4868 3751 4922 in

2143 4935 2360 4989 laudata
2391 4939 2622 5002 epi~tola
2665 4935 2832 4997 lapsis
2865 4953 2965 4986 nec
3011 4936 3385 5002 paenitentiam
3423 4950 3521 4989 nec
3571 4936 3753 4991 indul-

2143 5009 2383 5075 gentiam
2413 5008 2790 5072 denegandam
2826 5004 2948 5058 fuse.
2991 5008 3176 5070 proln-t
3209 5020 3224 5069 ;
3252 5009 3351 5058 sub
3380 5008 3626 5068 eiusdem
3671 5019 3749 5061 ta-

2143 5094 2264 5131 men
2288 5079 2448 5130 finem
2471 5076 2572 5129 line.
2595 5076 2835 5130 decernit
2858 5097 2868 5127 :
2902 5075 3260 5129 Paenitentiam
3274 5094 3375 5129 non
3400 5087 3633 5149 agentes,
3659 5096 3754 5134 nec

2143 5149 2376 5202 dolorem
2401 5149 2706 5201 delictorum
2747 5165 2954 5219 suorum
2983 5161 3089 5200 tata
3113 5149 3266 5201 corde
3302 5159 3348 5201 et
3372 5151 3645 5219 n.amfesta
3670 5153 3750 5203 la-

2143 5219 2469 5273 mentationis
2499 5233 2607 5272 sua:
2631 5218 2944 5287 professione
2967 5227 3228 5274 testantes.
3261 5218 3606 5290 prohibendos
3632 5236 3746 5272 cm-

2142 5292 2264 5344 uino
2295 5291 2604 5342 censuimus
2643 5307 2674 5341 a
2698 5307 2788 5350 spe
2811 5290 3292 5342 communicationis
3327 5300 3373 5341 et
3420 5291 3581 5355 pacis,
3621 5291 3666 5341 si
3694 5291 3749 5344 in

2140 5361 2443 5430 inﬁrmitate
2485 5362 2710 5429 atquein
2753 5358 2984 5431 periculo
3016 5361 3256 5430 raeperint
3295 5361 3748 5426 de,rernri:qnia

2139 5448 2324 5499 rogare
2351 5430 2466 5485 illos
2497 5448 2598 5485 non
2623 5430 2796 5485 delicti
2837 5433 3156 5499 paenitentia,
3181 5433 3268 5483 sed
3307 5431 3484 5482 mortis
3508 5431 3738 5498 regentis

2140 5503 2425 5558 admonitio
2450 5503 2751 5572 compellit;
2793 5519 2884 5555 nec
2909 5503 3095 5566 dignus
3121 5511 3192 5553 est
3225 5504 3278 5550 in
3320 5503 3744 5572 morteacciperc

2141 5575 2402 5636 solatium,
2427 5575 2514 5643 qui
2538 5569 2590 5628 re
2614 5589 2712 5626 non
2732 5575 2971 5644 cogitavit
2988 5588 3100 5644 esse
3120 5572 3442 5644 moriturum.
3466 5569 3597 5634 Quae
3619 5575 3740 5639 qui-

2139 5646 2263 5698 dem
2289 5641 2555 5698 sententia
2581 5648 2624 5697 si
2649 5660 2770 5698 rum
2797 5641 3037 5696 Pamelio
3065 5641 3227 5699 paulo
3251 5644 3438 5689 durior
3458 5643 3736 5695 «musci-da

2138 5727 2242 5775 est,
2270 5717 2410 5769 idem
2435 5715 2725 5768 dicendum
2750 5713 3008 5767 i-rttctdc
3027 5710 3477 5780 ιιυςΑῐῈιειιθιιδὶε
3502 5723 3516 5760 l
3541 5711 3739 5780 synodi

2138 5791 2348 5841 canens
2371 5783 2443 5838 22
2472 5796 2483 5836 :
2518 5783 2596 5839 Ds
2618 5786 2682 5839 iis
2717 5784 2802 5854 qui
2847 5788 3144 5852 apostatant
3185 5785 3231 5831 et
3266 5791 3546 5848 numquam
3586 5795 3639 5837 se
3670 5783 3742 5838 ad
