4210 6190
444 278 553 335 505

1683 276 1740 331 5.
1785 272 2184 332 INNOCENTII
2226 271 2246 328 l
2283 268 2489 327 PAPIE

3623 259 3729 320 504

446 391 739 449 Enimvero
768 390 906 446 hanc
930 390 1101 461 ipsam
1130 390 1493 445 necessariam
1518 388 1951 444 consolationem
1986 390 2037 444 in

2153 386 2463 461 παράκλησιν
2491 384 2540 438 ἐν
2565 385 2710 460 ἀρχῇ
2732 391 2825 447 τῆς
2850 383 3122 446 ἐπιστολῆς
3144 390 3237 444 τῆς
3264 382 3518 456 ἡμετέρας
3542 380 3747 452 ἀγάπης

450 482 679 538 exordio
730 481 1033 536 litterarum
1079 478 1361 535 cbaritatis
1393 486 1589 533 vestra:
1621 481 1850 548 positam
1877 521 1892 545 ,
1923 495 2045 549 pro-

448 576 685 647 positum
713 588 950 629 vestrum
984 573 1304 638 laudantes,
1336 576 1658 645 agnovimus
1691 574 2047 629 multistesli-

451 669 649 722 moniis
674 667 739 720 ad
768 668 1083 736 patientiam
1117 665 1462 725 hortantibus
1487 668 1889 721 conﬁrmatam.
1913 666 2044 721 Nam

449 760 907 823 COIIStllaliOIIBm,
943 776 1103 827 quam
1134 758 1286 812 vobis
1332 774 1429 829 per
1456 758 1671 813 litteras
1700 770 1915 814 nostras
1952 759 2049 813 de-

450 855 753 915 bebamus,
813 852 1010 905 litteris
1062 851 1262 904 vestris
1313 851 1411 917 ipsi
1474 851 1838 918 prmvenistis.
1898 849 2046 906 Hanc

449 948 597 1004 enim
636 947 895 1000 Dominus
924 958 1111 999 noster
1139 944 1457 1010 patientiam
1503 944 1877 998 laborantibus
1908 960 2047 1015 prae-

448 1050 595 1094 stare
625 1038 762 1093 solet
797 1056 807 1089 :
844 1047 900 1091 ut
932 1035 1120 1091 tantuli
1152 1034 1359 1091 Christi
1398 1038 1562 1091 etiam
1599 1039 1649 1089 in
1682 1035 2049 1091 tribulationi-

450 1130 551 1185 bus
582 1130 909 1199 semetipsos
959 1130 1311 1182 consolentur
1337 1170 1351 1193 ,
1403 1128 1541 1197 apud
1582 1142 1640 1181 se
1686 1138 2000 1198 reputantes
2027 1166 2044 1195 ,

452 1229 658 1278 srtnctis
681 1239 741 1277 ea
768 1224 879 1291 jun
905 1232 1063 1275 antea
1091 1222 1387 1290 contigisse
1414 1266 1427 1287 ,
1456 1238 1575 1290 quae
1608 1220 1712 1288 ipsi
1749 1223 2044 1289 patinntttr.

452 1315 559 1369 Sed
611 1326 664 1368 et
699 1328 796 1367 nos
825 1329 890 1367 ex
938 1312 1074 1381 ipsis
1130 1312 1323 1364 litteris
1365 1312 1565 1364 veSIris
1615 1311 2045 1365 consolationem

456 1407 613 1461 nobis
629 1407 863 1459 mutuari
897 1419 1208 1475 possumus.
1245 1403 1429 1473 Neque
1455 1404 1599 1458 enim
1624 1420 1651 1455 a
1686 1404 1893 1457 doloris
1928 1418 2050 1455 ves-

400 1562 413 1574 .
454 1502 521 1554 tri
546 1501 824 1555 consortio
857 1512 1044 1552 sumus
1072 1497 1233 1552 alieni
1260 1513 1274 1563 ;
1310 1497 1506 1567 quippe
1538 1498 1627 1567 qui
1670 1496 1963 1567 afﬂigimur
1992 1498 2045 1550 in

454 1592 630 1647 vobis.

526 1687 579 1740 Ξ.
614 1686 782 1754 Quam
813 1688 1005 1758 injuste
1035 1684 1220 1738 viventi
1237 1682 1435 1737 Joanni
1464 1684 1735 1756 episwpus
1763 1693 1837 1738 est
1860 1684 2047 1737 subro-

2148 480 2401 549 κειμένην,
2432 478 2829 550 ἐγκωμιάζοντες
2870 475 3015 547 ύμῶν
3044 479 3135 533 τὴν
3160 475 3427 550 πρόθεσιν,
3460 473 3749 542 ἐπεγνώκαε·

2147 591 2239 641 μεν
2266 570 2455 631 πολλὰς
2497 571 2628 644 πρὸς
2656 569 2717 624 τό
2743 568 3012 640 ὑπομένειν
3038 569 3333 645 μαρτυρίας
3368 567 3748 642 περιέχουσαν.

2148 668 2247 722 Τὴν
2268 665 2369 739 γὰρ
2401 665 2650 739 ἡμετέραν
2696 663 3044 737 παράκλησιν,
3075 664 3132 720 ἡν
3159 663 3428 733 ὠφείλομεν
3470 662 3594 731 ύμῖν
3634 662 3751 716 ἐπι-

2150 755 2364 821 στεῖλαι,
2396 762 2503 815 τοῖς
2530 755 2796 829 ὑμετέροις
2839 755 3110 828 γράμμασι
3145 756 3517 829 προεφθάσατε.
3547 753 3749 810 Ταύτην

2148 850 2250 921 γὰρ
2277 856 2389 907 τοῖς
2416 849 2696 917 κάμνουσιν
2718 845 2743 900 ό
2765 848 3006 918 ἡμέτερος
3032 845 3288 906 δεσπότης
3309 848 3563 917 ὑπομονὴν
3586 846 3750 919 παρέ·-

2150 966 2267 1016 χειν
2297 944 2485 999 εἵωθεν’
2516 944 2600 996 ἵνα
2621 946 2707 996 καὶ
2732 943 2781 995 ἐν
2809 950 2915 1002 τοῖς
2946 941 3145 1013 θλίψεσι
3157 944 3515 1015 τυγχάνοντες
3529 941 3751 1001 ἑαυτούς·

2147 1048 2193 1101 οί
2221 1053 2309 1102 τοῦ
2347 1050 2571 1120 Χριστοῦ
2601 1043 2770 1099 δοῦλοι
2794 1043 3197 1118 παραμυθῶνται
3215 1084 3229 1107 ,
3269 1038 3675 1112 ἀναλογιζόμενοι
3700 1038 3753 1092 ἐν

2150 1140 2356 1200 ἑαυτοῖς
2374 1180 2388 1204 ,
2414 1142 2495 1193 καί
2522 1139 2770 1215 πρότερον
2798 1139 3101 1211 γεγενῆσθαι
3127 1145 3238 1199 τοῖς
3270 1136 3431 1209 ἁγίοις
3448 1178 3462 1199 ,
3492 1135 3626 1209 ἅπερ
3655 1136 3749 1188 αύ-

2149 1241 2227 1292 τοί
2269 1237 2571 1307 πάσχουσι.
2625 1237 2711 1289 Καὶ
2758 1237 2900 1305 ἡμεῖς
2940 1232 2993 1287 δέ
3038 1234 3087 1296 ἐξ
3134 1234 3298 1287 αὐτῶν
3343 1238 3444 1286 τῶν
3490 1231 3751 1305 ὑμετέρων

2149 1331 2469 1406 γραμμάτων
2496 1327 2750 1400 δυνάμεθα
2790 1330 2906 1397 ἡμῖν
2936 1328 3275 1403 προσενέγκαι
3302 1324 3637 1397 παράκλησιν.
3678 1324 3750 1378 Ού

2149 1424 2249 1497 γάρ
2276 1428 2365 1478 τοῦ
2393 1423 2653 1494 συναλγεῖν
2678 1422 2803 1491 ύμῖν
2846 1421 2997 1491 ἐσμεν
3027 1418 3279 1495 ἀλλότριοι
3306 1458 3321 1485 ,
3350 1414 3628 1493 ἐπειδήπερ
3661 1416 3748 1473 καί

2150 1518 2301 1589 ἡμεῖς
2326 1517 2634 1588 κολαζόμεθα
2660 1517 2709 1569 ἐν
2732 1515 2871 1589 ύμῖν.

2222 1698 2277 1751 9.
2310 1700 2396 1759 Τίς
2424 1701 2526 1774 γὰρ
2556 1699 2746 1770 ἐνέγκαι
2774 1695 3049 1754 δυνήσεται
3077 1697 3143 1751 τά
3181 1694 3630 1769 ἐξαμαρτανόμενα
3658 1690 3752 1747 ύπ⁹

453 1779 835 1853 gntus—Quis
861 1779 1005 1832 enim
1036 1776 1184 1832 ferre
1228 1778 1398 1846 possit
1418 1792 1479 1830 ea
1506 1793 1624 1846 quze
1659 1777 1727 1829 ab
1759 1775 1867 1829 illis
1896 1783 1922 1812 ἰ
1950 1776 2046 1830 de-

2153 1795 2349 1848 έκείνων
2376 1834 2389 1857 ,
2421 1793 2660 1852 οῦστινας
2697 1794 2863 1861 ἐχρῆν
2888 1790 3125 1863 μάλιστα
3157 1795 3246 1843 τοῦ
3276 1788 3492 1860 γαληνοῦ
3518 1828 3533 1851 ,
3561 1795 3654 1847 τῆς
3683 1787 3755 1840 εί-

452 1874 793 1942 linqunntur,
828 1887 967 1943 quos
998 1886 1111 1941 pra:
1140 1871 1354 1925 caeteris
1384 1870 1616 1924 decebat
1642 1870 2051 1940 tranquillitatis

455 1983 517 2022 ac
542 1969 692 2039 pacis
736 1975 791 2020 et
819 1964 1131 2021 caucordiae
1179 1978 1301 2018 esse
1330 1963 1654 2018 studiosos?
1686 1964 1838 2019 Nunc
1869 1972 2049 2017 autem

455 2066 789 2129 praepostero
815 2073 965 2111 more
992 2055 1307 2111 sacerdotes
1338 2056 1545 2110 innoxii
1571 2070 1601 2110 e
1629 2057 1853 2110 sedibus
1879 2055 2054 2110 eccle-

455 2156 655 2209 siarum
705 2170 924 2206 suarum
957 2151 1336 2206 exturbantur.
1369 2149 1525 2217 Quod
1576 2150 1796 2219 quidem
1847 2150 2054 2218 primus

459 2248 659 2316 injuste
709 2260 998 2315 perpessus
1045 2252 1129 2298 est
1178 2244 1345 2298 frater
1391 2252 1446 2297 et
1473 2242 1837 2297 εοιιειιευιιιιοε
1868 2251 2053 2296 noster

453 2339 693 2396 Joannes
719 2339 1010 2408 episcopus
1037 2346 1218 2391 vester
1238 2379 1253 2401 ,
1281 2352 1404 2389 cum
1440 2337 1581 2390 nulla
1614 2338 1822 2391 ratione
1854 2334 2047 2390 fuisset

455 2432 693 2485 auditus.
729 2430 946 2484 Nullum
975 2424 1184 2483 crimen
1238 2427 1467 2481 oll‘ertur
1497 2468 1513 2491 ,
1561 2443 1659 2482 nec
1708 2426 1947 2481 auditur.
1986 2426 2052 2479 Et

456 2522 732 2591 quodnam
775 2531 859 2575 est
904 2521 1005 2575 hoc
1032 2519 1302 2590 perditum
1329 2519 1663 2574 consilium?
1692 2518 1763 2575 Ut.
1795 2535 1900 2573 non
1933 2519 2004 2572 sit
2030 2558 2044 2583 ,

455 2626 547 2669 aut
590 2623 869 2684 qttteratur
898 2614 1005 2668 ulla
1056 2612 1266 2681 species
1292 2611 1478 2681 judicii
1505 2653 1520 2675 ,
1555 2611 1608 2666 in
1649 2613 1825 2667 locum
1868 2612 2055 2667 viven-

457 2708 589 2762 tium
621 2707 968 2763 sacerdotum
1018 2706 1107 2759 alii
1162 2706 1614 2759 substituuntur:
1655 2705 1809 2775 quasi
1864 2706 1953 2773 qui
1986 2704 2053 2757 ab

456 2800 767 2870 hujusmodi
802 2800 1042 2853 facinore
1064 2796 1328 2866 auspicati
1356 2808 1523 2864 sunt,
1550 2796 1757 2867 aliquid
1798 2798 1929 2851 recti
1962 2805 2054 2850 aut

455 2893 657 2947 habere
682 2934 697 2957 ,
731 2904 822 2945 aut
851 2892 1030 2961 egisse
1056 2932 1071 2958 ,
1124 2889 1356 2959 judicari
1393 2890 1623 2957 possint.
1672 2888 1860 2958 Neque
1906 2888 2053 2942 enim

456 2990 582 3043 talia
625 3002 876 3059 umquam
906 3002 935 3040 a
969 2986 1209 3056 patribus
1243 2987 1445 3039 nostris
1485 2992 1640 3054 gesta
1673 2998 1793 3038 esse
1824 2998 2046 3052 compe-

454 3084 659 3150 rimus,
691 3085 785 3137 sed
818 3082 997 3151 pntins
1020 3081 1048 3121 δ
1083 3080 1358 3150 prohibita
1388 3095 1401 3143 ;
1439 3094 1560 3132 cum
1599 3079 1802 3131 nemini
1835 3076 2052 3131 licentia

2154 1892 2326 1959 ρήνης,
2367 1889 2450 1941 καί
2497 1887 2657 1946 αὐτῆς
2699 1882 3037 1943 σπουδαστὰς
3064 1878 3191 1938 εἶναι
3227 1888 3320 1943 τῆς
3348 1880 3621 1951 ὁμονοίας-ζ
3652 1884 3755 1934 Νῦν

2155 1980 2497 2050 ἐνηλλαγμένῳ
2525 1977 2700 2052 τρόπῳ
2726 1978 2827 2031 ἀπό
2860 1983 2953 2035 τῆς
2982 1972 3261 2049 προεδρίας
3287 1980 3386 2028 τῶν
3412 1970 3550 2026 ἰδίων
3576 1969 3755 2029 ἔκκλη-

2155 2078 2278 2128 σιῶν
2306 2072 2604 2134 ὲξωθοῦνται
2634 2070 2789 2124 ἀθῶοι
2829 2069 3001 2145 ἱερεῖς.
3032 2065 3096 2121 Ὀ
3122 2064 3183 2125 δὴ
3215 2070 3298 2121 καί
3323 2073 3527 2139 πρῶτος
3552 2063 3578 2119 ό
3607 2061 3758 2118 ἀδελ·

2155 2163 2245 2236 φός
2271 2169 2411 2233 ἡμῶν
2436 2164 2521 2214 καί
2550 2160 2931 2235 συλλειτουργὸς
2968 2156 3192 2217 ἰωάννης
3224 2156 3249 2212 ό
3271 2158 3515 2230 ὑμέτερος
3542 2155 3757 2210 ἐπίσκο-

2156 2276 2252 2315 πος
2281 2253 2469 2314 ἀδίκως
2498 2254 2732 2313 πέπονθε,
2764 2250 3014 2322 μηδεμίας
3040 2253 3224 2321 τυχὼν
3254 2249 3573 2325 ἀκροάσεως.
3606 2243 3761 2300 οῦδὲν

2156 2345 2382 2421 ἔγκλημα
2406 2346 2710 2419 ἐπιφέρεται,
2727 2342 2829 2397 οὐδ’
2853 2343 3192 2397 εἰσακούεται·
3216 2344 3301 2396 καὶ
3323 2333 3402 2402 τίς
3423 2343 3454 2398 ἡ
3476 2342 3763 2413 ἀπηγορευ-

2156 2441 2275 2511 μένη
2332 2441 2559 2499 ἐπίνοιας
2594 2434 2704 2491 ’Ῑνα
2745 2440 2814 2508 μὴ
2859 2434 3117 2510 πρόφασις
3176 2437 3394 2508 κρίσεως
3441 2433 3681 2504 γένηται,
3728 2427 3761 2487 ἡ

2156 2533 2365 2609 ζητηθῇ,
2399 2535 2469 2592 εἰς
2498 2528 2693 2591 τόπους
2722 2534 2922 2595 ζὼντων
2948 2530 3117 2603 ἱερέων
3144 2525 3280 2583 ἄλλοι
3304 2529 3760 2593 ἀποκαθίστανται,

2157 2629 2223 2688 ὡς
2250 2626 2540 2699 δυναμένων
2564 2633 2665 2681 τῶν
2699 2625 2751 2677 ἐκ
2782 2624 3015 2679 τοιούτου
3052 2622 3482 2694 πλημμελήματος
3522 2619 3764 2695 ὁρμωμέ-

2155 2744 2272 2785 νων,
2326 2719 2482 2795 ὀρθῶς
2509 2740 2559 2773 τι
2598 2716 2743 2789 ἔχειν
2769 2714 2800 2774 ἡ
2827 2717 3137 2791 πεπρᾶχθαι
3173 2713 3276 2767 ύπό
3320 2732 3457 2773 τινος
3506 2711 3755 2787 κριθῆναι.

2156 2812 2285 2869 Ούδέ
2311 2814 2410 2885 γὰρ
2441 2814 2649 2867 πώποτε
2672 2811 2818 2886 παρὰ
2846 2816 2946 2862 τῶν
2976 2808 3211 2882 πατέρων
3237 2814 3338 2861 τῶν
3369 2807 3627 2878 ἡμετέρων
3650 2824 3764 2859 τοι·

2157 2915 2292 2963 αῦτα
2318 2907 2660 2979 τετολμῆσθαι
2694 2905 2979 2977 ἰγνὼκαμεν
3003 2942 3016 2963 ,
3045 2901 3171 2954 ἀλλά
3200 2899 3385 2970 μᾶλλον
3414 2898 3719 2953 κεκωλῦσθαι
3742 2935 3761 2961 ,

2157 3010 2230 3074 τῷ
2257 2999 2429 3071 μηδένι
2472 3002 2540 3059 εἰς
2568 2999 2727 3053 τόπον
2773 3000 2957 3061 ζῶντος
3002 2999 3316 3069 χειροτονεῖν
3353 2989 3496 3046 ἄλλον
3525 2987 3763 3047 δεδόσθαι

2156 3095 2405 3159 ἐξουσίαν.
2439 3093 2509 3146 Ού
2544 3094 2645 3166 γὰρ
2700 3092 2993 3164 χειροτονία
3037 3085 3274 3158 ἀδόκιμος
3303 3090 3393 3141 τὴν
3428 3088 3579 3154 τιμὴν
3608 3080 3762 3138 δύνα-

454 3176 581 3231 data
612 3178 684 3231 sit
716 3178 766 3229 iu
800 3176 977 3229 locum
1005 3173 1239 3227 viventis
1269 3171 1429 3225 alium
1460 3169 1768 3224 ordinandi.
1799 3167 1930 3223 Nam
1960 3185 2042 3223 rc-

2158 3208 2245 3241 ται
2291 3184 2556 3255 ἀφελέσθαι
2604 3188 2697 3237 τοῦ
2748 3183 2954 3257 ἱερέως,
2998 3177 3269 3251 ἐπειδήπερ
3320 3175 3431 3232 οῦδέ
3478 3178 3757 3236 ἐπίσκοπος

459 3271 624 3338 proba
646 3268 918 3321 ordinatio
950 3268 1215 3321 bonorem
1248 3263 1553 3319 sacerdotis
1580 3262 1796 3318 auferre
1819 3278 1927 3317 non
1958 3278 2052 3332 po-

456 3371 605 3418 test:
639 3361 687 3414 si
714 3360 932 3429 quidem
976 3361 1023 3415 is
1052 3360 1345 3428 episcopus
1371 3357 1597 3413 omnino
1664 3372 1786 3412 esse
1819 3356 2051 3428 nequit,

458 3453 551 3522 qui
579 3453 779 3523 injuste
820 3452 1191 3506 substituitur.

528 3546 584 3601 3.
630 3507 731 3611 bui
754 3560 975 3598 canones
1006 3543 1288 3613 recipiendi
1326 3551 1417 3597 aut
1443 3543 1775 3613 repudiandi.
1805 3507 2054 3610 -Ῐόιιοιι

454 3648 637 3693 autem
680 3638 745 3692 ad
776 3652 1049 3693 canonum
1087 3647 1109 3676 ε
1135 3636 1583 3692 observationem
1632 3637 1868 3704 attinet,
1920 3637 2054 3692 solis

525 3859 552 3887 ι
599 3847 682 3904 Ab
734 3848 935 3904 Acacio
964 3848 1082 3903 scil.
1132 3849 1393 3917 episcopo
1441 3847 1649 3903 Berreze
1678 3890 1692 3914 ,
1734 3848 2039 3915 Theophila

461 3919 844 3985 Alexandriae,
882 3921 1153 3974 Antiocho
1209 3921 1579 3973 I'tolemaidos
1637 3931 1690 3971 et
1744 3920 2044 3974 Severiano

460 3992 788 4046 Gabalorutu
817 4031 831 4053 ,
865 4006 1001 4059 quos
1047 3989 1641 4057 Constantinopolitani
1685 3991 1881 4043 litteris
1926 3992 2044 4043 suis

454 4078 661 4115 terutnn
682 4076 819 4114 trum
845 4102 860 4122 ,
906 4076 1039 4130 quas
1068 4063 1416 4130 patiebantur
1440 4101 1455 4123 ,
1484 4074 1736 4114 auctores
1774 4075 1899 4115 esse
1946 4075 2044 4114 no-

457 4134 699 4185 tniuatiut
730 4131 1121 4199 signiﬁcarunt.

528 4202 556 4240 δ
598 4201 732 4256 Seil.
765 4203 996 4254 conci'iu
1028 4200 1336 4256 Sardicensi
1362 4216 1483 4254 ean.
1517 4202 1550 4254 4
1579 4243 1594 4263 ,
1629 4200 1716 4253 ubi
1746 4201 1797 4253 in
1821 4200 2051 4269 gratiam

452 4272 727 4337 episcoui.
757 4275 845 4340 qui
880 4271 1176 4325 ROmanatn
1218 4271 1404 4324 Sedvm
1437 4272 1794 4339 appellaverit
1825 4311 1840 4336 ,
1871 4274 2055 4325 Sanci-

459 4352 550 4398 tttr
578 4364 588 4397 :
620 4342 768 4396 Alter
791 4360 1060 4413 episcopus
1086 4344 1138 4395 in
1157 4345 1270 4413 ejus
1302 4341 1547 4394 cathedra
1568 4385 1581 4404 ,
1601 4353 1716 4413 post
1746 4342 2053 4413 appellatio-

456 4432 572 4468 nem
612 4419 724 4485 ejus
764 4414 854 4474 qui
883 4414 1081 4465 videtur
1119 4416 1546 4485 essepdepositus,
1584 4414 1797 4467 omnino
1826 4431 1927 4485 non
1969 4430 2051 4465 or-

455 4483 661 4539 dinetur
687 4528 701 4546 ,
737 4488 832 4537 nisi
861 4499 1020 4536 causa
1047 4484 1199 4553 fuerit
1230 4483 1283 4535 in
1306 4484 1513 4555 Iudicio
1547 4485 1782 4556 episcnpi
1829 4484 2053 4538 Romani

455 4556 819 4609 determinata.
855 4556 1317 4626 AJoauuesauteut
1350 4556 1512 4607 etiam
1552 4563 1824 4626 synodum
1861 4558 2048 4624 appel-

454 4626 577 4681 lans
606 4627 812 4697 ejectus
846 4623 943 4679 fuit
963 4666 988 4697 Α,
1022 4634 1079 4678 ιιι
1109 4625 1226 4691 ipse
1255 4623 1764 4697 testilieatnr‘supra
1797 4623 1960 4690 epist.
1990 4628 2046 4689 4,

2158 3276 2374 3332 δύναται
2400 3270 2525 3330 εἶναι
2554 3276 2759 3338 ἐκεῖνος,
2792 3269 2845 3333 ὃς
2875 3270 3063 3332 ἀδίκως
3092 3270 3523 3326 ύποκαθίσταται.

2233 3489 2433 3607 fil—"(iet
2460 3543 2550 3595 καὶ
2575 3542 2697 3616 περί
2723 3546 2813 3599 τῆς
2838 3544 2937 3593 τῶν
2962 3536 3173 3592 κανόνων
3206 3535 3576 3613 παραφυλακῆς
3596 3575 3613 3599 ,
3641 3535 3763 3589 τού-

2160 3656 2267 3696 τοις
2294 3632 2395 3689 δεῖν
2420 3634 2636 3689 ἕπεσθαι
2662 3633 2938 3705 γράφομεν,
2964 3631 3145 3689 οἵτινες
3182 3630 3233 3683 ἐν
3251 3632 3432 3703 Νικαίᾳ
3452 3629 3577 3682 εἰσίν
3606 3627 3763 3703 ὡρισ-

2150 3847 2270 3902 cilii
2303 3845 2469 3899 verba
2520 3849 2625 3899 ista
2666 3853 2791 3899 sunt
2818 3862 2831 3897 :
2858 3844 2923 3900 Εἴ
2958 3868 3035 3907 τις
3065 3846 3341 3906 ἐπίσκοπος
3388 3844 3490 3898 ὑπὸ
3539 3841 3761 3899 συνόδου

2151 3920 2483 3995 καθαιρεθείς..
2516 3917 2546 3977 ἡ
2573 3918 2927 3992 πρεσϐύτερος
2952 3918 2982 3975 ἡ
3004 3916 3232 3995 διάκονος
3259 3918 3360 3971 ὑπὸ
3380 3922 3472 3969 τοῦ
3494 3914 3622 3969 ἰδίου
3651 3917 3762 3969 ἐπι-

2154 3989 2375 4066 σκόπου,
2401 3989 2693 4066 τολμήσειεν
2716 4012 2766 4044 τι
2785 3989 2982 4065 πρᾶξαι
3000 3996 3091 4066 τῆς
3111 3989 3428 4066 λειτουργίας
3448 4031 3460 4055 ,
3478 3997 3762 4066 eleg-quae

2156 4060 2283 4113 dum
2309 4055 2609 4114 Gentiauus
2643 4055 2906 4113 Herveius
2933 4060 3099 4112 latine
3127 4062 3197 4111 ita
3226 4055 3417 4112 cdu'vet
3437 4062 3495 4111 tit
3522 4098 3536 4119 ,
3568 4055 3761 4126 Siquis

2159 4133 2433 4199 episcopus
2461 4148 2491 4183 a
2522 4132 2721 4199 synodo
2748 4132 3012 4201 depositus
3041 4173 3053 4194 ,
3085 4128 3162 4182 vel
3194 4130 3458 4199 presbyter
3478 4132 3553 4180 vel
3583 4128 3761 4201 diaco-

2159 4217 2257 4254 nus
2279 4219 2310 4253 a
2333 4219 2540 4273 proprio
2565 4199 2844 4273 episcopo,
2879 4217 3084 4254 sacrum
3114 4201 3372 4254 celebrate
3397 4215 3552 4252 ausus
3584 4199 3756 4267 fuerit,

2163 4274 2332 4327 verba
2382 4274 2678 4343 τολμὴσειέν
2703 4295 2766 4348 τι
2784 4274 2980 4348 πρᾶξαι
3016 4274 3337 4348 λειτουργίας
3367 4288 3472 4348 ιιιιιι
3500 4274 3633 4322 Satis
3671 4286 3760 4322 ac-

2160 4354 2354 4398 curate
2410 4350 2624 4398 vtdetur
2677 4343 3006 4397 rt-ddi‘dhse.
3063 4343 3198 4396 Nam
3230 4343 3458 4395 diaconi
3519 4356 3624 4393 non
3678 4352 3761 4395 est

2156 4430 2362 4467 sacrum
2385 4416 2693 4468 celebrare:
2735 4424 2789 4467 et
2840 4415 3021 4483 liquet
3059 4418 3322 4482 episcopo
3357 4454 3372 4477 ,
3428 4413 3760 4482 presbytero

2157 4493 2214 4539 et
2240 4486 2475 4538 diacono
2516 4485 2780 4549 depositis
2814 4486 2917 4537 boe
2947 4500 3163 4538 ranooe
3196 4486 3451 4539 itttertlit'i
3483 4526 3496 4543 .
3529 4498 3634 4537 non
3670 4497 3763 4535 so-

2157 4556 2268 4608 ltnn
2300 4572 2367 4608 ne
2394 4569 2611 4608 Sﬂt'l‘lllll
2646 4557 2929 4609 celebrent
2957 4598 2971 4622 ,
3007 4556 3102 4609 sed
3137 4571 3205 4609 ne
3232 4558 3528 4624 quidquam
3562 4554 3759 4608 minis-

2157 4628 2280 4678 terii
2302 4669 2314 4687 ,
2342 4640 2406 4679 ex
2430 4642 2537 4693 quo
2560 4626 2757 4691 dejectt
2784 4637 2909 4679 sunt
2933 4669 2945 4685 .
2980 4629 3267 4693 attingant.
3294 4627 3556 4692 Quocirca
3580 4624 3761 4678 Theo-

454 4714 508 4751 n.
543 4699 595 4752 5.
629 4682 909 4751 (annonem
942 4682 1091 4749 illum
1126 4682 1289 4764 panlo
1319 4695 1440 4749 aliis
1470 4697 1649 4750 verbis
1674 4682 1866 4750 llauda't
1894 4682 2049 4765 lgna;
2076 4682 2132 4742 D
2156 4682 2385 4748 dureins
2410 4682 2504 4750 lib.
2536 4712 2565 4748 v
2603 4682 2740 4749 litst.
2765 4711 2815 4751 c.
2853 4682 3501 4752 Mittaditiadver‘sarios
3530 4695 3759 4750 JOanuis

455 4767 895 4835 tiuspatriarcba
940 4769 991 4819 in
1022 4766 1251 4835 epistola
1295 4766 1360 4820 ad
1410 4783 1601 4837 papnn
1645 4770 2047 4835 conciliumque

454 4838 755 4893 Romanum
787 4837 931 4904 apud
979 4838 1174 4892 Btron.
1207 4839 1271 4891 ad
1318 4853 1445 4889 ann.
1477 4838 1602 4893 86L
1656 4839 1770 4892 Hoc
1819 4838 1992 4903 ipsum
2028 4879 2043 4900 ,

452 4913 597 4977 quod
626 4912 831 4965 diserte
862 4918 1005 4961 vetat
1037 4908 1277 4979 synodus
1303 4908 1460 4964 Sardi
1485 4910 1675 4975 ensis,
1713 4907 2045 4977 prohibitum

453 4979 625 5033 videri
659 4991 836 5049 potest
881 4991 935 5033 et
981 4979 1202 5032 Νικίειιο
1253 4995 1466 5032 canone
1496 4980 1529 5034 9
1556 5022 1570 5044 ,
1611 4998 1717 5049 quo
1765 4988 1994 5033 cavetur
2025 5021 2042 5045 ,

452 5066 515 5103 ne
545 5052 599 5104 in
627 5068 730 5103 una
770 5051 975 5103 civitate
996 5051 1099 5102 duo
1127 5050 1353 5120 episcopi
1386 5050 1665 5117 probentur
1695 5052 1929 5105 existere.

526 5132 548 5159 ο
591 5121 794 5189 Nempe
836 5134 891 5172 ttt
935 5122 1139 5174 valeret
1167 5120 1427 5175 adversus
1456 5120 1723 5177 Joannem
1753 5133 2041 5191 quantum-

447 5191 529 5245 vis
561 5193 758 5260 injuste
786 5194 1057 5260 prolatum
1084 5192 1348 5258 judicium
1384 5232 1399 5257 ,
1432 5207 1495 5245 ac
1525 5194 1708 5247 nullus
1734 5196 1786 5247 ei
1814 5195 2039 5245 dari-tur

451 5262 603 5318 locus
649 5262 990 5316 defensionis
1024 5306 1036 5328 ,
1098 5261 1437 5331 Theophilus
1500 5262 2039 5327 Constantintmolim

440 5337 665 5388 miserat
696 5334 1024 5387 Antiocbeni
1059 5335 1279 5387 eozteilti
1312 5348 1554 5389 canones
1602 5334 1813 5402 pridem
1847 5336 2041 5387 adver-

443 5419 537 5459 SuS
568 5407 924 5459 Athanasium
957 5406 1189 5457 maxime
1216 5409 1469 5458 conditos
1496 5448 1510 5471 ,
1543 5421 1679 5473 QUUS
1712 5406 1854 5459 inter
1879 5404 2043 5458 Joan-

442 5477 527 5529 nis
556 5476 762 5529 inimici
793 5475 1146 5529 venditabant
1179 5477 1229 5526 in
1258 5476 1449 5541 prunis
1479 5488 1731 5542 quartum
1759 5516 1774 5537 ,
1804 5492 1832 5525 a
1865 5475 2043 5528 Palla-

436 5545 530 5600 dio
551 5563 671 5612 cap.
707 5547 739 5600 8
766 5589 779 5606 .
816 5561 935 5613 pag.
967 5547 1036 5600 73
1060 5586 1074 5609 ,
1108 5550 1187 5599 sic
1227 5547 1493 5598 relatum:
1525 5544 1584 5599 Si
1610 5548 1726 5616 quis
1768 5547 2042 5616 epist-Opus

442 5627 535 5669 aut
564 5620 827 5687 presbyter
855 5658 868 5679 ,
899 5619 1012 5680 iure
1033 5624 1122 5667 aut
1155 5616 1351 5687 injuria
1375 5616 1641 5684 depositus
1673 5633 1761 5680 per
1785 5632 1839 5669 se
1864 5618 2037 5687 redeat

442 5688 633 5751 absque
659 5684 859 5757 synodo
878 5724 891 5749 ,
919 5687 1037 5739 talis
1060 5684 1381 5757 non_haheat
1404 5688 1631 5757 amplius
1657 5689 1825 5739 locum
1855 5686 1889 5737 d
1921 5687 2036 5755 fen-

433 5758 594 5812 eionis
619 5788 633 5819 ς
655 5752 744 5811 δὶα
770 5757 1002 5811 absolute
1030 5752 1339 5827 expellatur.
1370 5752 1851 5824 Ipsa'Autiucltenl
1897 5752 2031 5813 cene

2160 4781 2348 4832 pmnas
2381 4769 2450 4817 ab
2484 4782 2549 4820 eo
2578 4781 2828 4834 exegisse
2860 4783 2965 4821 non
2997 4770 3106 4830 jam
3138 4769 3394 4822 lalSorum
3422 4768 3714 4821 criminum
3740 4806 3757 4830 ,

2157 4839 2280 4915 ἀλλά
2301 4846 2393 4915 τῆς
2419 4839 2550 4908 μετὰ
2684 4842 2975 4915 καθαίρεσιν
2995 4839 3314 4915 λειτουργίας
3340 4884 3353 4908 ,
3386 4842 3475 4892 sed
3499 4838 3625 4892 obitt'
3644 4848 3759 4909 post

2156 4910 2527 4979 depositionem
2560 4910 2852 4979 ministerii.

2227 4981 2361 5032 'l‘um
2392 4980 2459 5031 de
2485 4995 2755 5033 canonum
2800 4978 2999 5033 Joanni
3032 4979 3381 5046 objectorum
3432 4981 3759 5036 auctoritate

2153 5059 2274 5105 orta
2306 5058 2389 5102 est
2435 5053 2814 5103 comroversia
2843 5092 2858 5113 ,
2904 5051 3025 5122 aliis
3051 5091 3066 5113 ,
3102 5053 3278 5120 inquit
3327 5053 3597 5106 Palladius
3630 5067 3752 5122 pag.

2154 5123 2251 5187 79,
2282 5123 2704 5174 contendentibus
2733 5137 2817 5175 eos
2842 5121 3253 5175 ortltodoxorum
3277 5138 3387 5176 esse
3407 5163 3422 5185 ,
3450 5126 3572 5176 aliis
3605 5121 3758 5176 Aria-

2150 5208 2336 5246 norum
2390 5208 2499 5245 esse
2550 5191 3042 5245 demonstrantibus.
3097 5194 3214 5259 Qua
3266 5198 3559 5248 occasione
3610 5195 3757 5261 E|pi~

2148 5265 2268 5318 dius
2297 5262 2430 5316 ibid.
2452 5306 2465 5325 ,
2495 5278 2615 5331 pag.
2641 5263 2734 5326 8d,
2762 5262 2939 5330 lepide
2968 5264 3176 5319 dixisse
3204 5266 3375 5319 fertur
3399 5267 3755 5332 imperatori:

2152 5335 2486 5408 Subscribam
2528 5334 2716 5408 fratres
2758 5337 2922 5387 nostri
2962 5336 3184 5408 Aeacius
3211 5349 3258 5389 et
3286 5336 3574 5390 Antiochus
3614 5341 3757 5408 ejus-

2150 5405 2269 5458 dem
2295 5421 2350 5457 se
2377 5422 2485 5459 esse
2517 5405 2635 5462 ﬁdei
2661 5446 2675 5467 ,
2712 5421 2772 5456 ac
2800 5422 2886 5458 eos
2922 5407 3009 5476 qui
3037 5422 3260 5460 canones
3300 5408 3605 5471 ediderunt,
3629 5405 3758 5473 uuas

2154 5484 2415 5540 tamquam
2455 5476 2517 5527 ab
2558 5476 2864 5529 orthodoxis
2909 5476 3075 5529 editos
3121 5487 3449 5544 proponunt,
3504 5490 3553 5531 et
3576 5481 3752 5533 soluta

2152 5547 2500 5599 controversia
2545 5558 2639 5599 est.
2684 5547 2943 5601 Eundem
2989 5551 3429 5601 cotttroversiam
3464 5551 3531 5602 ad
3563 5566 3623 5604 se
3654 5552 3753 5606 de-

2153 5619 2315 5670 latam
2347 5618 2698 5672 Innocentius
2740 5635 2882 5671 nunc
2923 5616 3130 5670 dirimit
3158 5658 3172 5681 ,
3217 5634 3279 5671 ac
3311 5622 3471 5672 docet
3504 5634 3748 5677 canones

2150 5688 2273 5769 illos
2305 5689 2686 5769 ltztlrteticctruttt
2719 5704 2844 5743 esse
2868 5727 2882 5751 .
2921 5689 3201 5769 nutrquod
3227 5689 3577 5769 Antiocheam
3607 5693 3746 5769 cdpr

2144 5758 2270 5812 allio
2298 5756 2568 5813 defuerint
2600 5764 2822 5813 omnino
2846 5757 3170 5825 orthodoxi;
3206 5760 3301 5813 sed
3334 5758 3481 5830 quod
3509 5756 3746 5819 Artauiil
