4344 6174
441 200 549 258 505

1645 214 2010 275 EPISTOLE
2053 220 2142 278 ET
2180 221 2533 282 DECRETA.

3630 243 3742 303 506

438 316 546 372 illis
586 320 887 390 parendum
944 337 1069 380 esse
1114 324 1389 392 dicimus,
1435 327 1530 398 qui
1573 326 1769 385 Nicaeae
1818 331 2029 388 deﬁniti

2065 339 2106 398 A
2133 340 2269 409 μένοι
2287 381 2300 404 ,
2327 336 2401 402 οἷς
2439 343 2611 414 μόνοις
2638 345 2819 421 ὀφείλει
2846 349 3180 416 ἓξακολουθεῖν
3207 356 3240 416 ri
3274 356 3501 420 καθολική
3533 359 3740 424 Ἐκκλη·

437 421 599 478 sunt;
630 429 768 483 quos
790 417 937 470 snlos
971 425 996 454 ει
1024 418 1224 474 sectari
1247 430 1300 475 et
1317 435 1619 491 agnoscere
1644 421 1810 478 debet
1842 425 2031 481 Eccle-

431 503 511 558 sia
544 506 958 588 catholicaJSin
991 524 1170 566 autem
1200 528 1230 568 a
1262 515 1585 584 quibusdam
1614 518 1705 572 alii
1744 519 2029 588 proferan-

433 603 553 661 tur,
583 599 726 668 quia
757 599 990 658 Nini-nis
1011 605 1310 660 Canonibus
1339 606 1691 675 discutiant,
1726 621 1780 664 et
1812 610 1880 664 ab
1912 611 2025 665 bre-

432 689 624 743 reticis
669 695 960 761 compositi
1010 710 1133 750 esse
1169 711 1502 767 arguantur.
1539 700 1592 754 hi
1637 702 1705 756 ab
1750 703 2028 773 episcopis

431 783 713 838 catholicis
756 785 1094 856 rejiciuntur.
1146 790 1279 844 Nam
1303 807 1423 862 qua:
1471 793 1539 848 ab
1590 793 1866 850 lin-reticis
1896 807 2024 851 sunt

430 877 732 947 excogitata
775 923 788 947 ,
847 895 912 935 ea
960 881 1246 936 catholicis
1297 885 1499 954 regulis
1549 887 1850 959 adjungere
1905 907 2014 945 non

425 966 576 1024 licet.
599 970 810 1040 Quippe
845 973 925 1028 illi
957 991 1052 1042 per
1072 976 1345 1031 contraria
1370 986 1426 1032 et
1453 978 1642 1034 illicita
1673 980 1870 1049 placita
1899 998 2020 1048 per-

429 1070 594 1131 petuo
624 1063 674 1117 id
704 1075 902 1135 agunt,
929 1075 990 1120 ut
1037 1066 1379 1124 Nicmnornm
1430 1081 1645 1141 patrum
1690 1077 2018 1130 sententiam

427 1150 771 1210 labefactent.
818 1156 929 1212 llos
958 1158 1124 1229 igitur
1167 1175 1405 1216 eanones
1433 1178 1542 1217 non
1572 1165 1750 1219 solum
1793 1182 1899 1222 non
1930 1182 2016 1222 se-

425 1245 673 1315 quendos
696 1288 712 1312 ,
747 1264 933 1303 verum
965 1251 1126 1306 etiam
1158 1269 1259 1306 una
1292 1270 1412 1308 eum
1447 1254 1721 1312 bznreticis
1751 1266 1806 1313 et
1849 1259 2020 1314 scbis-

423 1339 638 1393 maticis
667 1340 1012 1411 dogmatibus
1065 1347 1516 1403 condemnandos
1561 1365 1683 1407 esse
1733 1351 1965 1407 dicimus
1999 1393 2013 1418 ,

418 1433 878 1500 quemadmodum
902 1436 1066 1491 etiam
1090 1438 1141 1493 in
1174 1439 1486 1497 Snrdicensi
1517 1445 1729 1514 synodo
1745 1444 1856 1514 jam
1885 1460 2017 1500 con-

419 1521 658 1579 demnati
689 1538 816 1582 sunt
862 1527 891 1567 ι)
921 1532 988 1586 ab
1017 1533 1296 1604 episcopis
1323 1537 1414 1607 qui
1449 1553 1549 1592 nos
1581 1552 2010 1608 prtecesscrunt.

415 1613 596 1675 Satius
641 1622 786 1677 enim
833 1623 998 1680 fuerit
1044 1642 1105 1681 ea
1133 1643 1256 1696 qure
1293 1640 1314 1667 ε
1365 1640 1516 1686 recte
1549 1631 1692 1687 facta
1724 1642 1850 1689 sunt
1878 1650 2012 1690 cou-

2132 437 2223 489 σία
2247 476 2262 500 ,
2309 437 2393 489 καὶ
2439 439 2659 500 τούτους
2711 447 3013 523 γνωρίζεινις
3038 447 3094 498 Εἰ
3137 443 3190 501 δέ
3230 447 3397 523 ἕτεροι
3438 450 3542 507 ύπό
3584 472 3733 510 τινων

2129 528 2528 601 προσφέρονται,
2559 532 2738 593 οἵτινες
2767 535 2871 589 ἀπὸ
2909 528 3015 591 τ’ἔιῖ
3055 539 3105 591 ἐν
3149 543 3326 615 Νικαίᾳ
3381 540 3725 615 διαφωνοῦσι,

2129 620 2214 670 καί
2252 619 2352 672 ύπό
2388 620 2650 697 αἱρετικῶν
2681 625 2952 696 ἐλέχονται
2982 633 3336 701 συντετάχθαι
3355 674 3370 695 ,
3400 631 3541 689 οὗτοι
3575 639 3726 714 παρά

2126 718 2226 764 τῶν
2266 713 2532 767 καθολικῶν
2580 717 2870 772 ἐπισκόπων
2912 721 3306 779 ἀποϐάλλονται.
3350 727 3424 779 Τά
3474 729 3576 805 γὰρ
3622 730 3726 785 ύπό

2127 808 2228 856 τῶν
2279 804 2541 877 αίρετικῶν
2571 808 2868 881 εὑρεθέντα,
2903 819 3070 868 ταῦτα
3116 816 3208 868 οὐκ
3259 813 3376 872 ἔστι
3427 826 3540 879 τοῖς
3582 823 3728 876 καθο-

2126 895 2281 958 λικοῖς
2330 899 2511 954 κανόσι
2557 904 2900 976 προσάπτειν.
2949 904 3048 961 Ἀεὶ
3093 910 3194 984 γάρ
3233 906 3318 964 διά
3359 917 3458 965 τῶν
3487 913 3726 969 ἐναντίων

2125 991 2212 1042 καί
2237 990 2494 1060 ἀθέσμων,
2522 1000 2613 1053 τὴν
2638 1003 2738 1049 τῶν
2761 998 2811 1050 ἐν
2835 1001 3013 1073 Νικαίᾳ
3040 1007 3212 1070 μειοῦν
3237 1002 3420 1060 ϐουλήν
3450 1005 3724 1065 ἐθέλουσιν.

2124 1082 2194 1135 Ού
2222 1081 2373 1153 μόνον
2401 1079 2491 1137 οὖν
2517 1083 2720 1158 λέγομεν
2747 1092 2951 1151 τούτοις
2977 1096 3046 1162 μὴ
3073 1091 3174 1147 δεῖν
3205 1093 3571 1162 ὲξακολουθεῖν,
3602 1099 3724 1155 ἀλλά

2122 1177 2311 1245 μᾶλλον
2341 1180 2529 1240 αύτούς
2567 1184 2700 1252 μετὰ
2725 1183 2988 1259 αἱρετικῶν
3018 1189 3101 1240 καί
3141 1196 3505 1259 σχισματικῶν
3531 1188 3724 1264 δογμά-

2121 1290 2222 1323 των
2260 1266 2385 1326 εἶναι
2425 1276 2796 1349 κατακριτέους
2815 1316 2829 1339 ,
2861 1279 3086 1353 καθάπερ
3116 1282 3204 1332 καί
3248 1279 3494 1356 πρότερον
3520 1283 3722 1355 γέγονεν

2119 1363 2172 1416 ἐν
2199 1370 2260 1435 τῇ
2289 1362 2502 1439 Σαρδίκῃ
2533 1365 2730 1439 συνόδῳ
2758 1369 2860 1422 om;
2885 1377 2984 1423 τῶν
3010 1372 3111 1449 πρὸ
3139 1374 3280 1443 ἡμῶν
3307 1371 3618 1430 ἐπισκόπων.
3640 1379 3717 1434 Τὰ

2117 1456 2214 1531 ’γάρ
2241 1456 2405 1517 καλῶς
2430 1460 2733 1533 πραχθέντα
2760 1465 3144 1538 κατακρίνεσθαι
3166 1464 3350 1535 μᾶλλον
3374 1475 3655 1545 προσῆκεν,
3686 1469 3717 1529 ἢ

2118 1540 2360 1618 ἄντικρυς
2387 1555 2486 1603 τῶν
2530 1552 2746 1608 κανόνων
2785 1553 3026 1626 γενόμενα
3052 1553 3087 1612 ἕ
3080 1577 3198 1628 χειν
3220 1559 3332 1615 τινὰ
3361 1559 3672 1630 βεϐαιότητα
3695 1601 3714 1632 ,

2116 1638 2317 1714 ἀδελφοὶ
2343 1646 2656 1713 τιμιώτατοι.

413 1709 702 1777 demnari,
734 1731 896 1784 quam
944 1732 1007 1772 ea
1058 1735 1177 1790 qua:
1209 1731 1396 1776 eontra
1445 1739 1684 1781 canones
1729 1737 1852 1781 acta
1879 1734 2010 1784 sunt
2039 1731 2088 1791 B

416 1803 586 1858 ullam
630 1806 947 1864 ﬁrmitatem
979 1811 1232 1869 obtinere
1256 1856 1271 1880 ,
1305 1815 1504 1871 fratres
1530 1817 1862 1874 cbarissimi.

481 1899 527 1952 4.
580 1898 696 1954 Una
722 1904 1034 1959 mcumenica
1055 1871 1412 1977 synodovmala
1439 1871 1620 1966 sanari
1649 1871 2006 1982 posses-(god

405 1991 534 2061 quid
564 1993 830 2050 adversus
854 1996 955 2051 ista
985 1999 1036 2053 in
1063 2003 1318 2069 przesenti
1344 2004 1603 2061 faciamus
1630 2008 1652 2061 ?
1683 2007 2003 2065 Necessaria

403 2094 486 2138 est
515 2087 757 2148 cognitio
787 2091 1018 2160 synodi,
1051 2110 1211 2163 quam
1252 2106 1307 2151 et
1343 2099 1453 2166 jam
1507 2101 1718 2169 pridem
1770 2119 2002 2174 Congre-

400 2175 639 2245 gandam
671 2193 795 2234 esse
824 2181 1084 2237 diximus.
1121 2185 1194 2240 Ea
1241 2189 1385 2242 enim
1419 2191 1535 2245 sola
1567 2203 1696 2260 est,
1735 2210 1860 2265 qua:
1904 2196 2003 2249 btt-

396 2266 637 2338 jusmodi
669 2279 1052 2342 tempestatum
1086 2290 1266 2334 motus
1293 2283 1488 2339 sedare
1522 2290 1712 2355 possit.
1738 2289 1910 2357 Quam
1941 2301 2001 2346 ut

398 2375 834 2434 consequamur,
870 2369 1004 2424 utile
1033 2373 1196 2426 luerit
1230 2374 1450 2431 interim
1499 2378 1693 2434 borum
1729 2383 1998 2439 malorum

407 2456 732 2511 medicinam
764 2475 793 2513 a
823 2461 1109 2520 voluntate
1154 2465 1248 2522 Dei
1292 2471 1474 2538 magni
1507 2482 1559 2525 et
1586 2470 1795 2528 Christi
1830 2477 2000 2544 ipsius

405 2545 620 2602 Domini
678 2553 850 2607 nostri
898 2567 1240 2626 exspectare.
1289 2560 1522 2627 Omnia,
1558 2579 1679 2634 quae
1711 2581 1854 2621 nunc
1903 2582 1997 2636 per

397 2647 654 2704 invidiam
697 2651 900 2708 diaboli
947 2656 1015 2712 ad
1057 2658 1294 2714 ﬁdelium
1345 2663 1722 2732 probationem
1771 2678 1992 2723 contur-

395 2739 520 2795 bata
545 2754 671 2798 sunt
701 2787 716 2810 ,
748 2748 1122 2827 pacnbuutuq
1141 2751 1288 2809 Nihil
1323 2771 1429 2810 non
1460 2757 1724 2831 debemus
1768 2777 1868 2831 per
1910 2763 1993 2817 lir.

395 2843 642 2899 mitatem
678 2847 802 2902 ﬁdei
834 2864 863 2903 a
894 2849 1125 2905 Domino
1177 2869 1426 2923 Sperare.
1449 2829 1612 2914 rl‘iam
1654 2870 1712 2915 et
1741 2876 1842 2916 nos
1893 2863 1988 2917 diu

391 2938 733 3009 multumque
777 2942 1119 3011 cogitamus,
1151 2961 1389 3016 quonam
1439 2951 1601 3005 modo
1644 2957 1984 3010 meumenica

391 3028 632 3098 synodus
680 3035 1062 3103 congreganda
1092 3037 1202 3103 sit,
1241 3048 1295 3092 ut
1329 3041 1631 3098 turbulenti
1661 3055 1840 3100 motus
1891 3047 1987 3102 Dei

2181 1883 2420 1989 ιίῖιλλά
2462 1938 2513 1991 τί
2549 1939 2678 1992 κατὰ
2724 1946 2824 1994 τῶν
2868 1941 3114 1997 τοιούτων
3160 1948 3250 1997 νῦν
3291 1944 3342 1999 ἓν
3384 1952 3458 2018 τῷ
3490 1945 3713 2020 παρόντι

2107 2032 2416 2100 ποιήσομεν;
2464 2029 2733 2106 ’Λναγκαία
2773 2036 2885 2090 ἐστί
2927 2033 3200 2109 διάγνωσις
3232 2038 3472 2100 συνοδική
3497 2080 3511 2100 .
3543 2042 3601 2100 ἣν
3625 2045 3712 2097 καί

2106 2121 2266 2176 πάλαι
2283 2119 2465 2194 ἔφημεν
2486 2128 2900 2203 συναθροιστέαν.
2923 2129 3056 2187 Μόνη
3076 2131 3176 2206 γάρ
3201 2131 3338 2187 ἐστιν
3361 2133 3473 2195 ἥτις
3496 2132 3710 2192 δύναται

2104 2213 2197 2272 τὰς
2225 2218 2446 2276 κινήσεις
2487 2224 2587 2271 τῶν
2626 2219 2868 2274 τοιούτων
2902 2222 3231 2277 καταστεῖλαι
3261 2222 3590 2297 καταιγίδων.
3617 2225 3710 2290 7il:-

2101 2303 2182 2357 ἵνα
2225 2306 2472 2376 τύχωμεν
2493 2351 2506 2371 ,
2542 2309 2805 2384 χρήσιμόν
2830 2311 2941 2367 ἐστι
2967 2315 3093 2372 τέως
3122 2313 3485 2390 ὑπερτίθεσθαι
3507 2321 3600 2375 τήν
3627 2319 3711 2372 ἰα-

2101 2398 2273 2470 τρείαν
2298 2405 2360 2471 τῇ
2386 2398 2628 2466 βουλήσει
2667 2407 2758 2455 τοῦ
2803 2402 3026 2472 μεγάλου
3055 2410 3183 2457 Θεοῦ
3213 2409 3298 2459 καὶ
3340 2412 3431 2461 τοῦ
3470 2416 3703 2484 Χριστοῦ

2101 2498 2268 2552 αύτῶν
2286 2506 2378 2553 τοῦ
2400 2504 2577 2576 κυρίου
2603 2505 2762 2574 ἡμῶν.
2785 2506 2956 2558 Πάντα
2977 2502 3071 2558 ὅσα
3089 2512 3176 2560 νῦν
3196 2515 3269 2577 τῷ
3295 2509 3449 2581 φθόνῳ
3470 2517 3560 2566 τοῦ
3586 2510 3704 2569 δια·

2101 2597 2247 2651 ϐόλου
2298 2602 2430 2674 πρὸς
2480 2606 2569 2660 τήν
2621 2610 2721 2657 τῶν
2775 2613 2972 2659 πιστῶν
3034 2605 3335 2680 δοκιμασίαν
3394 2615 3703 2689 τετάρακται

2095 2699 2474 2770 πραϋνθήσεται
2495 2699 2652 2771 lLab.
2678 2704 3150 2778 παραμυθήσεται].
3169 2684 3330 2789 βύδέν
3358 2684 3611 2785 ὀφείλοιιεν
3638 2722 3703 2789 τῇ

2097 2799 2400 2874 στερῤότητι
2435 2810 2528 2863 τῆς
2571 2804 2796 2865 πίστεως
2841 2807 2986 2881 παρὰ
3027 2784 3346 2883 τοῦ-’.τιυρίου
3391 2812 3698 2870 ἁπελπίσαι.

2065 2895 2186 2972 [Ti—ai
2213 2904 2313 2976 γάρ
2346 2905 2496 2974 ἡμεῖς
2539 2904 2698 2958 πολλὰ
2734 2907 3062 2979 σκεπτόμεθα
3082 2949 3096 2971 ,
3125 2907 3178 2962 ὃν
3205 2911 3394 2983 τρόπον
3429 2915 3459 2971 ri
3489 2913 3703 2978 σύνοδος

2092 3005 2400 3075 οἰκουμενική
2431 3007 2740 3077 συναχθιίη⁶
2775 3003 2916 3068 ὅπως
2953 3017 3016 3085 τῇ
3057 3009 3304 3081 βουλήσει
3344 3018 3433 3066 τοῦ
3471 3021 3602 3069 Θεοῦ
3644 3018 3701 3072 αἱ

2292 3109 2423 3132 ',§-,-
2452 3113 2620 3132 _4.4.!A-
2660 3131 2670 3132 κ
2706 3131 2759 3132 κ.
2793 3110 2842 3132 ’κ
3020 3109 3106 3132 με..
3282 3116 3290 3129 r
3486 3109 3512 3131 τ
3613 3116 3626 3132 ο

388 3129 522 3175 nutu
552 3123 772 3179 tandem
814 3126 1254 3202 conquiescant)
1283 3131 1665 3192 Sustineamus
1695 3139 1858 3208 igitur
1886 3141 1986 3193 ali-
2014 3127 2051 3190 C

2089 3106 2423 3182 ταραχώδεις
2450 3113 2673 3170 κινήσεις
2698 3108 3438 3188 παύσωνταιδϊπερμείνομεν
3457 3109 3547 3168 οὖν
3570 3116 3701 3179 τέως

387 3216 745 3283 quantiSper;
779 3226 829 3271 et
864 3220 1007 3274 vallo
1064 3223 1339 3288 patientia:
1390 3231 1712 3285 communili
1741 3272 1756 3298 ,
1785 3243 1978 3289 cuncta

388 3307 594 3361 auxilio
647 3309 741 3363 Dei
797 3311 972 3366 nostri
1027 3313 1367 3370 restituenda
1420 3333 1728 3387 speremus.
1786 3325 1980 3380 Omnia

387 3413 554 3469 porro
582 3441 597 3466 ,
628 3417 746 3472 qua:
776 3419 874 3459 vos
897 3406 1144 3476 perferre
1165 3407 1381 3464 dixistis
1411 3451 1426 3476 ,
1462 3411 1574 3479 jam
1603 3423 1762 3470 antea
1794 3431 1822 3468 a
1853 3432 1980 3473 coe-

390 3492 628 3567 piscopis
652 3499 852 3554 nostris
879 3542 893 3566 ,
924 3501 1012 3572 qui
1039 3500 1266 3557 Romam
1295 3503 1422 3560 licet
1451 3491 1684 3563 diversis
1712 3506 1738 3546 ἀ
1766 3518 1978 3581 tempo-

385 3682 664 3758 nthanasii
692 3685 1042 3741 adversarios
1075 3689 1277 3758 primas
1305 3690 1358 3744 in
1387 3705 1452 3744 eo
1484 3691 1727 3748 tenuisse
1760 3693 1815 3748 in
1846 3709 1980 3748 con-

383 3753 528 3808 fesso
557 3759 629 3808 sit
653 3774 668 3810 :
699 3759 1046 3832 atquehuius
1071 3753 1148 3815 rei
1179 3762 1338 3815 teStis
1369 3773 1448 3814 est
1479 3763 1726 3832 prolatus
1752 3781 1928 3818 canon
1956 3807 1971 3829 ,

382 3829 470 3894 qui
522 3829 770 3903 canzulto
807 3831 874 3903 ad
925 3845 1158 3903 omnem
1199 3829 1560 3888 restitutionis
1605 3850 1759 3903 spem
1809 3835 1978 3890 Atha-

383 3898 537 3949 nasio
561 3898 909 3954 aufert-udam
933 3900 1111 3956 editus
1135 3900 1334 3957 fuerat.

455 3976 479 4003 ιι
524 3967 728 4044 Βι-ίιιιει·
774 3972 900 4044 illos
928 4011 942 4034 ,
981 3975 1157 4042 inquit
1199 3973 1459 4029 Paschas.
1491 3976 1823 4044 Quesnellus
1852 3977 1980 4032 Dis-

381 4047 516 4112 εει-ι.
555 4038 618 4092 12
645 4042 709 4093 ad
738 4042 944 4112 calcem
969 4038 1194 4112 operum
1224 4045 1426 4100 Leonis
1474 4038 1536 4100 cf
1557 4047 1610 4112 2,
1648 4061 1813 4103 etiam
1849 4049 1977 4104 Sar-
2007 4060 2010 4064 '

379 4110 610 4163 dicenses
652 4111 927 4182 recipiebat
959 4110 1296 4189 Innocentius
1319 4159 1332 4179 ,
1365 4117 1454 4170 sed
1495 4110 1699 4171 habitos
1748 4136 1840 4189 pro
1876 4120 1977 4172 Ni-

379 4184 556 4242 cwnis.
590 4197 867 4249 eorumque
896 4187 1101 4238 nomine
1150 4187 1417 4240 decoratos
1443 4206 1504 4242 ac
1532 4184 1759 4244 vestitos;
1816 4194 1875 4243 lit
1908 4207 1974 4244 ex

377 4266 446 4306 eo
475 4251 724 4332 quidem,
750 4262 894 4322 quod
920 4256 1011 4310 ille
1044 4259 1286 4332 pontifex
1318 4259 1385 4312 de
1415 4260 1730 4315 Sardtcensi
1762 4263 1975 4332 synodo

377 4323 752 4376 Antiot-benos
801 4323 1052 4382 canones
1097 4328 1500 4400 condemnante
1535 4323 1976 4400 proxime'Snbji-

377 4395 485 4456 cit,
521 4398 869 4471 perspicuum
925 4408 1011 4452 est
1045 4399 1132 4471 ab
1185 4405 1302 4471 ipso
1355 4395 1690 4471 recipi-qum
1736 4395 1974 4459 Sardium

372 4475 700 4539 gestasuut.
743 4466 857 4539 Sed
887 4484 1010 4521 cum
1041 4470 1128 4520 illa
1161 4466 1340 4525 laudet
1395 4466 1616 4539 prottrio
1648 4474 1976 4528 Sardtccnsis

373 4518 564 4605 ἷῃιιοάὶ
609 4518 866 4603 nomine;
902 4540 1260 4594 Sardicenses
1301 4518 1537 4596 can'ones
1577 4554 1636 4598 ut
1674 4560 1703 4598 a
1742 4545 1976 4599 Nitraulis
2009 4518 2056 4576 D

375 4607 668 4662 distinctos
697 4649 713 4674 ,
751 4619 946 4687 nonut
966 4627 1060 4680 pro
1090 4609 1324 4665 Nicwnis
1355 4613 1555 4666 habitos
1584 4632 1856 4687 eorumque
1883 4633 1978 4667 no-

372 4680 514 4731 mine
540 4690 746 4732 vestitos
775 4720 790 4744 ,
824 4682 892 4735 ab
915 4699 981 4734 eo
1010 4693 1261 4748 receptos
1303 4697 1427 4737 essta
1458 4703 1562 4737 non
1593 4680 1781 4740 minus
1805 4689 1977 4738 mani-

375 4749 728 4826 festtttn_trst.
777 4752 1042 4817 Quocirca
1094 4752 1472 4826 Innocentium
1510 4758 1576 4808 ita
1622 4759 1975 4826 intelligimus

371 4819 812 4895 solos‘Nicmuos
866 4837 1106 4877 canones
1146 4825 1434 4878 sectandas
1478 4819 1826 4895 praedicare:
1867 4845 1971 4881 non

372 4905 432 4946 ut
463 4891 782 4964 rejiciantur
821 4903 914 4948 aut
943 4907 1278 4963 spernuntur
1307 4898 1397 4964 qui
1440 4891 1563 4950 cum
1604 4897 1712 4952 illis
1743 4891 1975 4953 consen-

372 4965 539 5024 tiant,
571 4963 666 5036 sed
699 4965 731 5017 ii
762 4973 972 5018 tantum
1021 4964 1117 5035 qui
1158 4963 1510 5021 dissentiunt:
1545 4967 1802 5033 Quoniam
1828 5011 1842 5036 ,
1890 4971 1970 5022 itt-

370 5037 480 5106 qnit
519 5044 578 5087 et
607 5034 717 5088 Leo
746 5036 908 5106 epist.
950 5034 1062 5100 96,
1096 5036 1161 5088 ad
1197 5037 1571 5102 l’ulclteriam,
1612 5058 1664 5093 ιι.
1698 5040 1762 5100 2,
1790 5034 1970 5093 centra

369 5114 566 5159 stafuta
607 5121 864 5160 canonum
910 5118 1245 5182 paternorum
1277 5149 1291 5172 ,
1317 5126 1453 5182 qua:
1497 5121 1617 5163 ante
1656 5111 1970 5182 longissima:

369 5178 540 5230 celatis
568 5192 735 5252 annos
759 5179 810 5252 in
843 5177 965 5230 urbe
997 5177 1224 5252 Nicwnd
1246 5179 1570 5246 spiritalibus
1602 5195 1719 5235 sunt
1745 5177 1968 5252 fundata

370 5249 624 5310 decretis,
655 5248 790 5301 nihil
821 5264 1067 5320 umquam
1118 5250 1310 5303 audere
1345 5253 1688 5319 conceditur;
1721 5248 1792 5307 ita
1832 5262 1886 5304 ut
1921 5254 1968 5306 si

369 5320 486 5388 quis
511 5319 770 5372 diuersum
825 5318 1026 5382 aliquid
1079 5320 1350 5390 decernere
1380 5324 1497 5375 velit
1521 5363 1535 5384 ,
1563 5340 1618 5375 se
1665 5318 1834 5390 potius
1867 5326 1962 5374 mi-

371 5399 695 5464 unat,qunm
718 5391 809 5443 illa
830 5400 1152 5464 corrumpat.
1182 5388 1602 5464 CerteNicmnte
1631 5388 1823 5464 synodi
1849 5397 1956 5449 vel-

372 5471 430 5515 ut
461 5461 736 5531 ιιρνιιιιιιιΧ
781 5461 1113 5516 sardicensis
1158 5463 1368 5516 censeri
1403 5474 1618 5531 potest,
1655 5461 1841 5530 utpote
1869 5468 1955 5520 cui

371 5532 587 5602 pra-luit
612 5533 804 5595 Osins,
838 5535 928 5603 qui
960 5533 1153 5603 Nion-:1:
1176 5532 1258 5585 Vt'i
1291 5535 1542 5602 princeps
1570 5536 1648 5587 vel
1682 5537 1823 5590 inter
1849 5537 1960 5602 pri-

371 5601 578 5657 marius
606 5601 870 5670 pnesules
897 5601 1220 5672 consederat
1246 5641 1261 5668 ,
1295 5614 1350 5657 et
1372 5607 1421 5672 in
1455 5601 1557 5672 qua
1588 5608 1775 5672 eadem
1828 5601 1959 5660 ﬁdes

371 5666 619 5728 stabilita
647 5708 660 5739 ,
701 5666 998 5744 eademque
1026 5666 1254 5729 ltzet‘esl-i
1277 5666 1560 5747 proﬂigata
1592 5666 1691 5730 eet.
1731 5669 1959 5732 Dtimaso

2093 3211 2177 3262 καὶ
2224 3217 2296 3280 τῷ
2343 3211 2513 3282 τείχει
2561 3218 2655 3270 τῆς
2694 3210 2956 3283 ὑπομονῆς
3001 3213 3376 3288 ὀχυρούμενοι,
3408 3215 3698 3288 ἐλπίσωμεν

2086 3311 2252 3367 πάντα
2271 3319 2334 3385 τῇ
2351 3311 2553 3386 βοηθείᾳ
2573 3319 2663 3366 τοῦ
2689 3319 2819 3368 Θεοῦ
2840 3315 2980 3386 ἡμῶν
3002 3316 3510 3374 ἀποκατασταθῆναι.
3530 3319 3697 3375 Πάντα

2085 3408 2161 3475 δὲ,
2190 3408 2287 3466 ὅσα
2315 3413 2454 3484 ύμᾶς
2478 3414 2793 3485 ὑφίστασθαι
2814 3418 3063 3488 εἰρήκατε,
3091 3420 3177 3471 καί
3199 3417 3445 3492 πρότερον
3471 3416 3698 3493 συνδρα-

2085 3512 2297 3582 μόντων,
2329 3516 2373 3567 εἰ
2397 3517 2483 3567 καί
2510 3513 2736 3585 μάλιστα
2767 3513 3028 3592 διαφόροις
3060 3517 3296 3592 χρόνοις,
3328 3519 3567 3574 τουτέστι
3594 3531 3695 3576 An-

2082 3693 2368 3764 pontiﬁce,
2401 3702 2458 3748 ut
2506 3709 2670 3761 supra
2731 3709 2857 3762 pag.
2907 3692 3045 3759 591,
3076 3711 3228 3750 num.
3272 3699 3340 3761 5,
3391 3700 3692 3758 secundum

2083 3766 2476 3830 Athinasium,
2538 3769 2979 3838 observavimus,
3014 3781 3084 3821 ne
3131 3768 3390 3835 cuiquam
3438 3773 3695 3838 impone-

2085 3847 2208 3890 rent
2234 3835 2420 3890 Aritni
2447 3879 2462 3902 ,
2495 3837 2584 3904 qtti
2631 3838 2771 3890 varia
2799 3839 3120 3906 synadorum
3151 3839 3362 3892 nomina
3391 3835 3695 3896 comminis-

2082 3908 2353 3970 cebantur,
2406 3907 2590 3960 nonne
2619 3907 2847 3976 aliisque
2877 3909 2926 3958 in
2964 3907 3102 3962 locis
3150 3910 3365 3964 diversa
3407 3912 3686 3969 celebrata

2083 3992 2211 4031 sunt
2233 3979 2464 4032 concilia
2491 4019 2505 4040 ,
2537 3979 2588 4030 in
2619 3978 2817 4045 quibus
2839 3979 3106 4031 sant-itum
3131 3991 3213 4045 est
3238 4024 3254 4046 ,
3289 3991 3344 4033 ut
3372 3983 3519 4035 nulla
3544 3984 3693 4037 dein.

2085 4065 2201 4117 ceps
2221 4049 2272 4101 in
2296 4047 2531 4102 Ecclesia
2559 4050 2814 4102 catholico
2850 4052 3207 4104 nominaretur
3235 4055 3468 4122 synodus
3499 4066 3686 4122 prwter

2081 4136 2239 4172 unam
2274 4119 2564 4173 Nicamam.
2597 4124 2872 4185 Quantum
2907 4133 3086 4173 autem
3117 4119 3402 4176 Athanasii
3454 4119 3691 4180 interes-

2081 4204 2195 4255 set,
2226 4201 2284 4242 ut
2329 4191 2674 4244 Sardicensis
2705 4192 2898 4261 synodi
2929 4191 3152 4247 minime
3189 4194 3466 4249 levaretur
3498 4210 3690 4251 aucto-

2082 4264 2213 4316 ritas
2237 4305 2250 4327 ,
2287 4262 2490 4314 nemini
2520 4272 2602 4315 est
2633 4263 3056 4330 incompertum.

2152 4331 2177 4370 δ
2201 4332 2318 4386 Non
2345 4333 2612 4400 oppositis
2630 4333 2854 4401 quidem
2881 4333 3186 4387 rationibus
3208 4335 3573 4402 autdecretis,
3591 4339 3688 4394 sed

2079 4406 2250 4471 gesais
2287 4406 2772 4477 contrariis,dntn
2799 4403 3156 4458 Atlianasmn:
3191 4409 3436 4477 aliosque
3477 4412 3692 4477 episco-

2085 4489 2186 4541 pus
2213 4516 2228 4538 ,
2263 4475 2438 4548 nulla_
2460 4475 2846 4548 prmdictorum
2890 4493 3164 4548 canonum
3207 4475 3394 4531 iubila
3426 4475 3636 4535 ratione
3669 4523 3684 4548 ,

2085 4545 2138 4598 in
2167 4545 2607 4599 communionem
2650 4546 2918 4598 admisSos
2944 4586 2958 4610 ,
2992 4548 3042 4598 in
3075 4547 3236 4601 sedes
3265 4563 3393 4602 suas
3425 4545 3686 4606 restitue;

2081 4625 2226 4670 runt.
2259 4616 2406 4670 Hanc
2438 4617 2860 4684 explicationem
2897 4632 3000 4667 non
3031 4616 3100 4670 de
3139 4629 3327 4670 nostro
3359 4622 3678 4676 COllllllllliS-

2079 4688 2258 4740 citnur
2305 4685 2443 4750 ipsi,
2497 4686 2593 4740 sed
2627 4687 2940 4752 suppeditat
2973 4687 3249 4740 Palladius
3283 4705 3402 4755 pag.
3437 4691 3503 4745 78
3530 4731 3546 4757 ,
3591 4693 3683 4749 ΙιΙιί

2077 4757 2249 4831 allato
2281 4759 2624 4831 Antiochi-ni
2681 4757 2901 4831 concilii
2935 4773 3143 4831 canone
3169 4759 3236 4822 4,
3282 4762 3523 4831 adjungit
3553 4782 3566 4816 :
3611 4760 3683 4818 Et

2076 4825 2162 4880 hic
2200 4827 2404 4897 quidem
2433 4843 2597 4879 canon
2619 4838 2714 4898 tut
2732 4827 2920 4898 impius
2947 4831 3010 4898 ob
3035 4829 3212 4898 impiis
3233 4825 3403 4883 editus
3434 4825 3524 4893 ,viu
3549 4833 3680 4889 Sar-

2076 4899 2272 4950 tiiceusi
2294 4900 2513 4970 concilio
2550 4916 2582 4952 a
2615 4897 2865 4953 Romanis
2887 4942 2900 4963 ,
2935 4897 3087 4952 Italis
3109 4943 3123 4966 ,
3160 4899 3398 4970 Illyriis,
3431 4903 3677 4959 Macedo-

2078 4969 2226 5042 nibus
2255 4979 2405 5038 atque
2453 4967 2650 5042 Grtecis
2690 4971 3004 5042 abrogatas,
3044 4967 3253 5042 quando
3302 4972 3540 5030 Liberius
3585 4987 3676 5032 aut

2073 5036 2250 5092 Julius
2281 5036 2433 5108 (tunc
2452 5041 2706 5113 ecclesin-
2732 5036 2960 5108 priceral
2983 5036 3180 5113 Julius)
3209 5041 3505 5101 Constantis
3529 5050 3678 5112 ptin-

2072 5115 2247 5180 ciputu
2273 5111 2324 5163 in
2369 5111 2779 5164 communionem
2819 5113 3031 5166 admisit
3063 5111 3405 5169 Atliunusiton
3435 5130 3482 5170 et
3523 5111 3675 5171 Mur-

2071 5183 2264 5234 cetlum
2311 5180 2589 5248 Gulatum,
2645 5193 2856 5254 prapter
2911 5200 3039 5251 quos
3077 5195 3127 5237 et
3166 5183 3250 5239 hic
3294 5203 3461 5242 canon
3508 5191 3680 5260 factus

2097 5265 2261 5306 uerat.

2097 5269 2127 5303 ιι
2159 5269 2220 5304 ra
2248 5290 2261 5304 .

2071 5253 2166 5396 If;
2202 5265 2512 5394 liegendum
2566 5324 2784 5380 videtur
2825 5342 3008 5396 grtrce
3043 5335 3207 5388 κακῶς
3235 5337 3330 5381 aut
3379 5333 3438 5384 ού
3469 5331 3674 5392 καλῶςε

2067 5392 2315 5464 adeoque
2363 5397 2454 5450 hic
2503 5392 2898 5453 restituendum
2923 5415 3038 5470 qua:
3083 5404 3252 5465 male,
3281 5401 3364 5453 vel
3396 5416 3496 5453 non
3542 5411 3680 5457 recte

2066 5475 2184 5518 acta
2207 5479 2348 5519 sunt.

2138 5537 2162 5571 ά
2203 5539 2419 5593 Diversa
2460 5549 2728 5608 tempora,
2783 5541 2980 5609 quibus
3031 5539 3271 5610 episcopi
3312 5540 3384 5594 illi
3448 5541 3678 5600 Romam

2066 5607 2450 5689 contigerunt,
2491 5607 2762 5664 Palladius
2787 5607 2908 5679 pag.
2939 5612 3003 5689 lt)
3033 5607 3181 5689 et_2ti_
3213 5622 3358 5689 natat
3399 5628 3416 5666 :
3450 5624 3595 5672 unde
3624 5620 3684 5672 et

2068 5677 2314 5744 cpistols
2347 5677 2510 5747 huius
2538 5691 2753 5747 tempus
2786 5677 3036 5746 Superius
3067 5678 3495 5745 designavimus.
