4344 6174
583 296 684 360 5η

1845 304 1903 362 8.
1944 305 2342 366 INNOCENTII
2376 308 2628 377 ῘΡΑΡῶ

3786 314 3898 374 Si?

1984 422 2319 482 EPISTOLA
2366 434 2393 464 ι
2432 426 2504 483 IX
2518 471 2530 484 .

705 523 918 568 HONORII
951 506 1324 568 ἸΙΡΕΒΑΤΟΒῘΞ
1349 527 1419 568 ΑΒ
1455 527 1725 568 Αιιολυιυκ
1758 529 2058 572 Αυευετυκ.

2417 523 2627 575 divertor
2669 538 3042 579 .tr'roxruoroz
3086 542 3207 580 uror.
3247 542 3493 581 Αριιωοι(
3535 544 3749 582 ωιειυι.

1140 626 1210 683 Ut
1254 628 1513 698 synodum
1555 628 1939 687 Thessalonicae
1992 635 2131 705 cogi,
2185 653 2345 710 eoque
2382 640 2731 713 Themi/tilum
2769 663 2825 701 se
2853 652 3086 717 conferre
3117 649 3315 719 jubeat.

566 796 567 799 η
652 740 841 797 Tertio
874 740 987 811 jam
1016 743 1201 797 scribo
1247 744 1313 797 ad
1347 745 1818 801 mansuetudinem
1864 757 2035 810 tuam.
2091 765 2181 803 ro—
2205 767 2259 827 Α

2180 782 2181 785 π
2205 767 2259 827 Α
2354 760 2534 833 Τρίτον
2555 763 2734 836 γράφω
2754 764 2887 838 πρὸς
2909 767 3000 822 τὴν
3025 768 3119 822 σὴν
3140 764 3451 839 ἡμερότητα,
3478 767 3630 831 ἀξιῶν
3649 767 3734 822 ἶνα
3755 765 3895 843 διορ-

577 845 715 902 gaus
744 843 801 885 ut
825 848 944 903 quae
972 848 1037 890 ex
1068 844 1355 905 compacto
1393 846 1581 892 contra
1607 837 1872 895 Joannem
1903 838 2174 896 ConStan-

577 922 999 994 tinopolitauum
1030 927 1347 997 episcopum
1377 939 1528 999 gesta
1583 941 1729 997 sunt,
1779 933 2178 988 emendentur:

579 1024 655 1082 et,
684 1026 742 1071 ut
782 1018 1017 1085 videtur,
1054 1020 1289 1075 nondum
1322 1031 1406 1076 est
1438 1023 1757 1091 perfectum.
1793 1026 1969 1091 Quare
2000 1028 2181 1081 denuo

579 1110 773 1178 εει-ἰρςί
807 1124 904 1179 per
935 1110 1101 1166 hosce
1129 1113 1413 1182 epischtos
1440 1126 1493 1171 et
1524 1119 1896 1189 presbyteros,
1945 1119 2015 1176 de
2046 1136 2181 1191 pace

582 1202 986 1269 ecclesiastica,
1013 1220 1110 1272 per
1134 1220 1293 1273 quam
1316 1216 1371 1260 et
1394 1218 1637 1261 nostrum
1667 1208 1955 1277 imperium
1988 1226 2178 1281 pacem

583 1293 823 1358 obtinet,
861 1295 1020 1351 valde
1049 1297 1349 1361 sollicitus;
1376 1299 1645 1366 utjubere
1669 1301 1912 1370 digneris
1940 1302 2181 1357 Orientis

582 1387 880 1455 epiSi-opos
934 1387 1335 1444 Thessalonicae
1376 1393 1690 1447 coovenire.
1745 1394 1958 1447 Etenim
2009 1397 2181 1449 nostri

584 1475 899 1533 Occidentis
945 1479 1212 1551 episcopi,
1276 1497 1398 1536 eum
1432 1484 1735 1553 "elegissent
1785 1487 1932 1541 viros
1976 1488 2066 1557 qui
2116 1487 2183 1541 ad

585 1572 792 1626 malum
822 1584 877 1627 ct
907 1575 1248 1629 mendacium
1277 1574 1557 1631 declinare
1596 1581 1865 1643 nesciant,
1917 1580 2187 1636 miserunt

588 1663 879 1735 episcOpos
929 1667 1188 1737 quinque,
1236 1668 1583 1739 presbyteros
1612 1669 1772 1738 duos,
1804 1680 1860 1725 et
1889 1672 2182 1728 diaconum

589 1772 753 1811 unum
786 1773 997 1828 magnae
1035 1759 1283 1814 ecclesim
1313 1760 1594 1829 Romanae,
1626 1778 1763 1832 quos
1793 1765 1942 1818 omni
1981 1766 2186 1821 honore

585 1850 827 1920 digneris
858 1854 1057 1918 velim;
1093 1864 1151 1909 ut
1196 1854 1241 1909 si
1286 1854 1549 1910 Joannem
1595 1857 1718 1926 jure
1756 1860 2042 1928 expulsum
2064 1875 2186 1915 esse

588 1957 909 2013 persuasum
949 1946 1028 1999 eis
1055 1945 1247 2011 fuerit,
1278 1949 1514 2003 doceant
1560 1964 1647 2004 me
1684 1951 1751 2004 ab
1796 1950 1911 2021 ejus
1944 1967 2189 2007 commu-

586 2037 751 2091 nione
798 2039 1098 2103 recedere;
1140 2052 1227 2094 aut
1282 2042 1326 2095 si
1380 2044 1731 2112 ecarguerint
1780 2044 2018 2100 Orientis
2065 2048 2183 2117 epi-

586 2141 784 2195 scopos
829 2128 857 2167 ὶ)
903 2146 1068 2199 prava
1125 2132 1292 2186 animi
1334 2134 1620 2189 voluntate
1651 2134 1758 2205 agi,
1792 2137 1861 2190 ab
1914 2152 2100 2192 eorum
2135 2145 2187 2193 te

586 2223 978 2278 communione
1004 2235 1271 2280 avertant.
1304 2226 1564 2295 Qotenam
1596 2230 1741 2283 enim
1772 2230 1847 2282 sit
1867 2228 2190 2285 Occidenta-

586 2311 719 2367 lium
747 2315 817 2368 de
858 2314 1070 2371 Joanne
1099 2318 1355 2387 episcopo
1401 2320 1669 2374 sententia
1722 2320 1822 2391 [ut
1851 2331 2188 2391 compertum

589 2406 852 2481 habeas],
900 2425 967 2464 ex
1009 2412 1264 2467 omnibus
1294 2413 1561 2483 epistolis,
1597 2431 1718 2485 qua:
1745 2418 1809 2470 ad
1857 2432 1944 2472 nte
1973 2418 2191 2484 scriptu:

590 2510 612 2540 ο
646 2510 797 2569 sunt,
830 2503 964 2557 duas
995 2502 1020 2541 ιι
1054 2505 1259 2571 δυωθεί
1294 2507 1347 2560 id
1376 2508 1518 2576 quod
1566 2519 1778 2563 caatera:
1809 2512 2180 2579 continentes,

588 2607 750 2647 unam
778 2593 1026 2664 Romani,
1062 2597 1285 2652 alteram
1311 2598 1681 2667 Aquileiensis
1712 2602 1976 2670 episc0pi.
2012 2602 2184 2658 Porro

587 2684 692 2740 hoc
745 2699 872 2741 ante
901 2691 1085 2743 omnia
1127 2690 1357 2745 obsecro
1404 2691 1748 2746 clementiam
1781 2703 1949 2759 tuam,
2003 2694 2184 2749 Tlieo-

590 2777 794 2847 pliilum
807 2780 1157 2836 Alexandria:
1180 2783 1515 2853 episcopum,
1538 2786 1626 2854 qui
1650 2788 1893 2840 omnium
1916 2788 2184 2842 malorum

588 2880 780 2925 auctor
809 2887 930 2927 esse
962 2873 1185 2941 dicitur,
1222 2876 1309 2930 vel
1344 2877 1616 2933 nolentem
1647 2892 1706 2933 se
1730 2878 1921 2933 sistere
1953 2880 2142 2946 iubeas
2168 2897 2181 2934 :

592 2968 649 3013 ut
679 2962 813 3016 nihil
844 2964 1042 3031 obstet,
1065 2967 1359 3036 quominus
1384 2969 1766 3039 episcoporum
1791 2972 1883 3041 qtti
1910 2973 2187 3027 adfuerint

589 3054 832 3124 synodus
862 3061 1281 3115 convenientem
1344 3064 1677 3133 temporibus
1736 3065 1938 3120 nosuis
1993 3080 2183 3135 pacem

592 3147 818 3203 sanciat.

1133 3244 1475 3303 EPISTOLA
1510 3257 1532 3285 ε
1566 3247 1633 3303 Χ.

590 3453 902 3498 INNOCBNTII
955 3460 972 3499 Ι
1022 3460 1172 3503 ΡΑΡΛΕ
1227 3464 1295 3502 AD
1342 3464 1615 3504 Αυηειιυη
1666 3466 2189 3509 ολιιτηλϐιηιειεειυκ

786 3552 854 3591 IT
896 3554 1229 3596 AUGUSTINUI
1268 3557 1653 3599 HIPPONENSIUH
1692 3560 1995 3613 EPISCOPOS,

958 3729 1286 3787 Salutatoria
1308 3742 1354 3787 et
1377 3732 1531 3804 plena
1558 3735 1830 3790 charitate.

668 3872 692 3901 ⁸
721 3864 855 3920 Cum
902 3866 1193 3932 Honorius,
1248 3867 1549 3923 Innocentii
1584 3869 1783 3924 litteris
1832 3876 2185 3937 provocatus,

593 3936 659 3989 ad
684 3937 976 4009 ArCadiuni
1024 3940 1092 3992 de
1120 3937 1347 3993 Joannis
1378 3956 1540 3995 causa
1594 3942 1675 3995 bis
1703 3942 1814 4007 jam
1848 3941 2185 4009 scripsisset.

594 4020 695 4061 nec
727 4007 1049 4080 profecisset
1081 4010 1400 4077 quidquam,
1446 4012 1603 4080 petiit
1644 4014 1712 4063 ab
1740 4007 2058 4065 Innocentio
2087 4011 2191 4065 sibi

596 4080 737 4131 mitti
772 4078 1057 4148 episcopos
1087 4082 1349 4150 quinque,
1382 4078 1735 4152 presbyteros
1764 4082 1905 4135 duos
1930 4093 1984 4136 ct
2007 4083 2193 4136 (lineo-

597 4163 724 4202 nutn
751 4164 937 4211 ttnmn,
954 4153 1044 4213 qtti
1070 4154 1284 4205 tet-tiam
1312 4151 1600 4219 epistolam
1623 4155 1689 4204 ail
1714 4151 1937 4207 fratrem
1959 4153 2189 4208 fet-rent.

596 4219 743 4295 Missi
772 4231 901 4295 sunt
923 4219 1177 4295 Emilius
1212 4224 1502 4295 Beneventi
1536 4223 1850 4291 episcolius,
1894 4224 2193 4295 Cytliegins

596 4303 649 4345 et
677 4288 1014 4363 Gaudentius
1037 4293 1213 4361 (forte
1258 4294 1546 4348 Brixianus
1574 4288 1872 4363 episcopus
1893 4288 1956 4363 ),’
1976 4288 2187 4349 necnon

599 4365 900 4435 presbyteri
954 4362 1368 4419 Valentinianus
1399 4377 1449 4419 et
1485 4362 1819 4431 Bonifacius,
1855 4362 1993 4435 ipse,
2028 4378 2085 4419 ut
2111 4368 2195 4419 vi-

593 4432 798 4506 detur,‘
827 4436 919 4499 qiti
954 4434 1173 4489 Zositno
1202 4450 1356 4506 papa:
1386 4441 1679 4491 successit.
1713 4432 2055 4493 (laeterorom
2088 4452 2191 4490 no-

596 4503 739 4557 tniua
774 4503 1052 4561 Palladius
1093 4503 1385 4575 tacet,_sed
1407 4524 1531 4563 cum
1551 4509 1631 4562 eis
1656 4508 2187 4573 Constantinopolim

598 4577 871 4649 profectos
915 4594 1038 4633 esse
1082 4578 1243 4633 docet
1269 4580 1579 4649 (Syriacum,
1619 4579 1977 4642 Demetrium,
2012 4580 2193 4633 Palla-

594 4645 742 4701 dium
765 4657 821 4721 et
855 4649 1158 4721 Eulysium.
1187 4645 1487 4719 Epistulam
1516 4645 1653 4704 banc
1679 4651 1770 4703 uni
1804 4650 2074 4715 Palladio,
2098 4650 2189 4719 qui

2222 3259 2269 3323 C

2282 851 2488 913 Οὼσεως
2533 854 2679 929 τύχῃ
2720 857 2787 909 τὰ
2838 857 2966 910 κατὰ
3019 860 3108 914 τήν
3153 861 3411 916 συσκευήν
3464 863 3559 913 τοῦ
3610 859 3894 915 ἐπισκόπου

2278 940 2510 997 ἰωάννου
2559 953 2651 1005 τῆς
2696 946 3329 1002 Κωνσταντινουπολιτῶν·
3373 951 3456 1002 καὶ
3507 950 3574 1009 ὡς
3603 947 3762 1004 ἔοικεν
3803 950 3896 1003 οὐκ

2280 1034 2523 1093 ἧνυσται.
2556 1034 2701 1092 Ὀθεν
2747 1039 2896 1094 πάλιν
2936 1039 3207 1095 ἐπέστειλα
3238 1036 3323 1093 διὰ
3348 1047 3449 1094 τῶν
3480 1038 3769 1095 ἐπισκόπων
3809 1043 3896 1095 καί

2281 1130 2671 1203 πρεσϐυτέρων,
2700 1132 2835 1185 πάνυ
2873 1137 3149 1207 φροντίζων
3176 1138 3268 1191 τῆς
3302 1133 3729 1195 ἐκγλησιαστικῆς
3753 1136 3893 1209 εἰρή-

2282 1244 2372 1283 νης
2390 1265 2403 1286 ,
2435 1221 2500 1277 δι’
2525 1221 2584 1284 ἧς
2612 1228 2698 1279 καί
2724 1227 2754 1282 ἡ
2783 1227 2923 1296 ἡμῶν
2950 1224 3299 1300 εἰρηνευΰεται
3326 1226 3566 1297 βασιλεία
3585 1268 3598 1289 ,
3621 1227 3704 1280 ἶνα
3733 1249 3895 1282 κατα-

2283 1315 2474 1387 ξιὼσῃς
2517 1318 2807 1392 προστάξαι
2849 1320 2899 1374 ἐν
2948 1318 3299 1390 Θεσσαλονίκῃ
3344 1319 3597 1373 συνελθεῖν
3636 1321 3757 1381 τοὺς
3798 1328 3896 1381 τῆς

2283 1405 2444 1481 Ἐᾡας
2492 1410 2827 1472 ἐπισκόπους.
2880 1414 2971 1466 Καὶ
2998 1414 3100 1487 γὰρ
3137 1412 3182 1465 οἱ
3210 1421 3301 1473 τῆς
3330 1413 3584 1487 ἡμετέρας
3619 1410 3897 1488 Ἐσπερίας

2285 1502 2554 1559 ἐπίσκοποι
2580 1546 2593 1568 ,
2627 1506 2943 1578 ἐκλεξάμενοι
2969 1502 3163 1576 ἄνδρας
3199 1506 3420 1566 ἀκλινεῖς
3446 1507 3576 1583 πρὸς
3606 1508 3782 1561 κακίαν
3809 1506 3896 1560 καὶ

2285 1596 2498 1667 ψεῦδος,
2528 1601 2913 1655 ἀπεστάλκασιν
2938 1598 3249 1660 ἐπισκόπους
3287 1603 3377 1673 μέν
3402 1600 3574 1661 πέντε.
3604 1598 3897 1675 πρεσϐυτέ-

2285 1710 2411 1764 ρους
2438 1693 2491 1747 δὲ
2521 1691 2631 1753 δύο,
2658 1692 2878 1749 διάκονον
2906 1692 2960 1750 δέ
2989 1696 3077 1749 ἕνα
3097 1703 3189 1756 τῆς
3212 1697 3461 1767 μεγίστης
3481 1694 3753 1753 ὶκκλησίας
3775 1690 3894 1746 Ῥω-

2285 1783 2561 1857 μαίων,¹ὧυ
2587 1789 2852 1860 φροντίσαι
2880 1790 3150 1846 παντοίαις
3180 1793 3358 1857 τιμαῖς
3389 1786 3729 1850 καταξίωσον,
3757 1782 3824 1838 ἶν’
3850 1785 3897 1838 εί

2286 1881 2379 1951 μὲν
2420 1880 2709 1940 πεισθέντες
2751 1877 2930 1955 ὅτιπερ
2966 1877 3176 1940 δικαίως
3216 1879 3518 1935 ἐκϐέϐληται
3558 1876 3583 1931 ὁ
3618 1877 3898 1935 ἐπίσκοπος

2282 1971 2514 2032 Ἰωάννης
2535 2014 2550 2037 ,
2580 1970 2828 2036 διδάξωσί
2874 1992 2935 2043 με
2974 1972 3263 2031 ἀποστῆναι
3291 1979 3383 2031 τῆς
3422 1972 3587 2025 αὐτῶν
3614 1970 3895 2027 κοινωνίας⁸

2288 2063 2318 2123 ἧ
2349 2065 2636 2137 ἐλέγξαντες
2677 2064 3093 2124 ἐθελοκακοῦντας
3121 2066 3240 2123 τοὺς
3268 2070 3361 2123 τῆς
3388 2061 3657 2120 Ἀνατολῆς
3687 2058 3894 2113 ἐπισκό-

2220 2145 2266 2204 Β
2297 2177 2449 2219 πους,
2483 2154 2857 2231 ἀποστρέψωσί
2903 2176 2962 2209 σε
2990 2163 3082 2216 τῆς
3111 2157 3275 2211 αὐτῶν
3318 2154 3765 2215 κοινωνίας-..Τίνα
3798 2151 3897 2226 γάρ

2294 2249 2432 2304 ἐστιν
2471 2247 2503 2302 ἃ
2529 2254 2770 2324 φρονοῦσι
2808 2251 2928 2324 περί
2964 2253 3057 2301 τοῦ
3097 2247 3375 2302 ἐπισκόπου
3418 2246 3647 2300 Ἰωάννου
3684 2242 3730 2297 oi
3757 2240 3897 2297 δυτι-

2294 2344 2401 2405 κοί,
2433 2341 2484 2394 ἐκ
2511 2348 2693 2396 πασῶν
2739 2348 2839 2395 τῶν
2872 2341 3164 2394 ἐπισκοπῶν
3194 2346 3295 2393 τῶν
3336 2338 3470 2414 πρὸς
3507 2340 3569 2409 μέ
3614 2340 3900 2411 ’γραφεισῶν

2293 2433 2525 2496 ὑπέταξα
2555 2431 2646 2487 δύο
2674 2431 3091 2503 ἰσοδυναμούσας
3119 2439 3234 2491 ταῖς
3260 2434 3476 2493 πάσαις,
3502 2434 3593 2488 τήν
3619 2426 3886 2485 ἐπιστολήν

2291 2530 2382 2579 τοῦ
2415 2522 2614 2595 Ῥώμης
2642 2528 2728 2578 καί
2770 2523 3057 2583 ’Δκυληῖας.
3091 2529 3253 2577 Τοῦτο
3282 2520 3335 2577 δὲ
3363 2522 3647 2598 παρακαλῶ
3675 2525 3765 2578 τὴν
3802 2521 3897 2577 σήν

2294 2614 2596 2692 ἡμηρότητα
2640 2617 2741 2689 πρὸ
2769 2615 2997 2671 πάντων
3036 2618 3119 2670 καὶ
3157 2612 3347 2671 ἄκοντα
3392 2616 3476 2670 τὸν
3527 2609 3898 2684 Ἀλεξανδρείας

2294 2711 2526 2783 Θεόφιλον
2555 2719 2885 2786 παραστῆναι
2925 2707 3216 2775 δικαίωσον,
3243 2708 3309 2764 δι’
3339 2706 3391 2763 ὃν
3428 2709 3652 2781 μάλιστα
3696 2706 3897 2778 λέγεται

2295 2805 2497 2860 ἅπαντα
2527 2805 2593 2860 τά
2616 2805 2745 2858 κακά
2771 2803 3090 2875 γεγενῆσθαι·
3131 2804 3215 2857 ἶνα
3256 2804 3327 2864 εἰς
3359 2800 3516 2874 μηδὲν
3538 2803 3569 2858 ἡ
3593 2806 3692 2854 τῶν
3719 2819 3895 2874 παρα-

2293 2900 2570 2971 γενομένων
2602 2897 2891 2952 ἐπισκόπων
2913 2894 3293 2967 ἐμποδισθεῐσα
3318 2894 3529 2957 σύνοδος
3556 2899 3647 2954 τὴν
3667 2892 3896 2968 πρέπου-

2294 3012 2392 3048 σαν
2416 3000 2523 3052 τοῖς
2551 2997 2751 3069 καιροῖς
2779 2990 2918 3060 ἡμῶν
2949 2990 3146 3065 εἰρήνην
3174 2989 3464 3065 βραϐεὐσῃ.

2391 3288 2740 3329 INNOCENTIUS
2771 3285 3005 3328 AURELIO
3054 3278 3109 3327 et
3157 3284 3474 3338 aucus'rmo,
3507 3266 3803 3338 episcopis.

2368 3366 2749 3436 Acceptissimi
2799 3366 2931 3420 mihi
2994 3364 3252 3421 Germani
3309 3361 3743 3434 compresbyteri
3798 3360 3895 3416 illo

2296 3473 2548 3515 recursus
2569 3474 2771 3513 vacuus
2801 3457 2985 3513 ofﬁcio
3015 3464 3207 3513 nostro
3236 3471 3360 3512 esse
3407 3470 3518 3510 nou
3548 3456 3759 3509 debuit.
3792 3453 3897 3509 Per

2299 3566 2456 3605 caros
2499 3551 2643 3605 enim
2700 3550 2940 3605 salutare
2969 3548 3306 3615 carissimos,
3368 3548 3615 3603 naturale
3662 3546 3895 3617 quodam

2299 3646 2463 3700 modo
2511 3645 2667 3699 nobis
2706 3645 2926 3700 videtur
2971 3655 3024 3699 et
3052 3658 3415 3714 consequens.
3447 3642 3695 3698 Gaudere
3740 3642 3898 3709 igitur

2296 3738 2351 3793 iu
2410 3739 2642 3795 Domino
2697 3748 2934 3794 vestram
2989 3736 3451 3807 germanitatem,
3514 3733 3898 3801 amantissimi,

2291 3872 2618 3936 accepisset.
2644 3869 2709 3922 ail
2745 3868 3049 3923 Honorium
3078 3867 3386 3935 Scripsisse.
3412 3868 3736 3931 ὑποτάξαντα
3766 3868 3901 3923 κατά

2293 3942 2449 4017 μέρος
2473 3949 2572 4017 τῷν
2599 3944 2917 4015 γραμμάτων
2947 3938 3182 4011 δύναμιν,
3211 3940 3570 4017 ttcutbjrct'ase
3589 3939 3901 4017 singillatim

2293 4011 2421 4081 quia
2468 4011 2574 4064 illa:
2602 4011 2789 4065 unum
2818 4017 3161 4077 continerent,
3193 4011 3282 4063 ubi
3315 4013 3621 4064 litterarum
3652 4011 3899 4081 singula-

2296 4080 2414 4135 rum
2439 4084 2678 4135 virtutem
2705 4099 2800 4135 Scit
2834 4096 3100 4134 summam
3134 4082 3425 4133 dumtaxat
3462 4096 3785 4146 expressam
3817 4080 3903 4134 itt-

2297 4155 2437 4207 nttit.
2480 4152 2585 4207 Sed
2646 4169 2710 4206 ex
2763 4154 2867 4207 hoc
2917 4156 3038 4207 loco
3067 4152 3367 4219 colligitur,
3403 4166 3511 4204 non
3552 4160 3759 4205 tantum
3789 4153 3904 4204 sin-

2288 4228 2541 4294 golarutn
2598 4225 2909 4278 litterarum
2945 4240 3240 4285 summam,
3296 4224 3391 4276 sed
3425 4234 3481 4277 et
3513 4221 3899 4294 ipsasuiet‘lit-

2299 4292 2449 4349 ieras
2506 4304 2599 4349 aut
2652 4311 2845 4349 earum
2895 4295 3142 4365 exempla
3176 4294 3337 4349 simul
3390 4295 3457 4348 ad
3505 4295 3685 4364 ipsum
3732 4292 3901 4349 fuisse

2296 4366 2591 4421 destinata.

2368 4434 2396 4475 ἀ
2436 4437 2553 4492 Non
2606 4448 2811 4490 tantum
2856 4436 3077 4491 Honorii
3136 4436 3533 4503 imperatoris,
3599 4434 3902 4491 Innocentii

2297 4507 2527 4561 Romani
2566 4510 2833 4575 epismpi,
2863 4520 2919 4561 et
2949 4507 3253 4563 Cltromatii
3284 4509 3673 4574 Aquileiensis,
3723 4508 3816 4562 sed
3848 4515 3905 4561 et

2298 4578 2522 4633 Venerii
2554 4578 2976 4634 Meiliolaneusis
3004 4591 3059 4634 el
3088 4578 3315 4632 aliorum
3349 4579 3557 4633 litteras
3601 4581 3763 4631 simul
3808 4579 3904 4632 iis-

2297 4649 2423 4704 di-m
2453 4651 2649 4719 legatis
2681 4650 2909 4704 traditas
2936 4651 3102 4703 fuisse
3136 4650 3411 4703 Palladius
3435 4666 3556 4717 pag.
3588 4651 3652 4704 5t
3683 4651 3899 4703 scribit.

593 4698 739 4790 gat."
766 4698 979 4790 attigi
996 4698 1158 4790 355;;
1187 4698 2189 4787 attingat.{cassita};aggestus:
2224 4698 2273 4757 Ι)
2299 4698 2987 4775 3."ti;.‘.:‘.:;;.'.s'1535323.};
2993 4698 3106 4774 ἱῖἐὶ
3133 4698 3665 4787 ei.;.‘..‘;i..1n"..c".~i5.2.
3684 4698 3901 4787 nisi;

595 4788 841 4844 Latinam
871 4788 988 4859 ejus
1020 4788 1534 4860 interpretationem
1565 4808 1632 4846 ex
1656 4792 1950 4848 Ambrosio
1976 4790 2194 4846 Gamal-

595 4860 807 4933 duleusi
857 4863 1151 4933 repetitam
1178 4863 1445 4918 Baronius
1475 4864 1541 4917 ad
1564 4879 1763 4916 annum
1793 4863 1900 4917 403'
1928 4862 2195 4917 recuden-

595 4929 721 5011 dain
751 4929 979 4988 curavit.
1012 4932 1167 4989 Circa
1188 4949 1416 4989 vernum
1449 4945 1664 5005 tempus
1685 4939 1813 4988 anni
1843 4933 1949 4989 406
1978 4934 2194 4989 videtur

596 5014 823 5067 scripta.

671 5072 695 5109 δ
728 5073 965 5147 Verbum
994 5092 1229 5145 grrecum
1276 5080 1729 5142 ἐθελοκακοῦντας,
1781 5076 1926 5147 quod
1978 5079 2194 5145 proprie

598 5143 667 5198 de
692 5145 958 5217 militibus
980 5143 1204 5217 dicitur,
1227 5151 1319 5217 qui
1342 5167 1484 5205 Vires
1500 5153 1755 5205 consulto
1778 5143 1884 5202 non
1912 5143 2191 5215 exaeriutt,

600 5227 653 5269 ut
682 5216 1031 5272 adversarios
1048 5216 1255 5286 vincat,
1272 5223 1337 5274 ad
1363 5238 1457 5278 eos
1481 5231 1626 5277 recte
1648 5221 2194 5289 aptaturepiscopos,

598 5290 689 5358 qui
722 5289 1028 5358 'l‘lteopltilo
1054 5308 1178 5346 cum
1206 5308 1445 5347 canones
1471 5301 1696 5362 possent
1719 5306 2018 5358 opponere,
2056 5293 2197 5345 ultro

595 5371 905 5427 cesserunt,
936 5372 994 5417 ut
1020 5363 1284 5417 J0annem
1318 5364 1517 5433 injuste
1545 5365 1859 5431 opprimere
1889 5364 2120 5417 valeret.

673 5442 695 5468 ο
742 5435 876 5501 Quae
904 5435 1119 5488 uncinis
1149 5435 1354 5488 inclusa
1394 5443 1542 5499 sunt,
1592 5450 1659 5486 ne
1688 5448 1889 5500 auceps
1922 5433 2196 5487 sententia

598 5506 856 5575 pendeat,
904 5506 1209 5575 supplenda
1248 5506 1409 5575 duxi.
1444 5504 1715 5575 lutegrior
1757 5518 1862 5556 non
1912 5514 1998 5575 est
2051 5504 2195 5568 apud

596 5574 854 5633 Ambros.
884 5574 1134 5631 Catualil.
1166 5574 1259 5640 qui
1284 5576 1369 5627 hic
1394 5575 1602 5634 subdit.
1653 5574 1737 5627 Ea:
1764 5574 1999 5644 omnibus
2037 5578 2195 5644 [erute

594 5648 854 5715 epistolis,
887 5663 1015 5708 quas
1036 5647 1104 5698 ad
1127 5660 1207 5697 me
1238 5648 1535 5712 frequentes
1560 5645 1836 5715 dederunt,
1864 5660 1929 5715 ea;
1954 5643 2043 5715 his
2060 5649 2193 5699 duas

594 5714 731 5771 idem
779 5719 1112 5782 continentes
1145 5715 1284 5780 quod
1341 5715 1555 5782 reliqum
1604 5714 1835 5782 subdidit
1913 5714 2193 5782 Palladius

592 5792 718 5855 pagi
768 5780 841 5841 ει
879 5778 1049 5843 tradit
1098 5777 1495 5854 innocentium.
1547 5792 1671 5843 eum
1725 5777 1903 5841 variat
1931 5779 2190 5855 epistula:

2299 4792 2367 4846 ad
2418 4806 2477 4845 se
2524 4793 2713 4853 missa,
2764 4807 2871 4845 non
2900 4808 3023 4861 qum
3052 4793 3125 4844 illi
3159 4792 3229 4845 de
3260 4793 3472 4859 integro
3500 4792 3567 4844 ad
3601 4792 3897 4845 Arcadium

2302 4863 2613 4926 mittebant,
2638 4876 2737 4915 seu
2766 4880 2887 4931 qua:
2914 4867 3028 4928 ipse
3060 4866 3279 4915 nomine
3302 4862 3763 4926 suadestiuabat,
3793 4879 3902 4918 non

2299 4950 2419 5002 quze
2447 4934 2539 4985 alii
2571 4935 2695 4985 data
2736 4938 3030 4989 occasione
3058 4934 3248 4988 iisdem
3273 4933 3661 5000 adjunxeraut,
3693 4948 3902 4989 mettio-

2302 5021 2424 5060 rare
2452 5005 2588 5058 satis
2612 5003 2821 5057 habuit.

2376 5086 2399 5112 θ
2428 5076 2587 5146 Apud
2642 5074 2960 5145 Dionysium
2992 5074 3092 5129 sub
3120 5074 3278 5129 titulo
3310 5090 3512 5129 xxxvut
3553 5075 3899 5131 decretorum

2299 5147 2605 5202 Innocentii
2631 5156 2832 5209 exstat,
2864 5146 3079 5200 sicutet
3113 5152 3163 5199 in
3186 5147 3406 5200 collect.
3427 5147 3659 5213 HiSpan.
3682 5160 3733 5201 et
3766 5146 3899 5201 Isid.

2302 5218 2491 5272 Delata
2523 5231 2601 5271 est
2630 5234 2727 5285 per
2757 5219 3113 5278 Germanum,
3166 5216 3258 5279 qui
3298 5232 3421 5270 cum
3468 5217 3733 5272 Cassiano
3769 5219 3905 5273 cleri

2300 5305 2365 5344 ac
2387 5290 2570 5357 pOpuli
2605 5288 2706 5342 ΟΡ.
2737 5291 2971 5349 litteras,
2998 5288 3197 5355 quibus
3221 5288 3572 5341 Innocentius
3602 5290 3833 5357 epi~tola
3867 5289 3901 5342 7

2300 5363 2605 5429 rescripsit,
2636 5361 2737 5413 sub
2778 5359 2988 5411 initium
3024 5361 3149 5412 anui
3183 5359 3290 5413 405
3324 5359 3507 5411 Romae
3560 5360 3903 5414 reddiderat.

2301 5430 2590 5484 Probabile
2611 5438 2714 5486 est.
2740 5430 3115 5484 Innocentium
3148 5430 3231 5483 vel
3259 5432 3359 5483 huc
3380 5432 3496 5499 ipsi»
3523 5446 3668 5483 anno
3686 5433 3792 5485 405
3816 5433 3904 5487 vel

2301 5505 2481 5570 potius
2500 5505 2769 5567 sequenti,
2804 5501 3050 5569 ejusdem
3085 5500 3341 5555 Germani
3376 5518 3543 5568 opera
3571 5519 3727 5555 usuin
3754 5520 3902 5565 esse.

2302 5574 2664 5627 utAurcltntn
2697 5581 2751 5627 et
2780 5574 3143 5636 Augustinum
3189 5574 3477 5636 salutaret,
3523 5589 3695 5639 eaque
3742 5589 3905 5627 occa-

2303 5646 2456 5699 sione
2476 5644 2809 5711 Germanum
2838 5643 3105 5695 Africanis
3124 5655 3417 5695 enarrasse
3441 5652 3639 5711 quanta
3663 5643 3904 5699 Joannes

2300 5727 2572 5785 quamqua
2604 5710 2825 5785 indigna
2853 5722 3003 5765 elset
3035 5721 3348 5785 perpessus.
3383 5710 3588 5785 et‘gqine
3624 5711 3799 5785 λιειιρο
3830 5717 3903 5785 ob

2300 5771 2519 5839 suum
2551 5771 2867 5841 lnnocéutlo
2908 5771 3370 5852 cum'Tlteopltllo
3418 5771 3693 5840 dlicbrdla
3726 5776 3905 5842 litterati
