4210 6190
374 279 479 343 51⁵1

1590 271 1954 344 EPISTOLAS
1997 278 2086 345 ET
2127 279 2474 347 DECRETA-

3567 276 3679 357 sis

376 404 597 462 modum
641 412 873 471 maturo,
906 403 1025 457 ﬁeri
1068 401 1355 473 iussimus.
1399 400 1584 473 Itaque
1607 412 1659 456 ct
1689 418 1755 457 ex
1786 401 2286 472 prioreAnullum
2341 398 2547 456 Pascha
2590 397 2858 475 umquam
2922 397 2947 435 ιι
3001 397 3234 463 antehac
3290 396 3495 454 factum
3553 414 3678 456 esse

378 506 565 554 nostra
593 507 617 535 ει
638 496 891 567 epistola,
910 504 963 550 et
992 512 1062 551 ex
1091 495 1175 549 his
1200 494 1487 561 chartulis,
1514 493 1653 550 bene
1681 510 1974 550 recensens

373 588 502 662 quid
550 602 715 659 agere
762 588 1008 655 debeas,
1055 603 1409 659 recognosce.
1451 586 1581 641 Nam
1635 587 1970 643 voluntatem

374 682 515 736 hanc
547 690 790 736 nostram
824 695 920 752 per
949 695 1384 751 unamquamque
1423 681 1763 750 provinciam
1798 679 1932 737 satis
1953 720 1972 747 ,

374 784 432 830 ut
458 774 723 838 decebat,
767 772 962 828 litteris
1002 773 1490 829 manifestavimus.
1524 773 1657 835 Data
1682 788 1753 827 xv
1786 772 1976 831 kalen-

374 868 472 923 das
501 865 672 922 .lulias
694 862 866 938 (Junii
890 864 954 920 17
985 882 1108 919 αηη.
1136 866 1263 936 419.)
1293 866 1534 921 llonorio
1564 883 1613 921 ιι
1645 874 1699 923 et
1721 865 1976 923 Theodo-

372 959 456 1016 sio
483 974 517 1015 v
547 958 796 1033 angustis
826 957 1171 1014 consulibus.

884 1048 1219 1104 EPISTULA
1262 1046 1290 1087 ι)
1331 1048 1469 1104 XIV.

693 1141 771 1199 De
800 1154 822 1183 ο
854 1143 1056 1197 ratione
1086 1140 1334 1197 Paschali
1365 1144 1489 1196 anni
1520 1141 1647 1197 414.

844 1249 1207 1289 INNOCENTIUS
1246 1248 1498 1290 AURELIO.

447 1326 739 1383 Charitatis
771 1323 796 1363 (1
825 1327 1031 1381 'nostraz
1055 1326 1297 1381 ofticium
1334 1327 1486 1381 nullo
1518 1325 1809 1381 intervallo
1847 1325 1973 1380 diri-

377 1419 572 1485 mitur,
597 1419 813 1474 etiamsi
842 1420 1029 1473 charta
1056 1419 1236 1474 nullos
1265 1420 1448 1491 apices
1476 1420 1633 1474 ferat.
1667 1418 1813 1474 Vivit
1834 1419 1976 1474 enim

377 1512 645 1584 spiritalis
688 1512 861 1583 gratia
906 1509 1132 1567 alternis
1181 1514 1233 1567 in
1285 1513 1544 1567 cordibus
1573 1555 1587 1579 ,
1639 1523 1694 1569 et
1736 1529 1976 1569 amorem

376 1618 623 1663 nostrum
662 1606 915 1661 confovet
957 1607 1310 1662 sacerdotalis
1342 1609 1454 1678 ipsa
1502 1609 1756 1664 societas.
1805 1620 1826 1645 ε·
1869 1607 1979 1664 Cu-

378 1711 495 1756 rato
516 1741 531 1767 ,
562 1708 623 1754 ut
659 1697 881 1770 dignum
913 1708 1032 1767 est,
1066 1702 1331 1755 unitatem
1365 1701 1625 1756 Ecclesiae
1656 1701 1976 1768 custodire;

378 1792 631 1863 idemque
672 1807 862 1847 omnes
904 1793 1111 1861 pariter
1143 1803 1196 1846 et
1227 1794 1526 1849 sentiamus
1573 1804 1622 1848 et
1662 1796 1982 1864 pronuntie—
2012 1798 2057 1861 Β

378 1899 521 1950 mus,
558 1887 727 1939 frater
752 1884 1099 1939 eharissime.
1136 1884 1243 1938 llas
1272 1900 1401 1955 ergo
1436 1886 1645 1940 litteras
1674 1886 1740 1940 de
1769 1887 1980 1941 ratione

378 1977 623 2048 paschali
677 1977 901 2031 alterius
949 1974 966 2015 τ
1014 1977 1181 2049 (dico,
1232 1978 1421 2044 futuri)
1472 1979 1597 2034 anni
1642 1981 1976 2049 przescripsi.

380 2070 513 2125 Nam
542 2085 664 2124 cum
694 2078 821 2123 ante
852 2069 999 2124 diem
1047 2069 1395 2124 undecimum
1427 2067 1783 2125 kalendarum
1816 2072 1980 2143 Apri-

378 2161 509 2216 lium
541 2176 676 2231 pene
708 2162 836 2215 luna
866 2177 957 2214 XVI
984 2161 1282 2229 colligatur
1312 2163 1458 2232 (nam
1488 2162 1769 2233 quidpiam
1802 2165 1982 2220 minus

380 2254 513 2329 est),
540 2265 564 2301 κ
591 2254 832 2323 itemque
858 2270 980 2308 cum
1014 2254 1067 2308 in
1098 2264 1222 2307 ante
1251 2253 1393 2309 diem
1434 2267 1687 2326 quartum
1723 2256 1981 2317 kalenda-

380 2362 503 2403 rum
567 2347 881 2402 earumdem
939 2348 1125 2401 veniat
1177 2346 1437 2402 vicesima
1504 2348 1664 2402 tertia
1717 2366 1728 2401 :
1786 2350 1977 2404 existi-

382 2438 520 2493 mavi
553 2453 607 2491 ιι
639 2437 996 2491 kalendarum
1028 2447 1450 2491 memoratarum
1483 2438 1566 2492 die
1595 2438 1730 2495 festa
1755 2439 1980 2494 Pascha-

381 2529 451 2584 lia
507 2528 874 2594 celebranda;
934 2529 1188 2600 quoniam
1247 2529 1300 2583 in
1358 2530 1614 2585 vicesima
1644 2528 1802 2587 tertia
1850 2533 1978 2587 luna

382 2669 465 2726 Eo
493 2670 613 2738 ipso
652 2668 822 2730 forte.
856 2669 942 2737 qui
974 2680 1002 2721 a
1048 2666 1244 2721 Siric‘to
1290 2666 1451 2736 epist.
1499 2666 1565 2733 9,
1614 2681 1670 2721 η.
1715 2666 1780 2738 5,
1813 2666 1979 2721 Basso

383 2737 638 2813 episeopo
680 2742 734 2793 in
768 2740 1084 2793 consortium
1128 2738 1373 2811 regenda:
1418 2737 1647 2793 ecclesia?
1690 2737 1846 2797 datus
1891 2740 1978 2794 di-

382 2824 631 2937 c“Fidon
656 2925 669 2948 ,
704 2890 759 2935 ut
789 2880 921 2935 mihi
946 2880 1166 2950 quidem
1194 2880 1433 2947 videtur,
1461 2880 1526 2935 ad
1556 2882 1731 2951 ipsum
1755 2879 1976 2947 Rufum,

383 2954 480 3010 sed
513 2955 578 3009 ad
620 2955 963 3008 decessorem
997 2952 1113 3023 ejus
1161 2952 1426 3022 Anysium
1470 2953 1699 3021 scripta,
1750 2968 1977 3022 qumque

383 3026 631 3094 superius
666 3028 894 3089 primum
924 3024 1100 3077 locum
1130 3024 1358 3078 obtinet.
1388 3024 1453 3078 Et
1483 3023 1608 3077 hinc
1638 3036 1848 3077 rursum
1881 3041 1976 3075 Vo-

384 3113 501 3153 cem
548 3097 873 3150 archivorum
900 3096 1285 3160 retinendam,
1320 3110 1421 3155 nec
1459 3095 1775 3151 mutandam
1818 3097 1983 3151 fuisse
2013 3094 2058 3157 C

384 3168 653 3224 ﬁrmatur.

452 3240 484 3278 ι
532 3242 587 3293 In
632 3242 870 3293 Romana
913 3237 1311 3306 pontificiarum
1354 3237 1705 3305 epistolarum
1746 3236 1987 3294 editione

386 3321 606 3366 notatur
664 3321 814 3362 utex
870 3305 1143 3363 Cresconio
1202 3310 1494 3377 descripta.
1550 3306 1986 3364 Convenientius

385 3382 613 3437 forSttan
648 3390 888 3435 notatum
908 3390 1057 3433 esset
1087 3396 1152 3433 ex
1178 3379 1455 3449 Dyom'st'o.
1489 3381 1646 3447 Apud
1676 3384 1819 3434 hunc
1846 3382 1987 3434 inter

386 3454 686 3508 lunai-entii
708 3453 929 3505 decreta
956 3452 1177 3505 coniicit
1206 3453 1415 3504 titulum
1450 3467 1545 3503 seu
1575 3452 1867 3518 capitulum
1895 3451 1981 3505 50.

386 3524 597 3579 Exinde
620 3524 763 3576 illaut
794 3530 849 3576 et
866 3522 1206 3575 collectionis
1237 3522 1491 3588 Histiante
1519 3534 1709 3575 auctor
1732 3534 1786 3575 et
1812 3523 1987 3575 ‘lsido-

386 3610 481 3650 rus
524 3596 749 3647 mutuati
787 3602 931 3645 sunt.
972 3593 1045 3646 lle
1100 3594 1333 3658 paschali
1379 3592 1691 3647 celebritate
1727 3594 1851 3646 anni
1880 3591 1987 3646 414

386 3666 442 3720 in
474 3666 574 3719 hac
593 3663 823 3735 epis'mla
844 3663 1035 3716 disseri
1062 3663 1208 3717 inter
1227 3678 1417 3717 omnes
1440 3664 1723 3726 convenit;
1759 3665 1987 3735 ideoque

387 3737 535 3791 illam
582 3733 727 3788 anno
763 3734 872 3788 415
913 3736 1171 3805 scriptam
1209 3735 1451 3805 plerique
1498 3742 1743 3787 censent.
1788 3733 1986 3788 Verum

388 3807 773 3862 'l'tllemontius
800 3804 1075 3859 subtiliter
1104 3804 1381 3875 proinore
1404 3819 1502 3858 suo
1532 3806 1845 3872 eXpendens
1874 3821 1988 3857 01η·

388 3880 477 3934 nia
497 3919 513 3944 ,
548 3887 707 3945 atque
735 3878 937 3930 Pascha
963 3878 1284 3931 servandum
1314 3878 1381 3930 ab
1408 3876 1724 3931 Innocentio
1748 3876 1987 3929 nondum

389 3950 669 4020 praescribi
697 3990 711 4014 ,
741 3948 835 4020 sed
870 3948 1008 3999 hunc
1030 3962 1220 4020 papam
1258 3950 1422 4017 priu<,
1452 3962 1609 4017 quam
1636 3946 1989 4020 przesCribere

390 4017 524 4075 illud
559 4029 708 4074 certo
739 4018 953 4083 valeat,
993 4033 1145 4073 suam
1180 4018 1247 4074 de
1283 4034 1348 4074 eo
1376 4020 1699 4075 sententiam
1738 4017 1990 4071 Africana

392 4092 447 4146 in
487 4092 698 4161 synodo
742 4092 1063 4156 retractari,
1108 4089 1339 4159 indeque
1376 4090 1441 4143 ad
1493 4105 1551 4145 se
1584 4089 1808 4143 rescribi
1850 4090 1990 4143 velle

392 4160 721 4226 observans,
750 4175 896 4215 anno
934 4160 1040 4213 412
1068 4162 1488 4230 consignandam
1518 4176 1639 4215 esse
1662 4161 1950 4213 arbitratur
1975 4177 1987 4211 :

391 4239 657 4298 maxime,
688 4233 893 4301 inquit,
922 4246 1043 4284 eum
1077 4232 1327 4286 Aurelius
1360 4245 1411 4285 et
1444 4233 1585 4287 circa
1619 4232 1818 4286 exitum
1846 4230 1989 4284 Junii

391 4304 684 4359 Concilium
716 4302 1049 4371 provinciale
1071 4343 1087 4368 ,
1111 4311 1166 4358 et
1193 4304 1331 4357 circa
1358 4303 1519 4357 ﬁnem
1552 4303 1780 4369 AugUsti
1810 4303 1993 4368 plcita—

391 4380 535 4429 rium
560 4375 776 4438 Africae,
811 4375 860 4425 in
885 4387 993 4442 quo
1021 4390 1084 4427 cx
1118 4376 1438 4443 praescripto
1462 4374 1912 4442 ‘Carthaginensis
1937 4388 1991 4427 tu

391 4447 608 4501 concilii
638 4460 762 4500 can.
790 4446 852 4497 41
890 4444 1017 4497 anni
1049 4444 1212 4499 futuri
1248 4446 1523 4500 Paschalis
1553 4444 1669 4497 dies
1708 4443 1994 4510 divulgan-

393 4520 498 4572 dus
528 4526 677 4581 erat,
709 4516 989 4569 celebrare
1020 4518 1241 4570 soleret.
1272 4517 1382 4569 Nisi
1417 4517 1578 4585 igitur
1602 4514 1867 4585 synodum
1893 4514 1991 4568 ali-

393 4602 560 4658 quam
593 4597 786 4656 prattcr
826 4597 1085 4641 consueta
1126 4587 1215 4641 illa
1261 4598 1501 4656 tempora
1551 4588 1603 4639 in
1639 4587 1817 4658 Africa
1851 4588 1992 4658 cele-

393 4656 606 4715 bratam
638 4660 972 4728 cogitemus,
1006 4659 1200 4712 eruditi
1230 4659 1329 4712 viri
1354 4658 1597 4727 opinioni
1631 4656 1842 4728 videtur
1864 4657 1993 4710 sul)—

393 4727 770 4784 scribend’uin.
819 4727 1036 4796 Alioqui
1084 4745 1188 4783 non
1229 4736 1453 4798 apparet
1500 4729 1589 4799 qui
1638 4727 1995 4782 innocentius

394 4800 671 4856 Africana:
714 4799 911 4869 synodi
951 4804 1017 4852 de
1056 4799 1158 4853 hac
1201 4804 1503 4870 (intestinae
1544 4799 1883 4870 sententiami
1912 4812 1996 4852 re-

396 4874 566 4934 scire,
598 4882 760 4941 atque
780 4870 987 4924 exinde
1028 4870 1191 4924 totius
1214 4871 1522 4925 Occidentis
1554 4870 1825 4940 episcopis
1863 4869 1994 4941 Pas-

397 4942 521 4997 cha:
551 4938 693 4996 diem
726 4940 966 4996 iudieare
996 4944 1281 4996 commode
1310 4942 1559 4995 valuerit.
1590 4938 1672 4993 Ad
1708 4938 1820 4993 lucc
1844 4983 1855 5005 ,
1887 4938 1997 4994 Leo

399 5028 538 5083 papa
569 5014 636 5066 de
662 5012 911 5065 Paschaii
941 5013 1027 5083 dic
1055 5016 1179 5067 anni
1212 5013 1318 5068 455
1349 5017 1547 5081 pariter
1586 5011 1883 5076 sollicitus,
1936 5023 1996 5063 ea

398 5082 469 5139 de
498 5100 553 5137 re
581 5099 685 5137 non
714 5099 856 5137 anno
885 5082 989 5137 454
1012 5124 1025 5147 ,
1060 5100 1167 5151 quo
1213 5086 1329 5138 dies
1362 5084 1451 5138 ille
1476 5084 1721 5137 ccclesiis
1750 5083 2000 5148 prmscri-

399 5154 617 5209 bendus
644 5169 708 5207 ac
740 5155 1141 5209 denuntiandus
1168 5166 1283 5209 erat
1304 5200 1316 5222 ,
1352 5156 1443 5209 sed
1474 5154 1542 5207 ab
1570 5168 1712 5206 anno
1740 5153 1849 5206 455
1879 5167 1999 5206 cer-

401 5226 507 5279 tior
533 5225 649 5279 fieri
681 5225 924 5293 pluribus
946 5226 1144 5280 litteris
1177 5228 1405 5280 studuit.

476 5307 499 5335 ε
527 5296 581 5349 lu
605 5292 737 5350 nas.
756 5297 888 5350 coll.
924 5296 1075 5349 Dion.
1111 5307 1164 5350 et
1189 5298 1353 5350 Hadr.
1380 5308 1471 5351 ant
1494 5294 1760 5363 sinipliter
1777 5294 1841 5347 de
1866 5292 2001 5348 Pas-

402 5367 532 5431 cha,
566 5377 661 5421 aut
684 5366 750 5419 de
776 5366 981 5420 Pascha
1008 5369 1060 5419 in
1092 5384 1193 5438 qua
1220 5385 1273 5422 re
1306 5369 1530 5437 fallitur,
1562 5366 1664 5438 hoc.
1694 5377 1776 5418 est
1821 5374 1999 5419 utrum

405 5438 462 5492 in
506 5440 624 5507 ejus
670 5438 758 5491 die
805 5436 1208 5506 prtcscribcndo
1252 5436 1602 5493 Innocentius
1647 5436 1885 5497 fariatur,
1936 5451 2003 5489 an

406 5510 618 5631 ιέοιιἸΞη
636 5509 866 5579 Htspan.
902 5509 963 5561 de
990 5510 1339 5563 insinuatione
1360 5508 1436 5563 rel
1460 5508 1667 5561 indictis
1692 5508 2006 5577 tenuioribus

460 5596 545 5631 asc
586 5596 649 5631 (τ.

460 5596 649 5633 αεεηω.

477 5649 508 5686 ⁴¹
526 5652 812 5707 Sincerum
836 5651 998 5704 Dion.
1026 5652 1165 5705 coll.
1210 5652 1490 5722 exemplar
1539 5649 1795 5722 Regium,
1821 5648 2009 5722 Chari-

410 5723 531 5774 tatis
574 5732 701 5785 mw,
752 5722 893 5776 forte
935 5723 1053 5775 loco
1094 5719 1385 5777 rhart’tatis‘
1412 5731 1621 5776 mutum.
1650 5720 1820 5777 Coisl.
1874 5719 2003 5775 coll.

410 5791 589 5862 Hisp.,
620 5791 902 5847 Charitatis
928 5803 1127 5848 vestrm.

2076 494 2477 566 cognoscimus.
2532 492 2828 551 Sententitc
2868 506 3004 551 mea!
3037 490 3261 560 exposui
3315 501 3478 559 atque
3529 490 3678 547 edixi

2079 597 2351 643 tenorem.
2397 585 2514 645 Jan)
2563 584 2868 655 prttdentite
2900 585 3005 639 erit
3048 592 3185 650 tuae,
3223 581 3238 619 ί
3284 598 3513 640 consors
3546 582 3681 645 mihi

2079 679 2267 744 frater,
2317 694 2438 735 cum
2494 678 2772 737 unanimis
2826 685 2880 731 et
2931 675 3425 735 consacerdotibus
3476 674 3684 733 nostris

2080 769 2221 824 hanc
2262 771 2430 838 ipsam
2465 784 2578 823 rem
2624 769 2674 823 in
2718 766 2928 839 synodo
2970 765 3385 836 religiosissima
3423 767 3435 815 t
3477 775 3684 824 retrac-

2079 871 2194 916 tare
2224 880 2235 914 :
2263 870 2319 914 ut
2347 860 2391 914 si
2420 860 2552 914 nihil
2599 859 2943 928 dispositioni
2982 868 3183 917 nostra:
3224 858 3484 921 resultat,
3524 857 3683 911 nobis

2079 953 2397 1026 plenissime
2440 962 2742 1025 aperteque
2794 950 3105 1018 rescribas,
3160 964 3267 1021 quo
3321 949 3680 1007 deliberatam

2077 1046 2393 1102 Paschalem
2430 1046 2612 1113 diem.
2639 1046 2752 1115 jam
2787 1045 2985 1101 litteris
3020 1054 3186 1115 ante,
3222 1054 3280 1101 ut
3308 1042 3335 1081 ¹ί
3367 1044 3539 1098 moris
3570 1050 3678 1110 est,

2079 1138 2436 1204 servandam.
2484 1153 2584 1195 suo
2624 1148 2871 1206 tempore
2902 1137 3347 1213 praescribamus.
3395 1134 3689 1206 Ctttttpres-

2080 1229 2327 1300 byterum
2358 1239 2534 1289 autem
2567 1228 2955 1291 Archidamum
2981 1229 3225 1298 quamvis
3266 1228 3512 1287 noverim
3540 1228 3686 1298 quod

2082 1322 2440 1379 libentissime
2462 1339 2525 1377 ac
2552 1339 2703 1379 more
2731 1322 2998 1393 suscipias
3024 1332 3310 1388 consueto,
3346 1332 3525 1383 tamen
3563 1319 3580 1358 1
3616 1337 3686 1376 ex

2080 1417 2376 1475 abundanti
2402 1418 2625 1489 postulo
2648 1459 2662 1483 ,
2698 1427 2755 1471 ut
2782 1434 2904 1475 cum
2942 1417 3083 1473 inter
3113 1425 3234 1475 tuos
3266 1415 3467 1473 habere
3498 1416 3687 1485 digne-

2079 1527 2177 1568 ΠΒ.

2604 1602 2939 1659 EPISTULA
2972 1612 3011 1639 ω
3044 1602 3159 1659 XV.

2083 1711 2386 1755 INNOCENTII
2439 1713 2634 1765 ΡΑΡρΕ,
2695 1714 2763 1757 AD
2812 1713 3075 1755 ιυωΑΝΑΜ
3128 1713 3362 1754 Νοθιιεκ
3412 1713 3689 1763 EXBDRTA-

2797 1806 2977 1845 TOBIA.

2149 1883 2439 1954 Singulare
2470 1885 2773 1943 membrum
2802 1885 3091 1953 Ecclesiae,
3128 1895 3231 1940 ture
3267 1887 3547 1956 religionis
3574 1904 3690 1943 am-

2085 1977 2408 2049 pliludinem
2441 1979 2712 2035 exsistere
2730 2022 2746 2044 ,
2776 1988 2833 2033 ct
2861 1994 2888 2033 a
2914 1978 3071 2037 nobis
3094 1980 3538 2041 reverentissime
3561 1982 3689 2049 coli,

2086 2072 2221 2131 satis
2264 2080 2346 2132 est
2391 2070 2644 2127 omnibus
2686 2071 3056 2127 manifestum.
3098 2071 3155 2124 ln
3191 2072 3306 2142 ipso
3336 2072 3480 2135 enim
3528 2075 3688 2141 apice

2090 2164 2388 2225 nobilitatis
2438 2165 2611 2223 multo
2661 2164 2981 2223 nobiliorem
3032 2164 3291 2225 Ecclesia}
3338 2164 3685 2239 devotionem

2088 2255 2377 2325 impendis,
2407 2266 2461 2310 et
2494 2256 2664 2326 magis
2692 2256 2815 2317 laeta
2842 2257 3043 2313 Christi
3071 2257 3373 2327 agnitione,
3406 2259 3691 2327 princeptis

2087 2348 2205 2417 ejus
2246 2348 2596 2417 obtemperas
2618 2390 2631 2413 ,
2679 2356 2734 2403 et
2765 2350 2816 2402 in
2859 2348 2964 2402 fide
3008 2349 3186 2418 pctius
3213 2351 3461 2403 exsultas
3483 2391 3497 2415 ,
3529 2366 3692 2420 quam

2089 2442 2225 2496 tanti
2277 2444 2494 2512 generis
2541 2441 2674 2497 ﬂore
2708 2443 2961 2513 jactaris.
3013 2444 3252 2497 Summae
3302 2443 3526 2506 virtutis
3576 2454 3693 2512 est,

2088 2533 2285 2593 vicisse
2312 2536 2541 2607 gloriam
2584 2537 2765 2591 carnis
2800 2553 2814 2591 :
2850 2544 2906 2591 et
2946 2551 3156 2606 magna:
3194 2548 3279 2595 est
3330 2534 3530 2601 Christi
3576 2553 3697 2608 gra-

2166 2680 2189 2708 ε
2220 2671 2295 2727 lta
2319 2672 2675 2729 cmendamus
2706 2687 2810 2741 0pc
2856 2672 3098 2743 praedicti
3139 2674 3470 2743 exemplaris
3491 2674 3654 2743 ‘Regii
3679 2718 3694 2741 ,

2092 2740 2143 2815 ip
2170 2758 2284 2815 quo
2308 2752 2512 2815 e_xstat,
2548 2743 2761 2799 Curatio
2793 2740 3213 2815 ut'dignumest.
3248 2740 3345 2799 Chi
3381 2749 3523 2799 lavet
3556 2740 3695 2801 isiud

2088 2809 2284 2888 ‘Co‘i'slu
2316 2812 2453 2888 Cura
2484 2809 2605 2888 ergo
2636 2827 2688 2888 ut
2721 2809 2955 2888 dignum-
2986 2826 3078 2869 est.
3111 2813 3167 2871 itt
3192 2816 3311 2871 aliis
3332 2825 3515 2877 autem
3547 2817 3700 2872 libris

2088 2878 2343 2958 habetur,
2380 2884 2486 2958 Cur
2511 2878 2632 2958 εἶρα
2658 2878 2927 2955 indignum
2959 2896 3031 2942 est
3058 2902 3075 2948 ;
3107 2896 3158 2939 et
3186 2903 3307 2943 mox
3339 2888 3393 2947 in
3417 2888 3549 2943 solis
3579 2890 3697 2945 cdi-

2092 2956 2485 3039 tis,.custodiri.
2518 2956 2656 3013 Tum
2684 2958 2737 3012 in
2767 2958 3020 3026 Coislin.,
3044 2958 3204 3026 idque
3232 2975 3477 3011 omnes...
3510 2962 3701 3027 fratre;

2090 3042 2364 3083 εανιδειηη.

2168 3098 2187 3135 τ
2221 3098 2499 3155 Vocabulo
2522 3100 2740 3155 alterius
2770 3115 2970 3161 annum
3002 3097 3306 3165 intelligere
3336 3106 3422 3152 est
3448 3100 3534 3155 vel
3559 3101 3702 3155 alte-

2091 3186 2207 3225 rtttn
2234 3172 2301 3227 ab
2329 3187 2393 3225 eo
2422 3188 2528 3240 quo
2566 3170 2791 3226 Pascha!
2826 3173 2941 3225 dies
2966 3173 3035 3227 sit
3062 3170 3421 3224 ('elcln-andus
3446 3212 3458 3237 ,
3506 3173 3589 3226 vel
3622 3173 3704 3227 al-

2092 3251 2265 3299 teruni
2302 3244 2369 3295 ab
2404 3258 2604 3312 coquo
2644 3242 3004 3313 divulgandtts
3027 3244 3116 3313 sit.
3147 3241 3200 3296 Si
3231 3242 3333 3296 hoc
3363 3256 3694 3311 poswemum

2091 3313 2428 3377 admittatur,
2449 3329 2602 3368 anno
2632 3314 2741 3370 412
2766 3312 3133 3379 consignatth
3161 3314 3265 3366 erit
3299 3314 3410 3371 haec
3439 3314 3523 3379 epi
3562 3316 3701 3381 tota;

2091 3383 2136 3455 si
2162 3395 2343 3439 autem
2380 3385 2613 3452 primum
2659 3388 2830 3455 magis
2873 3387 3085 3453 placet,
3128 3386 3177 3437 in
3206 3399 3405 3441 annum
3440 3386 3545 3445 415
3576 3388 3703 3455 reji-

2091 3454 2281 3510 cienda
2306 3460 2429 3510 erit.
2452 3456 2796 3525 Quamquam
2828 3457 2942 3525 ipse
2971 3456 3109 3515 infra
3140 3458 3315 3510 alteto
3348 3472 3489 3515 anno
3520 3458 3587 3517 ab
3611 3454 3703 3521 eo,

2092 3540 2200 3604 q_uo
2242 3527 2597 3604 divulgandus
2628 3535 2750 3581 erat
2771 3526 2994 3581 Pascha:
3026 3528 3141 3583 dies
3166 3567 3182 3594 ,
3224 3528 3472 3587 scribere
3501 3543 3560 3581 se
3592 3543 3700 3585 non

2091 3596 2322 3653 obscure
2347 3596 2637 3667 signiﬁcat.

2166 3685 2190 3721 ε
2221 3678 2275 3731 lu
2302 3694 2440 3733 mss.
2471 3678 2597 3735 coll.
2635 3677 2803 3735 Hadr.
2836 3677 3056 3745 itemque
3077 3719 3092 3743 ,
3122 3676 3241 3731 sine
3273 3676 3533 3747 adjuncto
3559 3696 3697 3741 cum,

2092 3750 2234 3815 quod
2262 3751 2471 3817 pariter
2520 3749 2574 3805 in
2605 3747 2774 3818 Regio
2813 3748 2947 3805 coll.
2980 3747 3141 3802 Dion.
3192 3746 3485 3817 omittitur,
3526 3750 3703 3805 illaaso

2092 3832 2280 3875 settsu.

2164 3899 2193 3935 λι
2222 3900 2296 3955 Ita
2328 3899 2619 3969 exemplar
2640 3897 2897 3968 Regium.
2932 3896 3164 3969 Arnus.
3200 3898 3332 3959 coll,
3362 3898 3557 3967 “adn,
3582 3907 3704 3957 ante

2096 3970 2325 4027 Pascha.
2354 3966 2681 4037 Editi-vero,
2710 3966 2831 4022 aute
2861 3970 2957 4021 hoc
2985 3966 3213 4025 Pascha.

2172 4043 2187 4080 ί
2218 4043 2274 4098 In
2308 4058 2408 4097 ms.
2432 4041 2690 4109 Coisliu.,
2719 4057 2935 4097 concors
2966 4040 3113 4095 mihi.

2172 4126 2184 4173 i
2224 4125 2280 4178 in
2316 4124 2558 4191 wlgatis
2600 4134 2721 4193 post
2747 4121 2910 4175 Crab.
2966 4130 3205 4176 h'aclara.
3238 4120 3309 4175 At
3348 4120 3404 4175 in
3444 4124 3705 4180 omnibus

2096 4205 2313 4250 mss..ut
2354 4196 2498 4265 apud
2525 4194 2703 4258 Merl.,
2734 4202 3018 4246 retractare
3043 4231 3057 4257 ,
3103 4193 3246 4262 quod
3280 4202 3365 4248 est
3405 4210 3705 4265 recognos-

2094 4281 2156 4319 (ξιξ
2164 4282 2243 4321 re.
2496 4278 2501 4285 ’

2164 4344 2194 4383 λ
2228 4346 2282 4400 ld
2332 4344 2508 4399 moris
2549 4344 2744 4409 ﬁnisse,
2781 4352 2843 4397 ut
2894 4344 3173 4398 Romamts
3219 4344 3468 4413 pontifex
3504 4346 3580 4401 de
3621 4347 3708 4401 die

2097 4417 2324 4471 Pascha:
2348 4416 2557 4470 litteras
2596 4416 2665 4467 ad
2690 4432 2871 4469 omnes
2894 4415 3182 4485 dirigeret,
3214 4420 3372 4470 testis
3405 4428 3491 4474 est
3518 4419 3715 4473 Arela-

2023 4477 2073 4537 D
2101 4490 2316 4542 tensist
2373 4488 2613 4559 synodus
2642 4502 2807 4559 ianno
2851 4485 2958 4559 514
3001 4477 3187 4539 habita
3213 4527 3227 4550 ,
3275 4488 3504 4556 ejusque
3544 4505 3706 4543 usum

2099 4559 2209 4613 Leo
2230 4557 2525 4628 epistIGS,
2551 4560 2614 4611 ad
2639 4557 2979 4628 Ravennium
2999 4598 3012 4619 ,
3038 4560 3348 4611 conﬁrmat.
3386 4561 3496 4612 Hoc
3524 4570 3706 4617 autem

2100 4627 2284 4698 Spirat?
2306 4640 2450 4684 totus
2492 4629 2596 4683 iste
2622 4628 2921 4682 Innocentii
2971 4627 3122 4680 locus
3143 4669 3158 4692 ,
3192 4640 3406 4695 tempus
3432 4645 3540 4698 quo
3562 4632 3707 4685 mori

2098 4703 2178 4756 illi
2204 4700 2653 4755 satisfaciendum
2688 4710 2839 4763 orat,
2871 4699 3107 4752 nondum
3138 4700 3445 4754 inminere.

2179 4781 2195 4818 1
2224 4782 2435 4835 Omnes
2464 4796 2594 4834 mss.
2629 4796 2691 4833 ex
2719 4778 3121 4832 abundantibus.

2172 4872 2214 4900 ιιι
2243 4863 2298 4917 lu
2336 4862 2467 4918 edit.
2500 4860 2710 4916 Concil.
2743 4860 2841 4925 1'5;
2882 4876 3001 4928 quae
3036 4868 3217 4912 autem
3275 4859 3341 4914 15
3386 4868 3534 4921 erat.
3561 4876 3714 4916 nunc

2098 4932 2195 4989 20.
2225 4933 2519 5004 Dionysius
2536 4934 2776 5001 Exiguus
2800 4930 3262 5004 epistolamﬂhanc
3294 4947 3400 4985 non
3435 4932 3710 5001 indignam

2124 5001 2572 5072 rutavitfquam
2628 5005 2767 5057 inter
2820 5001 3121 5056 Ῐηιξῦϐνιιῐίἱ
3173 5002 3397 5056 decreta
3458 5007 3710 5059 referret.

2132 5078 2259 5130 lane
2288 5076 2385 5129 sub
2410 5077 2564 5147 titulo
2608 5088 2704 5147 seu
2723 5074 2985 5147 _capitulo
3014 5073 3083 5147 39
3124 5077 3377 5147 proxime
3398 5084 3528 5129 ante
3556 5091 3718 5147 snpe-

2106 5148 2309 5201 riorem
2361 5144 2667 5201 collocavit.
2723 5143 2987 5197 Eumdem
3044 5144 3222 5197 locum
3268 5146 3554 5200 o‘btinctin
3587 5143 3713 5201 coli.

2108 5217 2333 5287 Ilispan.
2360 5227 2413 5272 et
2442 5216 2567 5271 lsid.
2599 5216 2760 5270 Forte
2784 5230 2906 5269 cum
2942 5215 3130 5270 eadem
3163 5216 3393 5285 epistola
3419 5220 3582 5271 missa
3610 5227 3709 5270 est.

2109 5288 2381 5342 Baronius
2429 5289 2685 5357 scriptam
2734 5288 2988 5355 opinatur
3038 5303 3181 5340 anno
3222 5290 3351 5355 415,
3403 5305 3509 5358 quo
3556 5287 3715 5341 tacite

2109 5360 2458 5415 refellerctur
2498 5358 2701 5429 Pelagii
2746 5358 2884 5412 liber
2914 5357 2979 5411 ad
3034 5357 3437 5413 Demetriadem
3488 5358 3719 5413 Juliana:

2111 5430 2272 5485 ﬁliam
2306 5432 2563 5500 scriptus.
2598 5430 2678 5484 Ad
2704 5429 2949 5483 eamdem
2980 5428 3247 5484 Jttlianatn
3277 5436 3493 5483 exsmnt
3516 5430 3717 5498 episto-

2111 5501 2177 5573 la:
2201 5501 2426 5558 Joannis
2456 5500 2991 5573 Chrysostorniin,
3024 5502 3309 5569 Atlgtlslitti
3341 5500 3465 5561 150,
3500 5512 3714 5573 rursum

2111 5572 2400 5644 Augustini
2443 5583 2498 5628 et
2544 5568 2725 5644 Alypii
2771 5572 2895 5625 188.
2933 5573 3039 5643 Ipsi
3072 5568 3406 5644 Augustinus
3432 5568 3715 5644 annui”

2113 5638 2267 5699 sna'm
2296 5645 2497 5700 dicavit
2533 5644 2596 5697 dc
2617 5638 2769 5697 Bono
2800 5638 3064 5697 riduiiatis
3105 5638 3555 5711 lucubrationum.
3580 5638 3717 5709 Ejus

2114 5729 2328 5784 quoque
2371 5716 2733 5785 Hieronymus
2756 5715 2817 5785 in
2860 5714 3087 5783 epistola
3117 5717 3172 5777 8,
3216 5711 3283 5766 ad
3309 5709 3713 5773 Demetriadem

2117 5788 2285 5855 ipsius
2317 5786 2480 5841 ﬁliam
2506 5826 2520 5851 ,
2546 5784 2811 5842 meminit.
