4344 6174
551 228 661 287 559

1797 225 1854 288 S.
1895 226 2291 288 INNOCEN’I‘II
2329 227 2353 289 Ῑ
2388 226 2597 288 ΡᾹΡΑἳ

549 352 606 408 id
636 351 750 407 fieri
782 350 902 408 sine
933 363 1130 422 magno
1160 349 1344 406 labore
1385 351 1608 420 poterit,
1643 360 1702 406 ut
1750 350 1913 422 longe
1953 350 2158 406 consti-
2186 372 2239 433 Α
2265 351 2406 406 tilias
2430 366 2586 406 meus
2610 350 2943 408 Coalestinus
2972 349 3233 406 diaconus
3259 348 3312 406 in
3335 348 3568 422 epistola
3594 362 3714 420 sua,
3737 365 3858 408 esse

556 454 706 500 tutus
748 459 1147 515 energumenus
1179 443 1245 497 ad
1293 445 1609 511 episconum
1658 443 1980 511 deducatur,
2033 457 2155 498 cum

557 537 606 592 si
652 537 776 591 talis
814 552 970 592 casus
1001 537 1050 591 ei
1081 536 1134 589 in
1161 534 1360 590 itinere
1389 535 1672 602 acciderit,
1707 551 1806 591 nec
1835 535 2062 607 perferri
2090 534 2156 590 ad

559 629 899 699 episcopum.
935 643 1035 682 nec
1065 625 1258 682 referri
1287 626 1353 680 ad
1383 641 1478 682 sua
1510 626 1666 682 facile
1713 628 1921 697 possit?

630 721 760 776 Car.
794 719 906 776 Vil.
935 751 1006 760 —
1032 720 1118 775 10.
1157 721 1230 774 De
1263 721 1652 788 paenitentibus
1680 729 1884 785 autem,
1909 719 1997 788 qui
2044 720 2161 773 sive

560 831 628 870 ex
656 813 1001 884 gravioribus
1027 813 1361 879 commissis,
1395 811 1511 867 sive
1542 827 1608 868 ex
1660 810 1958 867 levioribus
1991 809 2163 879 poeni-

561 905 785 961 tentiam
803 914 1021 977 gerunt,
1054 905 1100 960 si
1125 905 1270 960 nulla
1298 905 1628 960 interveniat
1657 904 1945 974 mgritudo,
1975 903 2162 973 quinta

560 1000 696 1068 feria
729 1007 856 1078 ante
910 998 1118 1053 Pascha
1153 998 1233 1053 eis
1264 998 1654 1053 remittendum
1686 996 1948 1050 Romanae
1979 994 2166 1049 Ecde-

559 1095 655 1149 siae
677 1093 1019 1150 consuetudo
1041 1093 1384 1148 demonstrat
1431 1090 1551 1162 (De
1597 1106 1831 1145 consecr.
1857 1090 1978 1143 dist.
2011 1089 2066 1154 ’5,
2115 1103 2163 1142 ο.

567 1187 631 1239 17
657 1200 671 1250 ;
707 1183 800 1238 luo
825 1203 880 1254 p.
913 1183 1002 1253 15,
1031 1200 1079 1236 c.
1112 1185 1220 1248 40;
1247 1181 1401 1237 Isaac
1423 1180 1650 1256 Lingon.
1684 1199 1729 1235 ε.
1758 1181 1868 1252 15)’.
1896 1178 2165 1234 Cat-terum

561 1281 631 1335 de
664 1280 908 1350 pondere
956 1277 1280 1333 aestimando
1329 1276 1676 1342 delictorum,
1729 1272 2037 1329 sacerdotis
2083 1279 2170 1327 est

557 1373 828 1441 judicare,
861 1380 920 1425 ut
950 1370 1196 1426 attendat
1219 1370 1285 1424 ad
1315 1368 1714 1424 confessionem
1743 1369 2080 1438 ptenitentis,
2115 1375 2170 1421 et

559 1465 626 1519 ad
657 1465 818 1520 ﬂetus
844 1475 1010 1534 alque
1041 1463 1312 1533 lacrytnas
1354 1463 1700 1532 corrigentis,
1732 1477 1796 1516 ac
1835 1469 1949 1515 tum
1978 1461 2171 1529 jubere

564 1557 802 1626 dimitti,
859 1573 982 1612 cum
1038 1556 1237 1612 viderit
1307 1570 1600 1626 congruam
1656 1564 1682 1591 τι
1735 1553 2169 1609 satisfactionem

565 1669 741 1708 suam.
781 1652 874 1707 Vel
928 1651 972 1705 si
1023 1651 1146 1720 quis
1192 1648 1571 1720 :rgritudinem
1628 1648 1951 1714 incurrerit,
2009 1655 2170 1716 atque

2263 459 2292 497 a
2322 455 2410 500 tua
2441 445 2738 501 dilectione
2766 445 3004 515 positum
3038 445 3193 507 illttd,
3251 445 3394 516 quod
3424 446 3476 500 in
3523 445 3664 500 beati
3715 445 3860 516 Apu-

2263 540 2386 596 stoli
2428 541 2611 596 Jacobi
2659 541 2884 612 epistola
2916 543 3286 612 conscriptum
3337 549 3422 598 est
3468 561 3482 598 :
3530 543 3593 598 Si
3622 543 3863 610 infirmus

2264 633 2291 672 ἲ)
2325 636 2514 706 aliquis
2542 637 2598 690 in
2628 637 2768 692 vobis
2787 645 2862 690 est
2885 653 2903 703 ;
2927 646 3068 691 vocet
3089 637 3437 709 presbyteros,
3467 645 3516 691 et
3545 644 3692 691 orent
3713 653 3867 708 super

2264 747 2401 797 eum,
2436 741 2686 802 ungentes
2715 747 2832 785 eum
2885 732 2997 785 oleo
3036 733 3089 786 in
3115 732 3324 786 nomine
3375 730 3591 785 Domini
3619 747 3640 786 :
3669 739 3715 785 et
3743 746 3867 785 ora-

2245 821 2337 874 tio
2379 832 2408 881 εν
2433 822 2558 891 ﬁdei
2616 822 2830 876 salvabit
2878 821 3228 888 laborantem,
3286 831 3334 876 et
3391 822 3669 877 suscitabit
3719 820 3868 877 illum

2267 913 2546 983 Dominus,
2570 913 2596 952 (ι
2622 925 2670 970 et
2700 917 2744 970 si
2774 927 3045 988 peccatum
3079 918 3221 986 fecit,
3254 918 3472 970 remittet
3497 917 3541 969 ei
3574 913 3790 985 (Iacob.
3815 931 3867 984 ν,

2265 1008 2337 1064 24
2359 1008 2403 1080 ).
2428 1009 2583 1076 Quod
2613 1024 2720 1064 non
2745 1019 2830 1066 est
2856 1009 3083 1065 dubium
3107 1010 3176 1065 de
3208 1009 3461 1065 fidelibus
3481 1010 3871 1079 a'grotantibus

2268 1101 2442 1170 accipi
2467 1102 2551 1156 vel
2582 1100 2810 1172 intelligi
2833 1100 3058 1166 debere,
3080 1101 3169 1171 qui
3193 1112 3384 1156 sancto
3405 1100 3528 1155 oleo
3557 1099 3874 1155 chrismatis

2268 1195 2499 1264 perungi
2559 1203 2809 1262 possunt,
2856 1203 2879 1231 ε
2912 1192 3057 1262 quod
3103 1194 3172 1248 ah
3219 1194 3485 1264 episcopo
3539 1193 3870 1261 confectum,

2274 1301 2385 1340 non
2436 1285 2616 1340 solum
2646 1284 3045 1350 sacerdotibus,
3088 1284 3182 1339 sed
3214 1295 3268 1339 et
3299 1285 3554 1340 omnibus
3586 1283 3659 1339 uti
3684 1281 3872 1339 Chris-

2274 1376 2438 1431 tianis
2460 1376 2608 1445 licet,
2646 1377 2700 1430 in
2729 1391 2823 1430 sua
2856 1385 2947 1430 aut
2975 1377 3027 1430 in
3073 1391 3298 1431 suorum
3329 1376 3657 1431 necessitate
3709 1372 3749 1416 τ-
3775 1389 3878 1429 un-

2271 1468 2529 1537 gendum.
2563 1468 2830 1523 Cacterum
2865 1467 3050 1540 (Dist.
3080 1467 3173 1536 95,
3206 1485 3253 1522 c.
3288 1467 3353 1533 9;
3384 1466 3478 1523 Ivo
3524 1487 3580 1541 p.
3611 1468 3667 1532 2,
3697 1485 3743 1523 c.
3772 1467 3876 1536 75)

2274 1561 2406 1616 illud
2437 1561 2772 1631 superﬂuum
2816 1575 2942 1616 esse
2969 1560 3218 1616 videmus
3246 1561 3540 1629 adjectum,
3577 1567 3638 1614 ut
3665 1559 3734 1616 de
3763 1560 3880 1628 epi-

2274 1668 2442 1725 scopo
2465 1652 2954 1723 ambigatur.quod
2971 1653 3306 1725 presbyteris
3330 1652 3500 1708 licere
3526 1667 3630 1708 non
3653 1652 3877 1707 dubium

566 1761 741 1817 usque
782 1745 848 1800 ad
879 1743 1322 1814 desperationem
1353 1740 1660 1806 devenerit,
1695 1741 1741 1794 ei
1767 1749 1850 1794 est
1878 1748 2005 1794 ante
2036 1747 2170 1793 tem-
2201 1757 2247 1817 Β
2276 1757 2378 1800 est.
2409 1745 2543 1802 Nam
2578 1745 2784 1800 idcirco
2816 1755 2841 1792 ις
2874 1745 3208 1817 presbyteris
3237 1744 3442 1799 dictum
3469 1754 3574 1812 est,
3602 1746 3728 1814 quia
3767 1743 3883 1816 epi.

566 1854 668 1909 pus
695 1835 921 1892 Pascha:
948 1833 1326 1901 relaxandum,
1357 1848 1427 1888 ne
1453 1833 1520 1888 de
1550 1831 1754 1887 saeculo
1792 1831 1998 1900 absque
2023 1845 2173 1886 com-

570 1931 831 1985 munione
859 1926 1126 1983 discedat.

638 2022 769 2078 Cttr.
823 2019 959 2076 Vill.
983 2048 1054 2060 -—
1082 2019 1170 2073 11.
1205 2018 1350 2074 Sane
1375 2016 1633 2088 quoniam
1666 2017 1734 2072 de
1766 2018 1889 2082 hoc,
1918 2017 2076 2071 sicuti
2099 2017 2169 2073 de

569 2117 805 2185 etcteris,
835 2113 1126 2170 consulere
1156 2111 1330 2168 voluit
1360 2109 1584 2167 dilectio
1618 2119 1734 2177 tua,
1768 2111 1968 2181 adjecit
2002 2115 2165 2166 etiam

571 2279 732 2350 epist.
763 2275 852 2350 10,
909 2273 975 2329 ad
1015 2273 1220 2350 clerum
1271 2264 1912 2350 suum,‘queritur.quod
1945 2282 2062 2350 cum
2110 2267 2164 2318 in

574 2338 857 2407 minoribus
884 2345 1108 2412 peccatis
1130 2351 1284 2412 agant
1307 2347 1601 2411 peccatores
1625 2339 1975 2412 pecnitentiam
2013 2338 2166 2408 longo

576 2434 823 2493 tempore,
858 2408 905 2471 et
932 2408 1215 2471 secundum
1239 2408 1533 2493 disciplian
1563 2409 1799 2464 ordinem
1837 2408 1907 2460 ad
1960 2424 2168 2490 eremo:

573 2479 774 2563 logesin
814 2479 1040 2553 ueniant,
1068 2495 1113 2539 et
1170 2501 1271 2563 per.
1306 2482 1687 2563 impositionem
1732 2496 1915 2533 manus
1945 2479 2170 2563 episcopi

577 2551 780 2620 etucleri
812 2563 904 2633 jus
925 2551 1313 2633 communionis
1330 2554 1627 2619 accipiant;
1659 2567 1795 2633 nunc
1839 2551 2172 2633 cruciatam:

578 2653 771 2707 pore...
803 2621 1032 2687 nondum
1055 2624 1350 2707 poenitentia
1380 2634 1531 2704 acta,
1559 2622 1790 2707 nonduin
1820 2621 2170 2703 exornoloyesi

577 2692 738 2777 facta,
770 2702 999 2777 nondum
1027 2692 1185 2777 ntanu
1204 2697 1275 2750 eis
1295 2697 1367 2777 ab
1381 2695 1622 2765 episcopo
1643 2703 1690 2773 et
1733 2692 1866 2745 clero
1894 2694 2162 2777 imposita,

574 2764 890 2832 eucharistia
933 2772 1038 2826 illis
1091 2771 1265 2822 datur.
1323 2764 1524 2822 Verum
1582 2764 1892 2833 episeopus,
1951 2765 2167 2832 quando

577 2851 788 2913 aberat,
803 2859 866 2899 ac
899 2859 997 2898 nec
1028 2839 1324 2913 necessitas
1337 2839 1586 2913 urgebat,
1604 2834 1708 2913 b_oc
1735 2837 1910 2913 ipsum
1937 2836 2166 2913 presby-

582 2922 715 2976 teris
761 2905 850 2971 vel
882 2916 1044 2970 etiam
1086 2910 1330 2964 diaconis
1381 2905 1750 2976 permittebat.
1804 2905 2070 2972 Quocirca
2114 2912 2171 2957 et

580 2992 647 3046 ad
697 2990 901 3044 clerum
932 2999 1089 3040 suum
1117 2981 1260 3035 idem
1290 2977 1596 3048 Cyprianus
1624 2977 1788 3045 epist.
1826 2976 1892 3031 i5
1940 2977 2129 3029 scribit
2155 2991 2167 3028 :

585 3063 646 3120 Si
671 3057 994 3115 incommodo
1024 3055 1198 3123 aliquo
1225 3063 1272 3104 et
1303 3047 1618 3123 inﬁrmitatis
1661 3048 1888 3118 periculo
1937 3047 2175 3123 occupati

585 3102 1552 3203 ficiis?TABL'Epr'é'c’ioid'premam
1580 3102 1777 3203 nos'trtt,
1806 3117 1945 3203 apud
1972 3102 2181 3189 presby-
2204 3102 2249 3164 C

587 3187 748 3257 ieram
776 3187 1145 3271 quemcumque
1192 3200 1513 3270 prwsentem,
1564 3189 1643 3242 uel
1690 3190 1731 3240 si
1784 3187 2048 3271 presbyter
2097 3203 2181 3271 re-

589 3283 762 3344 pertus
788 3259 895 3324 non
925 3259 1099 3339 fuerit,
1136 3259 1389 3344 et'urgere
1411 3261 1579 3344 exitus
1629 3263 1837 3344 (uerterit
1857 3300 1869 3322 ,
1902 3259 2042 3339 apud
2075 3259 2186 3344 dia-

589 3329 777 3398 }onum
811 3329 1007 3410 quoque
1037 3329 1432 3410 εεςιιοιιιοιοζεεὶιι⁵
1458 3335 1625 3410 facere
1653 3329 1830 3410 delicti
1855 3331 1935 3383 sui
1957 3331 2183 3410 possint,

589 3427 645 3469 ut
676 3400 834 3467 manu
861 3400 934 3464 eis
956 3410 1006 3462 in
1034 3404 1384 3473 paenitentiam
1415 3400 1689 3474 imposita,
1709 3402 1914 3474 veniant
1960 3400 2053 3474 ad
2080 3400 2185 3453 Do-

593 3489 790 3540 minum
821 3496 938 3535 cum
979 3471 1124 3542 pace.
1152 3475 1265 3529 lluc
1293 3471 1502 3539 spectat
1547 3471 1691 3541 quod
1742 3471 1954 3542 chino
2004 3472 2098 3526 lib.
2144 3487 2182 3538 ι,

592 3573 642 3612 c.
674 3554 783 3610 295
811 3564 863 3608 et
888 3543 1020 3614 296,
1045 3559 1254 3602 neCnon
1307 3543 1656 3599 Burchardus
1681 3543 1774 3597 lib.
1805 3559 1858 3606 x,
1908 3557 1956 3596 c.
1998 3543 2100 3597 155
2133 3551 2187 3597 ει

595 3627 722 3691 156,
751 3625 898 3678 velut
925 3637 993 3676 ex
1021 3617 1387 3691 Pmnitentiali
1413 3615 1659 3691 item:th
1689 3615 1972 3691 proterunt
1996 3632 2006 3666 :
2037 3615 2188 3668 Sicut

590 3685 725 3752 enini
741 3693 1052 3764 sacriﬁcium
1071 3687 1256 3764 oﬂ'erre
1272 3702 1372 3764 non
1402 3685 1582 3764 debent
1608 3685 1705 3764 nisi
1724 3685 1950 3756 episcopi
1973 3696 2019 3764 et
2045 3700 2188 3764 pres-

593 3769 778 3842 byteri,
811 3753 889 3819 sic.
915 3779 1004 3818 nec
1027 3753 1379 3842 paenitentiam
1391 3753 1699 3842 judicia‘alii
1724 3753 1970 3842 usurpare
1987 3753 2187 3842 debent.

559 3859 572 3872 -
597 3826 657 3896 δῖ
679 3826 850 3894 autem
871 3826 1144 3889 necessitas
1158 3826 1403 3892 evenerit,
1413 3837 1457 3881 et
1480 3827 1740 3898 presbyter
1761 3826 1864 3880 non
1884 3826 2037 3896 fuerit
2066 3841 2191 3894 pra:-

595 3928 735 3976 sens,
753 3909 1004 3962 diaconus
1020 3903 1269 3972 suscipiat
1286 3897 1612 3976 paenitentem
1634 3897 1700 3949 od
1715 3907 1945 3976 sanctam
1967 3914 2193 3976 continu:

596 3967 820 4036 nionem.
840 3979 905 4032 Et
917 3967 1260 4042 litecquidem
1275 3971 1344 4026 de
1358 3970 1652 4042 paenitente
1666 3967 2088 4042 reconciliando,
2102 3969 2190 4042 ubi

601 4050 897 4119 periculum
920 4039 1108 4100 mortis
1136 4039 1402 4119 imminet,
1426 4040 1567 4119 dicta
1592 4047 1746 4119 sapt:
1776 4051 1826 4091 at
1845 4039 2192 4119 Innocentius

598 4110 740 4178 circa
769 4131 1164 4186 energumenos
1182 4115 1469 4182 quamdam
1495 4112 1561 4165 ab
1586 4110 1841 4186 episcopo
1871 4118 2189 4186 potestatem

603 4193 763 4247 tribui
793 4179 956 4261 posse
983 4179 1468 4261 delinit,'qu:e_non
1501 4181 1937 4261 presbyteroaut
1962 4179 2193 4261 diacono

605 4266 756 4329 solis,
789 4251 883 4316 sed
907 4268 961 4314 et
983 4257 1176 4312 steteris
1194 4254 1392 4329 clericis
1414 4251 2023 4329 competereﬁvidqﬂiuﬁ
2054 4253 2194 4329 ίηέιὲν

603 4321 981 4406 ιιιιοεὶιιῐίιιιιιε
1005 4341 1084 4383 εει
1113 4325 1504 4406 exorcistaruni
1535 4322 1692 4376 ordo.
1724 4321 1876 4406 Quod
1901 4322 1969 4376 ita
1998 4323 2195 4406 ἰηιςιιι-

621 4391 861 4467 ἐιιόιιιῐι,
899 4411 958 4455 ιιι
981 4414 1076 4456 eos
1099 4397 1253 4461 ritus,
1281 4410 1417 4465 quos
1444 4407 1699 4449 exercere
1738 4391 1869 4446 solis
1900 4395 2195 4449 sacerdoti-

605 4423 706 4531 ἕως
734 4487 1052 4531 concessum
1081 4465 1485 4531 est,iuferiores
1512 4465 1694 4519 clerici
1727 4465 2190 4531 prttttet‘tniserint.

2279 1841 2427 1907 scopi
2453 1837 2906 1908 occupationibus
2947 1838 3073 1893 aliis
3105 1839 3376 1909 impediti,
3418 1839 3484 1893 ad
3530 1853 3720 1893 omnes
3768 1838 3884 1893 lan—

2278 1931 2472 2002 guidos
2503 1931 2582 1986 ire
2625 1946 2732 1986 non
2767 1940 3019 2001 possunt.
3055 1929 3328 1986 Caeterum
3358 1931 3402 1986 si
3453 1931 3743 2001 episcopus
3790 1937 3884 1986 aut

2273 2032 2480 2094 poteSt,
2512 2032 2606 2078 aut
2643 2023 2864 2095 dignum
2894 2023 3066 2091 ducit,
3097 2023 3330 2094 aliquem
3361 2037 3390 2077 a
3436 2037 3496 2077 se
3526 2021 3882 2090 visitandum,

2272 2125 2327 2171 et
2357 2115 2686 2172 benedicere
2743 2124 2800 2170 et
2841 2111 2866 2150 h
2913 2125 3141 2184 tangere
3169 2113 3470 2169 chrismate
3500 2130 3514 2180 ;
3571 2118 3692 2169 sine
3716 2127 3886 2169 cunc-

2271 2270 2687 2335 vetustiorihus,
2719 2268 2938 2322 salvobit
2969 2267 3294 2322 laborantem
3334 2283 3353 2322 :
3385 2266 3475 2322 ubi
3525 2266 3579 2321 in
3629 2267 3883 2339 vulgatis,

2272 2342 2492 2396 salvabit
2520 2342 2571 2393 in
2580 2341 2813 2410 ﬁrmum.

2345 2411 2371 2449 ἀ
2426 2412 2592 2478 Editi,
2623 2413 2666 2464 si
2688 2415 2741 2464 in
2763 2411 2988 2482 peccatis
3019 2410 3205 2478 fuerit,
3239 2409 3568 2482 remittemur
3590 2411 3637 2464 ci
3661 2424 3682 2466 .°
3706 2411 3884 2465 corri-

2275 2493 2475 2554 guntur
2502 2481 2827 2538 auctoritate
2863 2483 3155 2554 meliorum
3186 2497 3320 2535 mss.
3354 2481 3672 2554 iniquorum
3709 2483 3883 2554 tribus

2276 2552 2473 2621 exstat,
2506 2556 2548 2609 si
2570 2564 2784 2625 peccata
2809 2556 2950 2624 fecit.
2978 2553 3186 2625 Deinde
3227 2552 3366 2625 apn_d
3406 2553 3569 2625 Dion.
3603 2553 3888 2607 remittetur

2277 2628 2344 2689 ei,
2377 2622 2650 2697 quomodo
2674 2622 2871 2697 legitur
2909 2635 2965 2680 et
2991 2625 3042 2678 itt
3069 2622 3294 2692 antiquo
3323 2622 3524 2679 Italicae
3554 2625 3888 2694 interpreta-

2276 2695 2446 2752 tionis
2486 2695 2811 2763 exetttplat'i.

2353 2778 2374 2805 ε’
2405 2767 2566 2823 Crab.
2601 2767 2801 2836 aliique
2821 2765 3080 2832 deinceps
3107 2765 3263 2832 editi,
3287 2782 3386 2838 quo
3416 2765 3478 2819 ob
3509 2766 3752 2838 episcOpo
3773 2783 3891 2822 con-

2277 2843 2430 2962 (acto,
2449 2839 2602 2893 Merl.
2623 2848 2675 2892 ct
2693 2838 3208 2892 mss.renitcntibns.
3229 2837 3382 2905 Apud
3398 2838 3614 2892 Graecos
3631 2837 3806 2892 oleum
3825 2838 3890 2892 il-

2301 2911 2366 2962 ttd
2382 2924 2427 2962 et
2440 2911 2542 2962 iam
2565 2924 2594 2962 a
2621 2909 2948 2962 nresbvteris
2963 2908 3153 2962 conlici
3179 2908 3356 2962 solere
3371 2919 3556 2962 noster
3572 2909 3888 2962 Edtnundus

2301 2911 2366 2962 ttd
2382 2924 2427 2963 et
2440 2911 2542 2964 iam
2565 2924 2594 2963 a
2621 2909 2948 2980 presbyteris
2963 2908 3153 2980 conligi
3179 2908 3356 2980 solere
3371 2919 3556 2962 noster
3572 2909 3888 2980 Edtnundus

2279 2981 2522 3036 Martene
2555 2992 2687 3034 tom.
2711 2979 2753 3033 ll
2785 2977 3056 3047 ile-Antiq.
3092 2978 3240 3033 Eccl.
3273 2981 3364 3033 rit.
3395 2995 3513 3047 pag.
3541 2977 3645 3034 H4
3675 2982 3887 3048 prohat.

2359 3051 2376 3090 ί
2406 3051 2636 3119 Qnesn.,
2660 3052 2918 3122 tingendo.
2940 3050 3084 3104 Edit.
3103 3049 3287 3117 Rom,
3319 3050 3388 3102 ad
3414 3053 3734 3122 ungendum.
3768 3050 3888 3106 Cac-

2287 3133 2443 3189 terrc,
2473 3119 2790 3190 inungendo.
2820 3121 3017 3176 Verius
3047 3137 3206 3189 m.~s.,
3238 3119 3562 3190 ungendum,
3594 3138 3714 3186 seu,
3745 3134 3800 3176 ut
3834 3126 3889 3178 in

2287 3195 2563 3264 plerisque
2588 3193 2849 3260 pingitur,
2875 3191 3226 3261 unguendum.
3254 3191 3440 3262 Neque
3466 3208 3599 3247 vero
3614 3207 3894 3263 gramma-

2287 3265 2414 3320 ticis
2453 3266 2695 3318 insolens
2717 3273 2800 3316 est
2831 3265 2997 3317 verbo
3051 3266 3126 3316 uti
3159 3275 3411 3333 quartum
3454 3278 3640 3318 casum
3692 3265 3889 3333 adjun—

2323 3350 2437 3393 ere.
2467 3344 2524 3389 ut
2555 3335 2743 3390 videre
2772 3347 2855 3388 est
2884 3335 2934 3388 in
2961 3333 3044 3387 his
3072 3332 3270 3398 Plauti,
3295 3332 3495 3388 σανίδι-ιι
3530 3350 3644 3403 quae
3670 3332 3884 3392 utimur.

2323 3351 2437 3393 ere.
2467 3351 2524 3389 ut
2555 3351 2743 3390 vntere
2772 3351 2855 3388 est
2884 3351 2934 3388 tn
2961 3351 3044 3387 nis
3072 3351 3270 3398 manu,
3295 3351 3495 3388 ca'tera
3530 3351 3644 3403 qua:
3670 3351 3884 3392 utimur.

2286 3351 2458 3462 gorro
2502 3407 2570 3460 ab
2611 3405 2912 3460 Innocentii
2957 3416 3140 3475 mente
3171 3405 3451 3468 aberrant,
3483 3405 3573 3475 qui
3615 3422 3736 3460 eum
3787 3406 3890 3462 hoc

2290 3477 2414 3533 loco
2427 3477 2680 3532 omnibus
2697 3474 3024 3530 Christianis
3039 3485 3150 3530 tum
3171 3491 3252 3544 sc,
3280 3486 3389 3531 tum
3413 3474 3542 3530 suos
3564 3476 3688 3530 oleo
3705 3487 3893 3532 sancto

2292 3549 2524 3617 uagandi
2557 3551 2640 3612 jus
2667 3546 2993 3610 attribuere,
3018 3556 3074 3601 et
3098 3546 3284 3601 fideles
3307 3560 3497 3601 omnes
3524 3547 3683 3616 hujus
3709 3563 3894 3604 sacra-

2295 3623 2464 3674 menti
2493 3620 2774 3673 ministros
2797 3618 3098 3689 prmdtcare
3122 3618 3478 3672 arbitrantur.
3501 3617 3743 3689 g'jl‘antum
3773 3620 3891 3688 opi-

2294 3693 2510 3746 nionem
2538 3689 2738 3743 rel‘utat
2759 3686 2972 3749 eorum.
3006 3690 3097 3758 qui
3130 3701 3244 3741 ttnn
3286 3691 3423 3743 forte
3466 3686 3570 3758 sibi
3603 3686 3894 3756 persuase-

2294 3774 2438 3827 rant,
2487 3761 2596 3816 olei
2634 3762 2808 3814 sancti
2832 3775 2987 3814 usum
3019 3757 3394 3814 sacerdotibus
3423 3776 3451 3812 a
3483 3757 3680 3828 quibus
3712 3761 3896 3815 conli-

2295 3833 2459 3897 citur,
2492 3835 2562 3886 ita
2609 3831 2892 3902 proprium
2907 3845 3051 3895 esse,
3079 3841 3141 3885 ut
3167 3847 3233 3885 eo
3265 3831 3397 3902 nulli
3427 3831 3522 3884 alii
3549 3831 3781 3902 ungendi
3805 3846 3898 3886 es-

2295 3915 2413 3958 sent
2443 3921 2459 3970 ;
2489 3919 2552 3958 ac
2575 3900 2736 3957 docet
2767 3901 2897 3956 illud
2939 3902 3008 3954 ab
3042 3904 3108 3955 iis
3148 3900 3368 3967 conﬁci,
3402 3916 3508 3955 non
3542 3912 3599 3954 ut
3630 3900 3755 3955 inde
3787 3903 3893 3970 ipsi

2298 3976 2423 4041 soli,
2457 3990 2642 4029 verum
2667 3973 2829 4028 etiam
2859 3986 3051 4026 omnes
3076 3973 3371 4027 Christiani
3404 3983 3694 4042 unguntur.
3737 3970 3894 4028 Non-

2297 4046 2425 4101 dum
2486 4049 2686 4115 quippe
2745 4043 2834 4099 hic
2876 4045 2944 4098 de
2991 4044 3260 4098 unctionis
3309 4043 3579 4108 ministro,
3609 4041 3703 4098 sed
3732 4047 3800 4098 de
3827 4059 3897 4100 eo

2302 4126 2509 4171 tantum
2544 4120 2628 4170 cui
2661 4115 2899 4170 conferri
2933 4117 3125 4182 possit,
3158 4129 3342 4169 sermo
3372 4124 3474 4169 est.
3509 4115 3641 4170 Inde
3669 4115 3737 4169 ad
3759 4115 3897 4171 alte-

2300 4203 2416 4242 ram
2477 4185 2829 4256 progrediens
2876 4186 3258 4255 quaestionem,
3301 4201 3368 4239 an
3427 4186 3640 4241 scilicet
3671 4186 3898 4256 presby-

2301 4267 2542 4314 terorum
2585 4260 2660 4312 ita
2695 4257 2973 4326 proprium
3019 4259 3089 4311 sit
3138 4256 3242 4311 hoc
3283 4265 3687 4311 sacramentum
3714 4257 3898 4311 admi-

2305 4331 2565 4394 nistrare,
2598 4339 2655 4382 ut
2693 4327 2823 4383 illud
2848 4326 3101 4382 cooferrc
3128 4329 3407 4397 episcopis
3439 4343 3548 4382 non
3579 4328 3763 4391 liceat,
3795 4326 3902 4382 fal-

2303 4417 2420 4454 sam
2460 4416 2521 4454 ea
2553 4399 2620 4454 de
2646 4414 2705 4454 re
2735 4400 3120 4453 nonnullorum
3145 4401 3480 4468 opinionem,
3509 4400 3579 4452 tle
3606 4413 3706 4468 qua
3737 4398 3896 4455 illum

647 4493 706 4530 ns
734 4465 1052 4532 concessum
1081 4465 1694 4549 est,‘itt_feriores‘clerici
1727 4465 2190 4549 prtlF-l'ettlli§erilll.
2225 4487 2273 4549 ι)
2303 4469 2592 4549 Βεεειιιὶρς
2631 4470 3024 4549 consulendum
3074 4465 3324 4549 duxerat,
3356 4465 3638 4549 confutat.‘
3680 4473 3744 4523 lat
3779 4469 3900 4549 haec

680 4557 704 4584 ο
731 4548 804 4601 lta
837 4547 944 4599 duo
983 4555 1115 4595 mss.
1164 4537 1318 4592 Colb.
1358 4541 1426 4590 At
1451 4536 1542 4589 alii
1573 4535 1718 4603 libri,
1771 4536 2191 4605 satisfactionem.

610 4619 751 4675 Sane
777 4617 822 4670 si
849 4616 983 4688 quis.
1017 4613 1188 4679 Quam
1220 4607 1436 4663 solliciti
1467 4605 1663 4688 fuerint
1689 4608 1896 4688 antiqui
1928 4622 1996 4688 ne
2022 4608 2196 4676 posui-

609 4699 789 4744 tentes
816 4676 910 4741 aut
931 4676 1060 4738 ante
1084 4694 1374 4751 congruam
1407 4677 1828 4732 satisfactionem
1847 4676 2197 4751 absolvere"-

609 4771 714 4823 tur,
747 4768 838 4813 aut
857 4757 973 4811 sine
997 4749 1436 4808 reconciliatione
1458 4751 1920 4823 etcommunione
1942 4749 2008 4823 de
2025 4763 2199 4803 δίνου-

609 4833 661 4885 lo
686 4817 1048 4888 discederent,
1079 4823 1235 4877 testis
1267 4831 1372 4885 est,
1407 4820 1618 4874 ntalios
1646 4821 1877 4881 mittam,
1907 4817 2040 4873 locis
2071 4837 2197 4875 mox

608 4902 784 4955 allatis
835 4896 1156 4969 Cyprianus.
1209 4892 1283 4946 lbi
1335 4893 1745 4969 etiamgsanctus
1777 4888 1873 4943 ille
1902 4900 2105 4962 martyr
2136 4892 2200 4969 de

609 4963 896 5024 minoribus
915 4963 1134 5038 peccatis
1148 4973 1332 5038 actam
1376 4964 1750 5033 paenitentiam
1777 4970 2064 5038 memorat,
2083 4963 2201 5038 _sed

611 5043 729 5096 hinc
755 5054 874 5094 cum
906 5031 1244 5107 gravioribus
1300 5031 1635 5107 comparata,
1683 5031 1928 5107 quamvis
1975 5046 2031 5107 et
2083 5032 2200 5103 ipsa

609 5109 889 5167 mortifera
910 5102 1140 5171 fuerint,
1172 5106 1384 5160 minora
1411 5102 1474 5159 ac
1501 5104 1701 5158 leviora
1735 5102 1841 5157 dici
1872 5103 2012 5159 haud
2033 5102 2202 5161 teme-

615 5198 677 5240 re
704 5181 1022 5236 sentiamus.

681 5252 710 5292 δ
728 5253 817 5310 Sic
840 5252 1074 5322 potiores
1098 5263 1233 5322 mss.
1253 5261 1371 5322 sex,
1394 5245 1558 5315 quiin
1583 5244 1694 5322 hoc
1714 5245 1834 5316 loco
1847 5246 2204 5322 exprimendo

609 5342 730 5383 cum
761 5317 981 5394 antiquo
1019 5321 1213 5394 Italica:
1253 5317 1722 5394 interpretationis
1744 5318 2200 5394 exemplaripene

608 5397 830 5453 omnino
849 5384 1219 5450 consentiunt.
1239 5387 1309 5442 At
1327 5384 1533 5444 excusi.
1561 5384 1868 5455 Inﬁrmatur
1888 5384 2004 5456 quis
2032 5384 2086 5440 in
2111 5405 2199 5443 vo-

605 5471 679 5524 bis
703 5471 724 5522 ?
746 5465 971 5520 Inducat
1001 5463 1318 5530 presbyteros
1342 5457 1620 5530 Ecclesiw;
1657 5457 1758 5510 nisi
1781 5455 1920 5524 quod
1948 5455 2197 5514 Ecclesia:

606 5557 705 5596 vox
735 5538 873 5609 apud
899 5526 1205 5609 ᾏεέιιιιιιιῐι,
1232 5539 1289 5581 ιιι
1312 5531 1363 5582 iit
1422 5526 1802 5609 reliqnhisptss.
1838 5543 1942 5579 non
1991 5540 2188 5584 exstat.

606 5612 742 5666 Tum
769 5596 877 5664 δυο
892 5606 1138 5666 Colb.,ut
1162 5611 1304 5653 orent
1329 5614 1422 5668 pro
1448 5613 1505 5668 eo
1529 5614 1546 5650 :
1568 5596 1734 5662 Pith.,
1762 5610 1805 5651 et
1826 5609 1968 5652 orent
1991 5615 2083 5666 pro
2108 5617 2189 5656 eo.

680 5693 700 5720 ε
734 5681 883 5738 Unus
911 5691 943 5730 e
972 5688 1104 5729 mss.
1147 5671 1303 5726 Colb.
1332 5667 1457 5724 cum
1480 5667 1625 5722 Ptth.
1649 5680 1705 5724 et
1740 5669 1956 5723 laudato
1987 5671 2190 5728 Italicae

604 5745 1068 5820 interpretationis
1096 5741 1412 5810 exemplari,
1447 5741 1498 5794 in
1529 5738 1634 5807 ﬁde
1667 5755 1686 5796 :
1732 5754 1794 5796 ac
1823 5738 2023 5797 deinde
2061 5756 2186 5800 cum

2301 4544 2518 4612 quidem
2537 4541 2780 4597 Decentii
2801 4539 3172 4612 interrogatio,
3202 4553 3463 4610 quantum
3478 4541 3796 4612 abhorreret
3823 4541 3901 4597 ab

2303 4609 2518 4667 illorum
2551 4624 2856 4681 temporum
2883 4609 3388 4675 lide,'utCltrtstiani
3421 4609 3620 4682 quique
3649 4610 3900 4667 infirmos

2303 4698 2462 4739 sacro
2479 4684 2602 4738 oleo
2633 4697 2836 4752 ungere
2865 4697 3026 4752 posse
3047 4684 3429 4752 crederentur,
3451 4695 3637 4751 aperte
3664 4682 3897 4738 indicat.

2377 4765 2401 4802 ις
2437 4755 2578 4809 Edit.
2610 4751 2768 4808 Rom.
2795 4766 2848 4807 et
2867 4751 3077 4809 eoncil.
3114 4765 3233 4822 post
3261 4751 3425 4808 Crab.
3454 4769 3577 4809 cum
3627 4769 3736 4809 uno
3787 4770 3896 4809 ms.

2303 4826 2482 4891 Colb.,
2515 4825 2578 4877 de
2608 4824 2930 4894 presbyteris.
2961 4824 3114 4879 Meri.
3150 4839 3272 4878 cum
3300 4826 3517 4880 caeteris
3541 4840 3698 4888 mss.,
3727 4842 3900 4894 pres—

2306 4895 2512 4968 byteris,
2547 4895 2689 4964 quod
2737 4893 2808 4949 ita
2832 4893 3205 4968 intelligimus,
3243 4905 3300 4948 ut
3336 4897 3692 4950 subaudiatur
3715 4893 3898 4968 licere.

2305 4965 2414 5023 Nec
2439 4967 2689 5034 displicet
2713 4967 2859 5034 quod
2890 4965 3031 5037 apud
3062 4965 3268 5032 Quesn.
3291 4970 3633 5037 presbyteros,
3662 4981 3730 5037 eo
3771 4967 3897 5022 scil.

2309 5041 2585 5110 intellecm
2617 5056 2628 5091 :
2656 5038 2846 5091 idcirco
2877 5035 2943 5110 (τι
2974 5035 3203 5108 Jacobo)
3234 5035 3429 5091 dictum
3446 5035 3520 5092 est
3551 5036 3897 5108 presbyteros,

2306 5108 2611 5217 supplendo
2651 5117 2813 5162 vocet.

2438 5182 2617 5217 unum
2697 5189 2813 5217 υιηι

2438 5182 2667 5252 Quem”
2697 5189 2743 5233 et
2769 5195 2979 5252 ungere.
3027 5178 3181 5252 Licet
3221 5194 3381 5249 supra
3416 5195 3471 5236 ιι.
3501 5178 3534 5234 6
3571 5179 3897 5252 legerimus,

2308 5251 2582 5305 chrismate
2611 5251 2894 5322 baptizatos
2940 5267 3130 5321 ungere
3156 5251 3272 5304 licet
3295 5251 3423 5322 {hic
3454 5261 3635 5307 tamen
3666 5253 3717 5306 in
3743 5251 3899 5308 nullo

2311 5325 2475 5376 veteri
2509 5321 2695 5378 codice
2727 5323 3025 5392 reperimus
3055 5338 3282 5393 ungere.
3309 5321 3366 5376 ltt
3395 5322 3770 5393 duobusniss.
3801 5323 3902 5379 de-

2303 5393 2574 5465 sideratur
2619 5404 2856 5465 tangere;
2877 5402 2934 5446 et
2957 5393 3010 5448 in
3033 5392 3218 5465 eorum
3243 5392 3420 5448 altero
3463 5409 3561 5462 pro
3583 5392 3859 5448 chrismate
3878 5434 3897 5457 .

2300 5475 2472 5517 exstat
2506 5463 2826 5518 chrismare:
2853 5465 2938 5518 cui
2972 5464 3192 5518 lectioni
3241 5474 3609 5520 consentanea
3657 5473 3742 5518 est
3780 5469 3900 5519 haec

2298 5532 2544 5590 Toletani
2576 5535 2855 5595 lconcilii.
2887 5549 3009 5589 can.
3042 5534 3102 5601 2,
3134 5534 3226 5588 ubi
3283 5537 3566 5602 statuitur,
3617 5538 3900 5588 diaconum

2296 5621 2398 5678 non
2441 5607 2739 5660 chrismare.
2790 5607 3085 5678 Locutione
3139 5614 3321 5678 autem
3371 5605 3646 5662 chrismate
3689 5617 3901 5678 tangere

2293 5675 2589 5746 Gregorius
2633 5678 2726 5732 lib.
2781 5677 2842 5744 4,
2872 5680 3032 5747 epiSt.
3065 5677 3160 5746 26,
3185 5678 3254 5732 ad
3297 5675 3675 5744 Jannuarium,
3726 5675 3899 5734 semei

2292 5761 2355 5804 ac
2370 5749 2608 5804 secundo
2639 5750 2825 5803 utitur.
