4344 6174
444 250 543 307 561

1670 259 2038 323 EPISTOLE
2077 265 2165 323 ET
2207 269 2550 330 DECRETA.

3640 290 3751 346 562

443 367 651 422 tatione
705 376 905 436 potest,
960 370 1114 439 cujus
1157 380 1240 425 est
1287 371 1523 428 chrisma
1557 374 1870 433 conficere.
1914 379 2048 436 Nam
2076 391 2158 450 A;

2032 391 2127 450 1A
2156 389 2473 474 scriptores,
2500 394 2616 474 “qui
2652 395 2862 474 litteras
2916 396 3034 451 illas
3096 398 3412 474 Innocentio
3468 407 3747 474 conceptis

441 460 841 531 [annitentibus
873 460 1018 517 istud
1059 462 1272 520 infundi
1302 481 1409 520 non
1459 476 1661 536 potest,
1706 471 1833 540 quia
1877 487 2050 544 genus

441 565 527 612 est
549 563 574 592 α
601 557 954 611 sacramenti.
981 555 1113 612 Nam
1139 558 1335 628 quibus
1361 559 1569 630 reliqua
1591 575 1929 619 sacramenta
1954 582 2052 622 ne-

443 658 661 720 gantur,
689 648 966 721 quomodo
995 665 1165 706 unum
1219 667 1392 723 genus
1427 662 1650 724 putatur
1696 671 1858 724 posse
1911 675 2046 713 con-

446 741 566 798 cedi
589 741 613 795 ?

518 831 605 888 12.
650 833 744 889 llis
763 847 918 904 ergo,
946 833 1115 889 frater
1155 833 1500 904 cltarissime,
1530 839 1787 895 omnibus
1814 856 1934 910 qua:
1962 851 2049 897 tua

443 927 665 983 dilectio
696 927 875 983 voluit
905 944 932 981 a
963 928 1122 984 nobis
1142 929 1391 999 'exponi,
1435 943 1594 1000 prout
1627 933 1926 1003 potuimus,
1963 952 2052 990 re-

441 1020 719 1091 Spondere
737 1020 1073 1088 curavimus,
1105 1033 1162 1076 ut
1193 1023 1436 1077 Ecclesia
1469 1035 1560 1078 tua
1593 1026 1889 1082 Romanam
1921 1042 2051 1083 con-

439 1114 814 1174 suetudinem.
846 1129 874 1168 a
928 1129 1032 1183 qua
1071 1116 1344 1184 originem
1382 1116 1554 1186 ducit,
1603 1131 1825 1174 servare
1875 1121 2051 1176 valeat

442 1215 605 1276 atque
632 1203 936 1260 cuStodire.
971 1203 1202 1275 Reliqua
1255 1223 1406 1273 vero,
1439 1224 1563 1278 qua:
1593 1211 1762 1265 scribi
1811 1214 1891 1267 fas
1939 1230 2046 1270 non

441 1306 580 1363 erat,
633 1311 757 1352 cum
785 1296 1044 1366 adfueris,
1079 1297 1398 1370 interrogati
1449 1301 1753 1372 poterimus
1805 1304 2043 1362 edicere.

437 1387 562 1445 Erit
604 1396 789 1445 autem
837 1390 1049 1446 Domini
1095 1393 1375 1460 potentiae,
1423 1396 1585 1448 etiam
1636 1395 1687 1449 id
1722 1411 2044 1466 procurare,

440 1490 504 1538 ut
545 1492 600 1537 et
637 1490 784 1538 tuam
833 1482 1138 1537 Ecclesiam
1172 1492 1229 1538 et
1253 1485 1490 1540 clericos
1533 1499 1777 1554 nostros,
1827 1491 1916 1559 qui
1949 1492 2049 1548 sub

442 1585 534 1629 tuo
572 1574 852 1645 pontilicio
893 1573 1101 1629 divinis
1148 1575 1481 1632 famulantur
1529 1580 1753 1644 officiis,
1793 1581 1931 1636 bene
1963 1581 2043 1634 itt-

438 1669 654 1739 Stituas,
680 1677 736 1724 et
767 1667 889 1723 aliis
921 1668 1147 1722 formam
1197 1669 1425 1735 tribuas,
1457 1686 1618 1741 quam
1665 1672 1901 1728 debeant
1926 1675 2046 1729 imi-

2154 460 2336 537 verhis
2375 460 2676 537 ascribunt.
2733 466 2920 537 Neque
2965 482 3064 522 cur
3121 470 3210 524 ille
3262 471 3331 526 de
3360 475 3588 528 materia
3640 460 3747 533 iam

2153 532 2456 610 abundanti
2483 544 2702 604 tamque
2732 532 2910 610 ampla
2943 554 3282 610 nequaquam
3317 542 3487 598 fusius
3534 532 3746 602 edisse?

2154 611 2260 682 rat,
2315 606 2594 686 explicare
2641 606 2888 686 pluribus
2919 606 3057 680 opus
3087 606 3170 666 est
3201 655 3216 680 ,
3258 627 3380 668 cum
3413 614 3639 686 hujusce
3667 619 3746 674 rei

2156 679 2419 730 rationem
2456 679 2570 744 ipse
2616 680 2933 736 reddiderit.

2157 817 2168 827 .
2298 748 2428 814 Qua:
2452 748 2597 829 Afris
2619 751 2685 803 ad
2705 750 3078 829 Innocentium
3100 756 3374 812 scribendi
3395 771 3556 812 causa
3585 757 3751 815 fuerit

2156 820 2260 900 ipsi
2291 834 2397 900 non
2434 820 2722 876 siluerunt.
2755 823 2976 900 Cttpe_t-e_
3001 841 3067 900 se
3093 837 3393 891 teSIantur.
3427 837 3484 900 ut
3517 831 3567 881 itt
3596 831 3747 900 gravi

2152 890 2289 970 adeo
2322 899 2671 970 tempestate2
2697 909 2858 962 quam
2889 896 3137 966 Pelagius
3165 907 3326 969 atque
3347 890 3639 956 (lmlestius
3659 917 3750 956 ex-

2153 962 2418 1039 citarant.
2450 964 2517 1016 de
2549 962 2673 1017 fidei
2714 970 2942 1039 veritate
2972 962 3252 1023 certiores'
3281 975 3411 1024 tiant
3438 986 3453 1029 :
3497 979 3661 1039 atque
3689 981 3749 1027 ut

2152 1047 2247 1112 sua
2276 1033 2515 1102 ipsorum
2546 1039 2816 1112 sententia
2846 1038 3142 1112 Innocentii
3179 1041 3381 1106 iudicio
3422 1033 3749 1112 eoutprobe-

2153 1111 2276 1184 tttr;
2306 1121 2477 1184 eaque
2506 1107 2717 1160 ratione
2743 1109 2960 1184 stalugs
2988 1112 3104 1184 suis
3153 1113 3304 1166 lirma
3349 1112 3498 1166 sedis
3526 1107 3750 1184 aposto-

2152 1173 2269 1228 liete
2294 1173 2515 1230 accedat
2548 1181 2866 1234 auctoritas.
2891 1179 3024 1234 Tum
3048 1181 3266 1236 demunt
3296 1198 3522 1246 Sperate
3562 1173 3628 1240 se
3670 1186 3748 1240 si-

2151 1249 2435 1324 gnilicanl,
2483 1251 2697 1324 eosqtti
2750 1261 2856 1324 tam
2885 1267 3134 1318 perversa
3171 1265 3387 1321 tamque
3438 1257 3747 1324 perniciosa

2150 1320 2416 1394 sentiunt,
2448 1320 2693 1387 ejusdem
2717 1321 2864 1376 sedis
2895 1324 3234 1391 auctoritati,
3271 1320 3456 1394 utpote
3489 1345 3507 1378 ‹
3531 1327 3600 1382 de
3621 1342 3748 1382 san-

2150 1391 2792 1469 ct_arum__Scripturat_-um
2819 1395 3144 1450 auctoritate
3185 1391 3526 1468 depromptae
3553 1399 3740 1469 (epist.

2148 1459 2239 1524 27,
2271 1477 2325 1515 n.
2358 1462 2413 1532 5)
2438 1505 2450 1521 .
2493 1459 2521 1514 »⁷
2550 1463 2758 1517 facilius
2790 1479 2911 1520 esse
2941 1481 3213 1522 cessuros.

2221 1535 2274 1604 5.
2300 1533 2573 1600 Quantum
2607 1536 2917 1604 apostolicae
2948 1538 3062 1592 sedi
3097 1538 3448 1594 deferendum
3483 1550 3744 1596 censeant

2150 1601 2431 1682 Afri,_suis
2464 1607 2512 1658 itt
2539 1601 3069 1682 litteris_luculenter
3097 1612 3347 1678 probant.
3374 1611 3510 1666 Ilinc
3539 1621 3593 1666 et
3622 1612 3743 1682 ejus

2150 1675 2476 1752 extollendam.
2503 1691 2694 1752 ansam
2735 1675 3369 1752 Innoci-ntiusarripuit.
3402 1682 3458 1735 In
3496 1697 3602 1752 quo
3625 1675 3742 1737 mo-

446 1762 567 1817 tari.
616 1761 754 1816 Data
797 1777 884 1816 xxv
915 1759 1271 1816 kalendarum
1323 1763 1592 1832 Aprilium
1649 1765 1666 1832 (
1692 1763 1876 1819 Martii
1928 1782 2039 1832 xix,
2073 1775 2122 1834 Β
2149 1743 2276 1834 ᾷυιιι
2305 1749 2790 1834 εξορείείξεεηδῖουί
2820 1752 3089 1834 νῃίάθίηυτν
3112 1743 3301 1834 ³Ξᾘ,¹¹ἐῑ
3327 1769 3452 1807 eum
3481 1743 3744 1834 A:“8"$I_i'

438 1873 562 1910 ann.
593 1856 700 1912 416
725 1858 768 1926 ),
810 1854 1129 1911 Theodosio
1151 1865 1384 1927 augusto
1413 1873 1483 1912 vn
1512 1867 1567 1913 et
1592 1857 1835 1914 Palladio
1865 1857 1891 1897 δ
1925 1860 2040 1914 viro

366 1966 375 1980 ·
439 1948 747 2007 clarissimo
777 1949 1118 2004 consulibus.

509 2063 823 2122 MONITUM
865 2065 930 2122 IN
968 2063 1349 2122 EPISTOLAS
1390 2064 1960 2133 SUBSEQUENTES.

516 2179 542 2232 1
555 2219 567 2231 .
585 2177 689 2234 Sex
707 2177 971 2248 epistolas
985 2185 1278 2246 sequentes
1305 2188 1698 2246 repraesentant
1719 2187 1934 2235 veteres
1949 2195 2042 2236 co—

443 2246 764 2320 dicesqnaui
784 2248 1003 2318 plurimi
1018 2249 1071 2302 in
1089 2250 1384 2304 novissima
1403 2253 1689 2320 Augustini
1705 2251 1947 2306 editione
1963 2269 2040 2307 re-

441 2321 657 2376 censiti.
682 2321 906 2374 Easdem
926 2335 1033 2374 una
1061 2335 1185 2374 cum
1212 2323 1585 2391 subsequente
1603 2323 1695 2387 '52,
1726 2338 1831 2378 non
1855 2325 2029 2378 solum

440 2391 778 2447 collectimtis
807 2391 1022 2456 Isidori,
1059 2392 1153 2446 sed
1186 2403 1241 2446 et
1274 2392 1545 2460 l-liSpauaa,
1574 2409 1783 2448 necnon
1817 2395 2039 2448 Codicis

440 2479 468 2515 a
518 2462 814 2530 Quesnello
854 2462 1058 2531 vulgati
1090 2464 1427 2534 exemplaria
1449 2466 1737 2520 exhibent.
1778 2465 1898 2534 Ipse
1921 2467 2035 2520 Au-

441 2533 692 2605 gustinus
723 2535 887 2603 epist.
920 2535 1048 2587 olim
1096 2533 1226 2600 106,
1282 2549 1427 2588 nunc
1457 2535 1580 2596 186.
1627 2553 1775 2591 ttunt.
1807 2533 1883 2599 7‘2,
1916 2537 2039 2591 illas

443 2606 756 2675 singillatim
791 2615 1185 2660 commemorat
1230 2605 1281 2659 in
1316 2605 1459 2661 hunc
1509 2607 1726 2660 modum
1756 2624 1768 2659 :
1804 2626 1822 2658 ι
1860 2607 2038 2661 Missa:

444 2689 566 2730 Sunt
608 2677 790 2745 itaque
820 2676 890 2731 de
917 2675 1018 2729 hac
1057 2691 1120 2732 re
1149 2691 1214 2730 ex
1245 2676 1459 2731 duobus
1510 2678 1777 2742 conciliis,
1806 2678 2039 2732 Cartha-

441 2749 652 2817 giuensi
686 2759 733 2802 et
768 2747 1088 2803 Milevitana
1117 2747 1414 2803 relationes
1451 2747 1518 2801 ad
1561 2748 1917 2815 aposntlicam
1951 2764 2037 2803 se-

441 2820 636 2889 dem...
670 2817 998 2888 Scripsimus
1019 2818 1180 2873 etiam
1204 2818 1270 2872 ad
1315 2821 1483 2874 beata:
1529 2818 1808 2873 memmite
1841 2835 2032 2889 papam

443 2887 847 2956 Innocentium,
903 2900 1103 2958 praeter
1154 2890 1509 2944 conciliorum
1563 2887 2035 2956 relatiooes,’Iit-

445 2969 592 3016 teras
660 2961 955 3015 familiares
995 3006 1008 3028 ,
1058 2959 1149 3014 ubi
1209 2961 1276 3014 de
1333 2962 1447 3030 ipsa
1517 2975 1679 3016 causa
1762 2963 2036 3031 aliquanto

443 3031 650 3087 diutius
719 3031 951 3100 egimus.
999 3031 1081 3086 Ad
1157 3031 1338 3086 omnia
1409 3032 1564 3086 nobis
1624 3032 1711 3087 ille
1761 3033 2036 3100 rescripsit

443 3103 634 3158 eodem
687 3102 873 3165 modo,
921 3115 1029 3171 quo
1069 3101 1158 3173 glas
1193 3110 1312 3157 erat
1365 3110 1526 3173 atque
1580 3104 1866 3172 oportebat
1907 3120 2037 3172 apo-

2148 1832 2272 1891 nus,
2328 1819 2483 1888 cujus
2528 1819 2752 1887 judicio,
2807 1831 2865 1874 ut
2895 1838 3060 1891 supra
3112 1819 3368 1888 vidimus,
3403 1843 3424 1876 ι
3459 1825 3526 1878 ad
3555 1819 3738 1880 omnia

2148 1888 2239 1965 ille
2267 1891 2764 1965 rescripsiteodem
2785 1888 3094 1961 modo,‘quo
3125 1894 3205 1948 fas
3232 1903 3354 1950 erat
3381 1903 3544 1965 atque
3574 1910 3742 1962 Opor-

2148 1961 2642 2035 tebatapostolicaa
2673 1963 2820 2016 sedis
2868 1965 3184 2019 antistitem.
3220 1985 3238 2018 ι
3275 1967 3358 2020 An
3407 1961 3740 2035 Augustinus

2145 2031 2708 2104 gm_tet'iqtte_Africani
2742 2050 2803 2087 ea
2847 2043 3081 2102 tantum,
3115 2052 3235 2104 quae
3293 2031 3637 2092 Innocentius
3668 2037 3738 2092 de

2145 2101 2387 2170 Pelagio,
2418 2101 2680 2158 lecstio
2738 2119 3036 2175 eorumque
3071 2101 3422 2162 consortibus
3448 2108 3736 2176 judicavit,

2145 2188 2251 2250 non
2277 2176 2402 2228 item
2429 2191 2548 2250 qua:
2575 2177 2822 2250 epistolis
2844 2177 2912 2231 9.9
2933 2178 3078 2250 get'50
3105 2178 3172 2233 de
3207 2179 3355 2233 sedis
3386 2193 3497 2233 suae
3524 2194 3737 2250 prmro-

2143 2246 2322 2311 gativa
2348 2247 2719 2316 prteloqnitur,
2753 2249 3088 2316 approbasse
3142 2249 3403 2304 censendi
3435 2246 3560 2304 sunt
3584 2251 3606 2302 ?
3628 2249 3734 2304 Ista

2143 2318 2310 2391 etiam
2339 2317 2408 2371 ab
2430 2318 2560 2387 Ipsis
2588 2319 2936 2386 comprobata
2967 2336 3088 2375 esse
3101 2336 3167 2375 ex
3188 2337 3254 2376 eo
3275 2322 3567 2389 colligitur,
3591 2320 3736 2391 quod

2143 2387 2618 2462 scribuntieorum
2676 2393 2876 2462 posteri
2912 2392 2962 2444 itt
2987 2393 3216 2446 eXordio
3257 2387 3528 2462 epistolae,
3561 2387 3738 2462 quzea

2147 2458 2317 2512 tribus
2344 2459 2815 2534 Afric:e_cor_tci|iis
2845 2462 2911 2515 ad
2945 2458 3513 2534 Tlteodorum'papam
3543 2458 3732 2525 niissa,

2144 2531 2490 2598 postmodum
2546 2532 2597 2584 in
2647 2531 2998 2587 Lateraneusi
3046 2535 3282 2588 Concilio
3306 2531 3406 2588 sub
3453 2535 3738 2590 Martinol

2144 2603 2365 2674 recitata
2400 2601 2599 2674 esit.Ibi
2630 2603 2773 2656 enim
2803 2604 3060 2674 quidquid
3094 2606 3162 2659 de
3191 2606 3447 2660 Romanze
3474 2605 3736 2660 Ecclesiae

2141 2672 2407 2742 dignitate
2452 2673 2803 2728 Innocentius
2824 2672 2975 2742 epist
3004 2676 3076 2733 29
3118 2679 3338 2742 astruit,
3389 2677 3580 2731 iisdem
3609 2693 3738 2732 sen-

2143 2748 2346 2808 tentiis,
2393 2753 2601 2799 tantutn
2634 2762 2738 2798 non
2774 2747 2962 2802 iisdem
3007 2747 3228 2801 omnino
3269 2751 3469 2813 verbis,
3506 2762 3604 2802 suo
3631 2765 3734 2801 no-

2143 2819 2287 2888 mine
2336 2825 2592 2884 reprtunt
2616 2815 2770 2888 (Lab.
2800 2830 2836 2871 ι.
2862 2819 2916 2884 6,
2937 2837 2990 2887 ρ.
3021 2818 3171 2888 118).
3200 2819 3307 2874 Sed
3360 2819 3424 2872 ad
3455 2833 3736 2873 commen-

2141 2886 2372 2959 dandam
2399 2887 2714 2954 apostolic:e
2739 2889 2885 2942 sedis
2917 2886 3280 2959 przestantiam
3306 2890 3572 2944 illustrius
3602 2891 3740 2944 nihil

2143 2957 2440 3030 desiderari
2487 2969 2692 3028 potest,
2736 2957 3088 3028 quantiquod
3119 2963 3452 3030 Augustinus
3490 2961 3735 3029 acceptis

2144 3027 2444 3084 Innocentii
2475 3027 2673 3084 litteris
2719 3027 2882 3085 scrin.
2914 3031 3036 3098 151,
3072 3048 3125 3085 ιι.
3155 3027 3241 3094 10,
3270 3033 3437 3100 palam
3469 3027 3735 3101 pra-dica-

2144 3101 2219 3154 vit
2244 3117 2256 3153 :
2283 3119 2301 3152 ‹
2330 3101 2448 3156 Jaut
2478 3101 2621 3154 enim
2655 3101 2722 3156 de
2739 3117 2802 3156 ea
2827 3118 2987 3157 cattSa
3021 3103 3130 3156 duo
3154 3103 3384 3157 concilia
3412 3105 3578 3157 missa
3607 3112 3734 3157 sunt

442 3176 691 3229 stoticam
751 3163 958 3227 sedem:
1011 3191 1031 3225 ι
1063 3171 1388 3244 Notitiuatim
1440 3163 1571 3229 vero
1620 3163 1691 3228 de
1737 3163 2034 3230 Innocentii
2065 3163 2110 3225 C
2143 3173 2206 3226 ad
2231 3173 2415 3227 sedem
2436 3175 2812 3241 apostolicam,
2835 3173 2958 3228 inde
2976 3175 3137 3229 etiam
3153 3177 3417 3244 rescripta
3440 3183 3729 3229 venerunt:

443 3245 693 3316 epistolis
720 3244 817 3299 lib.
857 3260 873 3298 ι
901 3256 1089 3298 eontra
1120 3243 1391 3298 Iulianum
1422 3260 1472 3299 c.
1502 3250 1534 3299 4
1574 3247 1686 3297 haec
1727 3246 1997 3314 eloquitur
2023 3269 2035 3303 :

452 3334 470 3367 ι
505 3317 647 3383 Quid
672 3317 822 3387 enim
847 3317 1023 3386 potuit
1051 3316 1135 3369 vir
1159 3316 1252 3370 ille
1273 3327 1494 3370 sanetus
1511 3316 1784 3370 Africanis
1809 3333 2036 3387 respon-

447 3387 580 3440 dere
607 3385 880 3452 conciliis,
909 3387 1009 3440 nisi
1052 3389 1194 3455 quod
1221 3389 1520 3456 antiquitus
1551 3387 1845 3456 apostolica
1879 3385 2040 3444 sedes

449 3465 507 3511 et
531 3456 774 3512 Romana
800 3473 923 3512 cum
954 3461 1172 3512 caeteris
1216 3467 1363 3511 tenet
1394 3468 1810 3527 perseveranter
1852 3459 2041 3515 Eccle-

448 3529 566 3600 sia?
604 3547 623 3580 ι
667 3527 802 3583 Tum
855 3527 1143 3600 exscriptis
1195 3529 1518 3597 quibusdam
1569 3532 1874 3596 sententiis,
1907 3546 2040 3600 quas

447 3598 800 3656 Innocenttus
843 3600 896 3654 in
927 3599 1173 3669 epistolis
1198 3600 1304 3654 illis
1344 3599 1635 3670 depromit,
1661 3598 1936 3655 Julianuni
1962 3602 2042 3656 sic

447 3681 645 3741 urget:
686 3689 705 3723 ‹
746 3671 882 3726 Huic
913 3671 1203 3740 responde,
1258 3672 1422 3724 immo
1451 3670 1554 3741 ipsi
1612 3672 1838 3726 Domino
1885 3673 2041 3741 cujus

449 3741 539 3797 ille
557 3742 788 3796 antistes
814 3757 941 3796 usus
967 3751 1050 3794 est
1081 3744 1418 3796 testimonio.
1454 3762 1472 3793 ι
1506 3743 1635 3797 Item
1661 3744 1754 3796 lib.
1786 3759 1822 3796 ιι
1849 3756 2042 3797 contra

448 3813 584 3868 duas
616 3813 1168 3883 epistolasPelagian.
1192 3828 1244 3867 c.
1269 3812 1324 3876 4,
1353 3831 1406 3866 ιι.
1432 3813 1487 3879 6,
1519 3814 1604 3866 ubi
1632 3814 1886 3868 nonnulla
1921 3829 2042 3883 pro-

451 3885 570 3938 tulit
589 3884 834 3952 epistolae
861 3884 933 3938 29
973 3885 1160 3948 verba,
1195 3885 1456 3938 exclamat
1488 3902 1502 3935 :
1541 3904 1557 3935 ι
1593 3885 1731 3952 Quid
1765 3885 1864 3938 ista
1895 3886 2042 3940 sedis

453 3956 768 4024 apostolicae
809 3956 1078 4010 sententia
1110 3955 1312 4009 clarius
1341 3957 1364 4008 ?
1402 3975 1418 4006 ι
1448 3955 1793 4021 Rursumque
1825 3972 1976 4010 nunt.
2010 3957 2040 4010 7

451 4027 640 4081 verbis
671 4027 792 4080 aliis
813 4042 882 4081 ex
926 4028 1152 4094 cpistola
1178 4027 1248 4084 '50
1293 4031 1344 4078 itt
1376 4027 1554 4079 medio
1605 4027 1794 4094 positis
1821 4030 2038 4081 subdit:

456 4115 476 4149 ι
502 4098 642 4162 Quid
672 4098 737 4151 ad
765 4101 880 4151 haec
906 4097 1037 4151 dicit
1065 4099 1342 4166 ingratus?
1365 4117 1382 4149 ι
1411 4098 1500 4152 Sic
1518 4098 1834 4152 Ctrlestium
1863 4109 2040 4162 vocat,

449 4183 609 4238 quem
645 4178 694 4222 et
724 4169 920 4223 ibidem
958 4186 1011 4220 ιι.
1041 4169 1072 4221 5
1097 4168 1323 4221 fallacia:
1350 4171 1549 4239 arguit,
1585 4185 1704 4224 cum
1757 4171 1838 4222 bis
1883 4170 2041 4224 Iuno-

452 4239 616 4293 centii
670 4239 874 4294 litteris
921 4241 1232 4292 consentire
1259 4254 1318 4294 se
1370 4251 1554 4308 postea
1606 4256 1789 4293 coram
1823 4240 2042 4295 Zosimo

453 4311 788 4365 mendaciter
820 4311 1122 4379 respondit.
1181 4309 1286 4364 Tot
1343 4322 1563 4379 tamque
1595 4310 1936 4366 evidentibus
1968 4323 2046 4366 tc-

451 4383 738 4452 stimoniis
756 4383 1021 4435 Henricus
1049 4381 1296 4435 Norisius
1327 4382 1464 4452 Hist.
1493 4382 1673 4452 Pelag.
1701 4381 1896 4452 pag.”-
1918 4398 2046 4437 cen-

451 4468 630 4506 suram
657 4451 1099 4516 refellitVossii,t
1130 4468 1198 4505 an
1227 4451 1471 4520 epistolae
1504 4451 1797 4507 islaartattto
1827 4457 1936 4508 sint
1964 4454 2046 4508 di-

453 4538 570 4589 gna:
595 4526 859 4584 antistite,
902 4542 920 4574 ι
956 4534 1078 4592 post
1119 4522 1402 4577 Erasmttnt
1439 4526 1492 4578 in
1520 4523 1744 4579 dubium
1776 4528 2039 4588 vocantis,

453 4593 721 4667 simulque
745 4595 988 4667 conl'utat
1021 4596 1348 4649 sententiam
1374 4597 1697 4650 recentioris
1731 4596 2040 4667 cujusdam,

454 4666 545 4738 qui
587 4666 656 4720 de
705 4665 917 4738 illarum
957 4668 1196 4738 veritate
1244 4667 1446 4736 pariter
1476 4667 1687 4722 videtur
1743 4665 2040 4738 ambigere.

452 4734 806 4808 PrOSperutn,
853 4735 1210 4792 Caelestinum
1247 4734 1458 4808 papam
1501 4738 1747 4810 aliosque
1802 4734 2044 4796 tacemus

525 4999 548 5027 ⁸
572 4989 628 5046 In
651 5003 759 5043 uno
776 5002 911 5044 mss.
935 4986 1117 5054 Colb.,
1139 4996 1606 5041 sacramentorum.
1625 4987 1727 5042 Cui
1752 4987 1895 5042 favet
1916 4988 2059 5058 quod

453 5064 508 5118 itt
534 5071 749 5117 vetusto
770 5061 932 5114 Corb.
963 5057 1158 5128 legitur
1181 5067 1525 5113 sacratorum.
1557 5058 1706 5112 Hanc
1723 5057 2056 5128 quippeilec-

452 5136 655 5188 tionem
686 5131 1003 5186 mendosam
1033 5143 1179 5191 esse,
1210 5138 1376 5198 atque
1409 5131 1750 5184 inlirmorum
1785 5133 2059 5185 inunctio-

454 5219 577 5260 ncm
610 5219 716 5258 non
764 5206 907 5271 inter
957 5209 1170 5255 sacrata
1226 5208 1457 5265 tantum,
1491 5216 1676 5255 verum
1714 5203 1881 5255 etiam
1917 5202 2060 5257 inter

454 5284 794 5331 sacramenta
847 5273 915 5326 ab
960 5271 1282 5325 Innocentio
1331 5271 1638 5340 computari
1683 5287 1747 5326 ex
1792 5273 2060 5328 subuexis

455 5345 800 5418 perspicuum
823 5352 927 5398 est.
963 5343 1063 5418 libi
1090 5357 1226 5418 vero.
1253 5349 1356 5396 ttoc
1379 5353 1782 5398 sacramentum
1805 5346 1871 5397 its
1901 5353 2060 5414 negat

455 5411 869 5490 patuitenlibus,
921 5413 1103 5476 quibus
1153 5411 1352 5481 reliqua.
1380 5424 1732 5490 _sncrnmenta
1785 5411 2056 5490 negantur,

457 5483 592 5546 satis
620 5498 809 5556 aperte
839 5489 997 5538 docet
1029 5500 1128 5538 usu
1149 5495 1285 5556 AIlllll
1321 5483 1488 5538 luisse
1517 5497 1817 5553 receptum,
1849 5483 1906 5540 ut
1937 5489 2059 5542 aliis

461 5554 713 5614 fidelibus
763 5559 898 5610 citra
955 5554 1257 5625 pertculum
1307 5558 1501 5609 mortis
1526 5557 1902 5611 laborantibus
1931 5572 2058 5612 eon-

461 5632 768 5687 cederetur.
794 5626 927 5682 Nam
959 5638 1008 5680 et
1039 5629 1451 5698 ptnnitentiltus,
1509 5630 1555 5680 si
1609 5630 1660 5682 in
1713 5629 2056 5698 desperatam

463 5701 841 5771 aegritudinem
886 5697 1266 5762 incurrissent,
1299 5699 1507 5768 reliqua
1551 5697 1890 5771 sacramenta
1939 5701 2060 5758 sine

469 5770 620 5828 mora
649 5770 887 5826 conferri
927 5786 1092 5839 supra
1127 5785 1179 5824 ιι.
1230 5771 1300 5826 10
1340 5772 1610 5842 praecipit.
1661 5770 1832 5826 Graeci
1876 5783 2056 5828 autem

2142 3259 2306 3298 causa
2337 3244 2484 3298 finita
2520 3257 2625 3306 est.
2671 3246 2874 3298 utinam
2902 3245 3200 3313 aliquando
3234 3246 3451 3299 finiatur
3481 3247 3668 3298 error!
3709 3264 3727 3297 ι

2144 3315 2259 3386 Hoc
2288 3327 2392 3379 est,
2425 3315 2716 3386 Pelagiana
2745 3331 2908 3370 causa
2941 3317 3156 3372 duobus
3196 3317 3248 3370 itt
3281 3315 3533 3371 conciliis
3582 3315 3731 3370 Afri-

2142 3385 2294 3440 canis
2321 3385 2615 3455 diligenter
2636 3388 2885 3441 discussa
2908 3387 3258 3456 judicataque
3278 3397 3383 3442 est.
3403 3390 3534 3442 (lunt
3556 3398 3736 3441 autem

2144 3456 2252 3511 illis
2277 3467 2542 3528 congruat
2580 3468 2634 3512 et
2661 3458 2924 3526 judicium
2970 3461 3287 3527 apostolicae
3345 3458 3512 3519 sedis,
3538 3457 3737 3525 triplici

2145 3535 2309 3652 Iasii}!
2342 3527 2681 3583 auctoritatis
2702 3529 2908 3598 judicio
2939 3545 3101 3585 causa
3122 3530 3331 3597 decisa,
3364 3530 3558 3584 merito
3588 3527 3738 3582 finita

2145 3615 2195 3652 lu
2239 3611 2428 3652 lCulur.

2167 3611 2428 3654 nateatur.

2167 3615 2428 3654 uatcatur.

2137 3615 2158 3669 J
2216 3668 2270 3722 4.
2299 3671 2371 3724 Ita
2396 3672 2823 3726 concionabatur
2863 3673 3219 3741 Augustinus,
3254 3678 3606 3741 cumgutrum
3648 3683 3737 3723 re-

2145 3741 2360 3810 scriptis
2389 3743 2494 3796 illis
2544 3749 2753 3796 starent
2779 3739 3082 3812 Pelagiani,
3114 3757 3308 3807 necne,
3341 3739 3518 3794 adhuc
3549 3740 3732 3794 inccr-

2148 3821 2232 3866 tus
2279 3825 2464 3884 esset;
2497 3815 2742 3884 adeoque
2771 3829 2894 3866 eum
2942 3829 3133 3868 recens
3189 3814 3242 3868 in
3277 3812 3512 3884 Africam
3544 3826 3736 3884 perve-

2147 3885 2382 3939 nissent.
2437 3883 2604 3953 Atqui
2647 3881 2966 3940 Sermonem
3020 3885 3170 3938 illum
3205 3903 3223 3936 ι
3264 3883 3507 3939 habitum
3541 3899 3592 3936 ix
3623 3881 3734 3953 kal.

2146 3955 2388 4010 Octobris
2438 3952 2833 4010 die’DOutinica
2867 3976 2884 4007 ι
2918 3958 2970 4009 in
3001 3955 3173 4011 veteri
3203 3956 3390 4010 codice
3417 3952 3736 4022 praenotari,

2145 4037 2307 4095 atque
2333 4042 2477 4081 anno
2503 4025 2609 4081 M7
2643 4042 2841 4080 nouunt
2875 4025 3226 4081 kalendarum
3258 4026 3563 4082 octobrium
3596 4023 3739 4078 diem

2150 4098 2201 4152 itt
2232 4097 2565 4153 Dominicam
2615 4097 2889 4162 incidisse,
2926 4099 2978 4152 ιιι
3020 4113 3155 4151 nova
3185 4097 3465 4166 Augustini
3497 4095 3740 4150 editione

2149 4169 2496 4224 observatum
2526 4178 2630 4222 est.
2682 4169 2759 4223 Ex
2791 4185 2897 4238 quo
2939 4179 2992 4222 et
3020 4165 3326 4231 coniicitur,
3357 4170 3616 4236 rescripta
3640 4165 3739 4238 illa

2149 4255 2337 4295 mense
2360 4239 2658 4310 septentbri
2690 4235 2821 4293 anni
2855 4241 2960 4294 4l7
2987 4257 3092 4295 non
3133 4255 3254 4295 esse
3279 4235 3606 4294 recentiora.
3630 4235 3742 4292 Sed

2151 4323 2332 4365 manet
2358 4325 2506 4366 certa
2539 4326 2728 4366 eorum
2759 4313 2966 4379 epocha
2993 4313 3044 4366 in
3065 4316 3268 4379 Optime
3307 4321 3450 4364 notas
3497 4323 3627 4362 IIISS.
3658 4322 3746 4362 as-

2150 4392 2384 4447 servata,
2443 4399 2563 4447 qua:
2611 4401 2628 4433 ι
2667 4399 2716 4436 γι
2749 4381 2859 4437 Ital.
2915 4383 3171 4437 feltruarii
3221 4391 3342 4452 post
3397 4381 3745 4452 consulatum

2154 4454 2450 4509 Theodosii
2481 4470 2548 4508 vn
2571 4468 2622 4508 et
2652 4453 2796 4508 Junii
2829 4470 2876 4508 tv
2908 4453 3081 4517 γε,
3114 4473 3133 4505 ι
3160 4451 3359 4508 Ιιοεεδῑ
3385 4452 3454 4505 27
3475 4451 3564 4506 die
3594 4465 3746 4505 nien-

2155 4527 2230 4580 sis
2257 4527 2490 4595 januarii
2521 4528 2645 4580 anni
2670 4524 2775 4579 M7
2806 4526 3215 4595 consignantur.
3251 4525 3432 4593 Neque
3478 4522 3743 4595 epocham

2154 4593 2301 4651 illam
2336 4595 2628 4666 ancipitem
2656 4597 2808 4661 facit,
2851 4597 2945 4650 sed
2968 4593 3152 4664 potius
3185 4597 3469 4650 conlirmat
3503 4594 3618 4666 haec
3666 4593 3746 4666 al-

2156 4679 2295 4734 tera,
2321 4661 2481 4736 quam
2529 4667 2775 4724 nonnulli
2820 4661 3039 4720 codices
3083 4668 3368 4736 exhibent,
3402 4682 3422 4715 ‹
3453 4679 3507 4719 vt
3533 4661 3749 4736 kal._fe-

2157 4731 2363 4795 bruarii
2408 4740 2648 4795 llonorio
2691 4749 2746 4794 et
2783 4737 3108 4794 Constantio
3141 4737 3206 4792 V.
3235 4734 3299 4792 C.
3345 4731 3528 4791 eonss.
3561 4753 3580 4787 ι
3613 4731 3750 4789 Nam

2169 4999 2310 5043 teste
2340 4987 2502 5043 Petro
2543 4987 2783 5043 Arcudio
2815 4986 2910 5042 lib.
2941 5002 2994 5055 v,
3029 5001 3082 5041 c.
3114 4986 3169 5052 4,
3201 5000 3269 5042 eo
3318 4999 3661 5056 processere,
3706 4995 3769 5043 ut

2168 5074 2276 5112 non
2311 5060 2488 5113 solum
2514 5060 2761 5113 intirmos
2791 5060 2931 5112 nulla
2964 5058 3270 5128 periculosa
3321 5057 3642 5128 azgritudine
3671 5057 3774 5128 la-

2168 5131 2446 5196 borantes,
2497 5131 2590 5184 sed
2643 5142 2697 5184 et
2746 5127 3045 5202 panitenies
3096 5130 3218 5183 bene
3265 5127 3505 5194 valentes,
3533 5127 3774 5202 adbibita

2166 5219 2366 5274 quoque
2389 5205 2556 5274 forma
2599 5200 2931 5269 sacramenti,
2972 5218 3076 5255 non
3119 5202 3269 5256 aliter
3323 5213 3480 5270 atque
3531 5200 3773 5268 inﬁrmos

2165 5273 2416 5344 inungunt
2428 5313 2440 5326 .

2238 5342 2265 5382 δ
2297 5340 2492 5408 Ἐάἰιὶ,
2524 5345 2647 5399 ciris
2678 5345 2996 5399 clarissimis.
3042 5343 3268 5398 Rectius
3297 5357 3430 5398 mss.
3482 5357 3528 5394 v.
3587 5358 3636 5396 c.
3671 5340 3796 5394 hoc

2166 5424 2249 5486 est
2275 5417 2382 5468 εἰν-ο
2411 5417 2742 5471 clarissimo:
2772 5419 2914 5486 quod
2959 5415 3008 5470 in
3058 5431 3224 5468 unum
3256 5413 3558 5467 Palladium
3607 5409 3801 5486 cadit.

2168 5485 2270 5542 Ubi
2324 5502 2454 5541 vero
2485 5489 2680 5543 n0tarii
2730 5484 2850 5541 viris
2878 5486 3183 5540 clarissimis
3216 5489 3526 5552 exprimere
3558 5484 3824 5546 volunt,

2164 5566 2352 5613 notam
2401 5561 2649 5614 eamdem
2698 5562 2979 5628 geminant
3027 5559 3254 5628 in__ttunc
3292 5555 3567 5628 modum;
3606 5579 3697 5620 υυ.
3729 5558 3853 5628 ςξέ

2163 5609 2282 5698 qua:
2301 5609 3202 5686 "tumﬂdeuduiibus“consulibus
3258 5609 3564 5692 prtedtcari
3587 5609 3887 5698 ὶᾘιεκνλλ

2161 5702 2332 5771 gitur.
