4344 6174
399 217 506 274 565

1626 216 1990 279 Ειιιετοωε
2018 220 2115 280 ΕΤ
2154 220 2505 285 DECRETA.

3595 234 3707 295 566

393 342 619 407 gregata
658 349 729 391 ex
757 335 920 392 nobis
941 335 1187 409 synodus
1213 335 1551 403 haberetur;
1580 338 1999 411 compresbyter
2029 347 2075 406 Α
2102 342 2427 400 naturaliter
2458 345 2513 401 in
2536 345 2707 403 corde
2725 349 3115 421 conscriptam;
3149 352 3264 409 sive
3295 352 3349 409 in
3377 348 3581 410 litteris
3606 352 3707 410 tia-

395 437 584 487 noster
625 428 853 487 Orosius
891 432 1053 488 nobis
1100 431 1313 488 litteras
1340 441 1654 489 sanctorum
1682 433 1917 491 fratrum
1941 444 2000 492 et

396 522 852 580 consacerdotum
884 534 1199 580 nostrorum
1213 523 1365 580 dedit
1387 524 1648 581 nitet-etis
1680 535 1735 582 et
1777 526 1994 596 Lazari,

396 634 628 693 quarum
681 619 911 675 formam
944 618 1031 674 his
1061 619 1447 675 constituimus
1472 633 1594 676 esse
1632 620 1993 677 subdendum.

398 715 495 771 llis
515 729 645 786 ergo
668 715 848 781 lectis,
875 715 1152 786 Pelagium
1173 722 1228 772 et
1248 713 1567 773 leestium
1592 725 1844 773 auctores
1864 716 1893 756 ι’
1911 730 1998 773 ar-

398 806 488 879 gui
516 807 703 862 nefarii
733 822 956 875 prorsus
977 817 1033 862 et
1059 809 1127 864 ab
1149 809 1407 865 omnibus
1432 809 1591 865 nobis
1611 810 1993 867 anatltemandi

398 898 604 955 erroris
625 898 978 955 advertimus.
1015 899 1169 957 Unde
1221 900 1420 957 factum
1469 911 1572 969 est,
1607 913 1665 957 ut
1708 918 1997 959 recensen-

312 1032 321 1041 κ
395 995 524 1050 dum
545 1004 883 1066 peteremus,
915 997 1043 1068 quid
1083 1007 1209 1055 ante
1238 998 1411 1055 ferme
1449 1000 1881 1072 quinquennium
1905 1017 1989 1057 sn-

394 1103 491 1161 per
504 1087 749 1144 Coslestii
773 1090 993 1145 nomine
1014 1089 1102 1146 hic
1116 1092 1257 1161 apud
1282 1092 1578 1149 Ecclesium
1596 1092 1993 1166 Cartltaginczt-

397 1198 512 1240 sem
545 1182 1002 1254 fueritagitatum.
1030 1185 1149 1252 Quo
1177 1188 1427 1256 recitato,
1451 1188 1593 1244 sicut
1622 1206 1688 1245 ex
1715 1200 1737 1229 ε
1762 1191 1997 1248 subditis

400 1274 691 1331 advertere
737 1278 943 1345 poterit
990 1279 1255 1335 sanctitas
1300 1288 1413 1349 tua,
1449 1284 1695 1353 quamvis
1730 1284 1996 1354 judicatio

399 1366 683 1422 manifesta
710 1376 1015 1434 constaret,
1051 1385 1156 1441 qua
1188 1372 1282 1427 illo
1312 1380 1558 1444 tempore
1587 1377 1882 1445 cpiscomli
1909 1376 1996 1448 ju-

399 1460 546 1517 dicio
582 1463 832 1518 excisum
863 1462 966 1520 hoc
1002 1473 1211 1521 tantum
1240 1467 1441 1524 vulnus
1472 1469 1542 1525 ab
1575 1471 1815 1526 Ecclesia
1845 1471 1998 1529 vide-

400 1564 549 1608 retur
574 1569 590 1619 ;
616 1554 968 1611 nihilominus
1001 1566 1187 1615 tamen
1214 1559 1265 1614 id
1289 1565 1562 1618 communi
1594 1563 1996 1622 deliberatione

399 1648 729 1717 censuimus,
760 1650 1071 1721 huiusmodi
1100 1657 1470 1725 persuasionis
1511 1667 1784 1727 auctores,
1810 1675 1998 1731 qnam-

2105 444 2238 491 tam.
2270 435 2531 494 Eamdem
2556 454 2771 511 quoque
2795 442 2970 512 legem
3017 444 3085 499 ad
3124 448 3358 516 gratiam
3402 444 3700 516 pertinere,

2101 528 2245 599 quod
2275 530 2422 586 illam
2454 533 2598 590 Deus
2631 535 2684 588 in
2713 532 3039 605 adjutorium
3067 538 3380 595 hominibus
3440 535 3610 597 dedit.
3630 539 3705 596 Il-

2101 621 2207 677 lam
2236 638 2366 679 vero
2387 627 2639 700 gratiam,
2681 644 2806 698 qua,
2838 639 2899 685 ut
2920 630 3124 686 dictum
3155 641 3260 697 est,
3289 632 3585 690 Christiani
3606 646 3698 690 su-

2102 731 2243 785 mus,
2273 718 2430 788 cujus
2455 719 2745 790 Apostolus
2774 723 3099 792 praedicator
3127 735 3230 791 est,
3264 725 3474 795 dicens,
3506 725 3709 783 Conde-

2099 806 2263 863 lector
2288 812 2423 865 enim
2452 810 2555 884 legi
2579 812 2679 869 Dei
2727 815 3009 870 secundum
3061 818 3355 873 interiorem
3406 819 3708 889 hominem;

2097 902 2245 956 uideo
2291 913 2463 960 autem
2521 906 2678 961 aliam
2712 907 2875 981 legem
2895 910 2949 963 in
2990 910 3227 965 membris
3256 913 3385 967 meis
3410 928 3708 985 repugnan-

2099 1002 2201 1051 tem
2251 995 2355 1070 legi
2402 1000 2587 1052 mentis
2630 1015 2774 1067 mete,
2833 1010 2881 1054 et
2930 1002 3272 1069 captivantem
3312 1012 3443 1057 me°
3474 1006 3569 1060 sub
3592 1003 3706 1078 lege

2099 1090 2326 1158 peccati,
2344 1106 2461 1161 qua:
2483 1101 2558 1146 est
2582 1093 2633 1145 in
2658 1094 2899 1147 membris
2916 1095 3065 1149 meis.
3095 1094 3256 1151 Miser
3279 1112 3372 1169 ego
3389 1096 3563 1167 homo,
3594 1100 3708 1169 quis

2099 1199 2181 1237 me
2209 1183 2442 1239 liberabit
2479 1186 2545 1239 de
2569 1202 2784 1259 corpore
2830 1188 3010 1242 mortis
3057 1188 3217 1259 huius
3239 1191 3264 1245 ἶ)
3289 1193 3461 1264 gratia
3484 1189 3584 1246 Dei
3611 1210 3704 1264 per

2097 1273 2278 1330 Jesum
2298 1275 2561 1333 Christum
2588 1278 2863 1335 Dominum
2886 1290 3122 1336 nostrum
3150 1280 3330 1355 (Rom.
3346 1299 3440 1350 vn,
3453 1284 3525 1339 22
3536 1287 3707 1358 seqq.)

2100 1373 2292 1428 nolunt
2311 1375 2534 1431 omnino
2555 1390 2911 1447 cognoscere,
2937 1393 3037 1435 nec
3059 1390 3248 1450 aperte
3292 1382 3510 1455 quidem
3536 1399 3703 1457 oppu—

2098 1480 2268 1537 gnere
2290 1468 2560 1543 audent(l
2587 1470 2706 1527 Cor.
2760 1488 2819 1541 ιι,
2873 1470 2986 1543 14).

2169 1562 2224 1616 3.
2258 1561 2368 1618 Sed
2398 1563 2526 1634 quid
2557 1564 2702 1620 aliud
2733 1575 2923 1635 agunt,
2951 1582 3071 1622 cum
3123 1568 3437 1626 hominibus
3459 1568 3707 1629 animali-

2100 1652 2201 1709 bus
2227 1668 2335 1709 non
2363 1656 2790 1727 percipientihus
2815 1675 2935 1731 quae
2948 1668 3076 1716 sunt
3106 1660 3331 1731 spiritus
3358 1661 3454 1719 Dei
3479 1677 3707 1735 persua-

400 1744 484 1801 vis
512 1753 569 1801 et
596 1745 659 1798 ad
692 1746 1088 1819 presbyterium
1110 1749 1252 1805 idem
1270 1749 1561 1808 Caelestius
1581 1762 1765 1822 postea
1796 1768 1993 1825 perve-
2025 1757 2072 1819 B
2100 1744 2231 1803 dere
2257 1763 2365 1803 non
2411 1760 2650 1817 cessant,
2700 1752 2764 1807 ad
2816 1756 3153 1824 operandam
3201 1755 3704 1830 perﬁciendamque

397 1840 549 1896 uisse
570 1839 812 1908 dicatur;
841 1842 944 1898 nisi
977 1843 1090 1899 haec
1112 1844 1457 1916 apertissime
1488 1846 1986 1916 anathemaverint,

395 1934 544 2006 ipsos
565 1935 901 1990 anathemari
929 1948 1203 2007 oportere,
1231 1947 1289 1995 ut
1317 1940 1363 1994 si
1388 1940 1630 2010 ipsorum
1661 1956 1769 1997 non
1796 1951 1994 2012 potue-

393 2026 484 2093 rit,
515 2027 711 2082 saltem
742 2042 934 2084 eorum
960 2031 1139 2101 quiab
1169 2030 1249 2087 cis
1286 2032 1503 2104 decepti
1533 2047 1661 2090 sunt
1692 2036 1781 2091 vcl
1811 2035 1993 2108 decipi

395 2130 644 2190 possunt,
675 2123 888 2195 cognita
919 2126 1189 2181 sententia
1218 2142 1340 2199 qua:
1372 2131 1426 2185 in
1455 2144 1549 2185 eos
1582 2131 1686 2185 lata
1720 2144 1825 2199 est,
1846 2133 1993 2189 sani-

397 2224 480 2271 tas
502 2226 843 2285 procuretur.
882 2217 993 2274 Hoé
1031 2220 1220 2292 itaque
1263 2231 1506 2293 gestum,
1538 2224 1763 2282 domine
1796 2225 1991 2297 frater,

394 2314 604 2363 sanctae
625 2307 879 2364 charitatl
913 2318 1018 2366 tua:
1048 2311 1406 2370 intimandum
1438 2317 1790 2385 duximus,ut
1824 2327 1997 2375 statu—

394 2400 465 2455 tis
492 2409 698 2456 nostra!
719 2401 1118 2460 mediocritatis
1147 2407 1314 2462 etiam
1334 2409 1649 2479 apostolica;
1671 2411 1818 2467 sedis
1841 2412 1996 2468 aditi-

392 2492 591 2550 beatur
620 2496 947 2564 auctoritas,
982 2513 1082 2569 pro
1115 2500 1313 2555 tuenda
1366 2502 1549 2558 salute
1598 2503 1913 2574 multorum,
1941 2517 1998 2564 et

395 2587 757 2659 quorumdam
789 2593 1149 2661 perversitate
1168 2594 1333 2650 etiam
1361 2596 1708 2669 corrigenda.

465 2683 520 2738 2.
549 2681 606 2739 Id
637 2685 781 2740 enim
808 2694 976 2757 agunt
1002 2686 1092 2743 isti
1119 2688 1520 2747 damnabilibus
1535 2692 1996 2762 disputationibus

396 2776 531 2844 suis,
566 2785 623 2832 ut
653 2792 761 2833 non
819 2778 1184 2849 defendendo,
1228 2782 1324 2840 sed
1356 2785 1536 2853 potius
1569 2787 1620 2841 in
1669 2787 1994 2859 sacrilegam

395 2868 704 2939 superbiam
728 2870 1042 2928 extollendo
1083 2872 1312 2930 liberum
1342 2875 1654 2946 arbitrium,
1678 2880 1881 2935 nullum
1913 2896 1996 2935 re-

396 2960 645 3033 linquant
671 2962 850 3018 locum
878 2964 1071 3034 gratiae
1119 2965 1241 3033 Dei,
1291 2982 1393 3039 qua
1447 2969 1736 3027 Christiani
1785 2987 1995 3043 sumus,

399 3068 501 3124 qua
530 3063 587 3109 et
617 3053 792 3124 ipsum
823 3066 1025 3111 nostras
1050 3058 1342 3115 voluntatis
1370 3061 1653 3117 arbitrium
1693 3078 1824 3121 vere
1848 3065 1905 3119 lit
1934 3064 1996 3121 ii-

2090 1837 2375 1911 justitiam,
2409 1849 2465 1896 et
2492 1840 2588 1899 Det
2618 1842 2874 1900 mandata
2902 1845 3250 1917 complenda,
3277 1848 3450 1904 solam
3477 1848 3581 1906 sibi
3607 1848 3709 1905 hu-

2099 1946 2316 1987 manam
2367 1932 2619 1992 sufﬁcere
2667 1949 2829 2007 posse
2868 1939 3169 1994 naturam?
3198 1955 3305 1995 non
3356 1941 3708 2000 attendentes

2096 2025 2239 2096 quod
2265 2026 2530 2100 scriptum
2552 2037 2656 2100 est,
2694 2026 2928 2099 Spiritus
2955 2030 3171 2104 adjuvat
3216 2032 3569 2103 inﬁmitatem
3614 2053 3710 2093 no-

2094 2129 2254 2175 stram
2275 2118 2454 2192 (Rom.
2485 2134 2599 2189 VIII,
2628 2119 2756 2195 26);
2778 2131 2854 2194 et,
2891 2120 3015 2179 Non
3046 2125 3283 2196 uolentis,
3309 2143 3473 2196 neque
3495 2146 3711 2186 curren-

2096 2214 2184 2282 tis,
2239 2214 2330 2269 sed
2371 2216 2661 2271 miserentis
2702 2224 2777 2271 est
2828 2214 2924 2273 Dei
2947 2214 3127 2294 (Rom.
3176 2232 3251 2287 ιι,
3312 2218 3442 2291 l6);
3483 2229 3541 2279 et
3562 2221 3709 2294 quad

2096 2322 2259 2361 unum
2313 2324 2502 2379 corpus
2559 2326 2737 2365 sumus
2767 2311 2819 2366 in
2848 2310 3053 2368 Christo
3093 2311 3247 2382 Jesu,
3296 2314 3489 2386 singuli
3533 2327 3708 2372 autem

2094 2400 2226 2456 alter
2249 2399 2464 2457 alterius
2481 2404 2721 2470 membra,
2753 2403 3002 2461 habentes
3024 2406 3161 2462 dona
3177 2406 3378 2464 diversa
3410 2411 3698 2466 secundum

2097 2494 2319 2565 gratiam
2366 2510 2482 2564 qum
2514 2495 2639 2548 data
2668 2504 2742 2551 est
2774 2495 2922 2552 nobis
2949 2495 3132 2570 (Rom.
3161 2513 3257 2567 χιι,
3291 2499 3348 2572 v)
3373 2516 3389 2567 ;
3417 2510 3493 2567 et,
3524 2499 3711 2558 Gratia

2098 2587 2197 2645 Dei
2223 2608 2337 2645 sum
2363 2592 2417 2645 id
2441 2590 2581 2662 quod
2607 2609 2750 2660 sum,
2777 2602 2823 2648 et
2844 2595 3013 2666 gratia
3034 2596 3150 2667 ejus
3187 2596 3242 2649 in
3288 2612 3370 2650 me
3407 2612 3569 2652 vacua
3600 2614 3707 2655 nou

2098 2682 2217 2754 fuit,
2249 2682 2341 2737 sed
2371 2683 2488 2753 plus
2517 2684 2751 2740 omnibus
2786 2683 2894 2739 illis
2938 2684 3172 2741 laboravi
3195 2701 3215 2741 :
3240 2703 3345 2743 non
3383 2704 3476 2761 ego
3506 2698 3705 2758 autem,

2096 2773 2188 2829 sed
2213 2772 2379 2848 gratia
2409 2773 2510 2831 Dei
2537 2791 2735 2831 mecum
2760 2775 2806 2848 (l
2822 2773 2944 2834 Cor.
2972 2793 3064 2849 xv,
3085 2777 3178 2852 l0)
3199 2795 3213 2846 ;
3237 2788 3314 2848 et,
3338 2778 3548 2835 Gratias
3570 2782 3706 2853 Deo,

2096 2868 2187 2939 qui
2211 2866 2351 2923 dedit
2378 2866 2523 2922 nobis
2542 2867 2806 2923 victoriam
2835 2884 2926 2940 per
2946 2865 3235 2923 Dominum
3258 2880 3497 2926 nostrum
3521 2870 3707 2930 Iesum

2101 2957 2363 3015 Christum
2385 2957 2578 3034 (Ibid.,
2611 2955 2703 3034 57)
2728 2976 2743 3028 ;
2786 2970 2861 3027 et,
2903 2958 3028 3015 Non
3056 2962 3178 3029 quia
3207 2960 3383 3017 idonei
3405 2979 3583 3017 sumus
3613 2966 3709 3021 ali-

2100 3053 2228 3126 quid
2265 3053 2491 3124 cogitare
2535 3052 2686 3123 quasi
2727 3070 2790 3109 ea:
2828 3053 3231 3124 nobismetipsis,
3255 3055 3348 3109 sed
3396 3055 3706 3128 suﬁcientia

401 3144 613 3213 herum,
646 3146 773 3202 dum
800 3160 830 3203 a
859 3150 1156 3205 carnalium
1212 3154 1775 3225 concupiscentiarum
1818 3157 1989 3214 domi-

2122 3157 2273 3202 tostra
2300 3164 2365 3202 ere
2382 3144 2494 3203 Deo
2511 3157 2586 3202 est
2615 3144 2682 3218 (ll
2702 3143 2823 3203 Cor.
2858 3162 2939 3213 ut,
2971 3145 3067 3220 5);
3096 3157 3171 3216 et,
3204 3142 3473 3204 Habemus
3501 3148 3710 3207 thesauo

401 3239 621 3296 natione
675 3240 961 3312 liberatur,
1016 3243 1233 3301 dicente
1282 3247 1512 3303 Domino
1549 3268 1561 3304 :
1595 3248 1659 3306 Si
1706 3267 1794 3306 vos
1819 3249 1997 3309 Filias

402 3330 715 3400 liberaverit,
775 3344 895 3389 tunc
942 3352 1056 3391 vere
1093 3336 1242 3393 liberi
1279 3341 1429 3395 eritis
1470 3340 1672 3413 (Jaan.
1700 3359 1815 3413 vm,
1856 3346 1927 3400 56
1948 3344 1994 3417 ).

402 3420 430 3460 δ
455 3423 611 3493 Quod
634 3427 891 3483 auxilium
947 3428 1077 3485 fides
1101 3430 1377 3502 impetrat,
1428 3448 1548 3502 qua:
1579 3442 1660 3488 est
1695 3437 1746 3490 in
1774 3420 1993 3493 Christo

402 3516 531 3573 Jesu
583 3517 809 3577 Domino
858 3531 1066 3577 nostro.
1119 3520 1210 3577 lsti
1269 3534 1447 3579 autem
1498 3536 1770 3596 asserunt,
1805 3528 1999 3584 sicuta

401 3609 686 3676 fratribus,
716 3613 1007 3684 quietiam
1041 3629 1230 3671 eorum
1274 3616 1443 3673 libros
1472 3617 1744 3689 legerunt,
1798 3634 2002 3691 cogno-

401 3701 598 3770 vimus,
633 3702 691 3759 in
732 3719 799 3761 eo
826 3704 926 3762 Dei
952 3708 1189 3777 gratiam
1235 3706 1620 3778 deputandam,
1651 3711 1798 3781 quod
1840 3712 2001 3769 talem

401 3796 641 3854 hominis
663 3797 896 3854 instituit
944 3799 1254 3872 creavitque
1283 3810 1555 3870 naturam,
1598 3817 1719 3872 qua:
1748 3818 1847 3874 per
1872 3818 2001 3875 pro-

403 3891 573 3963 priam
604 3893 934 3950 voluntatem
991 3894 1165 3966 legem
1216 3895 1310 3952 Dei
1360 3898 1533 3967 possit
1585 3895 1834 3968 implere,
1886 3899 2003 3956 sive

476 4134 501 4165 ο
530 4124 589 4180 lu
619 4138 750 4180 mss.
782 4123 937 4188 isid.,
963 4122 1193 4187 Neratio,
1210 4130 1307 4179 aut
1334 4123 1588 4177 Anerotis.
1622 4122 1679 4178 In
1706 4123 1837 4178 edit.
1862 4136 1997 4179 con-

404 4198 520 4259 cil..
548 4196 836 4253 Ariarathis.
871 4197 1003 4252 Erat
1044 4196 1214 4253 Heres
1257 4195 1612 4258 Arelatensis,
1654 4204 1714 4251 et
1761 4195 1997 4251 Lazarus

405 4266 678 4341 Aqnensis
698 4266 1004 4341 episcopus.
1043 4267 1215 4341 Arnim
1238 4285 1268 4320 e
1297 4267 1513 4341 sedibus
1544 4267 1657 4320 suis
1684 4266 1996 4341 pulsiLcum

406 4335 839 4396 in'Palmstinam
868 4335 1271 4408 pervenissent,
1300 4337 1549 4408 libellum
1605 4335 1792 4391 contra
1844 4335 2000 4390 Pela-

406 4414 554 4482 gium
580 4421 637 4482 et
666 4406 984 4482 Cmiestium
1012 4409 1240 4482 Eulogio
1283 4406 1620 4482 Caesarecnsi
1650 4409 1959 4482 obtulerunt
1984 4423 1998 4472 ;

408 4480 561 4547 cuius
592 4481 791 4536 deinde
812 4481 1137 4536 auctoritate
1172 4480 1546 4548 Diospolitana
1590 4481 1829 4552 synodus
1857 4493 2002 4534 anno

2095 3258 2211 3297 rum
2259 3249 2409 3296 istum
2435 3241 2489 3295 in
2526 3242 2661 3296 vasis
2709 3238 2976 3309 ﬁctilibus,
3006 3249 3062 3293 ut
3092 3240 3367 3296 eminentia
3399 3242 3601 3298 virtutis
3647 3244 3713 3299 sit

2100 3333 2221 3402 Dei,
2247 3343 2294 3389 et
2323 3351 2425 3389 non
2449 3350 2515 3390 ea:
2540 3333 2687 3390 nobis
2716 3331 2737 3404 (
2765 3330 2909 3387 Ibid.
2962 3348 3035 3401 tv,
3069 3328 3151 3403 7);
3180 3342 3235 3388 et
3268 3333 3709 3405 innumerabilia,

2098 3443 2218 3498 quas
2247 3426 2314 3482 de
2339 3426 2634 3498 Scripturis
2653 3424 2909 3482 omnibus
2929 3423 2974 3481 si
3005 3422 3268 3495 colligere
3291 3424 3538 3493 velimus,
3572 3423 3593 3464 τ
3628 3436 3710 3482 to-

2100 3537 2220 3577 mus
2250 3537 2356 3576 non
2385 3518 2605 3575 sufﬁcit.
2632 3516 2699 3574 Et
2728 3533 3000 3585 veremur,
3048 3532 3119 3573 ne
3148 3516 3291 3590 apud
3337 3526 3390 3576 te
3433 3517 3535 3575 ista
3584 3519 3705 3591 ipsa

2106 3611 2607 3678 commemorando,
2641 3621 2666 3660 ts
2698 3626 2819 3680 quae
2850 3610 3057 3680 majore
3082 3608 3255 3682 gratia
3277 3610 3348 3666 de
3395 3610 3529 3667 sede
3573 3625 3706 3683 apo-

2109 3706 2302 3764 stolica
2342 3702 2630 3776 praedicas,
2675 3700 3125 3758 inconvenienter
3171 3699 3353 3758 facere
3399 3699 3706 3758 videamur.

2108 3799 2213 3859 Sed
2244 3799 2366 3856 ideo
2406 3796 2654 3866 facimus,
2687 3796 2813 3864 quia
2844 3810 2934 3861 eo,
2962 3810 3070 3868 quo
3110 3788 3443 3851 infirmiores
3490 3809 3703 3867 sumus,

2109 3909 2511 3969 quaquaversus
2537 3892 2768 3965 quisque
2787 3898 3031 3945 nostrum
3058 3887 3225 3945 verbo
3246 3888 3343 3946 Dei
3364 3889 3711 3960 praedicando

2171 4128 2194 4157 ο
2223 4118 2370 4174 Edit.
2402 4116 2562 4172 Rom.
2585 4124 2641 4172 et
2668 4115 2870 4172 coneil.
2896 4129 3019 4171 cum
3040 4112 3192 4179 lsid.,
3230 4129 3442 4172 necnon
3489 4117 3701 4178 duobus

2111 4206 2249 4249 mss.
2279 4188 2438 4246 Colb.
2463 4199 2518 4245 et
2539 4188 2687 4245 Pith.
2703 4189 2771 4260 in
2793 4188 2923 4260 lege.

2178 4261 2197 4300 τ
2239 4260 2582 4333 Αρυάηᾼιιε.
2612 4259 2752 4333 utin
2787 4256 2918 4314 mss.
2965 4256 3126 4314 Corb.
3161 4266 3217 4313 et
3245 4256 3434 4333 Germ.
3482 4270 3703 4333 tempus.

2100 4331 2235 4390 Cum
2263 4332 2385 4387 aliis
2416 4329 2568 4404 libris
2594 4331 2912 4404 retinemus
2932 4339 3099 4404 tonius
3119 4345 3134 4404 ξ
3152 4344 3259 4404 quo
3274 4330 3538 4404 vocabulo
3566 4329 3710 4404 apud

2104 4409 2361 4473 antiquos
2409 4399 2954 4473 epistolasynodica
2996 4399 3295 4473 signiﬁcari
3334 4402 3498 4458 solet.
3532 4399 3712 4460 Et'eo

2108 4471 2332 4548 quidem
2367 4489 2535 4530 sensu
2587 4471 2922 4548 Athanasius
2950 4471 3338 4548 Aleiandrinaa
3369 4473 3713 4548 synodiepi-

411 4539 517 4610 41.5
542 4565 872 4622 congregata
904 4553 1023 4608 fuit.
1047 4539 1357 4607 Memoratie
1388 4559 1570 4606 autem
1619 4539 2006 4622 episcoporum
2032 4539 2086 4600 D
2112 4539 2533 4622 stolamtomuln
2551 4544 2621 4622 ad
2639 4544 2989 4622 {tntiochenos
3010 4543 3288 4622 inscripsit
3313 4560 3326 4597 :
3357 4539 3716 4622 et'coneilium

412 4624 623 4680 illorum
657 4623 848 4680 littera:
877 4623 1222 4680 exciderunt.

484 4694 513 4734 δ
545 4694 789 4768 νεώρη)
810 4695 983 4768 argui,
1014 4694 1156 4765 quod
1182 4694 1329 4768 prius
1356 4694 1699 4768 deerat,cum
1715 4693 1848 4748 cdit.
1873 4694 2008 4764 Aug.

411 4782 480 4824 ex
512 4780 640 4822 mss.
667 4765 830 4823 Corb.
867 4763 921 4822 et
946 4763 1135 4836 Germ.
1160 4767 1496 4836 supplemus.
1522 4764 1653 4836 Inde
1681 4779 1915 4836 quoque.
1955 4763 2011 4836 ut

413 4846 470 4897 et
494 4854 566 4895 cx
598 4852 699 4893 ms.
732 4837 878 4895 Pitb.
911 4834 1306 4903 anathemandi,
1344 4837 1464 4891 loco
1505 4834 2008 4904 anathematizandi,

413 4910 772 4967 restitnimus.

488 4992 509 5021 ο
540 4981 682 5036 Edit.
710 4980 896 5059 Rom.,
914 4996 988 5059 επ
1019 4978 1454 5059 subsequentibus.
1476 4975 1813 5059 Concinnius
1831 4975 1917 5059 alii

412 5053 519 5119 hri,
553 5069 615 5108 ex
638 5052 877 5132 subditis.
908 5046 1192 5132 Gesta-illa
1220 5048 1568 5132 episcopalis,
1596 5066 1715 5121 quc
1733 5046 2007 5132 epistolae

415 5125 558 5201 huic_
587 5125 841 5181 subnexa
874 5135 1053 5201 erant,
1086 5120 1435 5201 interierunt,
1458 5120 1856 5201 iisexceptiisn
1887 5134 2008 5201 qui:

414 5197 486 5253 Μ.
513 5195 784 5252 Mercator
820 5193 978 5250 initio
1005 5192 1421 5249 Ctnnmonitorii
1474 5189 1735 5248 adversus
1766 5190 2011 5259 Pelagia-

415 5284 517 5325 nos
546 5283 614 5323 ex
646 5268 759 5344 illis
782 5266 1004 5344 delibat,
1028 5274 1085 5344 et
1105 5280 1225 5344 quae
1249 5260 1580 5344 Augustinus
1608 5273 1717 5344 tum
1742 5261 1847 5344 ⁸ιίιεζ
1878 5258 1915 5344 t_t
1942 5258 2011 5344 de

415 5341 650 5397 Pctcato
678 5338 934 5411 originali
954 5351 1005 5393 c.
1028 5331 1145 5411 aet
1171 5331 1373 5411 Lutum
1397 5334 1582 5411 _lib.de
1606 5333 1786 5411 Gestis
1809 5331 2012 5411 Pelagii

417 5427 538 5483 cap.
573 5412 663 5478 ll,
714 5402 793 5466 εἰ
834 5406 1338 5483 iisdem_d_escr_ih_i_t_.
1397 5405 1692 5483 Praeterea
1710 5406 1779 5462 ab
1818 5402 2010 5483 eodem

421 5477 655 5539 Doctore
677 5484 731 5538 in
752 5480 985 5554 epistola
1005 5479 1130 5546 l57,
1160 5478 1226 5534 ad
1247 5477 1536 5543 llilarium,
1555 5493 1607 5531 n.
1626 5477 1721 5544 9.2,
1749 5477 2019 5550 perstrin-

495 5562 638 5610 ntur.

418 5570 685 5701 sufﬂa
711 5623 1010 5701 sententia,
1026 5621 1200 5701 _Qu_od
1224 5620 1483 5701 auxilium
1498 5618 1625 5701 ﬁdes
1650 5621 1891 5701 impetrat
1910 5632 2027 5701 aute

425 5706 501 5752 est
527 5697 583 5751 in
608 5694 816 5753 Christo
830 5695 886 5752 J.
914 5690 1092 5750 D.'N'.
1120 5694 1173 5750 in
1204 5707 1334 5749 mss.
1359 5690 1524 5747 Corb.
1557 5699 1613 5747 et
1649 5691 1838 5747 Germ.
1864 5690 2027 5746 omit-

423 5766 576 5824 titur.

2114 4619 2219 4676 CP.
2244 4619 2405 4689 epist.
2440 4612 2621 4689 l5,_a‘d
2652 4615 2961 4689 Damasum,
2982 4630 3047 4689 _n.
3074 4611 3134 4689 ᾗ,
3166 4611 3319 4689 ebrios
3363 4615 3579 4689 vocavit
3603 4617 3718 4689 ᾼη-

2115 4682 2355 4747 tiochéni
2374 4684 2590 4743 concilii
2632 4682 3154 4757 epistolani.ulpsi_us
3206 4682 3427 4757 Damasi
3456 4686 3721 4757 synodica

2114 4762 2348 4833 epistola
2376 4762 2431 4833 4,
2460 4758 2529 4811 ab
2555 4752 2749 4833 eodem
2788 4752 3032 4833 concilio
3059 4752 3191 4833 CP_.-
3218 4768 3342 4833 can.
3373 4752 3588 4833 5,_tbmi
3612 4774 3717 4833 no-

2115 4824 2265 4888 niine
2304 4830 2638 4901 designatur.
2669 4825 2831 4901 vocis
2862 4824 3023 4901 bnjus
3053 4828 3247 4901 eodem
3301 4826 3577 4901 intellectu
3605 4829 3718 4888 fre.

2115 4903 2372 4975 quentior
2418 4894 2499 4955 est
2551 4914 2682 4975 usus
2730 4899 2784 4951 in
2828 4894 3062 4975 concilio
3089 4894 3709 4975 Chalcedonensi,‘puta

2113 4965 2247 5046 edit.
2281 4972 2417 5046 ιλιι»,
2441 4980 2577 5046 tom.
2606 4967 2701 5046 iV,
2728 4967 2984 5046 pag._187
3006 4966 3065 5046 d,
3095 4965 3288 5046 ﬁlii-tl,
3322 4969 3425 5046 494
3458 4986 3509 5028 e.
3538 4965 3716 5046 vulgo

2114 5044 2277 5101 etiam
2326 5042 2558 5099 celebris
2602 5036 2834 5111 epistola
2861 5037 3062 5111 Leonis
3104 5040 3172 5094 ad
3195 5036 3515 5111 Flavianum
3547 5036 3720 5102 ιωκύ

2116 5120 2505 5196 nuncupatur._
2514 5108 2795 5194 interdum
2827 5110 2990 5169 etiam
3022 5118 3187 5196 tomus
3213 5108 3476 5196 longioris
3506 5130 3720 5196 serunt)-

2117 5189 2200 5243 nis
2228 5183 2625 5257 Coinpendium
2656 5192 2836 5257 sonat,
2867 5197 3038 5257 eaque
3066 5183 3281 5257 ratione
3309 5183 3363 5239 in
3389 5186 3711 5255 prmfatiotte

2117 5253 2384 5315 Toletani
2418 5271 2511 5311 \‘lll
2551 5253 2767 5311 concilii
2799 5254 3103 5323 accipitur:
3134 5254 3201 5309 ad
3234 5253 3471 5311 litteram
3497 5257 3628 5312 vero
3659 5258 3716 5313 id

2116 5327 2367 5407 estquod
2393 5328 2569 5407 sectio.
2593 5323 2678 5383 Ad
2705 5323 2868 5407 Afros
2889 5325 3035 5397 quod
3058 5324 3274 5395 attinet,
3295 5343 3414 5407 non
3449 5326 3617 5407 aliud
3632 5328 3723 5386 hic

2119 5401 2221 5458 sibi
2243 5395 2390 5458 'vclle
2419 5398 2694 5466 videntur,
2722 5396 2825 5454 nisi
2840 5395 3207 5455 se'cousueta:
3222 5395 3468 5465 epistola:
3491 5401 3718 5456 modum

2123 5485 2467 5536 excessnros,
2498 5471 2543 5527 si
2574 5468 2780 5537 omnia,
2813 5484 2937 5540 qua:
2963 5484 2996 5525 e
3021 5485 3080 5525 re
3100 5482 3197 5524 sua
3228 5476 3381 5535 sunt,
3401 5471 3728 5530 testimonia

2235 5551 2462 5601 iaerent.

2122 5546 2462 5673 comitarent.
2864 5612 2873 5621 ι
3158 5606 3171 5622 ⁸
3447 5609 3460 5622 .

2200 5626 2225 5663 s
2282 5618 2296 5634 ‘
2342 5617 2399 5692 it_.
2456 5614 2701 5692 Rotn._et
2719 5610 2921 5692 coacti.
2955 5617 3079 5691 post
3133 5605 3321 5675 (παῦε,
3370 5625 3461 5679 qui
3508 5620 3765 5692 majore.

2126 5685 2459 5745 Concinnius
2485 5684 2578 5741 alii
2608 5684 2756 5752 libri,
2787 5697 2903 5753 qua:
2926 5684 3139 5749 majore.
