4344 6174
546 256 651 313 507

1811 259 1870 312 5.
1905 254 2302 311 INNOCENTII
2332 256 2353 310 Ι
2384 255 2588 310 ΡΑΡᾹΞ

3739 252 3844 307 568

544 382 766 445 putatur
793 375 1074 440 attentior,
1103 373 1349 429 crebrius
1397 387 1492 428 eos
1545 373 1777 440 patimur
1805 380 1860 426 et
1891 369 2144 424 audacius
2175 373 2226 429 A
2255 371 2552 435 mittentes,
2580 371 2742 425 etiam
2769 370 2815 424 si
2845 386 2950 424 non
2976 370 3338 438 baptizentur.
3373 368 3655 423 habituros
3679 366 3842 420 vitam

542 467 912 533 insurgentes.

617 559 674 612 4.
713 557 768 613 Si
792 573 922 626 ergo
948 555 1194 620 Pelagius
1223 553 1626 624 episcopalibus
1657 554 1828 624 gestis
1862 552 2151 622 (Diospoli-

551 661 689 704 tante
723 649 956 720 synodi),
1011 662 1130 714 quae
1179 647 1232 700 in
1287 646 1519 716 Oriente
1558 647 1802 701 conlecta
1855 645 2147 714 dicuntur,

547 744 712 797 etiam
745 750 850 794 tusc
902 740 1241 794 venerationi
1283 739 1429 808 juste
1468 740 1615 793 visus
1647 738 1808 793 fuerit
1837 739 2148 803 absolutus;

548 849 704 889 error
733 842 913 886 tamen
940 833 1056 902 ipse
1085 841 1138 887 et
1167 831 1440 900 impietas,
1469 833 1715 901 quaejam
1748 831 1948 886 multos
1978 846 2152 885 asser-

548 937 698 982 tores
729 925 895 982 habet
921 941 1020 996 per
1051 927 1265 982 diversa
1297 927 1599 996 dispersos,
1643 925 1805 982 etiam
1839 927 2149 996 apostolicm

549 1019 697 1076 sedis
724 1021 1046 1075 auctoritate
1071 1018 1471 1074 anathemanda
1515 1033 1617 1074 e5t.
1661 1019 1975 1074 Consideret
2003 1019 2148 1075 enim

551 1113 814 1166 sanctitas
859 1120 974 1173 tua.
1005 1122 1058 1166 et
1081 1111 1445 1180 pastoralibus
1500 1112 1660 1166 nobis
1687 1112 2050 1181 compatiatur
2075 1111 2153 1166 vi-

553 1205 825 1274 sceribus,
885 1221 1049 1274 quam
1102 1205 1173 1259 sit
1212 1205 1531 1275 pestiferum
1583 1217 1634 1261 ct
1684 1206 1912 1261 exitiale
1964 1206 2154 1261 ovibus

551 1295 774 1365 Christi,
805 1297 946 1366 quod
979 1298 1207 1352 istorum
1239 1298 1534 1368 sacrilegas
1555 1297 1952 1367 diSptttationes
1967 1311 2154 1352 ncces-

548 1390 696 1445 sario
744 1389 1119 1459 consequitur,
1148 1398 1206 1444 ttt
1255 1405 1352 1444 nec
1373 1405 1536 1444 orare
1565 1389 1860 1450 debeamus
1887 1406 1955 1445 ne
1986 1389 2156 1444 intre-

551 1496 674 1536 mus
706 1483 760 1536 in
794 1481 1193 1547 tentationem;
1239 1481 1381 1549 quod
1436 1482 1702 1538 Dominus
1753 1494 1807 1538 et
1855 1481 2155 1552 discipulos

551 1573 763 1628 monuit
787 1581 844 1628 et
871 1575 1052 1642 posuit
1079 1573 1131 1627 in
1163 1575 1412 1629 oratione
1437 1589 1596 1644 quam
1621 1573 1808 1628 docuit
1841 1572 2057 1643 (Matth.
2077 1589 2150 1638 vt,

555 1667 646 1738 15)
679 1685 690 1723 :
717 1680 810 1722 aut
838 1685 906 1723 ne
933 1667 1151 1722 deﬁciat
1185 1667 1317 1722 tides
1349 1675 1556 1734 nostra,
1585 1667 1728 1736 quod
1761 1683 1858 1736 pro
1907 1667 2155 1736 apostolo

2255 471 2537 528 aeternam,
2571 476 2671 515 nec
2697 460 2970 530 pertinere
3000 459 3065 514 ad
3096 475 3214 524 eos,
3244 461 3311 514 de
3338 457 3534 529 quibus
3584 455 3847 512 Dominus

2254 552 2348 616 ait,
2384 551 2533 605 Venit
2555 554 2686 606 enim
2715 551 2855 622 ﬁlius
2874 551 3095 605 hominis
3125 567 3350 619 quterere
3379 559 3427 604 et
3472 549 3673 603 salvare
3713 547 3849 619 quod

2255 644 2470 714 perierat
2502 642 2648 702 (Luc.
2678 659 2788 711 XIX,
2823 644 2916 714 10)
2949 660 2962 697 :
2990 644 3110 713 quia
3143 643 3254 709 isti,
3277 642 3553 712 inquiunt,
3587 656 3692 694 non
3723 656 3847 710 per-

2257 738 2430 791 ierant
2459 777 2473 802 ,
2509 753 2609 792 nec
2637 747 2722 792 est
2764 735 2908 807 quod
2949 735 3002 789 in
3032 736 3109 788 eis
3136 735 3392 794 salvetur,
3433 734 3518 789 vel
3551 741 3701 788 tanto
3731 747 3852 801 prc-

2257 829 2331 883 tio
2364 830 2700 895 redimatur;
2756 829 2878 899 quia
2912 828 3046 882 nihil
3073 827 3235 881 estin
3266 828 3345 880 t-is
3393 826 3668 888 vitiatum,
3716 823 3852 878 nihil

2257 931 2469 976 tenetur
2493 922 2594 975 sub
2621 921 2821 975 diaboli
2852 929 3122 989 potestate
3170 919 3464 987 captivum,
3515 932 3617 972 nec
3647 932 3744 986 pro
3772 916 3852 971 eis

2259 1023 2281 1050 θ
2313 1012 2462 1068 lusus
2488 1023 2571 1067 est
2591 1013 2832 1083 sanguis,
2868 1013 2956 1082 qui
2987 1012 3137 1066 fusus
3164 1013 3215 1064 in
3241 1011 3624 1066 remissionem
3657 1008 3856 1078 legitur

2258 1117 2623 1176 peccatorum.
2641 1107 2975 1177 Quamquam
2991 1121 3085 1174 per
3103 1105 3425 1173 baptismum
3448 1101 3658 1159 Christi
3687 1102 3854 1156 etiam

2259 1201 2601 1269 parvulorum
2625 1199 2652 1238 ι)
2681 1201 2796 1255 ﬁeri
2821 1200 3250 1269 redemptionem
3298 1199 3485 1254 lihello
3515 1214 3612 1254 suo
3650 1197 3857 1252 Caeles-

2259 1299 2365 1352 tius
2397 1298 2446 1351 in
2473 1297 2888 1366 Carthaginensi
2919 1295 3150 1350 ecclesia
3178 1296 3291 1362 jam
3319 1292 3608 1348 confessus
3624 1302 3724 1346 est.
3751 1289 3856 1345 Sed

2260 1389 2438 1457 multi,
2461 1389 2551 1456 qui
2571 1404 2760 1444 eorum
2779 1387 3133 1458 perhibentur
3154 1401 3275 1440 csse
3290 1385 3372 1440 vel
3393 1385 3559 1439 fuisse
3579 1382 3852 1451 discipuli,

2263 1482 2379 1537 hanc
2408 1481 2794 1551 mala.quihus
2825 1480 3174 1536 fundamenta
3223 1478 3550 1532 Christianae
3598 1473 3719 1530 iidei
3767 1489 3860 1528 co-

2264 1586 2464 1632 nantur
2489 1584 2763 1642 evertere,
2787 1588 3128 1646 quacumque
3154 1583 3381 1643 possunt
3405 1583 3425 1610 ο
3451 1570 3724 1626 afﬁrmare
3752 1584 3862 1624 non

2262 1681 2502 1725 cessant.

551 1759 716 1815 Petro
756 1774 815 1814 se
853 1758 1205 1830 rogasseipse
1231 1770 1458 1814 lcStaIus
1485 1758 1742 1830 est(Luc.
1770 1774 1902 1822 χχιι,
1939 1759 2056 1828 52).
2093 1756 2151 1812 Si
2187 1763 2236 1823 B
2337 1761 2389 1816 6.
2420 1759 2571 1818 Unde
2617 1759 2833 1816 etiamsi
2877 1759 3124 1830 Pelagius
3181 1758 3578 1827 Ctelcstiusquc
3631 1755 3864 1812 correcti

550 1855 697 1909 enim
734 1852 852 1908 htec
883 1853 1242 1923 possibilitate
1290 1864 1498 1908 natura:
1524 1864 1577 1908 et
1606 1853 1833 1908 arbitrio
1865 1852 2161 1907 voluntatis

547 1947 604 2002 in
628 1955 894 2016 potestate
925 1957 1050 2002 sunt
1083 1948 1408 2011 constituta,
1441 1950 1564 2018 quis
1599 1964 1702 2001 non
1740 1965 1802 2002 ea
1837 1947 2013 2002 videat
2042 1950 2157 2002 ina-

552 2039 696 2094 niter
715 2055 746 2093 a
773 2038 1002 2095 Domino
1033 2040 1163 2109 peti,
1207 2050 1263 2094 et
1288 2040 1554 2095 fallaciter
1582 2043 1726 2095 orari
1749 2083 1764 2106 ,
1793 2056 1916 2096 cum
1951 2041 2160 2097 orando

551 2138 872 2200 poscuntur,
896 2146 1014 2199 quae
1041 2140 1248 2186 natura:
1267 2132 1376 2200 jam
1397 2132 1469 2186 ita
1497 2132 1733 2188 conditae
1763 2132 2160 2188 sufﬁcientibus

552 2224 764 2280 viribus
809 2224 1130 2280 obtinentur
1161 2245 1171 2280 :
1199 2241 1298 2280 nec
1349 2227 1608 2283 debuisse
1641 2227 1825 2283 dicere
1873 2229 2160 2283 Dominum

553 2315 767 2384 Jesum,
805 2314 1029 2386 Vigilate
1055 2326 1103 2371 et
1124 2327 1266 2370 orate
1299 2315 1517 2387 (Matth.
1563 2334 1711 2383 xxiv,
1763 2317 1888 2386 41);
1917 2317 2013 2372 sed
2046 2327 2165 2373 tan-

556 2409 862 2476 tummodo,
892 2409 1149 2478 Vigilate,
1207 2426 1270 2464 ne
1316 2411 1512 2463 intretis
1563 2413 1614 2463 iu
1661 2412 2030 2466 (evitationem:
2064 2426 2164 2467 nec

557 2502 875 2558 beatissimo
903 2501 1069 2556 Petro
1097 2500 1272 2570 primo
1299 2500 1684 2570 Apostolorum
1708 2519 1719 2554 :
1749 2501 1949 2572 Rogavi
1969 2517 2062 2572 pro
2092 2514 2160 2565 te,

551 2594 670 2658 sed,
698 2608 896 2649 moneo
929 2602 1002 2661 te,
1035 2593 1122 2648 vel
1151 2592 1361 2662 impero
1404 2608 1467 2646 ac
1509 2594 1790 2662 praecipio,
1841 2610 1905 2646 ne
1953 2593 2162 2661 deﬁciat

557 2683 686 2754 ﬁdes
713 2693 803 2737 tua
832 2681 1015 2749 (Luca:
1047 2699 1184 2748 χχιι,
1219 2683 1350 2752 ὅέγέ
1376 2683 1790 2738 Contradicitur
1819 2683 1986 2738 etiam
2029 2684 2164 2738 isto-

557 2789 680 2829 rum
739 2775 1094 2829 contentione
1159 2773 1636 2830 benedictionibus
1683 2775 1931 2841 nnstris,
1995 2787 2052 2828 ut
2112 2777 2164 2829 in

558 2880 774 2922 cassum
806 2883 974 2937 super
996 2867 1254 2938 populum
1311 2867 1496 2922 dicere
1552 2868 1855 2936 videamur,
1907 2869 2166 2939 quidquid

556 2957 683 3013 eisa
713 2959 945 3016 Domino
992 2975 1306 3030 precamur,
1357 2969 1417 3014 ut
1446 2971 1593 3016 recte
1615 2975 1680 3015 ac
1704 2960 1791 3030 pie
1821 2961 2056 3016 vivendo
2087 2960 2166 3015 illi

555 3053 833 3122 placeant,
864 3053 950 3108 vel
975 3053 1085 3113 illa.
1119 3067 1239 3120 qua!
1261 3068 1360 3121 pro
1389 3052 1636 3107 ﬁdelibus
1663 3061 1918 3121 precatur
1936 3053 2168 3122 Aposto-

2266 1865 2414 1921 sunt,
2468 1855 2552 1910 vel
2583 1871 2643 1910 se
2672 1858 2771 1909 ista
2817 1869 3109 1924 numquam
3139 1853 3380 1908 sensisse
3409 1851 3616 1917 dicunt,
3641 1858 3696 1904 et
3720 1863 3865 1918 quae—

2267 1965 2500 2018 cumque
2531 1949 2728 2019 scripta
2767 1958 2956 2003 contra
2988 1963 3086 2002 eos
3111 1948 3324 2017 prolata
3350 1945 3571 2010 fuerint,
3615 1959 3710 1998 sua
3741 1956 3864 1998 esse

2269 2049 2485 2110 negant,
2513 2055 2613 2096 nec
2633 2049 2716 2094 est
2742 2039 3198 2110 quemadmodum
3237 2039 3304 2092 de
3327 2037 3610 2092 mendacio
3643 2034 3867 2090 convin-

2268 2142 2460 2186 cantur
2494 2149 2506 2186 :
2539 2131 2869 2202 generaliter
2897 2141 3103 2193 tamen.
3122 2131 3448 2202 quicumque
3471 2128 3867 2199 dogmatizatct

2269 2224 2525 2290 affirmat,
2584 2224 2874 2278 humanam
2927 2223 3029 2278 sibi
3073 2221 3138 2276 ad
3169 2219 3196 2259 ά
3223 2221 3492 2277 vincenda
3533 2229 3785 2290 peccata,
3813 2226 3870 2273 et

2270 2318 2366 2372 Dei
2395 2315 2649 2371 mandata
2677 2315 2949 2381 facienda,
2977 2314 3234 2370 sufﬁcere
3280 2327 3440 2383 posse
3497 2322 3767 2374 naturam,
3817 2317 3871 2364 et

2271 2427 2338 2467 eo
2369 2410 2528 2466 tnodo
2557 2411 2745 2480 gratia:
2777 2408 2896 2476 Dei,
2931 2424 3050 2478 quae
3083 2418 3396 2462 sanctorum
3413 2405 3719 2460 evidentius
3745 2418 3869 2457 ora-

2273 2505 2511 2558 tionibus
2541 2502 2880 2569 declaratur,
2905 2500 3250 2555 adversarius
3299 2499 3571 2553 invenitur
3605 2513 3618 2550 :
3661 2506 3715 2552 et
3752 2497 3874 2566 qui-

2271 2610 2500 2665 cumque
2525 2604 2683 2664 negat
2711 2592 2962 2663 parvulos
2987 2607 3082 2662 per
3105 2591 3430 2662 baptismum
3460 2589 3666 2646 Christi
3693 2605 3722 2645 a
3749 2605 3873 2659 per-

2271 2686 2482 2741 ditione
2505 2686 2746 2752 liberari,
2780 2697 2834 2741 et
2863 2685 3092 2739 Salutem
3134 2684 3417 2754 percipere
3460 2683 3867 2752 sempiternam,

2271 2780 2560 2836 anathema
2591 2783 2680 2834 sit.
2706 2779 3075 2848 Quacumque
3096 2789 3276 2832 autem
3305 2776 3411 2831 alia
3435 2777 3515 2832 eis
3545 2775 3872 2846 objiciuntur

2271 2891 2377 2929 non
2402 2875 2714 2930 dubitamus
2743 2874 3150 2928 venerationem
3204 2880 3373 2936 tuam,
3407 2887 3530 2926 cum
3572 2879 3726 2939 gesta
3757 2869 3870 2938 epi-

2270 2971 2508 3041 scopalia
2550 2968 2896 3042 (Polwstime
2933 2964 3164 3037 synodi)
3214 2964 3601 3034 perspexerit,
3649 2977 3770 3032 qua:
3815 2963 3869 3016 in

2271 3061 2495 3117 Oriente
2525 3062 2579 3116 in
2603 3061 2793 3115 eadem
2817 3074 2978 3114 causa
3010 3057 3253 3113 conlecta
3277 3057 3552 3123 dicuntur,
3585 3055 3634 3109 id
3656 3054 3869 3124 judica-

561 3147 646 3202 Ius
660 3147 887 3202 dicens:
921 3145 1104 3200 Flecto
1126 3161 1291 3214 genua
1309 3161 1419 3198 mea
1437 3146 1504 3198 ad
1535 3144 1746 3199 Patrem
1764 3145 1977 3199 Domini
2007 3149 2168 3200 nostri
2198 3149 2245 3215 C
2279 3162 2476 3217 turam,
2509 3152 2651 3207 unde
2677 3167 2867 3207 omnes
2894 3149 2946 3204 in
2977 3151 3069 3204 Dei
3105 3146 3474 3204 misericordia
3512 3144 3861 3217 gaudeamus.

557 3236 685 3292 Jesu
710 3236 923 3302 Christi,
957 3254 1020 3291 ea:
1035 3253 1135 3305 quo
1167 3238 1330 3290 omnis
1357 3239 1636 3308 paternitas
1660 3241 1709 3291 iu
1729 3239 1854 3293 coelo
1876 3251 1920 3292 et
1949 3239 2000 3292 in
2029 3248 2165 3293 terra

559 3331 881 3395 nominatur,
915 3339 970 3382 ut
999 3328 1083 3382 det
1102 3328 1242 3382 vobis
1263 3327 1546 3382 secundum
1587 3331 1793 3382 divitias
1825 3331 2007 3401 glorite
2033 3347 2161 3396 sum,

559 3424 749 3477 virtute
774 3423 1099 3476 corroborari
1131 3437 1222 3490 per
1247 3421 1501 3491 Spiritum
1549 3425 1665 3494 ejus
1688 3422 1906 3494 (Ep/tes.
1938 3440 2014 3490 nt,
2049 3423 2160 3495 14).

559 3514 618 3572 Si
638 3529 766 3585 ergo
793 3513 1148 3578 voluerimus,
1177 3513 1562 3578 benediCendo,
1597 3529 1760 3582 super
1788 3515 2042 3584 populum
2075 3513 2162 3569 di-

562 3621 727 3664 cere:
757 3605 840 3661 Da
867 3607 969 3673 illi,
999 3605 1241 3670 Domine,
1269 3605 1504 3658 virtutem
1532 3604 1853 3659 corroborari
1877 3623 1963 3672 per
1990 3606 2164 3675 Spiri-

563 3707 671 3752 tum
701 3707 843 3752 tuum
868 3713 887 3752 :
917 3698 1142 3750 istorum
1176 3696 1331 3749 nobts
1379 3695 1674 3766 disputatio
1704 3697 2047 3762 contradicit,
2083 3698 2162 3752 af-

559 3788 784 3844 ﬁrmans
812 3787 1044 3842 liberum
1088 3786 1274 3856 negari
1325 3786 1628 3853 arbitrium,
1660 3787 1704 3840 si
1740 3789 1840 3841 hoc
1863 3803 1892 3841 a
1930 3789 2038 3843 Deo
2069 3805 2165 3858 po-

559 3883 748 3946 scitur,
779 3878 1000 3952 quodin
1035 3887 1220 3934 nostra
1271 3890 1357 3935 est
1388 3890 1680 3949 poteState.
1741 3881 1960 3936 Virtute
2010 3883 2156 3938 enim

559 3972 903 4027 corroborari
933 3971 978 4026 si
1000 3972 1267 4040 volumus,
1298 3971 1570 4041 inquiunt,
1625 3989 1915 4042 possumus
1939 3989 2001 4029 ea
2026 3991 2156 4044 pos-

564 4063 821 4118 sibilitate
861 4073 1088 4129 naturae,
1119 4079 1280 4133 quam
1326 4080 1430 4118 non
1483 4079 1626 4119 nunc
1674 4066 2010 4136 accipimus,
2062 4067 2163 4123 sed

563 4169 686 4210 cum
719 4169 1030 4208 crearemur
1056 4154 1382 4223 accepimus.

634 4245 688 4300 5.
725 4244 981 4301 Parvulos
1005 4247 1167 4301 etiam
1197 4255 1419 4315 propter
1445 4245 1698 4312 salutem,
1729 4263 1851 4318 qua:
1893 4265 1990 4319 per
2045 4251 2162 4306 Sal-

565 4352 805 4398 vatorem
833 4341 1108 4396 Christum
1139 4341 1316 4402 datur.
1351 4339 1702 4410 baptizandos
1726 4351 1957 4412 negant;
1991 4361 2052 4400 ac
2085 4347 2162 4402 sic

556 4449 654 4492 eos
685 4433 961 4493 mortifera
987 4434 1091 4489 ista
1120 4432 1366 4488 doctrina
1396 4433 1449 4488 in
1478 4441 1742 4489 aeternum
1777 4446 1996 4503 necant,
2031 4455 2158 4508 pro-

2273 3247 2377 3302 Ora
2413 3262 2510 3315 pro
2539 3245 2717 3311 nobis,
2759 3243 2979 3298 domine
3009 3241 3322 3297 beatissime
3347 3253 3507 3311 papa.

2780 3397 3104 3456 EPISTOLA
3148 3395 3365 3454 XXVII.

2417 3529 2732 3571 IILEVITANI
2761 3528 2990 3570 CONCILII
3023 3529 3090 3567 AD
3117 3526 3480 3567 INNOCENTIUI
3523 3525 3718 3566 PAPAI.

2279 3647 2347 3702 Ut
2396 3647 2727 3700 inimicorum
2779 3643 2960 3712 gratia:
2999 3638 3190 3695 Christi
3241 3640 3582 3712 perniciosam
3631 3638 3866 3694 hwresim

2520 3755 2675 3808 quam
2699 3738 2924 3809 primum
2945 3737 3254 3791 auctoritate
3277 3749 3373 3788 sua
3403 3742 3652 3788 coerceat.

2275 3878 2504 3935 Domino
2524 3875 2838 3931 beatissimo
2866 3876 3168 3944 meritoque
3190 3872 3491 3929 venerabili
3521 3881 3573 3925 ct
3599 3871 3650 3925 in
3675 3868 3863 3924 Cbris~

2343 3981 2400 4026 to
2424 3967 2746 4024 honorando
2776 3984 2926 4038 papae
2954 3966 3294 4031 INNIICENTIO,
3323 3969 3586 4021 SILVANUS
3615 3965 3638 3994 ⁸
3669 3977 3859 4030 senex,

2345 4064 2711 4122 Vscsurmus.
2747 4061 3040 4122 Antistius.
3070 4060 3344 4124 Dosnus,
3379 4060 3729 4117 Rssrtrurus.
3757 4054 3864 4109 Lu-

2341 4170 2553 4218 cusus,
2597 4157 2849 4214 ALYPIUS,
2904 4157 3260 4219 Avcusrtsus,
3298 4153 3660 4215 PLACENTIUS,
3691 4149 3863 4204 Sars-

2343 4264 2462 4308 nus,
2497 4246 2878 4308 Fon'rusa'rus,
2931 4247 3226 4313 POSSIDIUS,
3261 4243 3526 4304 Novarus.
3559 4243 3858 4304 Sscusnus,

2342 4341 2727 4402 MAURENTIUS,
2794 4337 2942 4402 Leo,
3005 4335 3432 4403 P‘AusrtNtAnus,
3492 4333 3855 4400 Casscostus,

2343 4436 2626 4499 MALCHUS,
2677 4431 2696 4470 ί
2759 4431 3076 4497 Ltr'rontus,
3130 4429 3529 4496 Fonruauus,
3593 4430 3857 4493 DONATUS,

623 4625 650 4655 ι
678 4615 800 4670 Pih.
835 4629 961 4680 ms.,
996 4616 1144 4683 {usus
1173 4622 1299 4668 esset
1326 4610 1505 4686 ;rlsid.
1541 4628 1750 4686 necnon
1783 4613 1918 4669 edit.
1977 4613 2136 4670 Rom.
2172 4621 2222 4680 ι)
2248 4613 2494 4670 vincenda
2526 4621 2638 4686 tum
2655 4611 2906 4686 plurium
2967 4626 3102 4686 mss.
3147 4614 3496 4674 auctoritate,
3552 4622 3664 4669 tum
3711 4616 3857 4686 quod

555 4697 608 4746 et
631 4687 826 4741 concil.
875 4687 1016 4757 {usus
1073 4701 1198 4757 esse,
1252 4685 1455 4738 omisso
1486 4685 1681 4739 deinde
1719 4687 1807 4754 qui
1835 4687 1982 4756 [usus
2011 4703 2028 4741 :
2059 4703 2146 4741 re-

556 4755 962 4815 staurantur'i-x
993 4755 1233 4810 melioris
1266 4768 1405 4809 notze
1430 4771 1558 4810 mss.
1591 4757 1795 4811 Christi
1819 4755 1995 4812 autem
2032 4775 2150 4812 san-

560 4831 684 4900 guis
729 4830 781 4881 in
834 4828 1184 4900 remissionem
1233 4839 1558 4898 peccatorum
1608 4828 1917 4883 fundendus
1953 4831 2146 4885 Matth.

559 4899 711 4960 ixvt,
735 4900 825 4960 ΞΒ.
862 4899 1073 4965 legitur.

630 4970 658 5008 1³
679 4969 734 5022 In
760 4969 889 5022 odit.
923 4969 1080 5022 Rom.
1111 4980 1162 5021 ut
1199 4970 1338 5038 apud
1366 4969 1516 5023 Merl.
1553 4985 1836 5037 perperam
1875 4973 1959 5026 hic
1985 4971 2152 5024 addi-

559 5051 648 5096 tur
668 5039 866 5112 dicunt.
901 5041 1014 5092 lloc
1043 5041 1227 5112 Aip~um
1251 5042 1316 5092 de.
1345 5039 1601 5112 Cir-Iestio
1632 5041 1964 5111 Augustinus
1987 5053 2148 5112 θιιεεῐ.

558 5112 766 5186 £57m.
798 5109 889 5186 22,
922 5110 1276 5186 itacloquitur
1302 5130 1314 5164 :
1347 5110 1563 5186 Coarttts
1582 5123 1658 5186 est
1685 5109 1918 5181 conﬁteri
1939 5109 2150 5186 propter

556 5183 903 5256 baptizandos
927 5183 1205 5256 parvulos,
1257 5185 1395 5253 quod
1419 5195 1463 5237 et
1491 5184 1616 5254 ipsis
1665 5183 1945 5251 redemptio
1973 5188 2034 5240 sit
2063 5205 2151 5240 ne-

555 5252 800 5310 cessaria.
836 5252 1176 5330 U__bi,‘ittquit.
1219 5252 1530 5330 quamquam
1563 5257 1782 5309 noluerit
1907 5260 2150 5330 originali

557 5336 766 5397 peccato
823 5326 1022 5395 aliquid
1075 5325 1365 5396 expressius
1393 5326 1582 5398 direre.
1616 5337 1782 5380 tamen
1818 5329 1931 5398 ipso
1955 5325 2152 5384 rédem-

554 5399 743 5469 ptionis
775 5399 982 5469 nomine
1021 5413 1121 5449 non
1153 5413 1338 5469 parum
1363 5397 1461 5450 sibi
1491 5398 1826 5468 praescripsit.

629 5480 651 5508 ο
688 5469 830 5523 Etlil.
863 5468 1020 5522 Rom.
1053 5475 1110 5522 et
1129 5467 1346 5530 concil.,
1407 5467 1622 5531 possunt
1671 5471 1879 5523 astutia.
1945 5469 2142 5526 Vocem

550 5544 740 5594 astutia
763 5554 1105 5594 removi-ntus
1130 5542 1452 5592 auctoritate
1490 5542 1732 5592 omnium
1759 5555 1886 5594 mss.

622 5609 647 5647 ἀ
677 5611 730 5664 ltt
763 5626 862 5662 IIIS.
893 5610 1060 5664 Cm-b.
1089 5625 1118 5662 a
1151 5613 1170 5660 1
1211 5626 1394 5670 manu,
1445 5610 1768 5668 adnitenda.
1815 5621 1867 5665 et
1887 5613 2140 5668 secundis

547 5683 718 5745 cttris,
769 5680 838 5733 ad
878 5681 1133 5734 vitanda:
1163 5679 1306 5744 quod
1331 5691 1383 5733 et
1407 5689 1579 5733 exstat
1632 5681 1681 5733 in
1714 5680 1971 5736 Germ'in.
2005 5685 2134 5738 etin

543 5751 783 5807 editione
826 5751 1109 5820 Augustini
1140 5749 1423 5816 praelatum
1455 5761 1558 5808 est.
1588 5750 1904 5811 lictinemtts
1955 5763 2132 5812 tamen

2251 4687 2393 4743 infra
2419 4687 2579 4750 epist.
2613 4681 2705 4746 28,
2739 4698 2793 4735 It.
2827 4682 2916 4744 15,
2949 4684 3190 4751 episc0pi
3218 4687 3457 4753 quinque
3486 4699 3702 4740 rursum
3725 4681 3860 4742 scri-

2257 4760 2412 4819 bunt,
2447 4754 2724 4823 Pelagium
2769 4753 3064 4808 delentlere
3109 4754 3500 4825 possibilitatem
3539 4769 3739 4811 naturte
3790 4761 3858 4814 ad

2255 4825 2504 4883 vincenda
2521 4834 2728 4893 peccatu
2744 4834 2791 4876 et
2808 4825 3068 4897 implenda
3085 4827 3350 4897 mandatu.
3369 4825 3482 4892 Qua
3500 4840 3776 4897 proptere:
3804 4832 3856 4885 in

2261 4897 2626 4962 Ilinspnlitana
2652 4895 2862 4964 synodo
2885 4898 3202 4964 compulsus
3236 4895 3410 4950 fuerat
3441 4895 3621 4962 lateri,
3648 4903 3854 4966 quando

2257 4981 2438 5025 contra
2468 4968 2776 5020 tentationes
2799 4969 3345 5038 concupiscentiasque
3392 4969 3606 5022 illicitas
3637 4971 3852 5024 dimica-

2257 5060 2393 5104 mus,
2437 5057 2537 5093 non
2577 5055 2640 5092 ea:
2683 5038 2895 5106 propria
2925 5039 3212 5102 voluntate,
3234 5039 3322 5092 sed
3349 5055 3413 5093 ex
3443 5041 3708 5111 adjutorio
3756 5041 3855 5097 Dei

2252 5115 2515 5186 provenire
2537 5124 2846 5186 vtcroatrtn.
2950 5180 2960 5186 _
3129 5179 3142 5186 _
3222 5180 3228 5185 .

2329 5198 2351 5220 υ
2405 5187 2456 5237 In
2489 5187 2621 5238 edit.
2655 5183 2812 5234 Rom.
2849 5191 2902 5234 et
2934 5180 3072 5251 Aug.
3111 5179 3462 5235 desideratur
3488 5199 3645 5237 senex
3671 5199 3690 5236 :
3731 5200 3852 5250 quae

2255 5275 2358 5312 vox
2397 5258 2449 5308 in
2480 5255 2739 5311 omnibus
2782 5251 2986 5306 nostris
3016 5268 3152 5305 mss.
3183 5254 3531 5319 exprimitur.
3559 5253 3705 5307 Idem
3745 5256 3854 5311 Sil-

2254 5341 2428 5384 vanus
2453 5327 2598 5396 apud
2630 5321 2988 5396 Augustinum
3023 5335 3078 5378 et
3109 5325 3176 5378 a'J
3207 5325 3414 5378 calcem
3443 5327 3691 5393 epistolae
3723 5326 3846 5393 128,

2254 5417 2410 5455 senex
2455 5395 2686 5452 ecclesia:
2729 5395 3069 5456 Summensis,
3099 5406 3147 5448 et
3196 5396 3246 5447 in
3299 5396 3405 5448 litte
3437 5395 3684 5459 epistola)
3720 5398 3844 5462 129,

2256 5473 2438 5540 prima:
2475 5468 2614 5541 sedis
2641 5467 2920 5541 provincia:
2954 5463 3221 5519 Numidia?
3249 5466 3639 5541 subscribitur.
3677 5467 3846 5541 Porro

2252 5537 2397 5597 Afris
2426 5537 2656 5611 perinde
2683 5547 2772 5611 est
2797 5553 2953 5611 senes;
2998 5545 3160 5605 atque
3191 5537 3428 5611 primus:
3451 5540 3576 5611 quia
3608 5539 3748 5608 apud
3779 5541 3849 5595 il.

2251 5613 2328 5667 los
2367 5607 2632 5682 primatus
2663 5613 2712 5667 ei
2743 5608 3118 5674 deferebatur,
3151 5607 3242 5678 qui
3283 5607 3630 5665 ordinatione
3652 5607 3846 5667 ’senior

2245 5694 2384 5742 erat.

2319 5757 2338 5794 ί
2372 5757 2526 5814 Mcrl.
2570 5765 2625 5812 et
2674 5752 2840 5812 Crab.
2893 5767 3014 5809 cum
3063 5767 3172 5806 uno
3218 5765 3347 5819 ms.,
3387 5748 3668 5808 Lirtorius.
3703 5755 3843 5811 Aliae
