4210 6190
409 258 516 313 569

1637 255 1998 314 EPISTOLJE
2038 257 2128 313 ET
2169 253 2488 313 DECRETA
2501 296 2513 309 .

3607 253 3712 311 570

485 370 882 438 'PON'I‘ICANUS,
907 370 1270 435 SATURNINUS,
1292 368 1684 437 bCuescontus,
1706 371 1994 431 ιιοιιοιιιυδ.
2025 375 2080 434 Α
2105 367 2230 423 Non
2268 370 2514 430 uolentis.
2545 385 2710 440 neque
2741 369 3023 435 currentis,
3050 368 3140 423 sed
3179 367 3470 422 miserentis
3503 375 3576 422 est
3617 365 3716 420 Dei

483 464 698 531 Luetus,
753 467 1095 530 Ansonnus,
1147 463 1467 532 Pnocessus,
1511 461 1864 526 Causcostus,
1906 462 2006 518 Ss-

483 575 707 625 cuuous,
746 558 934 622 FELIX,
982 557 1293 623 Asu'rtws,
1332 568 1352 592 ο
1387 558 1745 618 RUFINIANUS,
1779 555 2006 611 FAUSTI-

481 667 600 716 nos,
631 650 860 712 Ssnvus,
890 650 1224 714 TERENTIUS,
1255 649 1607 717 CRESCONIUS,
1639 649 1999 714 SPERANTIUS,

483 744 828 812 Qusnnuus,
848 743 1136 805 LUCILLUS,
1167 743 1415 808 Sumus,
1441 739 1467 779 ἀ
1487 743 1805 806 ΡΑυετιιιυε,
1831 740 2003 795 Cess-

485 850 687 900 comvs,
714 833 936 899 Vtcrou,
969 845 992 872 θ
1021 835 1332 895 ϐισλιιτιυδ,
1367 835 1735 899 Possmnttms,
1769 837 2005 888 Aurom-

485 941 601 990 uos,
623 925 640 964 ί
660 925 1031 991 Ιιικοοεκτιυε,
1051 925 1370 982 Ptuzsmws.
1391 923 1781 987 Cnsscsurws,
1812 925 2002 991 Fsux,

484 1021 806 1086 Auroumos,
831 1019 1056 1086 Vtcrou,
1090 1019 1438 1086 "ttNOItATUS,
1467 1019 1739 1086 Dounus,
1765 1018 2000 1085 PETRUS,

484 1113 797 1178 Pitazstotos,
827 1110 1176 1179 CRESCONIUS,
1213 1111 1537 1178 LAIIPADIUS,
1579 1112 1904 1180 Dmumus,
1936 1127 2004 1168 ex

484 1204 716 1262 concilio
747 1204 1056 1261 Milevitano
1082 1204 1136 1260 in
1162 1204 1398 1260 Domino
1427 1204 1690 1259 salutem.

489 1387 539 1443 Ι.
572 1385 705 1452 Quia
729 1393 782 1440 te
807 1383 1067 1439 Dominus
1091 1384 1280 1454 gratire
1331 1399 1446 1440 suae
1473 1384 1749 1454 praecipuo
1775 1397 2005 1439 munere

415 1483 470 1540 in
504 1481 633 1538 sede
662 1482 958 1554 apostolica
985 1482 1296 1544 collocavit,
1333 1483 1606 1554 talemque
1635 1483 1838 1538 nostris
1873 1493 2007 1538 tem-

416 1575 639 1647 poribus
670 1573 946 1643 praestitit,
979 1584 1036 1627 ut
1066 1574 1220 1628 nobis
1257 1573 1438 1643 potius
1479 1575 1544 1628 ad
1587 1578 1802 1644 cu!pam
1837 1576 2007 1644 negli-

415 1667 616 1738 gentia:
654 1667 856 1733 valeat,
890 1667 933 1721 si
960 1667 1101 1736 apud
1135 1677 1278 1720 tuam
1310 1667 1715 1722 Venerationem
1746 1684 1865 1734 qua;
1909 1683 2006 1737 pro

2110 465 2287 536 (Rom.
2316 481 2397 531 ix,
2427 463 2550 537 16);
2574 474 2654 528 et,
2681 461 2884 517 Fidelis
2908 461 3072 530 Deus,
3102 463 3191 533 qui
3215 477 3302 517 vos
3329 477 3431 515 non
3457 459 3709 532 permittit

2111 559 2302 613 tentari
2324 575 2480 629 super
2501 559 2578 624 id,
2603 558 2742 628 quod
2767 559 3002 628 potestis,
3029 555 3119 612 sed
3144 556 3297 626 faciet
3320 570 3437 607 cum
3463 553 3706 608 tentutio-

2111 669 2173 706 ne
2215 654 2371 706 etiam
2413 654 2632 719 exitum,
2664 661 2719 706 ut
2751 652 2958 724 possitis
3000 651 3252 706 sustinere
3277 649 3318 723 (1
3344 647 3467 705 Cor.
3497 666 3551 713 x,
3593 647 3704 718 15).

2111 743 2332 798 Frustra
2358 745 2522 798 etiam
2548 744 2812 799 Dominus
2835 745 3036 799 dixerit
3059 744 3306 813 apostolo
3333 743 3512 810 Petro,
3533 741 3711 812 Roga-

2110 835 2156 888 ui
2183 852 2277 907 pro
2301 846 2370 902 te,
2398 853 2460 890 ne
2483 836 2694 904 deﬁciat
2726 836 2857 905 ﬁdes
2889 847 2978 890 tua
3007 834 3190 904 (Luca:
3214 851 3347 897 xm.
3375 833 3489 903 '52);
3517 844 3570 889 et
3595 849 3713 888 om-

2109 927 2272 982 nibus
2297 929 2432 996 suis,
2471 927 2694 999 Vigilate
2716 939 2761 982 et
2797 937 2965 994 orate,
2992 945 3054 982 ne
3077 929 3279 981 intretis
3303 929 3357 981 in
3383 927 3714 982 tertationent

2109 1019 2325 1094 (Matth.
2353 1037 2502 1087 xxtv,
2528 1021 2623 1090 ιι)
2654 1039 2666 1075 :
2694 1020 2739 1075 si
2765 1021 2866 1076 hoc
2892 1031 3065 1076 totum
3092 1030 3177 1077 est
3202 1023 3488 1092 potestatis
3516 1021 3713 1074 huma-

2110 1127 2212 1166 nae.
2241 1111 2446 1168 Pueros
2470 1128 2690 1184 quoque
2716 1113 2991 1183 parvulos,
3022 1111 3046 1150 ιι
3075 1114 3176 1168 etsi
3213 1114 3378 1168 nullis
3403 1112 3718 1167 imbuantur

2107 1208 2430 1262 Christianae
2448 1209 2639 1278 gratiae
2664 1210 3047 1275 sacramentis,
3064 1209 3347 1263 habituros
3371 1207 3538 1263 vitam
3560 1215 3720 1261 teter-

2109 1314 2258 1365 nam,
2290 1297 2303 1335 ί
2335 1314 2676 1370 nequaquam
2701 1300 3010 1355 Christiana
3041 1303 3469 1370 praesumptione
3492 1309 3720 1357 conten-

2110 1393 2268 1457 dunt,
2295 1403 2629 1450 evacuantes
2673 1395 2815 1466 quod
2862 1396 2995 1450 dicit
3040 1397 3356 1466 Apostolus,
3387 1395 3494 1449 Per
3547 1413 3709 1450 unum

2109 1485 2367 1540 hominem
2400 1497 2664 1558 peccatum
2697 1490 2905 1542 intravit
2929 1489 2983 1541 in
3011 1489 3294 1555 mundum,
3320 1498 3368 1544 et
3411 1506 3503 1562 per
3533 1506 3718 1559 pecca-

2111 1588 2218 1632 tum
2246 1594 2404 1641 ntors,
2436 1588 2484 1632 et
2507 1580 2580 1632 ita
2609 1580 2662 1633 in
2687 1597 2862 1634 omnes
2889 1581 3120 1636 homines
3161 1583 3488 1652 pertransiit,
3519 1583 3572 1636 in
3612 1598 3716 1652 quo

2113 1687 2287 1724 omnes
2309 1682 2647 1742 peccaverunt
2675 1672 2855 1744 (Rom.
2889 1688 2943 1737 v,
2973 1673 3084 1744 12);
3116 1684 3171 1728 et
3192 1675 3302 1729 alio
3326 1674 3471 1738 loco,
3495 1675 3628 1728 sicut
3657 1675 3713 1728 in

413 1760 660 1816 Ecclesia
692 1759 1034 1830 suggerenda
1066 1769 1193 1814 sunt
1238 1760 1587 1827 tacuerimus,
1622 1775 1782 1830 quam
1829 1775 1890 1816 ea
1950 1770 2006 1815 tu
2039 1772 2085 1832 Β
2115 1763 2281 1816 Adam
2303 1779 2482 1817 omnes
2513 1763 2829 1829 moriantur,
2855 1765 2929 1819 sic
2955 1766 3010 1818 in
3042 1763 3250 1820 Christo
3277 1783 3455 1820 omnes
3490 1767 3717 1836 viviﬁca-

415 1855 595 1925 possis
641 1854 724 1910 vel
756 1853 1041 1908 fastidiose
1071 1853 1158 1908 vel
1202 1853 1542 1923 negligenter
1589 1855 1867 1922 accipere;
1899 1868 2007 1908 ma-

414 1948 536 2020 gnis
569 1947 828 2017 periculis
872 1947 1212 2001 inﬁrmorum
1247 1947 1620 2001 membrorum
1645 1943 1848 2001 Christi
1885 1962 2006 2016 pas-

415 2041 644 2096 toralem
669 2040 1035 2110 diligentiam,
1070 2053 1402 2108 quaesumus,
1431 2040 1694 2094 adhibere
1740 2041 2003 2110 digneris.

483 2133 539 2187 2.
586 2132 734 2188 Nova
786 2133 990 2202 quippe
1045 2131 1270 2187 limresis
1325 2143 1381 2188 et
1427 2133 1652 2186 nimium
1701 2133 2005 2203 perniciosa

418 2236 444 2274 tt
474 2235 646 2281 tentat
698 2239 983 2295 assurgere
1030 2226 1376 2280 inimicorum
1427 2228 1619 2297 gratiae
1666 2227 2004 2298 Christi,qui

415 2317 572 2373 nobis
625 2318 962 2374 Dominicam
1007 2318 1170 2373 etiam
1209 2321 1510 2373 orationem
1556 2319 1738 2386 impiis
1769 2319 2007 2389 disputa-

415 2412 658 2468 tionibus
690 2425 962 2469 conantur
999 2413 1234 2468 auferre.
1267 2412 1402 2469 Cum
1435 2415 1580 2470 enim
1613 2415 1879 2469 Dominus
1910 2416 2008 2468 do-

413 2509 592 2564 cuerit
617 2518 673 2564 ut
702 2509 967 2574 dicamus,
1009 2509 1221 2564 Dimitte
1251 2510 1396 2563 nobis
1433 2509 1603 2563 debita
1646 2520 1845 2576 nostra,
1875 2511 2006 2564 sicut

415 2610 462 2656 et
489 2617 584 2655 nos
615 2601 922 2656 dimittimus
963 2601 1279 2656 debitoribus
1307 2604 1494 2656 nostris
1523 2600 1740 2672 (Matth.
1775 2618 1846 2668 Vl,
1880 2603 1962 2670 l2)
1992 2623 2002 2656 :

415 2691 501 2744 isti
546 2690 756 2755 dicunt.
792 2707 952 2762 posse
991 2693 1272 2746 hominem
1321 2693 1373 2747 in
1410 2692 1510 2748 hac
1553 2694 1683 2758 vita,
1721 2694 2008 2762 pra'ceptis

416 2781 510 2836 Dei
530 2782 781 2852 cognitis,
822 2783 889 2836 ad
933 2793 1136 2838 tantam
1187 2782 1580 2853 perfectionem
1619 2784 1847 2852 iustitia:
1890 2785 2007 2838 sine

413 2875 685 2944 adjutorio
712 2878 903 2946 gratim
929 2877 1230 2933 Salvatoris
1256 2893 1351 2947 per
1394 2881 1570 2934 solum
1609 2880 1795 2934 libera:
1823 2881 2008 2934 volun-

414 2967 538 3022 tatis
564 2967 848 3022 arbitrium
879 2973 1189 3038 perveuirc,
1223 2979 1279 3023 ut
1306 2971 1352 3024 ei
1387 2987 1493 3025 non
1529 2971 1597 3025 sit
1613 2973 1722 3040 jam
1757 2987 2008 3027 necessa-

413 3059 550 3114 rium
577 3060 780 3126 dicere,
821 3060 1034 3115 Dimitte
1061 3062 1208 3116 nobis
1249 3063 1420 3117 debita
1448 3074 1629 3118 nostra
1659 3081 1676 3117 :
1709 3064 1834 3118 illud
1876 3081 2007 3120 vero

2112 1857 2303 1910 buntur
2329 1857 2371 1927 (ι
2412 1855 2532 1912 Cor.
2572 1875 2660 1924 xv,
2687 1859 2804 1930 22).
2831 1858 2901 1914 Ut
2941 1874 3073 1930 ergo
3098 1860 3202 1915 alia
3230 1862 3567 1928 omittamus,
3593 1876 3716 1931 qua:

2111 1960 2296 2005 contra
2319 1963 2539 2006 sanctas
2564 1952 2878 2022 Scripturas
2904 1953 3134 2022 plurima
3157 1956 3455 2023 disserunt,
3481 1956 3599 2010 hinc
3622 1956 3708 2010 in-

2112 2043 2271 2097 terim
2313 2043 2443 2109 duo,
2478 2044 2680 2113 quibus
2721 2046 2947 2100 omnino
2993 2055 3162 2101 totum
3209 2048 3356 2116 quod
3410 2048 3711 2103 Christiani

2108 2154 2299 2194 sumus
2326 2148 2591 2193 conantur
2629 2149 2900 2204 evertere,
2931 2158 3048 2210 quae
3077 2141 3255 2197 ﬁdelia
3302 2141 3467 2197 corda
3497 2143 3510 2192 t'
3547 2143 3712 2198 susti-

2113 2241 2299 2295 neant,
2329 2248 2434 2286 non
2463 2246 2586 2287 esse
2612 2233 2914 2302 rogandum
2963 2233 3130 2288 Deum
3168 2243 3219 2288 ut
3263 2243 3453 2288 contra
3500 2235 3710 2304 peccati

2111 2323 2315 2378 malum
2341 2337 2507 2394 atque
2537 2324 2602 2379 ad
2630 2325 2964 2394 operandam
2987 2325 3256 2394 justitiam
3283 2325 3353 2380 sit
3389 2334 3580 2380 noster
3619 2325 3714 2380 ads

2109 2416 2276 2486 jutor,
2319 2427 2373 2470 et
2418 2433 2522 2470 non
2569 2417 2825 2487 opitulari
2872 2418 3108 2487 parvulis
3155 2419 3218 2472 ad
3264 2418 3708 2488 consequendam

2110 2508 2273 2562 vitam
2299 2516 2560 2562 mtcruam
2588 2507 2917 2563 Christiana:
2941 2511 3128 2579 gratia:
3153 2518 3577 2566 sacramentum.

2182 2605 2234 2657 ‘5.
2285 2603 2412 2656 llwc
2457 2603 2794 2658 insinuantes
2837 2603 3143 2670 apostolico
3187 2605 3393 2671 pectori
3443 2614 3555 2668 tuo,
3603 2617 3710 2658 non

2110 2709 2244 2764 Opus
2271 2695 2532 2748 habemus
2565 2693 2730 2748 multa
2777 2693 2984 2755 dicere,
3013 2705 3068 2747 et
3114 2704 3324 2749 tantam
3377 2696 3712 2763 impietatem

2108 2785 2288 2841 verbis
2326 2801 2686 2856 exaggerare;
2737 2800 2861 2840 cum
2888 2785 3078 2854 procul
3118 2786 3286 2840 dubio
3315 2797 3364 2840 te
3391 2785 3414 2823 ¹ί
3449 2789 3548 2841 ista
3577 2803 3706 2857 per~

2109 2890 2383 2945 moveant,
2411 2889 2467 2932 ut
2501 2881 2570 2933 ab
2614 2881 2696 2934 eis
2741 2878 3104 2947 corrigendis,
3135 2895 3201 2934 ne
3248 2880 3412 2933 latius
3456 2890 3699 2950 serpant,

2111 2975 2416 3043 multosque
2441 2973 2839 3040 contaminent,
2876 2973 2959 3027 vel
3002 2972 3182 3040 potius
3209 2972 3548 3037 interimant,
3576 2971 3703 3026 dmn

2108 3065 2208 3119 sub
2236 3066 2454 3120 nomine
2479 3064 2680 3120 Christi
2704 3081 2733 3118 a
2769 3065 2939 3136 gratia
2968 3063 3173 3120 Christi
3201 3066 3415 3134 penitus
3441 3064 3704 3132 alienant,

410 3153 552 3219 quod
596 3153 863 3224 sequitur,
893 3155 977 3209 Ne
1012 3171 1103 3209 nos
1139 3157 1336 3226 inferas
1366 3157 1419 3210 in
1448 3157 1778 3210 lentationem
1807 3156 1994 3227 (Ibid,
2029 3154 2075 3218 C
2106 3158 2329 3213 omnino
2371 3157 2719 3212 dissimulare
2744 3173 2851 3212 non
2883 3160 3078 3226 possis.
3109 3157 3278 3225 Hujus
3314 3167 3495 3212 autem
3525 3159 3706 3226 perni-

413 3242 527 3313 15),
559 3259 663 3298 non
696 3246 766 3299 ita
798 3246 1234 3315 intelligendum,
1270 3259 1542 3314 tamquam
1575 3249 1818 3302 divinum
1851 3249 2003 3318 adju-

411 3341 612 3393 torium
658 3354 884 3408 poscere
933 3339 1255 3408 debeamus,
1286 3358 1353 3395 ne
1403 3343 1453 3395 in
1496 3354 1776 3412 peccatum
1810 3342 2003 3396 tentati

408 3431 761 3499 decidamus;
789 3433 884 3489 sed
915 3435 1017 3490 hoc
1065 3435 1117 3488 in
1153 3444 1338 3490 nostra
1378 3450 1499 3491 esse
1542 3440 1781 3508 positum
1817 3447 1999 3508 potes-

412 3532 546 3590 tate,
577 3533 631 3580 et
660 3526 725 3580 ad
756 3525 854 3582 hoc
882 3527 1212 3597 implendum
1247 3528 1420 3582 solam
1458 3528 1716 3584 sufﬁcere
1765 3530 2002 3586 hominis

411 3617 744 3675 voluntatem
796 3631 1118 3692 :tamquatn
1177 3622 1374 3676 frustra
1426 3621 1722 3692 Apostolus
1773 3621 1998 3691 dixerit,

407 3849 536 3904 edit.
565 3849 764 3905 concil.
801 3860 923 3919 post
957 3849 1137 3913 Rom.,
1180 3847 1454 3902 Victorius.
1486 3847 1683 3902 Caneri
1719 3844 1989 3919 libri,_L_i-

407 3923 572 3975 torius
599 3933 690 3974 aut
724 3916 992 3975 Lit'toritts.
1019 3922 1075 3976 ltt
1107 3920 1400 3976 collatione
1427 3919 1741 3989 Carthagin.
1778 3933 1828 3972 c.
1863 3916 1987 3981 155,

407 3991 637 4064 Litorius
660 3991 941 4047 Suavensis
970 3993 1242 4064 episcopus
1259 3993 1589 4064 appellatur.

479 4073 505 4100 ⁸
539 4063 679 4118 Pith.
707 4080 810 4118 ms.
844 4073 898 4118 et
931 4058 1069 4118 unus
1117 4058 1304 4123 Colb.,
1347 4061 1703 4116 Ponticianus.
1737 4059 1843 4114 Alii
1885 4058 1992 4113 duo

404 4149 526 4189 cum
553 4135 731 4197 Merl.,
763 4135 924 4190 Crab.
951 4148 1002 4189 et
1035 4135 1263 4202 Quesn.,
1300 4133 1612 4187 Pontianus.

475 4205 503 4243 δ
559 4207 613 4261 ln
657 4206 792 4261 edit.
828 4209 980 4261 lloin.
1019 4201 1076 4260 et
1124 4210 1288 4276 Aug.,
1345 4202 1777 4276 Christoniusalu
1827 4201 1992 4276 editis

406 4277 526 4330 aliis
559 4286 616 4332 ut
646 4277 699 4332 in
731 4278 984 4332 omnibus
1028 4272 1234 4331 nostris
1286 4292 1446 4342 mss.,
1483 4275 1802 4328 Cresconius.
1851 4272 1995 4326 Aliis

406 4346 671 4404 familiare
702 4349 869 4404 fuisse
893 4348 1152 4403 Cresconii
1187 4365 1284 4403 seu
1308 4348 1560 4402 Crisconii
1591 4361 1792 4400 nomen
1841 4345 1996 4396 testis

405 4429 486 4472 est
520 4418 755 4476 Collatio
799 4420 1279 4490 Cartltagiuensis,
1307 4421 1394 4472 cui
1444 4415 1993 4490 pluresdiversarunt

404 4491 609 4614 stadium
634 4492 878 4562 episcopi
911 4485 1224 4547 interfuisse
1267 4485 1521 4560 leguntur
1549 4488 1740 4542 eodem
1773 4485 1996 4540 nomine

443 4573 612 4614 onatu

443 4563 612 4616 onatL

480 4644 501 4671 ο
529 4635 777 4700 Quinque
824 4651 856 4690 e
896 4635 1095 4690 nostris
1140 4649 1274 4689 mss.
1322 4649 1443 4687 cum
1499 4631 1681 4696 Met-1.,
1727 4627 1890 4683 Crab.
1942 4639 1998 4682 et

405 4702 608 4776 Quesn.
623 4745 638 4769 ,
674 4705 919 4776 Ruﬁnus.

475 4773 502 4813 τί
532 4769 770 4831 llursuui
810 4777 1058 4843 Sabinus,
1089 4777 1210 4831 loco
1263 4774 1532 4836 Faustini,
1568 4771 1710 4843 apud
1758 4769 1993 4836 Quean

405 4845 564 4913 Lab.,
595 4848 788 4915 Crab.,
822 4849 1005 4913 Merl.,
1035 4842 1092 4902 ut
1122 4851 1172 4900 in
1203 4845 1612 4914 exemplaribus
1636 4842 1766 4898 Isid.
1796 4843 1996 4910 repeti-

404 4927 512 4981 tur,
546 4919 947 4989 refragantibus
977 4920 1282 4989 potioribus
1316 4931 1448 4970 mss.

479 4999 501 5026 ε
535 4986 880 5060 ΑριιάἈιιε.,
903 4986 1233 5061 (ὲίριιαηιὶιιε.
1261 4989 1431 5055 Ilnjus
1454 4995 1634 5040 autem
1661 4986 1902 5055 episcopi
1933 4999 1996 5039 ac

405 5075 600 5131 novem
654 5066 1107 5131 subsequeottum
1155 5061 1407 5126 nomina,
1442 5068 1659 5131 propter
1702 5072 1994 5131 I_‘t2(t(3llllltll

413 5129 635 5186 Victoris
677 5129 1025 5198 vocabulum,
1067 5133 1268 5186 usitato
1313 5129 1666 5184 librariormu
1709 5129 1889 5199 lapsu,
1944 5145 1994 5180 ιιι

404 5203 534 5257 edit.
562 5205 762 5260 concil.
801 5206 1315 5272 prmtermittuutur.

479 5276 497 5311 ί
524 5274 652 5328 Isid.
690 5267 822 5330 mss.
857 5293 1070 5329 necnon
1102 5274 1194 5329 alii
1222 5275 1328 5326 duo
1351 5271 1510 5326 Coll).
1550 5287 1672 5325 cum
1707 5268 1856 5323 Pith.
1904 5267 2000 5322 ln-

403 5348 688 5416 nocentius,
720 5345 895 5415 Felix,
915 5346 1136 5401 omissis
1168 5344 1408 5399 Ρηιίἱόἰὶ
1435 5353 1491 5398 et
1512 5341 1795 5397 Crescentii
1823 5343 2000 5395 muni-

405 5417 586 5472 nibus.
1882 5455 1887 5462 .

477 5498 502 5532 ε
534 5487 834 5544 Garoerius
859 5505 888 5544 e
916 5488 1110 5558 priscis
1137 5485 1420 5558 Augustini
1459 5486 1791 5542 editionibus
1836 5499 1992 5558 revo-

403 5560 566 5632 CaYit,
595 5562 884 5630 perniciosa
920 5557 1191 5632 tempestas
1229 5557 1560 5612 inimicorum
1593 5557 1774 5629 gratiae
1813 5557 1988 5624 capit,

404 5630 806 5700 refragantibus
834 5632 959 5686 aliis
983 5630 1142 5686 editis
1167 5645 1219 5685 et
1241 5631 1500 5684 omnibus
1531 5642 1664 5682 mss.

457 5698 503 5765 ,ιι
535 5696 676 5757 Ιξιιὶι.
717 5705 873 5756 Hom.
905 5713 960 5756 et
1005 5704 1232 5764 concil.,
1264 5703 1309 5754 si
1354 5701 1530 5762 nullis,
1562 5699 1758 5768 quibus
1797 5696 1992 5751 solTra-

403 5775 598 5839 gtlnltll‘
621 5789 751 5830 ttlss.
783 5774 985 5830 Dcitldc
1024 5777 1163 5843 apud
1197 5775 1364 5829 Gat'n.
1402 5787 1454 5828 et
1484 5773 1714 5838 August.
1745 5771 1990 5823 innoven-

2026 4568 2076 4628 D

2105 3250 2394 3304 ciosissimi
2419 3251 2623 3306 erroris
2647 3259 2903 3303 auctores
2927 3264 3049 3305 esse
3075 3249 3432 3317 perhibentur
3454 3247 3706 3317 Pelagius

2103 3353 2159 3400 et
2180 3342 2491 3412 lecstius,
2535 3360 2673 3415 quos
2703 3345 2928 3414 quidem
2956 3345 3007 3398 in
3036 3345 3280 3398 Ecclesia
3313 3345 3490 3398 sanari
3537 3343 3712 3398 malu-

2106 3453 2246 3505 mus,
2273 3454 2438 3508 quam
2466 3440 2754 3508 desperata
2781 3440 2954 3494 salute
2985 3439 3054 3492 ab
3091 3438 3334 3494 Ecclesia
3370 3438 3634 3503 resecari,
3659 3437 3706 3492 si

2105 3530 2403 3584 necessitas
2430 3532 2579 3585 nulla
2602 3532 2922 3600 compellat.
2941 3532 3184 3599 Quorum
3213 3547 3376 3596 unus,
3397 3531 3447 3585 id
3478 3539 3563 3585 est
3585 3532 3707 3585 εω-

2102 3625 2312 3692 lestius,
2344 3627 2511 3681 etiam
2537 3625 2603 3680 ad
2640 3627 3040 3696 presbyterium
3071 3625 3126 3680 in
3166 3625 3294 3680 Asia
3338 3624 3355 3662 ι
3387 3624 3703 3696 pervenisse

2093 3856 2196 3903 tur.
2230 3849 2473 3904 Lectioui
2505 3850 2598 3904 etsi
2619 3849 2779 3904 nullis
2807 3849 2953 3902 favet
2981 3848 3115 3902 illud
3147 3848 3455 3916 superioris
3489 3848 3698 3918 cpisto-

2097 3919 2158 3972 la:
2191 3937 2244 3973 ιι.
2368 3923 2717 3990 promittentes
2762 3935 2975 3975 ETIAMSI
3009 3937 3113 3973 non
3157 3919 3508 3988 baptizentur,
3543 3921 3692 3971 habi-

2093 4001 2238 4044 turos
2271 3993 2424 4044 titam
2451 4003 2716 4046 aeternam.
2747 3991 2876 4045 [nde
2907 3993 3068 4045 etiam
3107 3992 3455 4058 perspicumn
3483 3999 3563 4044 est
3584 4008 3702 4060 gra-

2101 4063 2185 4115 tia:
2214 4062 2522 4118 Christiante
2545 4074 2868 4117 sacramenta
2904 4063 2990 4116 hic
3020 4063 3352 4130 baptismum
3388 4063 3593 4114 vocari.

2180 4133 2191 4169 ί
2225 4135 2328 4186 Pro
2347 4151 2687 4203 nequaquam,
2709 4136 2942 4189 Garncr.
2969 4136 3167 4186 sulistit
3192 4135 3247 4185 :it
3274 4149 3492 4202 nequam
3513 4149 3530 4186 :
3553 4130 3696 4202 quod

2101 4204 2295 4258 exinde
2347 4205 2399 4258 itt
2445 4208 2581 4260 edit.
2610 4204 2750 4273 Aug.
2785 4208 3130 4258 translatum.
3172 4203 3510 4273 Ambiguitas
3545 4205 3699 4257 tolle-

2101 4285 2210 4338 tur,
2240 4275 2283 4328 si
2316 4275 2513 4346 legeris
2566 4277 2963 4342 prtesuntptione
3009 4291 3331 4346 nequaquam
3381 4273 3697 4327 Christiana.

2176 4345 2188 4397 i
2225 4345 2481 4413 Gal'ttel‘.,
2511 4364 2613 4401 non
2634 4349 2903 4411 sustinent,
2930 4345 3141 4415 :ttljecta
3176 4346 3440 4415 particula
3470 4354 3698 4415 ttegalttc

2101 4429 2303 4487 prazter
2345 4430 2593 4472 veterum
2639 4422 2895 4473 codicum
2933 4419 3088 4474 tidem
3123 4433 3185 4471 ac
3219 4419 3355 4471 citra
3395 4417 3698 4472 necessita-

2103 4498 2209 4544 tem
2219 4529 2232 4542 .

2173 4558 2198 4597 ¹ί
2231 4559 2385 4629 Apud
2417 4560 2620 4627 Quesn.
2651 4572 2703 4614 et
2740 4563 2900 4628 Aug.,
2935 4570 2982 4614 te
3013 4561 3084 4612 ita
3112 4568 3464 4629 permoveant.

2180 4626 2360 4685 illum
2411 4626 2480 4684 ita
2535 4639 2719 4684 narrat
2768 4626 2898 4682 Mar.
2931 4626 3202 4684 Mercator
3245 4626 3534 4683 Common.
3580 4643 3630 4682 c.
3668 4631 3692 4683 1

2100 4702 2232 4756 edit.
2269 4703 2454 4756 Baluz.
2492 4719 2544 4768 p.
2578 4701 2703 4756 155.
2738 4701 3028 4756 Caelestius
3074 4701 3142 4754 de
3190 4715 3288 4754 sex
3345 4698 3598 4768 capitulis
3641 4701 3694 4752 in

2099 4772 2515 4839 Cartliaginensi
2567 4773 2799 4826 concilio
2849 4783 3174 4832 accusatus,
3222 4786 3394 4835 eaque
3437 4771 3698 4825 damnare

2095 4845 2304 4911 jussus,
2325 4845 2422 4897 sed
2455 4844 2600 4896 nullo
2622 4846 2778 4896 modo
2799 4844 3147 4910 acquiescens,
3179 4839 3529 4911 ecclesiastica
3553 4857 3696 4894 cont-

2101 4910 2346 4968 munione
2374 4916 2603 4980 privatus
2638 4925 2730 4967 est.
2758 4914 2801 4967 Α
2829 4931 2930 4984 qua
2953 4913 3204 4967 sententia
3235 4913 3302 4963 ad
3332 4910 3551 4965 Romani
3590 4914 3698 4984 epi-

2100 4988 2240 5051 scopi
2268 5001 2481 5038 examen
2529 4985 2749 5036 credidit
2800 4984 3174 5053 appellandum
3208 5000 3221 5035 :
3252 4999 3354 5053 qua
3401 4999 3520 5036 trioa:
3557 4983 3694 5038 idem

2101 5003 2238 5051 scopi
2268 5002 2481 5038 examen
2529 5002 2749 5036 creatatt
2800 5002 2866 5049 ap
2909 5002 3174 5037 ettanaum
3208 5002 3221 5035 :
3252 5002 3354 5053 qua
3401 5002 3520 5036 mox
3557 5002 3694 5038 taent

2101 5055 2461 5121 appellatione
2491 5053 2745 5124 neglecta,
2768 5002 3032 5121 Epfesunt
3062 5054 3386 5107 Asiwurbent
3410 5056 3695 5119 contendit,

2101 5126 2274 5197 ibique
2318 5143 2473 5179 ausus
2526 5135 2597 5178 est
2651 5142 2741 5197 per
2783 5126 3129 5197 obreptioneut
3175 5124 3344 5178 locum
3392 5127 3698 5196 presbyterii

2104 5212 2293 5266 petere.
2326 5200 2500 5251 Antea
2531 5197 2675 5250 circa
2709 5199 2913 5251 exitum
2941 5198 3066 5250 anui
3114 5197 3240 5262 Ml,
3273 5207 3412 5251 teSIe
3446 5197 3696 5266 Augusti-

2103 5285 2174 5324 no
2218 5270 2380 5337 cpist.
2436 5268 2560 5330 157,
2613 5284 2668 5322 ιι.
2721 5268 2812 5330 22,
2862 5266 3192 5336 Carthagine
3253 5270 3611 5328 constitutus,
3644 5267 3699 5319 in

2103 5341 2334 5412 ejusdem
2365 5340 2585 5392 ciuitatis
2615 5340 2825 5412 ecclesia
2859 5342 2923 5412 ja
2945 5358 2971 5412 ιε
3006 5340 3073 5412 ad
3121 5340 3423 5412 presbyterii
3449 5339 3694 5412 honorent

2101 5409 2371 5480 subrepere
2413 5419 2636 5478 cceperat
2670 5411 2794 5464 :sed
2835 5410 3138 5480 ﬁdelissima
3188 5409 3424 5462 libertate
3474 5411 3696 5480 fratrum

2101 5478 2313 5556 propter
2341 5484 2434 5537 has
2459 5484 2596 5556 ipsas
2628 5492 2805 5536 contra
2833 5478 3027 5556 Christi
3064 5480 3283 5556 gratiam
3328 5478 3697 5556 disputationes

2102 5547 2258 5624 usque
2289 5556 2354 5608 ad
2373 5547 2636 5623 judicium
2661 5551 2955 5624 episc0palc
2983 5547 3256 5624 perductus
3280 5557 3374 5601 est.
3410 5547 3598 5602 Exstat
3629 5547 3697 5603 ad

2099 5620 2223 5682 enin
2258 5620 2490 5680 Nesiorii
2551 5625 2780 5694 cpistola
2827 5620 2967 5692 apud
3000 5623 3133 5676 Mar.
3174 5620 3529 5694 Mercatorcui
3557 5635 3693 5694 pag.

2101 5698 2228 5762 151,
2255 5695 2548 5751 honorabili
2588 5688 2642 5750 ἐι
2690 5688 3077 5765 religiosissima
3123 5690 3414 5759 presbytero
3458 5688 3694 5746 Ctelestio

2099 5770 2384 5836 inscripta.
