4344 6174
598 247 702 304 δτι

1849 246 1908 303 Β,
1947 243 2339 304 INNOCENTII
2361 243 2400 305 ‘l
2437 243 2645 308 ΡΔΡΑΞ

3789 245 3898 306 572

599 362 821 416 dicltur.
853 361 925 417 De
951 376 1058 432 quo
1077 371 1202 416 ante
1226 373 1430 430 paucos
1461 374 1636 414 annos
1673 358 1802 430 quid
1825 370 2039 428 gestum
2075 358 2192 416 fue-
2217 364 2281 426 A-
2363 359 2504 419 mitte
2531 375 2564 413 a
2586 357 2828 429 ﬁdelibus
2872 353 3100 430 intelligi
3123 353 3428 413 estolidum.
3461 354 3614 425 Quod
3638 356 3762 414 item
3797 360 3895 429 ait,

599 454 690 522 rit,
724 455 985 510 sanctitas
1015 462 1104 507 tua
1150 453 1216 507 de
1239 451 1655 522 Carthagiiiensi
1689 452 1920 508 ecclesia
1950 460 1975 488 α
2001 450 2195 510 melius

604 549 912 604 instruitur.
935 546 1181 614 Pelagius
1197 559 1354 610 vero,
1381 543 1521 598 sicut
1540 559 1569 598 a
1593 545 1919 614 quibusdam
1943 544 2202 600 fratribus

610 640 814 696 nostris
859 641 1038 693 missa:
1078 637 1374 706 loquuntur
1397 638 1665 708 epistolas,
1692 638 2048 710 Jerosolymis
2068 653 2203 692 cn...

605 735 828 791 stitutus
889 732 1184 787 nonnullos
1241 730 1432 788 fallere
1476 735 1755 787 asseritur.
1811 732 2201 788 Verumtamen

607 827 782 881 multo
817 825 1024 893 plures,
1053 824 1143 894 qui
1175 823 1294 893 ejus
1337 838 1533 879 sensus
1575 823 1897 894 diligentius
1942 823 2203 892 indagare

607 931 921 991 pctuerunt,
950 918 1213 974 adversus
1259 935 1382 974 eum
1428 934 1529 990 pro
1571 921 1739 990 gratia
1773 917 1998 985 Christi,
2027 930 2084 974 et
2112 933 2205 975 ca-

609 1013 827 1068 tholica:
853 1013 973 1067 fidei
1006 1014 1239 1068 veritate
1268 1013 1588 1082 conﬂigunt,
1619 1012 1715 1068 sed
1753 1013 2020 1082 praecipue
2044 1025 2207 1067 sanc-

607 1117 692 1163 tus
717 1108 855 1163 lilius
889 1118 1034 1175 tuus,
1062 1106 1230 1162 frater
1253 1115 1310 1162 et
1339 1107 1753 1178 compresbyter
1779 1117 1970 1162 noster
2012 1106 2206 1161 lliero-

608 1213 823 1272 uyiuus.
851 1198 958 1252 Sed
984 1199 1332 1265 arbitramur,
1363 1199 1660 1268 adjuvante
1693 1197 2070 1253 misericordia
2099 1197 2206 1251 Do-

608 1295 738 1347 mini
786 1293 880 1347 Dei
928 1294 1120 1354 nostri,
1147 1294 1235 1362 qui
1286 1301 1337 1347 te
1381 1301 1435 1347 et
1471 1307 1664 1363 regere
1713 1292 2121 1354 consulentem.
2150 1301 2206 1346 et

607 1392 852 1438 orantem
894 1383 1153 1438 exaudire
1177 1382 1202 1420 ι)
1226 1382 1505 1452 dignatur,
1536 1383 1851 1439 auctoritati
1896 1383 2205 1440 sanctitatis

605 1485 744 1540 tute,
781 1488 801 1514 ε
833 1477 902 1532 de
947 1486 1258 1532 sanctarum
1292 1477 1694 1545 Scripturarum
1733 1478 2060 1534 auctoritate
2102 1479 2203 1535 de-

611 1576 900 1639 prompta),
927 1568 1138 1622 facilius
1167 1583 1282 1634 eos,
1316 1569 1407 1638 qui
1435 1581 1540 1624 tam
1565 1585 1824 1639 perversa
1852 1581 1908 1626 et
1932 1571 2205 1641 pernicio‘

608 1678 665 1717 sa
692 1664 959 1730 sentiunt,
985 1677 1106 1718 esse
1149 1679 1431 1729 cessuros;
1465 1674 1520 1718 ut
1549 1664 1618 1720 de
1645 1667 1994 1721 correctione
2024 1667 2206 1736 potius

2371 451 2633 507 hominem
2654 466 2806 521 posse
2835 450 2946 508 sine
2975 456 3185 519 peccato
3230 465 3342 504 esse
3370 449 3416 504 si
3445 449 3588 515 velit,
3620 467 3723 522 quo
3746 468 3899 508 sensu

2376 561 2509 612 vere,
2549 560 2734 615 quoue,
2763 543 2967 600 etiamsi
3009 559 3114 599 non
3158 542 3268 599 sine
3312 559 3506 613 errore,
3565 541 3902 601 tolerabiliter

2375 643 2541 692 tamen
2571 635 2796 703 dicatur,
2829 634 3109 705 explicant.

2303 727 2533 784 Domino
2563 726 2901 794 beatissimo,
2934 725 3241 796 meritoque
3272 725 3755 786 honorandissimo
3794 728 3902 786 tra-

2377 821 2442 876 tri
2469 820 2795 875 Iusocsurto
2835 834 3023 889 papae,
3067 820 3362 884 AURELIUS,
3403 821 3659 892 Αιῐριυε,
3691 824 3899 882 Ancus-

2374 926 2551 974 rtuos,
2587 911 2844 975 Eventus,
2868 918 2924 965 et
2971 909 3244 970 Possmtus
3290 909 3344 967 in
3383 909 3614 967 Domino
3637 911 3896 968 salutem.

2379 1003 2429 1058 1.
2466 1005 2542 1058 De
2569 1000 2824 1058 conciliis
2853 1000 3072 1059 duobus
3115 1000 3418 1070 provincia:
3447 1002 3900 1072 Carthaginiensis

2306 1108 2468 1168 atque
2480 1096 2774 1162 Numidian,
2799 1096 2867 1151 ad
2891 1105 3040 1152 tuam
3062 1095 3413 1153 sanctitatem
3428 1112 3460 1152 a
3481 1110 3587 1152 non
3602 1111 3768 1166 parvo
3791 1096 3903 1168 epi-

2307 1206 2604 1261 scomrum
2634 1205 2866 1248 numero
2892 1189 3234 1260 subscriptas
3257 1191 3467 1248 litteras
3497 1191 3745 1246 misimus
3769 1206 3902 1248 con-

2309 1295 2387 1340 tra
2424 1285 2676 1339 inimicos
2705 1284 2897 1354 gratim
2925 1281 3152 1348 Christi,
3176 1281 3271 1351 qui
3298 1282 3584 1336 conﬁdunt
3612 1284 3666 1336 in
3700 1282 3903 1338 virtute

2309 1393 2406 1434 sua
2424 1385 2479 1433 et
2500 1377 2740 1433 creatori
2769 1384 2958 1431 nostro
2986 1373 3224 1444 quodam
3243 1374 3408 1430 modo
3440 1374 3631 1430 dicunt
3657 1391 3671 1430 :
3698 1375 3780 1430 Tu
3802 1391 3902 1432 nos

2308 1474 2489 1528 fecisti
2522 1471 2793 1539 homines,
2814 1470 2995 1540 justos
3031 1479 3214 1526 autem
3250 1469 3352 1538 ipsi
3389 1484 3488 1524 nos
3519 1467 3782 1535 fecimus;
3811 1470 3904 1539 qui

2310 1579 2558 1622 naturam
2585 1566 2881 1621 humanam
2914 1563 3040 1619 ideo
3071 1563 3262 1618 dicunt
3293 1563 3548 1632 liberam,
3574 1571 3906 1634 nequierant

2309 1659 2696 1716 liberatorem:
2737 1657 2862 1712 ideo
2905 1657 3139 1725 salvam,
3172 1665 3233 1713 ut
3275 1655 3612 1726 superﬂuum
3654 1656 3906 1726 judicent

609 1772 804 1812 eorum
835 1759 1294 1828 congratulemur,
1323 1776 1486 1828 quam
1530 1763 1920 1817 contristemur
1952 1763 2199 1831 interitu,
2234 1765 2282 1826 B
2307 1753 2657 1808 salvalorem-
2687 1750 2923 1806 Τίὶιιῑυῐη
2954 1751 3101 1806 enim
3132 1749 3325 1805 dicunt
3350 1750 3651 1818 Vale'llemi
3695 1760 3756 1806 ιιι
3793 1752 3906 1812 sui!

607 1851 827 1906 domine
874 1852 1212 1908 beatissimo.
1247 1853 1540 1920 Quodlibet
1583 1865 1766 1911 autem
1813 1858 1918 1927 ipsi
1972 1857 2200 1927 eligant,

613 1954 764 1998 certe
790 1944 875 1999 vel
905 1945 1047 2009 aliis,
1073 1960 1209 2016 quos
1255 1945 1516 2013 plurimos
1549 1958 1803 2017 possunt,
1829 1950 1874 2004 si
1899 1951 1968 2004 ab
1994 1951 2076 2005 eis
2097 1950 2206 2005 dis-

606 2038 918 2101 simulctur,
950 2038 1062 2089 suis
1091 2037 1300 2106 laqueis
1328 2038 1633 2108 implicare,
1659 2042 1836 2096 cernit
1877 2042 2206 2098 venerabili-

611 2137 693 2183 tas
726 2138 812 2182 tua
845 2129 1112 2185 instanter
1137 2139 1193 2186 et
1233 2131 1498 2187 celeriter
1535 2133 1949 2202 providendum.
1980 2135 2109 2190 Haec
2137 2133 2206 2190 ad

607 2224 957 2278 sanctitatem
995 2233 1139 2277 tuam
1186 2223 1252 2277 de
1301 2224 1536 2279 concilio
1565 2224 1836 2281 Numidiae
1880 2227 2082 2296 scripta
2123 2225 2208 2282 di-

608 2317 874 2381 reximus,
903 2317 1189 2372 imitantes
1223 2318 1249 2353 ά
1283 2318 1769 2388 Carthaginiensem
1822 2321 2112 2376 ecclesiam
2151 2329 2206 2378 et

610 2405 1060 2476 Carthaginiensis
1091 2409 1393 2478 provincia:
1421 2412 1775 2484 coepiscopos
1806 2423 2047 2481 nostros,
2071 2428 2208 2485 quos

607 2497 674 2551 ad
698 2498 885 2554 sedem
913 2502 1294 2568 apostolicam,
1311 2517 1472 2571 quam
1497 2503 1690 2558 beatus
1713 2503 1982 2574 illustres,
2009 2504 2079 2562 de
2105 2506 2208 2561 hac

608 2606 773 2648 causa
816 2593 1104 2665 scripsisse
1144 2596 1531 2666 comperimus.
1564 2597 1657 2670 (Et
1679 2600 1789 2654 alia
1830 2616 2029 2656 inanti:
2055 2599 2074 2673 )
2100 2602 2212 2657 Me-

612 2699 734 2740 mor
766 2688 935 2742 nostri
970 2688 1024 2742 in
1059 2689 1154 2744 Dei
1182 2691 1356 2760 gratia
1402 2693 1676 2762 augearis,
1702 2693 1926 2748 domine
1954 2693 2211 2751 beatissi-

609 2792 719 2842 me,
754 2779 1059 2852 meritoque
1086 2783 1422 2841 venerabilis
1449 2795 1504 2841 et
1535 2785 1590 2841 in
1621 2785 1841 2844 Christo
1865 2787 2206 2856 honorando,

611 2881 803 2928 sancte
833 2889 990 2945 papa.

1069 2968 1409 3026 EPISTOLA
1455 2969 1669 3027 XXVIII
1698 2983 1744 3026 θ.

719 3073 1076 3116 Βιδιεροιδοιιυιι
1127 3077 1358 3127 QUINQUE
1389 3080 1456 3119 AD
1505 3079 1861 3120 INNOCENTIUII
1893 3081 2096 3120 ΡΑΡΛΙ.

2312 1845 2520 1904 viribus
2571 1844 2737 1900 semel
2785 1846 2836 1898 iu
2877 1841 3094 1914 origine
3138 1857 3252 1898 sua:
3291 1843 3594 1899 creationis
3638 1845 3901 1915 acceptis,

2312 1937 2483 2006 possit
2515 1951 2608 2007 per
2631 1936 2861 1992 liberum
2887 1935 3200 2002 arbitrium,
3230 1935 3366 1990 nihil
3386 1934 3624 1992 ulterius
3644 1935 3907 2006 adjuvan-

2312 2037 2363 2086 te
2407 2028 2551 2084 illius
2602 2028 2776 2096 gratia
2812 2027 2906 2098 qui
2933 2028 3162 2095 creavit,
3187 2025 3417 2082 domare
3473 2036 3528 2084 et
3557 2027 3910 2099 exstinguere

2312 2136 2506 2177 omnes
2529 2119 2882 2190 cupiditates,
2914 2121 3360 2190 tentationcsque
3403 2133 3690 2190 superare.
3722 2119 3908 2176 Multi-

2311 2231 2418 2288 que
2451 2230 2640 2270 eorum
2673 2215 2956 2283 insurgunt
2990 2212 3290 2271 adversum
3324 2229 3446 2281 nos,
3477 2224 3533 2271 et
3566 2214 3757 2272 dicunt
3783 2216 3908 2271 ani-

2314 2324 2417 2364 mae
2467 2316 2668 2363 nostra:
2703 2325 2716 2363 :
2751 2306 2875 2362 Non
2923 2317 2994 2360 est
3022 2305 3167 2362 salus
3205 2307 3285 2361 illi
3327 2307 3382 2362 in
3428 2305 3539 2362 Deo
3583 2311 3698 2379 ejus
3729 2306 3907 2381 (Psal.

2312 2419 2392 2470 ιιι,
2415 2400 2493 2474 5).
2524 2401 2756 2458 Familia
2795 2401 3000 2456 Christi
3031 2416 3152 2472 quze
3200 2401 3351 2467 dicit,
3391 2402 3612 2469 Quando
3641 2403 3904 2474 inﬁrtnor,

2313 2507 2434 2554 tunc
2465 2496 2484 2535 ί
2515 2497 2669 2568 fortis
2700 2512 2811 2553 sum
2839 2495 2902 2568 (ll
2931 2493 3050 2550 Cor.
3090 2511 3184 2562 xit,
3213 2495 3326 2566 10);
3359 2504 3416 2551 et
3443 2497 3530 2552 cui
3562 2496 3695 2552 dicit
3726 2497 3914 2555 Domi~

2315 2606 2418 2649 nus
2451 2592 2590 2658 ejus,
2625 2591 2791 2646 Salus
2838 2601 2931 2644 tua
2978 2606 3072 2661 ego
3116 2607 3229 2645 sunt
3249 2589 3427 2664 (I’sal.
3456 2607 3642 2659 xxmv,
3669 2590 3751 2665 ὅ),
3783 2606 3911 2650 sus-

2316 2700 2483 2756 penso
2537 2683 2704 2741 corde
2755 2698 2878 2738 eum
2939 2682 3135 2738 timore
3189 2691 3246 2738 et
3289 2692 3528 2742 tremore
3569 2683 3911 2756 adjutorium

2317 2777 2535 2833 Domini
2566 2777 2734 2833 etiam
2759 2791 2856 2849 per
2887 2775 3213 2832 charitatem
3247 2783 3352 2832 tuae
3385 2777 3763 2836 venerationis
3811 2794 3912 2836 ex-

2314 2881 2548 2943 spectat.

2383 2964 2437 3019 2.
2483 2965 2808 3020 Audivimus
2844 2965 2990 3021 enim
3031 2980 3153 3022 esse
3195 2965 3246 3019 in
3280 2964 3416 3020 urbe
3446 2964 3642 3031 Roma,
3683 2964 3777 3021 ubi
3814 2965 3912 3024 ille

2315 3056 2613 3130 (Pelagius)
2641 3058 2733 3114 diu
2761 3059 2918 3125 vixit,
2947 3060 3241 3116 nonnullos
3261 3060 3354 3130 qui
3383 3059 3615 3118 diversis
3655 3060 3836 3116 causis
3859 3061 3912 3116 ei

615 3150 816 3224 Pelagii
847 3164 1080 3228 retegunt
1105 3173 1166 3210 ac
1190 3160 1420 3225 refutant
1445 3157 1703 3228 Iiwresim,
1728 3174 1833 3228 qua
1856 3158 1926 3212 ad
1948 3158 2210 3228 cupidita-
2238 3159 2284 3222 ο
2315 3150 2536 3208 faveant
2563 3169 2575 3206 :
2599 3152 2820 3223 quidam
2843 3153 3080 3221 scilicet,
3104 3154 3233 3225 quia
3257 3163 3283 3202 ϐ
3308 3154 3388 3209 eis
3411 3153 3538 3208 talia
3566 3155 3911 3224 persuasisse

687 3253 759 3298 tes
791 3245 1076 3301 demendas
1095 3291 1109 3313 ,
1136 3249 1542 3320 teutationesque
1582 3251 1877 3321 uincendus,
1904 3267 2101 3307 necnon
2137 3253 2210 3307 ad

690 3337 1003 3402 perﬁcienda
1027 3337 1120 3391 Dei
1147 3341 1414 3405 mandata,
1443 3343 1608 3396 solam
1633 3343 1729 3396 sibi
1759 3355 1998 3399 naturam
2025 3345 2212 3401 huma-

685 3444 804 3480 nam
838 3446 926 3498 per
973 3429 1191 3485 liberum
1236 3433 1505 3487 arbitrium
1549 3435 1789 3505 sufﬁcere
1829 3438 2214 3494 contendebat:

685 3537 746 3573 ac
794 3522 961 3576 sicubi
1002 3526 1171 3595 gratia
1193 3542 1222 3576 n
1270 3527 1735 3596 prwdicarel,eum
1781 3528 1851 3582 ibi
1888 3528 1968 3584 vel
1992 3531 2211 3585 liberum

686 3613 978 3678 arbitrimn,
1027 3615 1103 3670 vel
1145 3627 1472 3687 peccatorum
1534 3621 1912 3691 remissionem,
1960 3624 2038 3676 vel
2081 3623 2211 3695 legis

685 3716 1003 3777 praeceptum
1025 3707 1337 3779 intelligere,
1369 3711 1620 3784 aliudque
1640 3713 1856 3784 praprio
1893 3715 2081 3786 gratia:
2118 3731 2212 3770 no-

692 3941 718 3970 ιι
743 3931 879 4000 Quia
906 3933 1118 4008 scilicet
1144 3933 1593 4008 Carthaginensis
1625 3935 1871 4008 Ecclesia
1902 3951 1998 3991 seu
2032 3950 2200 4008 syno-

614 4003 717 4058 dus
738 4006 1001 4076 superiori
1026 4006 1274 4074 epistolm
1295 4003 1368 4061 26
1396 4015 1545 4076 gesta
1575 4006 1949 4062 subuexnerat
1975 4003 2201 4062 alterius

613 4075 837 4129 concilii
888 4091 1052 4144 super
1078 4077 1323 4132 leestii
1370 4075 1590 4132 nomine
1642 4089 1769 4132 ante
1815 4093 1990 4132 annos
2035 4077 2206 4134 ferme

615 4146 857 4218 quinque
893 4146 1222 4218 Carthagine
1265 4148 1451 4202 habiti.
1482 4148 1616 4203 Cum
1647 4159 1701 4203 et
1741 4149 1859 4204 11th
1905 4149 2206 4205 Milevitaui

615 4217 833 4290 concilii
856 4217 1117 4287 epistola,
1141 4227 1196 4274 et
1220 4219 1311 4274 illa
1341 4219 1786 4286 Carthaginensis
1826 4237 1924 4290 per
1951 4221 2203 4276 eumdem

616 4288 929 4358 episcopum
973 4291 1175 4346 .Iulium
1204 4290 1423 4358 delatae,
1453 4291 1616 4344 simul
1650 4288 1964 4346 Innocentio
1992 4292 2206 4347 traditae

617 4360 840 4426 fuerint,
879 4361 952 4415 nil
977 4375 1111 4430 opus
1147 4371 1265 4415 erat
1313 4370 1370 4414 tit
1401 4378 1495 4430 pro
1526 4362 1710 4416 melius
1739 4363 2009 4417 instruitur
2031 4363 2202 4419 Garn.

618 4433 684 4486 de
713 4447 810 4486 suo
836 4434 1196 4489 substitueret
1230 4434 1412 4486 melius
1435 4435 1730 4488 instruatur.

688 4504 714 4542 ι)
747 4503 898 4560 Unus
930 4521 1057 4571 ms.,
1089 4505 1412 4574 dignabitur.
1439 4504 1493 4558 In
1528 4521 1720 4558 novant
1752 4504 1979 4576 August.
2007 4506 2196 4560 editio-

619 4591 741 4631 nem
772 4576 1035 4646 dignetur,
1061 4590 1207 4629 mora
1244 4576 1450 4630 librarii
1473 4577 1763 4631 oscitantia
1791 4579 2029 4646 irrepsit.

692 4657 715 4685 ο
747 4647 872 4702 Isid.
911 4662 1064 4711 tuss.,
1097 4647 1158 4701 de
1183 4648 1380 4701 clarum
1412 4648 1504 4717 (ex
1544 4650 1816 4717 imperitia
1856 4649 2083 4709 librarii.
2111 4649 2204 4719 qiii

618 4719 672 4773 in
705 4719 997 4789 exemplari
1032 4735 1130 4773 suo
1154 4721 1356 4789 legerat
1383 4721 1445 4773 de
1467 4735 1692 4784 scarum,
1726 4720 1830 4776 hoc
1857 4731 1937 4773 est
1968 4723 2029 4773 rte
2050 4735 2202 4772 sanc-

620 4799 809 4843 tarum.
848 4790 1112 4860 Capuciu.
1161 4790 1419 4846 set-undis
1445 4791 1618 4856 curis,
1651 4792 2001 4846 declarations
2029 4807 2204 4844 sacra-

616 4861 754 4931 rum)
789 4860 1182 4935 scripturarum.
1227 4861 1562 4935 depromptm.
1610 4863 1737 4918 Inde
1776 4865 1827 4916 in
1873 4862 2006 4916 edit.
2037 4861 2198 4935 Rom.

620 4933 898 5004 etcoucil.
933 4933 1133 4987 foetum
1179 4935 1376 4999 fuerat,
1408 4933 1470 4988 de
1513 4937 1655 4988 claro
1702 4935 2092 5004 Scripturarum
2122 4933 2201 4986 lu-

619 5001 756 5076 mine
778 5004 1110 5075 depromptae.
1137 5007 1448 5060 Lectiouem
1477 5001 1834 5060 sinceriorem
1856 5007 2203 5076 suppeditant

616 5075 868 5148 inclitich
896 5091 1025 5129 mss.
1062 5076 1157 5132 Hic
1194 5078 1475 5132 declarant
1521 5077 1816 5132 Milevitaui
1848 5075 2059 5132 concilii
2107 5091 2201 5148 pa-

616 5154 725 5198 tres
772 5144 998 5222 Romani
1029 5149 1302 5222 pontiﬁcis
1332 5150 1714 5204 auctoritatem
1745 5152 1858 5222 ipsa
1891 5144 2199 5218 Scriptura-

611 5232 730 5271 rum
761 5220 1084 5275 auctoritate
1107 5219 1307 5275 fulciri.

685 5287 710 5325 ιλ
746 5289 887 5345 Edit.
922 5291 1080 5347 Rom.
1127 5301 1182 5346 et
1228 5293 1394 5348 Garn.
1444 5293 1702 5347 omittunt
1747 5291 2200 5359 Cartltaginensem

611 5361 920 5427 ecclesiam,
977 5373 1023 5416 et
1084 5381 1094 5416 ε
1159 5379 1279 5435 qua:
1339 5365 1502 5420 verba
1549 5379 1613 5419 ex
1667 5363 1793 5417 aliis
1835 5363 1988 5419 libris
2035 5361 2200 5416 resti—

615 5441 860 5488 tuuntur.

679 5513 702 5543 °
761 5506 843 5558 Ab
897 5505 1204 5574 Augustino
1255 5507 1351 5560 lib.
1395 5505 1460 5560 dc
1519 5504 1751 5560 Peccato
1793 5505 1931 5574 orig.
1967 5519 2017 5558 c.
2058 5504 2113 5569 9,
2139 5511 2199 5574 et

609 5577 773 5645 epist.
807 5578 934 5629 olim
979 5577 1070 5641 47,
1107 5594 1252 5630 nunt:
1303 5578 1433 5642 9.15,
1473 5576 1540 5630 ad
1592 5573 1958 5641 Valentinum,
1991 5589 2047 5632 η.
2095 5573 2191 5643 12,

613 5646 732 5702 htcc
755 5647 988 5719 epistola
1020 5660 1355 5702 memoratur
1383 5658 1438 5702 ut
1466 5665 1497 5701 a
1527 5649 1753 5719 quinque
1792 5646 2040 5718 episc0pis
2063 5647 2198 5719 scri-

613 5726 723 5785 pta.
759 5717 1025 5790 Quocirca
1055 5720 1280 5790 quinque
1306 5717 1793 5790 episcoporum—non
1816 5717 2035 5774 malein
2059 5717 2192 5790 edit.

613 5738 723 5785 pta.
759 5738 1025 5782 υυιιοιγεει
1055 5738 1280 5789 qumque
1322 5765 1325 5768 .
1369 5738 1663 5790 iscoporum
1690 5738 1793 5774 non
1816 5738 1956 5774 male
1985 5738 2035 5772 ιιι
2059 5738 2192 5773 ea“.

609 5788 809 5842 coucil.
844 5790 1100 5859 inscripta
1125 5789 1242 5847 fuit.
1278 5738 1365 5850 AT
1389 5795 1582 5858 eodem
1615 5792 1845 5851 Doctore
1873 5790 2037 5862 epist.
2064 5789 2193 5851 olim.

2319 3245 2673 3317 perhibetur;
2709 3246 2897 3318 plures
2927 3261 3078 3313 vero,
3115 3248 3205 3318 qui
3238 3263 3362 3303 eum
3404 3245 3527 3301 talia
3555 3246 3763 3302 sentire
3790 3261 3904 3303 non

2319 3339 2585 3408 credunt;
2637 3342 2941 3411 pra-sertim
2996 3341 3121 3412 quia
3183 3343 3236 3398 in
3286 3341 3532 3411 Oriente,
3586 3343 3678 3398 ubi
3730 3343 3907 3414 degit,

2315 3444 2466 3506 gesta
2494 3434 2870 3490 ecclesiastica
2894 3434 3032 3490 facta
3063 3450 3185 3491 esse
3201 3435 3500 3504 jactentur,
3530 3436 3733 3506 quibus
3757 3446 3917 3506 puta-

2318 3537 2406 3583 tur
2431 3543 2556 3584 esse
2595 3537 2884 3600 purgatus;
2929 3528 3016 3583 ubi
3049 3527 3269 3599 quidem
3311 3527 3357 3582 si
3387 3527 3633 3598 episcopi
3673 3543 3798 3583 eum
3831 3541 3916 3583 ca-

2317 3620 2573 3677 tholicum
2607 3620 3068 3691 pronuntiarunt,
3103 3637 3209 3676 non
3241 3621 3310 3676 ob
3352 3620 3501 3676 aliud
3539 3623 3737 3677 factum
3783 3635 3910 3678 esse

2315 3715 2648 3772 credendum
2679 3725 2797 3784 cst,
2830 3716 2929 3772 nisi
2957 3715 3084 3788 quia
3127 3731 3188 3772 se
3218 3716 3354 3772 dixit
3384 3715 3481 3771 Dei
3511 3714 3741 3787 gratiam
3781 3729 3917 3772 con-

2308 3934 2433 4002 106,
2463 3949 2606 3990 nunc
2635 3935 2762 4003 186,
2794 3951 2849 4008 n.
2875 3934 3360 4008 2,-3111118οΓἱ111611
3391 3935 3758 4006 superiorum,
3785 3951 3918 4008 qua

2307 4008 2584 4079 synodica:
2612 4018 2760 4079 sunt,
2794 4006 3070 4079 familiaris
3091 4007 3420 4077 appellatur.

2386 4076 2406 4152 ἰ
2451 4077 2789 4152 Unuseodex
2812 4078 2969 4152 Colb.
2998 4076 3328 4150 tunc’fortior
3347 4094 3493 4134 sum:
3518 4078 3662 4152 quod
3691 4089 3746 4135 et
3772 4079 3922 4138 alter

2310 4149 2544 4218 primum
2568 4148 2781 4204 videtur
2812 4149 3084 4204 habuisse.

2385 4220 2519 4298 sita
2571 4219 2778 4298 Queen.
2829 4236 2894 4275 ex
2923 4235 3026 4274 ms.
3069 4219 3245 4276 Oxon.
3277 4233 3332 4276 et
3363 4220 3729 4298 exinde_nova
3758 4223 3916 4298 Aug.

2309 4291 2521 4346 editio:
2573 4293 2768 4361 quibus
2795 4300 3166 4362 consentanea
3222 4301 3348 4346 sunt
3393 4309 3510 4362 qua:
3559 4291 3922 4352 Innocentius

2311 4365 2580 4436 rescribit.
2619 4367 2684 4416 At
2713 4363 2866 4436 Meri.
2896 4361 3157 4436 etCtjab.,
3187 4364 3274 4434 qui
3296 4363 3440 4417 nobis
3468 4367 3596 4436 talia
3621 4369 3920 4436 persuasis—

2308 4450 2364 4488 se
2406 4433 2777 4503 perhibentur:
2805 4435 2893 4488 tibi
2923 4433 3085 4489 Crab.
3126 4437 3190 4488 ad
3219 4449 3397 4506 marg.
3422 4433 3650 4500 addidit,
3707 4437 3796 4506 qui
3821 4454 3921 4492 ros

2308 4517 2355 4557 et
2382 4506 2503 4573 quin
2533 4522 2642 4557 vos.
2675 4505 2884 4559 Exinde
2911 4506 3043 4559 edit.
3074 4506 3236 4577 Rom.
3274 4515 3328 4560 et
3353 4505 3476 4561 alia}
3516 4505 3740 4573 concil.,
3781 4511 3920 4577 quia

2307 4591 2393 4630 vos
2423 4579 2546 4629 talia
2575 4581 2886 4645 persuasisse
2918 4576 3198 4640 perhibent.
3242 4577 3453 4632 Similia
3487 4595 3598 4647 pra:
3637 4595 3694 4633 se
3724 4576 3922 4635 ferunt

2307 4662 2439 4701 mss.
2472 4648 2572 4700 nisi
2601 4647 2744 4716 quod
2772 4663 2868 4716 pro
2897 4647 3183 4712 perhibent,
3211 4649 3260 4701 in
3283 4651 3555 4718 plerisque
3581 4658 3766 4703 exstat
3792 4669 3920 4716 per-

2305 4718 2561 4782 hibentur,
2611 4729 2663 4770 et
2694 4719 2746 4772 in
2779 4734 2886 4772 uno
2918 4719 3072 4772 Coll).
3115 4730 3274 4788 atque
3303 4720 3476 4773 altero
3529 4722 3699 4775 Vatic.
3733 4723 3920 4788 perhi-

2305 4789 2474 4842 betur.
2517 4788 2570 4843 Iu
2607 4791 2706 4843 hoc
2743 4799 3004 4854 prteterca
3049 4793 3227 4860 legere
3262 4800 3348 4846 est
3379 4792 3500 4861 quia
3541 4793 3701 4846 vobis.
3745 4790 3920 4849 Unde

2305 4861 2590 4915 commode
2617 4861 2808 4914 conlici
2843 4871 3031 4928 posset
3063 4861 3178 4915 hzec
3210 4862 3373 4916 lectio
3406 4882 3417 4914 :
3451 4866 3574 4929 quia
3606 4863 3748 4917 vobis
3777 4867 3918 4918 talia

2304 4936 2617 5004 persuasisse
2648 4932 2958 4998 perhibetur.
2983 4932 3190 4999 Nempe
3221 4934 3515 5004 Pelagiani,
3548 4943 3687 4989 teste
3720 4935 3917 4989 Possi-

2305 5002 2394 5058 dio
2426 5019 2473 5057 c.
2509 5005 2573 5059 18
2598 5045 2611 5066 ,
2648 5004 2918 5073 perﬁdiam
2956 5020 3103 5056 suam
3135 5021 3224 5072 per
3255 5002 3402 5059 suain
3433 5006 3758 5059 ambitionem
3791 5024 3918 5072 per-

2305 5075 2520 5128 suazlere
2552 5075 2868 5129 conabantur
2902 5086 3097 5129 sancta:
3143 5075 3270 5129 sedi.
3308 5077 3369 5130 Et
3397 5078 3538 5144 quod
3576 5095 3682 5132 non
3715 5077 3917 5133 value-

2304 5155 2433 5200 runt
2461 5147 2727 5215 perlicere
2753 5188 2767 5211 ,
2802 5146 2906 5200 hoc
2935 5161 2995 5200 se
3030 5146 3322 5214 perfecisse
3352 5149 3694 5204 mendaciter
3741 5149 3915 5217 jacti-

2307 5225 2509 5290 tarunt.
2545 5218 2690 5271 lutcr
2728 5234 2824 5272 cos
2866 5228 3046 5271 autem
3077 5219 3274 5286 quibus
3319 5235 3480 5288 prava
3513 5221 3766 5290 dogmata
3805 5235 3914 5274 sua

2306 5288 2492 5360 [tuine
2535 5291 2874 5360 persuasisse
2913 5304 2972 5343 sc
3010 5290 3406 5358 gloriabantur,
3441 5288 3752 5360 praecipuus
3782 5301 3916 5345 erat

2305 5358 2511 5430 Xystus
2539 5358 2667 5432 tunc
2696 5361 3004 5430 presbyter,
3041 5375 3102 5414 ac
3127 5371 3317 5432 postea
3348 5358 3596 5416 summus
3615 5358 3911 5430 pentifex,

2302 5433 2388 5502 cui
2421 5443 2540 5500 post
2567 5431 2836 5486 detectam
2861 5433 3188 5486 calumniam
3213 5432 3548 5502 Augustinus
3574 5436 3735 5499 epist.
3767 5435 3915 5487 alias

2304 5501 2608 5575 lOI,7nuuc
2645 5502 2763 5566 191,
2795 5518 2849 5557 n.
2887 5504 2938 5569 I,
2965 5504 3034 5556 ita
3060 5501 3366 5572 gratulatur
3399 5523 3412 5559 :
3445 5505 3586 5569 Quid
3614 5505 3752 5558 enim
3782 5521 3916 5575 gra-

2303 5574 2641 5647 tiuslegivel
2669 5576 2840 5647 audiri
2883 5583 3067 5647 potest.
3101 5590 3253 5643 quam
3287 5576 3466 5647 gratia:
3495 5586 3601 5628 tant
3641 5574 3794 5641 pura
3821 5578 3918 5629 de-

2301 5646 2463 5720 fensio
2489 5645 2732 5700 adversus
2751 5646 2983 5720 inimicos
3009 5647 3142 5720 ejus,
3170 5661 3234 5699 ea:
3255 5645 3341 5700 ore
3369 5649 3482 5720 ejus
3499 5647 3588 5720 qui
3609 5648 3915 5720 eorumdem

2298 5717 2626 5792 inimicorum
2661 5717 3095 5792 magnintomemi
3123 5726 3369 5792 patronus
3389 5717 3734 5792 iactabatur?
3762 5717 3908 5780 Vide

2300 5799 2355 5846 et
2385 5788 2628 5859 ejusdem
2659 5785 2951 5859 epistolam
2987 5785 3113 5854 191,
3147 5803 3202 5842 ιι.
3241 5788 3292 5857 1,
