4344 6174
374 226 486 282 573

1603 234 1968 299 EPISTOLIE
2009 236 2096 302 ET
2139 235 2464 304 DECHETA

3569 242 3678 302 δτι

369 344 538 415 titeri,
568 355 623 405 ct
652 347 725 406 ita
757 361 916 420 posse
939 348 1214 410 hominem
1244 364 1344 410 suo
1383 351 1571 410 labore
1601 369 1664 409 ac
1693 355 1970 416 voluntate
1998 359 2054 425 Α
2077 373 2238 427 quem
2269 357 2537 422 ditissima
2559 357 2748 420 eﬁudit
2773 373 2937 428 super
2960 372 3058 416 nos
3086 358 3175 430 qui
3199 356 3448 419 ascendit
3472 357 3528 414 in
3559 373 3677 415 coeo

365 439 517 510 juste
548 439 756 509 vivere,
800 451 858 500 ut
893 441 958 498 ad
992 444 1094 502 hoc
1122 443 1365 515 adjuvari
1398 447 1492 506 Dei
1524 449 1697 516 gratia
1731 465 1841 505 non
1872 468 1968 512 ne—

367 541 543 606 garet.
579 533 673 588 llis
720 533 866 588 enim
893 535 1091 591 auditis
1129 535 1308 593 verbis
1333 578 1347 603 ,
1379 539 1636 594 catholici
1686 541 1970 598 antistites

368 626 575 684 nullam
603 625 767 684 aliam
797 627 891 684 Dei
921 629 1152 700 gratiam
1180 630 1487 702 intelligere
1519 641 1832 702 potuerunt.
1863 635 1970 693 nisi

367 735 530 794 quam
562 718 616 775 in
647 719 802 776 libris
837 721 929 776 Dei
965 723 1164 793 legere,
1199 733 1254 779 et
1286 725 1496 797 populis
1528 726 1624 782 Dei
1659 728 1963 794 pr:edicare

367 821 814 882 consueverunt,
848 828 967 869 eam
1011 817 1197 887 utique
1227 816 1294 876 de
1335 833 1436 890 qua
1477 816 1609 872 dicit
1648 821 1968 889 Apostolus,

365 902 494 960 Non
547 907 753 960 irritant
783 907 919 978 facio
964 910 1189 981 gratiam
1231 907 1366 977 Dei;
1410 928 1530 966 nam
1559 914 1604 966 si
1646 930 1736 984 per
1781 913 1969 984 Legem

352 999 591 1073 justitia,
611 1017 736 1071 ergo
754 999 990 1058 Christus
1006 1004 1166 1078 gratis
1185 1015 1416 1060 mortuus
1439 1015 1508 1059 est
1531 1005 1733 1079 (Gatat.
1763 1023 1821 1074 II,
1841 1008 1964 1079 21):

363 1093 486 1148 sine
516 1091 684 1147 dubio
713 1095 943 1164 gratiam
987 1111 1090 1164 qua
1132 1095 1495 1166 justiﬁcatnur
1529 1099 1597 1154 ab
1630 1099 1915 1169 iniquitate
1946 1145 1960 1166 ,

363 1195 418 1241 ct
447 1201 550 1257 qua
583 1185 860 1244 solvamur
890 1187 959 1244 ab
990 1187 1309 1246 inﬁrmitate
1342 1207 1356 1254 ;
1389 1207 1494 1245 non
1527 1207 1629 1262 qua
1655 1192 1828 1246 creati
1867 1208 1962 1250 su-

363 1291 488 1331 mus
522 1291 641 1331 cum
677 1278 900 1350 propria
931 1277 1258 1339 voluntate.
1298 1277 1430 1334 Nam
1471 1280 1516 1336 si
1559 1282 1958 1338 intellexissent

360 1369 440 1426 illi
469 1369 709 1441 episcopi
741 1386 862 1431 eam
893 1370 1047 1430 illum
1079 1371 1262 1429 dicere
1292 1373 1522 1444 gratiam
1552 1417 1567 1444 ,
1597 1391 1755 1445 quam
1788 1380 1956 1433 etiam

358 1476 482 1517 cum
513 1460 698 1534 impiis
733 1463 1020 1533 habemus,
1047 1480 1168 1519 cum
1201 1465 1399 1537 quibus
1431 1466 1680 1522 homines
1713 1483 1908 1524 sumus
1942 1486 1956 1534 ;

359 1569 565 1627 negare
597 1569 724 1611 vero
754 1571 896 1619 eam.
931 1572 1037 1627 qua
1063 1557 1358 1616 Christiani
1393 1570 1448 1615 et
1479 1561 1571 1616 ﬁlii
1605 1561 1698 1618 Dei
1731 1579 1955 1622 sumus:

355 1647 478 1715 quis
511 1663 632 1702 eum
678 1649 954 1718 patienter
999 1649 1398 1712 catholicorum
1442 1654 1792 1711 sacerdotum
1848 1672 1956 1716 non

2077 451 2220 517 lum,
2255 460 2309 510 et
2337 453 2621 522 captivans
2651 453 3022 523 captivitatem
3069 452 3221 512 dedit
3251 452 3390 510 dona
3439 451 3678 513 bomini-
3766 453 3769 455 ’

2074 544 2174 599 bus
2225 543 2351 615 (Tit.
2385 561 2476 611 ιιι,
2508 545 2586 613 6).
2621 545 2754 602 Hinc
2784 547 2927 604 enim
2966 559 3187 602 oramus
3227 555 3286 604 ut
3315 552 3668 614 peccatorum

2076 637 2426 694 tentationem
2470 655 2728 708 superare
2779 641 3048 710 possimus
3091 638 3314 710 (Ep/tes.
3358 655 3430 706 tv,
3476 637 3554 711 8),
3606 648 3670 700 ut

2074 728 2309 796 Spiritus
2346 731 2478 800 Dei,
2513 732 2658 788 unde
2687 734 2880 802 pignus
2929 734 3244 802 accepimus
3273 774 3286 798 ,
3321 731 3537 802 adjuvet
3589 733 3673 790 in-

2075 823 2382 880 ﬁrmitatem
2415 831 2654 881 nostram
2683 822 2862 895 (Rom.
2903 839 3018 889 vtu,
3051 823 3166 893 26).
3197 822 3297 889 Qui
3330 833 3514 880 autem
3546 829 3670 882 orat

2072 923 2127 970 et
2152 915 2300 979 dicit,
2334 914 2527 970 Neues
2557 917 2751 987 inferas
2779 917 2833 971 in
2858 917 3192 974 tentationent
3212 914 3432 988 (Matth.
3453 930 3526 980 v1,
3554 912 3672 986 15),

2072 1022 2177 1062 ιιοιι
2213 1007 2396 1077 utique
2435 1007 2484 1067 id
2527 1017 2648 1064 orat
2686 1019 2736 1064 ut
2773 1009 2936 1062 homo
2985 1009 3088 1072 sit,
3121 1008 3266 1076 quod
3311 1017 3396 1063 est
3429 1016 3618 1062 natura
3652 1023 3669 1074 ;

2070 1113 2245 1167 neque
2270 1097 2320 1156 id
2349 1107 2466 1154 orat
2490 1106 2550 1156 ut
2572 1097 2768 1156 habeat
2797 1098 3031 1155 liberum
3061 1097 3372 1164 arbitrium,
3397 1099 3536 1169 quod
3557 1099 3670 1170 jam

2068 1191 2277 1258 accepit
2306 1206 2428 1248 cum
2476 1197 2760 1248 crearetur
2803 1191 2917 1258 ipsa
2952 1199 3147 1246 natura
3179 1208 3194 1257 ;
3226 1206 3402 1261 neque
3431 1199 3552 1246 orat
3584 1205 3673 1246 re-

2069 1281 2382 1336 missionem
2425 1294 2804 1350 peecatorum.
2838 1284 2962 1354 quia
2998 1283 3100 1336 hoc
3132 1282 3393 1353 superius
3423 1282 3624 1342 dicitur
3647 1322 3666 1350 ,

2066 1371 2283 1430 Dimitte
2315 1374 2460 1430 nobis
2501 1373 2676 1427 debila
2719 1385 2902 1428 nostra
2941 1373 3162 1442 (Matth.
3211 1374 3440 1446 V1512);
3490 1389 3670 1446 neque

2065 1474 2181 1518 orat
2208 1475 2261 1518 ut
2292 1464 2526 1534 accipiat
2558 1463 2873 1520 mandatum
2909 1483 2922 1522 :
2957 1465 3051 1524 sed
3086 1466 3249 1537 plane
3276 1475 3475 1522 eratut
3508 1466 3669 1528 iaciat

2064 1555 2398 1610 mandatum.
2445 1557 2498 1616 Si
2533 1559 2678 1616 enim
2709 1559 2762 1612 in
2795 1559 3158 1618 tentationem
3191 1558 3448 1614 inductus
3478 1559 3667 1629 fuerit,

2065 1655 2166 1703 hoc
2199 1659 2306 1714 est,
2340 1649 2392 1703 in
2426 1650 2728 1706 tentatione
2755 1649 3046 1714 defecerit,
3091 1649 3216 1704 facit
3247 1651 3435 1720 utique
3466 1665 3662 1721 pecca-

354 1739 593 1798 dicimus
647 1741 883 1812 audiret,
936 1742 1032 1798 sed
1083 1752 1108 1779 τι
1154 1752 1284 1802 ante
1327 1746 1518 1805 oculos
1568 1761 1695 1803 suos
1746 1747 1956 1806 ferret?
1989 1751 2035 1812 Β
2065 1748 2176 1792 tum
2210 1740 2350 1808 quod
2388 1749 2470 1793 est
2496 1747 2684 1794 contra
2728 1741 3068 1795 mandatum.
3103 1741 3233 1795 Orat
3275 1741 3441 1813 igitur
3464 1750 3523 1798 ut
3550 1757 3662 1800 non

354 1831 701 1904 Quapropter
732 1848 841 1889 non
881 1833 1141 1906 culpandi
1188 1836 1578 1907 suntjudices,
1619 1839 1741 1905 quia
1775 1839 1953 1895 cccle-

350 1923 572 1979 siastica
607 1925 1006 1981 consuetudine
1039 1942 1234 1982 nomen
1277 1930 1470 2000 gratiae
1502 1929 1816 1998 audierunt,
1855 1946 1952 1992 ne-

354 2017 589 2072 scientes
615 2019 740 2085 quid
764 2017 1078 2093 hujusmodi
1100 2021 1349 2079 homines
1374 2023 1528 2078 velin
1557 2040 1668 2080 suae
1693 2025 1956 2082 doctrinae

353 2111 532 2175 libris,
564 2113 642 2169 vel
678 2113 730 2172 in
763 2129 983 2170 suorum
1015 2116 1441 2173 solentauribns
1479 2133 1757 2192 spargere.

426 2204 482 2262 5.
527 2203 645 2259 Νοιι
689 2206 868 2278 agitur
911 2207 979 2262 de
1019 2223 1128 2263 uno
1169 2208 1411 2280 Pelagio.
1446 2212 1538 2281 qui
1571 2211 1684 2282 jam
1726 2213 1956 2269 fortasse

351 2307 641 2354 correctus
671 2307 774 2376 est,
803 2300 947 2372 quod
980 2301 1185 2356 utinam
1218 2302 1288 2362 ita
1317 2304 1417 2358 sit!
1453 2304 1550 2360 sed
1578 2305 1647 2362 de
1681 2313 1788 2364 tam
1815 2307 1955 2366 mul-

352 2395 441 2458 tis,
483 2389 685 2462 quibus
716 2391 1022 2467 loquaciter
1065 2394 1557 2463 contendentibus,
1603 2407 1658 2452 et
1703 2397 1952 2456 inﬁrmas

351 2495 516 2555 atque
545 2484 854 2541 ineruditos
886 2487 1097 2543 animas
1121 2486 1315 2546 velutb
1346 2488 1662 2548 cenvinctas
1691 2493 1956 2553 trahenti-

351 2575 454 2633 bus
481 2618 495 2642 ,
543 2577 727 2632 ﬁrmas
767 2590 950 2633 autem
988 2588 1044 2634 et
1075 2580 1126 2637 in
1162 2580 1266 2638 ﬁde
1306 2581 1531 2641 stabiles
1579 2585 1691 2653 ipsa
1724 2595 1952 2644 conterr-

352 2668 505 2722 tione
564 2667 938 2740 l'atigantibns,
998 2686 1390 2744 usquequaque
1440 2673 1553 2744 jam
1606 2676 1771 2748 plena
1828 2685 1953 2736 sunt

351 2761 555 2814 omnia.
588 2758 696 2816 Aut
722 2777 853 2831 ergo
895 2779 921 2814 a
966 2773 1053 2818 tua
1085 2765 1438 2822 veneratione
1466 2767 1830 2822 accersendus
1868 2779 1951 2824 est

350 2851 618 2920 Romam,
669 2865 722 2909 et
775 2843 1068 2926 diligenter
1109 2855 1549 2928 interrogandus,
1589 2875 1749 2927 quam
1805 2861 1952 2919 dicat

347 2948 597 3018 gratiam,
628 2963 731 3022 qua
754 2945 1011 3013 fateatur,
1046 2947 1091 3002 si
1123 2958 1301 3004 tamen
1329 2949 1438 3022 jam
1466 2951 1717 3018 fateatur,
1743 2953 1808 3006 ad
1842 2970 1948 3013 non

347 3039 681 3110 peccandum
718 3038 976 3112 justeque
1017 3041 1305 3096 vivendum
1357 3043 1610 3096 homines
1659 3044 1945 3116 adjuvari:

2063 1841 2269 1901 peccet,
2315 1830 2417 1886 hoc
2450 1839 2554 1898 est,
2601 1847 2670 1887 ne
2699 1831 2826 1901 quid
2871 1831 3032 1892 iaciat
3059 1833 3190 1888 mali
3219 1851 3233 1889 :
3260 1833 3402 1903 quod
3432 1849 3534 1904 pro
3559 1835 3665 1890 Co-

2060 1926 2279 1980 rinthiis
2310 1936 2429 1980 orat
2472 1926 2783 1995 Apostolus,
2827 1924 3022 1982 dicens
3059 1942 3075 1980 :
3113 1925 3340 1980 Oramus
3377 1936 3551 1980 autent
3583 1926 3654 1982 ad

2061 2018 2339 2072 Dominum
2380 2034 2446 2070 ne
2488 2015 2610 2087 quid
2667 2017 2874 2087 faciatis
2930 2015 3058 2076 mali
3104 2015 3170 2084 (ll
3213 2015 3334 2072 Cor.
3392 2033 3513 2085 xm,
3568 2017 3651 2089 7).

2058 2112 2214 2170 Unde
2239 2111 2375 2172 satis
2396 2118 2642 2182 apparet,
2673 2109 2817 2183 quod
2839 2109 2907 2170 ad
2933 2124 3038 2170 ttOn
3070 2109 3438 2180 peccandum,
3466 2110 3518 2170 id
3543 2119 3648 2177 est,

2057 2207 2122 2262 ad
2155 2222 2261 2264 non
2307 2205 2447 2267 male
2480 2204 2787 2265 iaciendum
2828 2220 2842 2270 ;
2874 2202 3118 2274 quamvis
3148 2216 3270 2263 esse
3302 2219 3409 2260 non
3442 2202 3661 2258 dubite-

2060 2311 2147 2360 tur
2172 2313 2193 2341 ο
2227 2302 2508 2362 arbitrium
2543 2301 2837 2362 voluntatis
2862 2343 2877 2368 ,
2911 2309 3090 2360 tamen
3119 2299 3236 2366 ejus
3267 2306 3516 2368 potestas
3545 2313 3652 2354 non

2057 2394 2310 2462 sufﬁciat,
2336 2395 2438 2449 nisi
2461 2393 2749 2464 adjuvetur
2771 2392 3083 2450 inﬁrmitas.
3115 2390 3235 2459 ipsa
3261 2390 3426 2460 igitur
3453 2390 3656 2459 oratio,

2057 2489 2355 2546 clarissima
2383 2499 2466 2542 est
2503 2488 2691 2557 gratiae
2724 2485 3056 2544 testilicatio.
3094 2485 3244 2540 lianc
3275 2484 3368 2539 ille
3398 2482 3660 2545 conﬁtea-

2061 2591 2163 2643 tur,
2191 2589 2244 2634 et
2261 2595 2383 2637 eum
2401 2577 2760 2649 gaudebimus
2778 2577 2898 2632 sive
2917 2588 3152 2642 rectum,
3182 2577 3301 2634 sive
3323 2587 3655 2632 correctum.

2127 2675 2180 2730 5.
2219 2671 2606 2744 Distinguenda
2637 2680 2720 2728 est
2761 2671 2846 2726 lex
2877 2679 2932 2726 et
2955 2671 3148 2742 gratia.
3185 2670 3298 2727 Lex
3327 2670 3522 2740 jubere
3558 2686 3658 2727 no-

2057 2770 2153 2837 vit,
2181 2768 2353 2839 gratia
2375 2768 2589 2837 jnvare.
2620 2765 2735 2822 Nec
2765 2766 2852 2821 lex
2878 2764 3120 2835 juberet,
3155 2763 3258 2818 nisi
3296 2772 3442 2818 esset
3466 2763 3658 2821 volun-

2059 2871 2140 2916 tas
2179 2880 2190 2916 :
2229 2875 2330 2916 nec
2359 2860 2534 2930 gratia
2553 2859 2796 2926 juvaret,
2831 2857 2875 2912 si
2904 2865 2987 2914 sat
3011 2863 3160 2910 esset
3189 2855 3462 2910 voluntas.
3493 2855 3660 2916 Jube-

2059 2967 2144 3011 tur
2165 2964 2223 3010 ut
2245 2953 2542 3010 habeamus
2572 2953 2930 3020 intellectum,
2963 2949 3054 3004 ubi
3085 2949 3309 3018 dicitur,
3348 2947 3522 3004 Nolite
3546 2965 3658 3005 esse

2053 3048 2186 3101 sicut
2223 3063 2383 3116 equus
2404 3053 2450 3100 et
2481 3044 2678 3110 mulus,
2708 3042 2894 3114 quibus
2922 3057 3025 3095 non
3056 3049 3129 3095 est
3160 3038 3449 3095 intellectus
3472 3039 3650 3111 (Psal.

348 3145 438 3188 aut
468 3135 570 3190 hoc
601 3133 779 3208 ipsum
812 3149 934 3190 cum
968 3150 1034 3190 eo
1058 3151 1154 3206 per
1175 3136 1389 3192 litteras
1412 3139 1702 3206 agendum.
1733 3138 1798 3193 Et
1832 3156 1952 3198 cum
1983 3152 2028 3212 ρ
2065 3157 2212 3206 xxxr,
2252 3138 2285 3195 9
2315 3137 2375 3211 );
2406 3147 2462 3195 et
2502 3146 2683 3194 tamen
2730 3151 2950 3192 oramus
2981 3145 3040 3188 ut
3070 3135 3366 3190 habeamus
3404 3133 3656 3192 intellec-

347 3225 600 3281 inventus
618 3226 779 3280 fuerit
799 3225 936 3282 hanc
968 3226 1176 3293 dicere,
1201 3244 1364 3299 quam
1391 3228 1551 3284 docet
1576 3230 1942 3286 ecclesiastica

346 3326 400 3372 ct
438 3318 736 3388 apostolica
769 3318 996 3384 veritas,
1032 3328 1159 3378 tunc
1187 3319 1307 3374 sine
1339 3320 1448 3375 ullo
1472 3324 1728 3392 scrupulo
1753 3323 1935 3379 Eccle-

343 3410 445 3465 sia:
477 3453 491 3476 ,
535 3409 652 3465 sine
679 3411 906 3468 latibulo
938 3413 1312 3484 ambiguitatis
1343 3415 1501 3468 ullius
1523 3458 1537 3480 ,
1576 3418 1943 3476 absolvendus

344 3513 450 3574 est,
500 3514 624 3558 tunc
666 3512 749 3558 est
770 3521 824 3560 re
845 3522 971 3561 vera
997 3506 1066 3565 de
1087 3507 1204 3578 ejus
1228 3510 1550 3580 purgatione
1572 3513 1941 3579 gaudendum.

413 3594 468 3650 4.
513 3596 645 3652 Sive
668 3599 813 3657 enim
859 3598 1081 3665 dixerit,
1115 3601 1343 3673 gratiam
1375 3617 1496 3658 esse
1531 3603 1760 3660 liberum
1789 3606 1935 3661 arbi-

342 3689 545 3758 trium,
575 3690 692 3746 sive
719 3691 948 3762 gratiam
981 3707 1103 3754 esse
1140 3695 1523 3751 remissionem
1564 3708 1940 3768 peccatorum,

341 3780 455 3835 sive
473 3782 702 3852 gratiam
723 3798 850 3839 esse
869 3783 1006 3854 legis
1029 3796 1359 3856 pratreptnm
1385 3803 1399 3853 ;
1423 3787 1552 3842 nihil
1580 3805 1766 3844 enrntn
1785 3791 1939 3858 dicit,

339 3877 484 3949 quod
533 3893 632 3948 per
667 3877 1226 3936 subministrationem
1278 3881 1513 3951 Spiritus
1545 3886 1720 3938 sancti
1778 3886 1945 3954 perti-

340 3979 434 4026 net
471 3969 540 4027 ad
565 3972 1069 4044 concupiscentiam
1115 3975 1554 4046 tentationesque
1595 3978 1896 4038 vincendas
1925 4020 1940 4047 .

411 4193 436 4222 ι
478 4183 596 4240 Duo
624 4199 756 4242 mss.
783 4184 940 4242 Colb.
970 4193 1171 4238 tantum
1189 4194 1308 4238 ante
1336 4185 1511 4240 oculos
1539 4201 1557 4239 :
1584 4185 1776 4252 majori
1807 4201 1939 4254 qua.

339 4253 463 4330 dam
488 4256 772 4330 emphasi.
789 4256 1077 4330 Quomodo
1105 4255 1359 4330 Pelagius
1387 4257 1439 4310 in
1475 4267 1776 4330 memorata
1808 4253 1936 4330 syn-

338 4327 443 4381 odo
485 4327 716 4397 gratiam
754 4329 844 4382 Dei
878 4326 1162 4383 confessus
1208 4327 1300 4391 sit,
1331 4326 1674 4396 Augustinus
1723 4327 1815 4382 lib.
1839 4326 1934 4385 'de

337 4399 514 4478 gestis
531 4399 732 4478 _ip.~lus_
757 4399 962 4478 Pelagii
993 4414 1044 4454 c.
1083 4397 1116 4452 ϐ
1142 4399 1260 4478 et_
1288 4399 1518 4478 exponit
1547 4441 1560 4465 ,
1591 4400 1932 4478 subindeque
1962 4418 2014 4478 Ι)

338 4483 470 4541 csp._
494 4470 562 4525 l0
585 4469 826 4538 explicat
857 4469 1000 4525 unde
1030 4484 1154 4541 eum
1188 4469 1261 4524 ibi
1291 4471 1526 4527 subdole
1556 4471 1788 4541 gratiam
1837 4473 1931 4527 Dei

337 4537 649 4610 confessum
664 4537 806 4596 esse
835 4539 1284 4610 deprehenderit.

409 4607 438 4648 δ
478 4610 688 4684 Merlin.
708 4652 725 4678 ,
756 4607 1078 4684 conjunctae.
1120 4610 1459 4684 Edit._Rom.
1490 4614 1934 4683 recentioresque

335 4682 534 4737 concil.
571 4693 627 4738 et
652 4682 910 4748 Garner.,
934 4683 1211 4753 convictas.
1246 4682 1391 4738 Nova
1423 4684 1709 4753 Augustini
1743 4682 1930 4751 editio,

333 4753 550 4808 vinctas.
605 4755 953 4809 Practerimus
987 4769 1109 4808 cum
1139 4752 1304 4809 Crab.
1335 4769 1400 4808 ac
1431 4752 1734 4823 potioribus
1772 4771 1927 4822 mss.,

335 4825 624 4880 convinctas
651 4868 666 4890 ,
699 4826 854 4895 quasi
894 4825 1051 4880 simul
1078 4826 1296 4879 vinctas.
1343 4825 1458 4879 Non
1502 4827 1814 4895 diSpliceret
1845 4829 1933 4881 de-

332 4896 546 4968 uinctus,
577 4907 803 4968 propter
832 4896 959 4952 illud
989 4897 1137 4968 quod
1169 4896 1521 4968 Innocentius
1550 4899 1714 4964 epist.
1749 4899 1839 4966 51,
1875 4916 1928 4954 ιι.

332 4964 390 5033 2,
422 4964 719 5040 rescribit:
753 4966 816 5023 Si
844 4984 966 5038 ergo
991 4964 1108 5040 sunt
1124 4967 1322 5040 aliqui,
1351 4985 1478 5040 quos
1505 4969 1558 5023 in
1587 4964 1933 5040 defensionem

332 5039 638 5110 perversitas
669 5046 812 5093 tanta
841 5037 1087 5110 depinxit.
1123 5037 1190 5098 Et
1223 5037 1348 5095 huic
1366 5037 1592 5110 quidem
1622 5037 1787 5096 verbo
1812 5055 1935 5105 pro-

332 5107 455 5177 pius
474 5109 688 5167 accedit
714 5109 857 5180 quod
889 5110 946 5167 in
968 5111 1235 5180 exemplis
1257 5107 1404 5168 lsidf
1421 5111 1673 5182 legimus,
1701 5112 1931 5181 perviae.

332 5187 433 5235 tas.

407 5262 428 5290 ε
460 5249 518 5306 In
548 5251 687 5310 edit.
725 5251 881 5308 Rom.
915 5263 970 5308 et
1001 5253 1202 5310 concil.
1237 5252 1322 5307 hic
1352 5253 1569 5308 additur
1595 5251 1832 5320 liberum,
1863 5269 1928 5309 ex

331 5319 632 5378 abundanti
657 5332 711 5378 et
736 5332 937 5393 praeter
960 5323 1124 5380 ﬁdem
1149 5339 1281 5380 mss.
1318 5324 1471 5392 Quod
1497 5321 1744 5388 episeOpi
1768 5325 1933 5393 paulo

331 5395 584 5460 Stlperitts
617 5393 834 5450 liberum
853 5395 1126 5450 arbitrium
1149 5410 1253 5452 non
1278 5395 1457 5454 addita
1480 5409 1610 5448 voce
1633 5394 1928 5461 voluntatis,

329 5477 479 5534 nunc
499 5465 770 5520 arbitrium
800 5468 1099 5532 uoluntatis,
1135 5483 1241 5523 non
1274 5466 1557 5534 pratmisso
1588 5467 1828 5534 epitheto
1857 5467 1928 5521 li-

331 5532 530 5604 berum,
555 5547 773 5592 vocant.
801 5537 1014 5596 llinc‘et
1041 5540 1197 5594 initio
1223 5532 1372 5600 num.
1402 5537 1456 5598 5.
1485 5532 1673 5594 aiunt:
1709 5536 1820 5593 Nec
1847 5539 1932 5594 le:

319 5606 545 5677 ἀνισοῖ.
580 5608 680 5664 nisi
718 5610 1109 5679 usetpoluntas
1141 5627 1159 5676 ;
1196 5625 1287 5664 nec
1315 5609 1484 5680 gratia
1513 5610 1743 5680 juvat-et,
1777 5611 1829 5680 si
1849 5620 1930 5664 sat

330 5689 463 5746 esset
506 5679 739 5733 voluntas
765 5720 781 5744 ,
805 5680 918 5746 jam
948 5682 1061 5740 sola
1109 5679 1412 5736 Voluntatis
1444 5679 1720 5735 mentione
1765 5679 1925 5735 facta.

404 5744 430 5784 δ
473 5749 550 5805 lta
583 5749 768 5818 Morb,
807 5744 973 5807 Crab.
1002 5791 1018 5818 ,
1045 5751 1280 5810 Garner.
1307 5791 1323 5819 ,
1352 5765 1418 5808 ac
1449 5750 1619 5809 nostri
1652 5765 1784 5808 mss.
1833 5751 1930 5810 llic

2057 3246 2192 3303 tum,
2250 3235 2340 3290 ubi
2393 3232 2614 3301 dicitur,
2672 3229 2755 3285 Da
2803 3230 2928 3283 mihi
2964 3229 3305 3295 intellectum,
3355 3237 3410 3282 ut
3451 3227 3652 3282 discam

2057 3327 2304 3382 mandata
2329 3336 2416 3382 tua
2447 3325 2620 3396 (Psal.
2654 3339 2818 3380 cxvut
2841 3365 2854 3385 .
2903 3306 3051 3392 125).
3100 3321 3328 3382 Juhetur
3359 3331 3417 3377 ut
3454 3321 3656 3376 hahea-

2056 3438 2175 3476 mus
2198 3420 2548 3488 sapientiam,
2582 3417 2674 3472 ubi
2705 3417 2928 3484 dicitur,
2963 3416 3129 3472 δικιιὶ
3158 3416 3446 3486 aliquando
3490 3417 3654 3486 sapite

2058 3510 2232 3582 (Psal.
2275 3525 2428 3574 xcut,
2456 3510 2555 3580 8);
2587 3519 2640 3564 et
2669 3516 2850 3563 tamen
2884 3517 3071 3564 oratur
3101 3517 3160 3564 ut
3193 3509 3516 3576 sapientiam
3557 3507 3652 3563 ha-

2051 3607 2298 3667 beamus,
2330 3603 2419 3656 ubi
2460 3602 2661 3656 dicitur
2684 3643 2698 3667 ,
2729 3601 2791 3656 Si
2827 3602 2947 3670 quis
2974 3610 3149 3656 autent
3180 3611 3402 3656 vestrum
3448 3602 3647 3675 indiget

2051 3696 2324 3763 sapientia,
2358 3693 2582 3767 postulet
2603 3711 2636 3748 a
2665 3693 2794 3757 Deo,
2822 3694 2913 3763 qui
2942 3694 3030 3749 dat
3060 3694 3295 3746 omnibus
3320 3694 3601 3764 afﬂuenter
3629 3737 3644 3762 ,

2049 3799 2218 3844 etnon
2240 3790 2592 3858 impr-operat;
2613 3794 2661 3846 et
2689 3785 2900 3840 dabitur
2927 3784 2973 3840 ei
3000 3783 3212 3853 (Jacob.
3246 3800 3284 3851 ι,
3310 3783 3392 3854 5).
3415 3783 3648 3841 .lubetttr

2050 3893 2107 3938 ut
2137 3882 2434 3940 habeamus
2474 3879 2898 3946 continentiam,
2943 3877 3034 3932 ubi
3065 3877 3289 3945 dicitur,
3321 3874 3348 3914 τι
3372 3877 3501 3934 Cum
3547 3880 3652 3935 sci-

2046 3994 2156 4032 rem
2181 3977 2301 4048 quia
2329 3992 2478 4036 nemo
2509 3983 2675 4047 potest
2703 3991 2810 4030 esse
2833 3972 3126 4040 continens,
3153 3973 3254 4028 nisi
3282 3972 3426 4028 Deus
3455 3973 3563 4041 det,
3597 3983 3647 4029 et

2046 4195 2228 4240 tamen
2258 4183 2464 4254 aliquid
2505 4180 2814 4238 desiderari
2848 4175 3195 4254 manifestum
3239 4186 3344 4254 est.
3375 4176 3644 4254 Quocirca

2043 4257 2223 4318 editor
2251 4249 2530 4312 Romanus
2562 4254 2705 4312 istud
2754 4254 2894 4307 intra
2929 4250 3159 4306 uncinos
3203 4250 3376 4306 altero
3417 4249 3647 4304 charac-

2045 4339 2158 4384 tere
2179 4327 2385 4412 adjecit
2414 4345 2425 4380 :
2453 4325 2814 4412 LIIic‘aliquid
2844 4323 2982 4376 deest
3009 4319 3647 4412 eiustttotlji_i:8irttL

2039 4400 2190 4454 vestri
2222 4390 2483 4468 jrrwcittcti
2510 4412 2527 4450 :
2558 4406 2604 4451 et
2631 4390 2800 4468 tamen
2835 4390 3044 4468 oramus
3075 4408 3185 4468 eam
3220 4392 3336 4468 dari
3379 4390 3523 4468 nobis
3558 4391 3643 4468 ubi

2038 4461 2279 4543 dicitur]
2298 4469 2455 4539 Quod
2486 4479 2538 4543 et
2568 4477 2755 4543 postea
2789 4467 2842 4519 itt
2870 4463 3198 4543 auidusdam
3231 4465 3352 4543 aliis
3378 4461 3640 4543 editioni-

2038 4541 2140 4598 bus
2175 4533 2474 4597 retentum.
2508 4533 2881 4594 Additamenti
2920 4535 3081 4604 hujus
3113 4536 3231 4588 loco
3263 4536 3471 4599 Quesn.
3505 4533 3636 4586 suh-
3709 4553 3712 4556 ~

2036 4615 2209 4667 stituit
2234 4631 2250 4669 :
2278 4614 2320 4670 A
2347 4609 2698 4694 voluptatibus
2722 4608 3098 4694 tuisarertere,
3118 4614 3172 4694 ﬁt
3195 4612 3368 4660 tamen
3390 4613 3573 4694 oratur'
3588 4612 3642 4658 ut

2037 4684 2311 4738 habeamus
2339 4674 2725 4747 continentiam,
2757 4677 2840 4731 ubi
2868 4677 3080 4730 dicitur.
3117 4674 3376 4755 Neutrum
3420 4675 3642 4758 supple-

2038 4767 2279 4826 mentum
2327 4755 2533 4826 placet._
2571 4744 2904 4826 Quoautem
2941 4744 3526 4826 pacl'oresarciendtts
3569 4744 3641 4826 sit

2038 4825 2124 4881 hic
2167 4815 2349 4894 locus,
2379 4839 2443 4878 ex
2488 4815 2794 4894 alitifsitttili
2827 4815 3132 4894 Augustini
3167 4816 3439 4894 expiscari
3489 4815 3637 4870 licet.

2036 4896 2086 4952 ls
2117 4897 2317 4950 Doctor
2337 4886 2510 4963 't-pist.
2557 4893 2683 4956 1",
2728 4891 2793 4945 ad
2827 4886 3117 4963 Hilarium,
3160 4903 3214 4941 ιι.
3262 4887 3327 4963 9,
3363 4886 3504 4963 idem
3532 4904 3638 4963 Δξιιι.

2033 4977 2347 5038 gumentum
2371 4957 2705 5038 pertractans
2727 4968 2797 5016 ita
2823 4962 3049 5038 scribit:
3075 4957 3206 5012 Cum
3225 4961 3346 5012 dicit
3363 4957 3502 5038 per,
3520 4957 3642 5038 dion

2033 5029 2386 5105 concupisces,
2424 5035 2550 5106 quid
2579 5037 2774 5088 videtur
2817 5033 2963 5086 aliud
2981 5035 3282 5106 inpertire,
3321 5030 3420 5085 nisi
3451 5029 3644 5084 abilli-

2035 5111 2147 5181 citis
2178 5105 2540 5181 cupiditatibus
2570 5105 3058 5181 continentiam}...
3095 5111 3345 5181 et’tamen
3369 5114 3558 5181 tratur
3583 5111 3639 5181 ut

2034 5172 2308 5235 habeamus
2335 5178 2740 5254 continentiam,
2778 5176 2862 5230 ubi
2904 5175 3115 5254 dicitur,
3145 5172 3274 5228 Cum
3307 5177 3485 5254 scirem
3516 5174 3640 5254 quia

2035 5269 2184 5306 nemo
2228 5261 2386 5320 potest
2427 5266 2536 5304 esse
2579 5249 2881 5320 continens,
2917 5258 3023 5302 etc.
3060 5249 3287 5320 Moxque
3315 5244 3639 5320 concludit;

2033 5323 2188 5378 Jubet
2215 5311 2339 5393 ergo
2369 5321 2506 5376 Deus
2527 5311 2916 5393 continentiam,
2941 5329 2988 5374 et
3020 5321 3108 5374 dat
3141 5311 3526 5393 continentiam.
3554 5311 3634 5393 ᾼιΙ

2033 5386 2472 5466 ιιιειιῑριιίὶεἱιιιι-
2516 5391 2802 5466 Augustini
2838 5392 3052 5461 integer
3068 5394 3174 5466 _lie_t
3199 5387 3288 5441 hic
3320 5395 3510 5466 uoster
3559 5386 3642 5439 lo-

2033 5481 2154 5530 cus,
2185 5468 2228 5520 si
2261 5461 2623 5520 reitituamus
2648 5481 2658 5515 :
2686 5462 2910 5516 Jubetur
2951 5475 3006 5515 ut
3057 5461 3335 5514 habeamus
3363 5461 3635 5509 continett-

2034 5538 2181 5603 tiam,
2211 5539 2292 5591 ubi
2316 5537 2525 5601 dicitur,
2554 5533 2676 5608 Non
2708 5534 3035 5608 concupisces
3065 5548 3083 5584 :
3114 5540 3165 5608 et
3183 5536 3356 5608 tamen
3378 5530 3638 5608 oraturut

2035 5599 2314 5664 habeamus
2334 5599 2718 5672 continentiam,
2746 5606 2829 5658 ubi
2873 5599 3091 5666 dicitur,
3123 5599 3254 5672 Cum
3281 5599 3498 5672 scirem,
3525 5607 3641 5652 etc.

2034 5679 2284 5735 Proxima
2324 5677 2639 5734 earumdem
2682 5667 2876 5729 vocum
2907 5673 3186 5740 repetitio,
3219 5667 3455 5726 fecunda
3487 5669 3648 5724 iacu—

2034 5765 2230 5810 narum
2259 5764 2440 5822 seges,
2471 5748 2602 5804 huic
2627 5747 2971 5802 occasionem
2999 5740 3168 5798 dedit.
