4344 6174
589 295 696 355 575

1837 304 1890 359 S.
1939 302 2326 362 lNNOCENTU
2369 306 2388 363 l
2430 305 2639 364 ΡΑΡΑΞ

3787 315 3891 372 5°76

583 416 685 472 hoc
712 419 882 485 ipsum
903 432 1015 476 erat
1034 424 1326 490 sapientiae,
1354 424 1488 478 scire
1508 427 1663 496 cujus
1681 433 1811 479 esset
1836 425 1933 478 hoc
1953 424 2187 480 donum:
2216 426 2270 486 Α
2295 442 2400 482 non
2458 428 2592 483 nihil
2640 445 2906 498 essemus,
2965 448 3063 490 nec
3105 437 3174 491 ita
3234 451 3482 494 essemus
3540 435 3776 508 aliquid,
3837 446 3894 493 ut

587 512 697 566 adii
721 509 1023 583 Dominum,
1045 525 1095 570 et
1118 516 1422 585 deprecatus
1442 533 1556 571 sum
1573 517 1722 571 illum
1746 516 1901 588 (Sap.
1925 532 2041 580 vttt,
2063 517 2185 587 21).

586 603 878 662 Postremo
909 623 977 662 ne
1000 609 1230 664 nimium
1263 609 1483 679 longum
1518 611 1588 665 sit
1618 620 1811 667 cuncta
1841 626 2188 680 percurrere,

583 697 804 770 iubetur
854 708 912 754 ut
953 717 1059 756 non
1094 701 1352 758 faciamus
1385 705 1583 758 malum
1607 746 1623 771 ,
1669 705 1757 759 ubi
1788 704 1988 760 dicitur
2013 746 2028 771 ,
2078 703 2189 759 De-

588 791 729 846 clina
751 809 782 845 a
806 795 942 847 malo
991 793 1165 866 (Psal.
1199 812 1383 862 xxxv't,
1412 795 1506 868 27)
1534 814 1548 862 ;
1581 807 1637 853 et
1675 807 1858 853 tamen
1903 806 2091 852 oratur
2132 808 2191 851 ut

591 899 700 939 non
727 884 988 942 faciamus
1019 889 1219 943 malum
1254 890 1344 943 ubi
1373 890 1572 946 dicitur
1605 911 1616 945 :
1655 891 1878 946 Oramus
1907 901 2082 946 autem
2125 891 2192 946 ad

590 975 895 1044 Dominum,
937 996 1001 1034 ne
1028 981 1153 1050 quid
1195 984 1403 1048 faciatis
1427 985 1553 1037 mali
1580 982 1647 1055 (ll
1676 983 1798 1037 Cor.
1829 999 1952 1045 xm,
1987 982 2064 1052 7).
2101 982 2195 1037 Ju-

591 1070 757 1126 betur
800 1081 862 1125 ut
905 1073 1166 1128 faciamus
1219 1075 1444 1141 bonum,
1491 1076 1580 1129 ubi
1625 1075 1853 1137 dicitur,
1900 1073 2120 1130 Declina
2162 1091 2194 1128 a

591 1163 730 1216 malo
753 1172 802 1216 et
827 1164 909 1230 fac
949 1164 1138 1218 bonum
1169 1164 1342 1236 (Psnl.
1381 1183 1564 1232 xxxv't,
1593 1166 1686 1238 27)
1719 1185 1733 1234 ;
1766 1177 1820 1223 et
1852 1177 2030 1223 tamen
2064 1182 2193 1222 ora-

592 1262 686 1308 tur
712 1263 770 1309 ut
795 1253 1057 1310 faciamus
1090 1257 1316 1320 bonum.
1365 1259 1450 1314 ubi
1493 1259 1691 1314 dicitur
1714 1301 1729 1325 ,
1763 1257 1888 1313 Non
1932 1276 2195 1315 cessamus

594 1366 688 1419 pro
719 1349 860 1404 vobis
889 1360 1096 1405 orantes
1129 1361 1174 1404 et
1207 1353 1528 1423 postulantes
1556 1351 1782 1422 (Coloss.
1817 1368 1835 1406 ι
1863 1395 1875 1416 ,
1908 1351 1990 1423 9),
2034 1363 2196 1422 atque

597 1445 744 1498 inter
775 1452 998 1506 caetem,
1030 1459 1152 1512 quae
1186 1443 1294 1498 illis
1329 1455 1472 1510 orat,
1505 1443 1635 1499 dicit
1666 1461 1679 1500 :
1715 1443 1783 1498 Ut
1818 1442 2091 1498 ambuletis
2120 1445 2201 1496 di-

595 1552 692 1606 gne
718 1535 827 1588 Deo
866 1537 919 1589 in
949 1553 1097 1591 omne
1123 1537 1408 1606 placitum,
1439 1540 1493 1591 in
1526 1539 1665 1591 omni
1694 1555 1846 1609 apere
1875 1547 1924 1592 et
1964 1554 2200 1592 sermone

593 1625 726 1681 bono
755 1625 919 1698 (Ibid.
949 1669 964 1694 ,
998 1627 1108 1695 10).
1142 1629 1292 1683 Sicut
1323 1645 1454 1698 ergo
1481 1630 1834 1698 agnoscimus
1861 1631 2193 1684 voluntatem

593 1735 716 1776 cum
743 1721 859 1774 haec
883 1719 1274 1789 pr:ccipiuntur
1302 1736 1316 1786 ;
1351 1721 1430 1776 sic
1453 1731 1508 1776 et
1542 1723 1656 1790 ipse
1678 1713 1938 1792 agnoscat
1967 1723 2196 1791 gratiam

597 1826 722 1868 cum
755 1822 1039 1882 petuntur.

672 1901 724 1958 6.
776 1901 1018 1958 Misimus
1053 1903 1374 1958 reverentiae
1426 1913 1532 1958 tua:
1580 1903 1800 1971 librum,
1834 1920 1994 1974 quem
2036 1904 2208 1961 dede-

594 2004 724 2049 runt
750 1994 969 2064 quidam
1014 1995 1255 2063 religiosi
1287 2003 1342 2049 et
1373 1996 1592 2050 honesti
1637 1997 2016 2053 adolescentes
2061 2000 2204 2054 servi

599 2085 717 2152 Dei,
747 2101 978 2155 quorum
1009 2085 1175 2140 etiam
1229 2089 1449 2142 nomina
1480 2105 1586 2143 non
1630 2099 1872 2145 tacemus
1905 2108 1919 2156 ;
1952 2106 2075 2145 nam
2107 2091 2204 2145 Τί-

604 2180 808 2234 inasius
839 2190 894 2234 et
931 2179 1167 2236 Jacobus
1197 2192 1481 2238 vocantur.
1515 2182 1650 2250 Qui,
1683 2184 1824 2238 sicut
1854 2184 2164 2240 audivimus
2191 2232 2204 2254 ,

606 2281 660 2326 et
690 2270 860 2326 etiam
893 2286 1057 2327 nosse
1087 2273 1351 2342 dignaris,
1385 2274 1554 2344 ipsius
1590 2274 1793 2346 Pelagii
1827 2275 2209 2332 exhortatione

607 2378 759 2434 spem
786 2379 946 2436 quam
979 2364 1253 2421 habebant
1282 2367 1334 2421 iu
1367 2369 1567 2423 saeculo
1591 2367 1953 2439 reliquerunt,
1984 2379 2040 2425 et
2068 2386 2210 2426 nunc

610 2457 962 2514 continentes
1007 2459 1118 2513 Deo
1166 2461 1430 2514 serviunt.
1486 2461 1590 2530 Qui
1635 2479 1756 2518 cum
1797 2463 1991 2518 eodem
2023 2480 2212 2520 errore

609 2550 828 2605 tandem
870 2551 1160 2621 aliquando
1186 2569 1284 2622 per
1323 2555 1780 2626 qualemcumque
1811 2573 2033 2626 cperam
2087 2573 2212 2613 nos-

607 2653 744 2698 tram
803 2645 1036 2699 Domino
1092 2646 1396 2715 inspirante
1452 2648 1758 2704 caruissent
1792 2693 1806 2716 ,
1871 2652 2212 2719 protulerunt

613 2736 864 2791 eumdem
899 2736 1119 2803 librum,
1151 2737 1353 2809 Pelagii
1385 2755 1507 2796 esse
1547 2741 1813 2808 dicentes,
1847 2755 1902 2796 et
1948 2755 2004 2796 ut
2035 2745 2083 2798 ei
2130 2761 2212 2799 re-

614 2831 1002 2900 Sponderctur,
1034 2833 1309 2903 impendio
1341 2845 1690 2905 rogaverunt.
1727 2836 1952 2891 Factum
1985 2846 2070 2891 est
2097 2855 2109 2889 :
2144 2837 2210 2890 ad

612 2925 836 2980 eosdem
860 2928 1124 2994 rescripta
1152 2937 1235 2980 est
1263 2928 1376 2995 ipsa
1412 2930 1700 2998 responsio
1740 2927 1918 3000 (Liber
1939 2929 2216 3002 Augu-tini

609 3017 672 3070 de
715 3017 921 3072 Natura
949 3029 996 3072 et
1027 3018 1230 3088 Gratia)
1260 3037 1273 3086 ;
1320 3031 1543 3089 agentes
1574 3022 1774 3090 gratias
1815 3024 2218 3091 rescripserunt

615 3107 812 3178 (Epist.
857 3109 1002 3176 apud
1033 3111 1310 3180 Augustin.
1343 3127 1480 3164 nunc
1524 3112 1673 3181 168).
1718 3113 2020 3182 Utrumque
2065 3115 2218 3169 misi-

2295 522 2535 578 cadaver
2562 524 2705 595 quod
2737 540 2844 581 non
2874 527 3024 594 vivit,
3060 539 3151 583 aut
3187 531 3352 587 arbor
3389 547 3510 601 qua:
3547 546 3656 587 non
3694 535 3892 599 sentit,

2294 625 2388 670 aut
2421 632 2585 685 pecus
2615 619 2757 688 quod
2789 636 2893 674 non
2937 622 3228 694 intelligit;
3279 625 3374 680 sed
3405 625 3676 691 homines,
3711 625 3802 696 qui
3845 634 3899 680 et

2295 725 2565 777 essemus,
2599 720 2654 767 et
2699 713 3029 780 viveremus,
3060 727 3116 772 et
3144 719 3496 786 sentiremus,
3538 729 3593 776 et
3627 720 3900 789 intellige-

2295 821 2518 870 remus;
2550 815 2603 860 et
2644 806 2711 862 de
2757 807 2860 862 hoc
2914 819 3068 866 tanto
3115 811 3385 868 beneficio
3426 814 3660 868 creatori
3712 822 3901 868 nostro

2295 901 2496 968 gratias
2522 916 2681 971 agere
2707 900 2735 940 ι)
2760 903 3074 972 valeamus;
3109 907 3252 962 unde
3281 908 3480 963 merito
3510 916 3565 963 et
3597 909 3700 963 ista
3731 908 3900 979 gratia

2298 989 2404 1046 dici
2440 1004 2643 1063 potest,
2672 997 2795 1063 quia
2829 1014 2935 1051 non
2970 1000 3397 1068 prsecedentium
3427 1001 3731 1069 aliquorum
3771 1015 3904 1071 ope-

2299 1101 2418 1140 rum
2453 1087 2681 1154 meritis,
2712 1089 2804 1145 sed
2845 1093 3080 1160 gratuita
3118 1093 3210 1148 Dei
3245 1094 3488 1148 bonitate
3534 1093 3730 1149 donata
3775 1103 3899 1148 est:

2298 1178 2405 1233 alia
2438 1190 2518 1234 est
2552 1191 2757 1249 tamen,
2789 1200 2892 1252 qua
2926 1185 3299 1255 praedesﬁnati
3334 1202 3608 1256 vocamur,
3640 1188 3905 1258 juStitica-

2304 1289 2446 1336 mur,
2471 1274 2866 1344 gloriﬁcamur,
2902 1287 2958 1332 ut
2979 1278 3168 1334 dicere
3200 1281 3472 1347 possimus
3502 1298 3514 1334 :
3553 1280 3614 1335 Si
3641 1280 3782 1335 Deus
3811 1297 3902 1352 pro

2304 1367 2471 1432 nobis,
2498 1368 2610 1434 quis
2633 1379 2814 1423 contra
2839 1372 2968 1424 nas?
2992 1371 3091 1437 Qui
3109 1371 3221 1441 ﬁlio
3249 1389 3341 1425 suo
3363 1373 3572 1444 proprio
3595 1389 3696 1426 non
3721 1388 3903 1443 peper-

2303 1461 2392 1526 cit,
2414 1460 2503 1513 sed
2525 1475 2619 1530 pro
2643 1462 2788 1516 nobis
2812 1464 3046 1517 omnibus
3067 1464 3282 1518 tradidit
3305 1463 3454 1518 illum
3484 1465 3660 1536 (Rom.
3691 1480 3800 1528 vin,
3818 1464 3898 1534 ὃ).

2377 1554 2432 1607 8.
2474 1554 2549 1608 De
2582 1555 2681 1608 hac
2731 1557 2900 1625 gratia
2941 1558 3170 1626 quaestio
3219 1558 3555 1620 vertebatur,
3591 1559 3808 1629 quando
3836 1559 3903 1615 ab

2307 1645 2413 1713 his,
2442 1663 2578 1717 quos
2609 1648 2862 1719 Pelagius
2901 1651 3143 1720 graviter
3173 1650 3487 1706 offendebat
3523 1661 3688 1721 atque
3719 1652 3909 1707 turba-

2305 1739 2419 1803 bat,
2445 1739 2727 1795 dicebatur
2749 1741 2820 1806 ei,
2851 1741 2995 1810 quod
3028 1757 3146 1796 eam
3179 1743 3294 1797 suis
3323 1742 3782 1809 disputationibus
3811 1758 3910 1814 op-

2235 1823 2283 1883 B
2311 1839 2598 1902 pugnaret,
2633 1833 2827 1901 quibus
2847 1842 3122 1889 assereret
3155 1850 3264 1888 non
3315 1834 3493 1889 solum
3533 1833 3598 1888 ad
3639 1833 3905 1905 facienda,

2309 1941 2497 1980 verum
2531 1927 2693 1981 etiam
2727 1927 2793 1982 ad
2837 1929 3163 1998 perﬁcienda
3193 1930 3446 1985 mandata
3475 1930 3682 1995 divina,
3716 1945 3810 2000 per
3841 1931 3908 1984 li-

2311 2021 2501 2074 herum
2548 2021 2834 2077 arbitrium
2883 2022 3178 2078 humanam
3212 2024 3314 2078 sibi
3349 2023 3603 2079 sufficere
3635 2034 3905 2079 naturam.

2313 2112 2460 2168 llanc
2489 2114 2784 2184 apostolica
2814 2115 3064 2171 doctrina
3098 2117 3329 2188 gratiam
3369 2127 3391 2155 ε
3423 2117 3528 2171 isto
3560 2117 3778 2172 nomine
3810 2133 3909 2189 ap-

2313 2205 2499 2274 pellat,
2531 2222 2633 2277 qua
2666 2208 2938 2263 salvamur
2982 2218 3034 2265 et
3064 2211 3428 2280 justiﬁcainur
3456 2225 3524 2266 ex
3548 2208 3653 2265 ﬂde
3679 2208 3907 2267 Christi.

2313 2297 2389 2352 De
2413 2297 2513 2352 hac
2534 2299 2800 2368 scriptum
2829 2310 2915 2355 est
2939 2319 2951 2354 :
2981 2301 3104 2356 Non
3133 2303 3332 2357 irritam
3370 2304 3507 2372 facio
3533 2307 3759 2374 gratiam
3791 2303 3910 2360 Dei.

2315 2388 2455 2442 Nam
2479 2391 2524 2444 si
2547 2407 2636 2461 per
2679 2390 2863 2462 Legem
2900 2393 3138 2465 justitia,
3165 2410 3286 2465 ergo
3314 2392 3551 2449 Christus
3580 2396 3746 2466 gratis
3773 2412 3918 2450 mor-

2313 2495 2431 2538 tuus
2461 2496 2532 2539 est
2564 2483 2772 2557 (Gatat.
2817 2501 2878 2547 ιι.
2928 2486 2989 2541 21
3011 2485 3052 2557 ).
3087 2488 3163 2542 De
3197 2487 3298 2542 hac
3325 2489 3587 2558 scriptum
3629 2499 3731 2556 est,
3774 2488 3916 2543 Eua-

2315 2578 2451 2630 cuuti
2476 2578 2592 2631 estis
2623 2594 2655 2630 a
2679 2577 2906 2644 Christo,
2926 2580 3017 2650 qui
3039 2580 3092 2632 in
3118 2579 3253 2649 Lege
3267 2581 3656 2651 justiﬁcamini,
3683 2599 3713 2635 a
3741 2582 3917 2650 gratia

2316 2669 2580 2724 excidistis
2614 2668 2834 2741 (Colat.
2862 2687 2916 2737 v,
2940 2671 2974 2724 4
2997 2672 3037 2742 ).
3064 2671 3142 2728 De
3171 2671 3272 2727 bac
3301 2675 3568 2743 scriptum
3597 2681 3703 2740 est,
3732 2673 3793 2728 Si
3815 2689 3915 2727 au-

2319 2773 2413 2816 tem
2439 2765 2628 2836 gratia,
2643 2765 2759 2833 jam
2784 2782 2885 2818 non
2929 2782 2991 2818 ea“.
3022 2766 3301 2837 operibus;
3324 2766 3558 2837 alioquin
3590 2767 3762 2839 gratia
3797 2767 3916 2837 jam

2318 2873 2418 2908 non
2467 2865 2540 2908 est
2585 2858 2753 2927 gratia
2780 2858 2796 2927 (
2827 2856 2977 2912 Rom.
3025 2875 3098 2921 xi,
3143 2857 3238 2928 6).
3286 2860 3362 2915 De
3392 2860 3492 2914 hac
3519 2861 3778 2930 scriptum
3808 2868 3914 2926 est,

2318 2945 2385 3001 Ei
2408 2958 2594 3006 autem.
2620 2950 2706 3019 qui
2743 2961 3009 3022 operatur,
3051 2968 3242 3007 merces
3283 2969 3384 3006 non
3413 2953 3694 3025 imputatur
3725 2970 3918 3008 secun-

2319 3039 2442 3092 dum
2459 3041 2699 3111 gratiam,
2724 3040 2813 3095 sed
2834 3043 3114 3097 secundum
3132 3043 3362 3098 debitum
3387 3060 3406 3098 .'
3423 3048 3468 3098 ei
3487 3055 3675 3110 autem,
3703 3046 3794 3112 qui
3812 3063 3919 3100 non

2321 3143 2585 3200 operatur,
2611 3131 2839 3186 credenti
2861 3143 3032 3188 autem
3060 3138 3110 3188 in
3135 3152 3273 3203 eum,
3296 3137 3384 3207 qui
3396 3137 3652 3208 justi/ient
3672 3139 3914 3208 impium,

614 3217 760 3267 mur,
797 3211 850 3256 et
879 3202 963 3255 cui
997 3216 1320 3270 responsum
1359 3212 1466 3267 est,
1498 3215 1552 3258 et
1575 3204 1717 3273 quod
1752 3221 2069 3274 responsum
2111 3218 2214 3263 est.
2245 3207 2291 3271 C
2323 3224 2598 3294 deputatur
2635 3223 2763 3293 ﬁdes
2809 3227 2925 3295 ejus
2971 3227 3039 3280 ad
3077 3202 3347 3299 justitiam
3374 3202 3570 3299 (illam.
3612 3244 3685 3296 tv,
3709 3202 3801 3300 4').

616 3292 684 3345 Et
708 3307 776 3346 ne
801 3293 1025 3346 nimium
1053 3307 1298 3346 essemus
1326 3295 1570 3364 onerosi,
1601 3297 1749 3366 signa
1776 3297 1999 3352 fecimus
2022 3299 2104 3354 his
2137 3303 2216 3356 lo-

613 3384 714 3450 cis,
750 3385 842 3438 ubi
873 3386 1109 3454 petimus
1136 3385 1404 3456 inspicere
1449 3405 1515 3443 ne
1546 3391 1790 3458 graveris
1816 3433 1829 3456 ,
1861 3395 2219 3461 quemadmo-

612 3476 766 3543 dum,
799 3476 898 3531 sibi
929 3477 1145 3546 objecta
1175 3479 1479 3549 quatstione
1509 3481 1651 3551 quod
1680 3485 1908 3552 gratiam
1939 3485 2028 3539 Dei
2057 3503 2220 3557 nega-

613 3579 719 3632 ret,
753 3570 826 3622 ita
855 3570 1158 3639 respondit,
1196 3583 1250 3625 ut
1275 3587 1396 3626 eam
1424 3587 1550 3628 esse
1581 3588 1688 3629 non
1722 3576 1955 3645 diceret,
1985 3579 2088 3634 nisi
2123 3596 2219 3634 na-

616 3672 796 3717 turam
824 3664 881 3718 in
909 3680 1015 3734 qua
1041 3681 1141 3721 nos
1169 3669 1415 3723 condidit
1445 3669 1610 3725 Deus.

688 3758 742 3811 7.
777 3757 832 3813 Si
866 3768 1048 3814 autem
1091 3760 1233 3816 hunc
1280 3777 1402 3818 esse
1441 3779 1598 3819 suum
1648 3766 1846 3821 librum
1895 3777 2079 3839 negat,
2127 3781 2220 3826 aut

613 3848 804 3903 cadem
849 3849 901 3903 in
933 3850 1076 3907 libro
1106 3852 1246 3921 loca,
1283 3869 1390 3908 non
1437 3857 1859 3912 contendimus:
1898 3861 2220 3918 anathemet

613 3940 728 4006 illa,
760 3950 815 3995 et
856 3956 977 3996 eam
1011 3947 1338 3999 conﬁteatur
1376 3949 1724 4015 apertissime
1767 3953 2023 4020 gratiam,
2055 3971 2218 4024 quam

612 4031 867 4086 doctrina
910 4032 1222 4089 Christiana
1271 4037 1638 4118 demensum,
1685 4052 1740 4096 et
1788 4045 2049 4110 praedicat
2095 4062 2220 4100 esse

615 4127 892 4195 propriam
930 4126 1368 4185 Christianorum
1397 4173 1412 4199 ,
1447 4150 1566 4204 qua:
1599 4149 1706 4189 non
1737 4145 1822 4191 est
1872 4149 2087 4202 natura,
2123 4143 2220 4197 sed

612 4233 714 4289 qua
757 4223 1000 4274 salvatur
1053 4231 1286 4276 natura:
1339 4233 1510 4294 tlquae
1559 4239 1805 4282 naturam
1857 4247 1961 4284 non
1996 4234 2220 4290 auribus

611 4322 843 4366 sonante
869 4313 1138 4379 doctrina,
1173 4315 1254 4368 vel
1285 4315 1470 4386 aliquo
1493 4318 1809 4388 adjumento
1841 4322 2039 4378 visibili
2065 4325 2217 4382 fovet

611 4406 750 4461 sient
770 4406 1046 4476 plantator
1068 4408 1303 4478 quodam
1327 4411 1488 4465 modo
1506 4421 1560 4466 et
1581 4412 1835 4483 irrigatur
1848 4422 2216 4486 extrinsecus,

612 4498 709 4552 sed
739 4499 1245 4555 subministratioue
1281 4501 1521 4571 Spiritus
1552 4513 1606 4560 et
1648 4507 1862 4562 occulta
1911 4511 2216 4567 misericor-

2321 3317 2486 3372 multa
2513 3317 2637 3380 alia,
2668 3333 2791 3387 quas
2821 3318 3014 3373 melius
3041 3330 3196 3389 potes
3224 3321 3338 3390 ipse
3369 3321 3704 3388 meminisse,
3737 3332 3792 3376 et
3832 3323 3919 3376 in-

2321 3408 2567 3479 telligere
2607 3409 2951 3479 prudentius,
2993 3420 3050 3466 et
3105 3411 3371 3467 illustrius
3403 3413 3722 3482 praedicare.
3763 3412 3919 3470 Illam

2321 3515 2452 3555 vero
2497 3501 2745 3570 gratiam,
2780 3518 2882 3571 qua
2915 3504 3085 3558 creati
3136 3520 3326 3560 sumus
3379 3505 3652 3572 homines,
3701 3508 3920 3564 etiamsi

2322 3593 2392 3647 ita
2424 3593 2803 3663 appellandam
2837 3611 2941 3649 nou
2989 3596 3268 3653 immerito
3299 3597 3678 3669 intelligimus,
3721 3601 3921 3655 tnirum

2321 3697 2405 3740 est
2434 3696 2614 3743 tamen
2651 3689 2696 3741 si
2731 3691 2800 3742 ita
2842 3690 3168 3759 appellatam
3210 3691 3263 3744 in
3315 3692 3437 3746 ullis
3481 3692 3759 3764 legitimis,
3792 3709 3923 3764 pro-

2323 3779 2577 3849 pheticis,
2602 3781 2948 3851 evangelicis,
2978 3782 3405 3853 apostolicisque
3432 3784 3630 3838 litteris
3661 3786 3918 3855 legimus.

2393 3873 2445 3928 9.
2488 3874 2622 3926 Cum
2657 3875 2833 3945 itaque
2864 3875 2931 3930 de
2961 3875 3061 3930 hac
3081 3877 3277 3947 gratia,
3302 3877 3633 3932 Christianis
3661 3879 3922 3935 fidelibus

2324 3965 2713 4036 catholicisque
2754 3967 3070 4036 notissima,
3100 3971 3174 4024 illi
3208 3969 3545 4040 objicerctur
3576 3973 3824 4041 quiestio,
3867 3981 3928 4029 ut

2322 4075 2442 4114 eam
2483 4075 2796 4130 oppugnare
2825 4061 3136 4128 desineret;
3187 4062 3316 4134 quid
3363 4075 3447 4119 est
3484 4063 3627 4134 quod
3659 4080 3780 4118 cum
3815 4064 3928 4121 hoc

2323 4151 2424 4204 sibi
2459 4152 2508 4204 in
2557 4153 2696 4207 libro
2719 4169 2819 4208 suo
2844 4154 2992 4209 velut
3019 4157 3089 4208 ab
3119 4155 3449 4211 adVersante
3493 4171 3722 4225 persona
3777 4156 3927 4212 idem

2326 4243 2442 4312 ipse
2484 4244 2796 4314 objecisset,
2828 4256 2888 4301 ut
2931 4263 2990 4302 se
3040 4247 3425 4318 respondendo
3479 4259 3753 4318 purgaret,
3786 4250 3928 4307 nihil

2324 4335 2468 4389 aliud
2515 4339 2818 4406 rcSpondit,
2853 4340 2956 4394 nisi
2992 4352 3239 4396 naturam
3271 4339 3297 4377 ἀ
3325 4343 3494 4396 creati
3546 4341 3780 4396 hominis
3829 4359 3930 4400 re-

2327 4425 2468 4482 ferre
2505 4431 2736 4498 gratiam
2782 4432 3080 4495 creatoris;
3122 4443 3287 4503 atque
3340 4435 3409 4488 ita
3457 4448 3519 4489 se
3567 4433 3771 4498 dicere,
3801 4434 3931 4492 sine

2326 4533 2545 4588 peccato
2568 4523 2780 4592 impleri
2804 4540 2960 4594 posse
2978 4527 3240 4595 justitiam
3262 4543 3359 4598 per
3380 4528 3610 4583 liberum
3633 4528 3930 4585 arbitrium

611 4589 720 4650 dia.
782 4593 922 4647 sicut
981 4591 1106 4647 facit
1166 4593 1279 4660 ille,
1325 4596 1415 4664 qui
1469 4595 1566 4650 dat
1613 4596 2012 4654 incrementum
2075 4599 2326 4660 DUUSDt

2243 4599 2297 4660 D
2321 4625 2443 4666 cum
2465 4589 2737 4684 adjutorio
2766 4589 2962 4673 divinae
2978 4589 3198 4688 gratiae,
3231 4589 3374 4691 quod
3405 4623 3548 4676 Deus
3578 4621 3682 4677 hoc
3701 4621 3929 4679 dederit

610 4679 797 4754 (tCor.
833 4699 910 4751 tu,
945 4683 1024 4754 7).
1073 4683 1192 4739 Etsi
1233 4687 1378 4740 enim
1419 4689 1650 4756 quadam
1699 4707 1806 4744 non
1854 4694 2210 4762 improbanda

612 4776 825 4831 ratione
879 4776 1078 4832 dicitur
1120 4780 1293 4848 gratia
1357 4779 1463 4835 Dei
1504 4797 1608 4852 qua
1663 4785 1833 4839 creati
1884 4801 2094 4856 sumus,
2155 4801 2213 4847 ut

685 4943 713 4971 ει
747 4935 820 5007 Ita
852 4934 939 4989 hic
964 4935 1120 4989 locus
1151 4936 1206 4990 in
1238 4935 1538 4990 novissima
1569 4935 1858 5007 Augustini
1893 4942 2138 5000 editione
2175 4962 2207 5001 e

614 5019 717 5078 ms.
757 5005 1034 5073 Vaticano,
1083 5008 1169 5060 cui
1197 5017 1250 5062 et
1279 5007 1387 5060 duo
1422 5007 1578 5078 Coll».
1611 5005 1828 5078 favent,
1865 5013 2204 5070 instauratus

615 5076 732 5156 finit:
756 5078 823 5156 _Iu
863 5079 985 5130 aliis
1014 5087 1193 5132 autem
1223 5079 1395 5145 Illil'lS,
1427 5077 1638 5156 Merlini
1667 5076 1912 5156 editione
1955 5099 2204 5156 excepta,

616 5147 958 5203 desideratur
985 5165 1101 5218 qure
1124 5157 1430 5204 naturam...
1475 5150 1627 5218 fovet.
1667 5151 1742 5205 Ex
1772 5156 1946 5209 tribus
1975 5147 2211 5213 illis-vo,-

617 5219 770 5275 cibus
811 5219 981 5273 Solam
1038 5226 1268 5287 primam
1319 5220 1526 5288 Qucsu.
1585 5224 1829 5277 retinuit.
1887 5227 2099 5285 Deinde
2152 5233 2204 5285 in

618 5292 810 5348 iisdem
844 5291 1015 5371 libris,
1047 5307 1259 5371 necnon
1287 5293 1340 5371 in
1365 5291 1580 5371 Merlini
1607 5293 1871 5371 editione,
1903 5301 2032 5371 sicut
2061 5303 2214 5371 plun-

613 5373 752 5418 tatur
799 5363 1176 5436 quodammodo
1235 5371 1279 5416 et
1325 5363 1595 5432 irrigatur,
1644 5365 1750 5418 nisi
1803 5370 1947 5436 quod
2003 5363 2207 5436 Quesn.

619 5437 935 5506 particulam
974 5437 1105 5487 sicut
1136 5441 1417 5503 expunxit.

688 5507 714 5546 ιι
757 5507 898 5562 Edit.
926 5506 1084 5561 Rom.
1129 5522 1280 5575 agere
1301 5507 1575 5558 debeamus
1604 5522 1622 5559 :
1656 5507 1953 5577 corrigitur
1994 5527 2060 5566 ex
2091 5514 2213 5570 aliis

615 5580 791 5636 libris.

692 5663 715 5690 ο
757 5648 909 5719 Apud
943 5647 1120 5710 Merl.,
1149 5645 1313 5701 Crab.
1341 5655 1396 5702 et
1427 5646 1482 5701 in
1528 5649 1815 5719 Augustini
1851 5650 2095 5711 editione
2125 5657 2214 5714 hic

618 5723 868 5793 adjicitur
895 5736 997 5793 non
1020 5720 1302 5773 immerito.

690 5791 715 5832 ⁵1
754 5791 918 5846 Solus
947 5792 1154 5856 Queen.
1204 5800 1444 5848 naturam
1489 5792 1646 5847 creati
1677 5795 1862 5864 referri
1891 5799 1958 5849 ad
1988 5802 2210 5867 gratiam

2325 4705 2533 4761 homini
2569 4709 2682 4777 ipsa
2713 4711 3075 4780 possibilitate
3103 4715 3358 4769 naturai?

2393 4797 2481 4852 10.
2532 4798 2630 4854 Cui
2679 4801 2874 4857 merito
2918 4803 3284 4875 respondetur
3316 4823 3330 4860 :
3367 4805 3505 4879 Ergo
3527 4815 3827 4862 evacuatum
3855 4817 3932 4864 est

2313 4955 2582 5009 creatoris.
2617 4956 3010 5033 lstud_referre,
3047 4961 3097 5017 id
3124 4972 3211 5019 est
3237 4963 3380 5033 quod
3412 4963 3463 5018 in
3487 4979 3546 5019 se
3574 4963 3838 5020 exhibere
3860 4983 3926 5024 ac

2314 5039 2735 5104 repracsentare.
2766 5029 2890 5104 Ipsa
2917 5032 3118 5102 Pelagii
3143 5029 3305 5089 verba
3340 5036 3673 5104 Augustinus
3715 5037 3810 5090 lib.
3856 5040 3928 5095 de

2316 5094 2436 5168 Nat.
2483 5109 2535 5151 et
2578 5111 2716 5168 grat.
2752 5094 2808 5154 cI
2835 5103 2924 5164 5i,
2953 5094 3210 5160 exscribit
3241 5121 3304 5159 ac
3335 5094 3501 5160 refert
3531 5108 3582 5161 in
3617 5108 3757 5161 hunc
3803 5094 3928 5162 nio;

2316 5165 2441 5248 dum
2470 5184 2482 5220 :
2515 5165 2641 5237 Ipsa
2671 5187 2771 5225 non
2800 5177 3048 5248 peccandi
3081 5176 3398 5243 possibilitas
3423 5195 3523 5231 non
3556 5189 3659 5232 tam
3690 5182 3741 5232 in
3774 5181 3925 5234 arbi-

2315 5239 2402 5316 trii
2431 5249 2700 5316 potestate,
2740 5239 2894 5310 quam
2943 5245 2997 5298 in
3045 5239 3243 5300 natura:
3285 5249 3587 5302 necessitate
3614 5259 3708 5303 est.
3743 5249 3922 5316 Quid-

2313 5309 2444 5390 quid
2475 5311 2529 5364 in
2563 5309 2766 5391 naturce
2792 5318 3094 5370 necessitate
3111 5320 3335 5387 positum
3358 5323 3547 5391 est,_ad
3576 5309 3922 5391 ιιαιιινίῖρει·-

2315 5380 2474 5433 tinerc
2500 5399 2601 5460 non
2623 5383 2894 5460 dubitatur
2921 5380 3206 5460 auctorem,
3230 5391 3404 5460 utique
3425 5380 3614 5444 Deum.
3645 5380 3922 5458 Quomodo

2315 5465 2438 5523 ergo
2469 5453 2660 5529 absque
2691 5455 2788 5508 Dei
2808 5459 2978 5527 gratia
3003 5461 3108 5512 dici
3133 5453 3476 5529 existimatur,
3497 5462 3632 5529 quod
3650 5453 3719 5515 ad
3755 5463 3922 5517 Deum

2319 5525 2527 5600 proprie
2565 5525 2823 5598 pertinere
2845 5534 3207 5586 monstratur?
3233 5531 3332 5595 lbi,
3370 5525 3544 5600 inquit
3587 5536 3772 5587 statim
3807 5535 3923 5588 Au-

2315 5599 2589 5668 gustinus,
2624 5615 2866 5667 expressa
2892 5613 2964 5654 est
2993 5605 3240 5656 sententia
3267 5617 3383 5668 qua:
3419 5599 3634 5658 latebat.
3665 5602 3794 5658 Ideo
3818 5603 3925 5659 Dei

2316 5667 2502 5736 gratia:
2546 5671 2724 5745 tribuit
2767 5688 2868 5725 non
2913 5675 3160 5736 peccandi
3189 5667 3604 5744 possibilitatem,
3642 5677 3764 5745 quia
3805 5677 3923 5744 ejus

2317 5747 2518 5815 natura;
2551 5739 2686 5793 Deus
2723 5751 2903 5815 auctor
2945 5754 3040 5802 est.
3076 5745 3159 5796 cui
3189 5739 3599 5815 "possibilitatem
3647 5739 3750 5802 non
3797 5739 3923 5811 ᾔει-ό

2318 5809 2472 5861 candi
2499 5810 2911 5880 inseparabiliter
2932 5815 3144 5866 insitum
3169 5809 3314 5868 dicit.
