4344 6174
342 201 448 258 577
1569 201 1929 264 EPISTOLIE
1965 205 2055 264 ET
2096 206 2443 267 DECRETA.
3541 215 3649 278 578

341 321 648 376 scandalum
684 322 853 376 crucis
879 320 1091 393 (Galat.
1119 336 1173 390 v,
1201 321 1316 394 11).
1344 321 1486 393 Ergo
1526 322 1762 381 Christus
1785 329 1947 398 gratis
1973 351 2025 410 Α
2053 340 2161 383 ιιιιη
2211 331 2333 398 ﬁdei
2379 329 2605 402 (utique
2631 330 2904 398 eumdem,
2939 346 3096 402 quem
3129 340 3187 390 et
3211 333 3290 390 illi
3325 335 3652 406 )secundum

343 424 577 469 mortuus
600 427 672 470 est
713 414 906 488 (Rom.
935 433 1005 480 ιν,
1031 416 1161 485 25).
1190 425 1217 453 ἰ
1240 415 1377 472 Num
1403 417 1580 482 enim,
1604 418 1651 472 si
1675 435 1782 473 non
1821 435 1945 473 mo-

344 516 560 565 reretur
584 517 809 579 prOpter
839 509 1041 566 delicta
1075 520 1263 567 nostra
1300 521 1351 566 et
1378 522 1691 582 resurgeret
1726 523 1947 582 propter

339 601 784 672 justifieationem
847 612 1117 670 nostram,
1175 618 1275 657 nec
1331 603 1653 658 ascenderet
1693 603 1745 657 in
1779 603 1945 657 altum

345 703 399 749 et
429 697 709 763 captivans
732 694 1108 762 captivitatem
1139 693 1296 749 daret
1318 695 1459 749 dona
1480 693 1815 761 hominibus,
1843 694 1946 750 ista

345 798 557 844 natura;
597 789 956 858 possibilitas,
1005 804 1166 860 quam
1223 789 1484 855 defendit,
1536 790 1588 844 in
1637 789 1948 846 hominibus

345 897 458 938 non
501 892 645 938 esset
692 881 864 955 (Eph.
902 898 976 947 tv,
1008 883 1071 948 8;
1119 882 1265 937 Psal.
1301 883 1641 954 vau,19)‘l
1686 883 1770 939 An
1811 887 1949 940 forte

351 975 446 1031 Dei
475 976 784 1030 mandatum
815 975 1025 1041 deerat,
1053 985 1107 1030 et
1129 976 1253 1031 ideo
1279 975 1532 1032 Christus
1555 985 1804 1032 mortuus
1826 977 1949 1032 est?

348 1073 518 1129 Immo
541 1072 653 1143 jam
686 1081 741 1127 et
775 1073 878 1127 hoc
909 1082 1027 1126 erat
1055 1083 1304 1128 sanctum
1334 1081 1389 1126 et
1414 1072 1623 1141 justum
1655 1081 1709 1126 et
1746 1071 1945 1126 bonum

350 1165 537 1239 (Rom.
565 1181 658 1230 vn,
691 1164 810 1238 12).
839 1165 953 1222 Iam
998 1166 1204 1220 dictum
1236 1166 1432 1232 fuerat,
1469 1165 1590 1219 Non
1625 1165 1949 1238 concupisces

349 1258 562 1330 (Exod.
595 1275 688 1323 xx,
724 1259 858 1329 17);
899 1259 1010 1328 jam
1052 1257 1256 1314 dictum
1303 1257 1516 1325 fuerat,
1543 1257 1742 1330 Diliges
1771 1259 1948 1325 promi-

346 1370 485 1408 nium
508 1363 656 1408 tuum
679 1361 940 1415 tamquam
961 1361 1009 1405 te
1033 1355 1201 1424 ipsum
1230 1351 1433 1424 (Levit.
1459 1367 1574 1417 XIX,
1600 1350 1732 1420 18).
1765 1349 1818 1403 In
1842 1363 1950 1420 quo

347 1461 603 1502 sermone
657 1445 950 1514 Apostolus
1005 1459 1222 1498 omnem
1293 1444 1466 1513 legem
1532 1442 1667 1497 dicit
1734 1442 1948 1511 impleri

347 1538 539 1614 (Rom.
570 1554 685 1601 xm,
715 1539 749 1595 9
776 1540 814 1607 ).
844 1537 912 1593 Et
933 1538 1192 1608 quoniam
1221 1537 1322 1591 nisi
1355 1536 1547 1607 diligat
1573 1536 1764 1599 Deum,
1791 1551 1950 1591 nemo

346 1631 526 1701 diligit
553 1648 614 1688 se
650 1634 867 1702 ipsum;
899 1631 1021 1687 ideo
1069 1631 1334 1685 Dominus
1362 1631 1414 1683 in
1457 1628 1540 1683 his
1567 1629 1781 1684 duobus
1809 1644 1949 1698 pra:-

2050 423 2188 491 gnod
2237 423 2484 492 scriptum
2533 434 2607 477 est
2655 424 2732 492 (ll
2773 424 2894 479 Cor.
2935 442 3006 494 Iv,
3036 428 3162 498 15),
3192 426 3400 483 Credidi
3442 439 3654 501 propter

2048 513 2188 581 quod
2211 513 2415 567 locutus
2443 531 2580 580 sum,
2605 525 2652 568 et
2676 533 2768 570 nos
2794 518 3072 587 credimus,
3103 531 3312 589 prapter
3337 524 3478 592 quod
3503 533 3553 576 et
3577 523 3655 575 lo-

2048 604 2256 672 quimur
2286 606 2304 674 (
2333 604 2483 659 Psal.
2513 622 2640 670 cxv,
2691 609 2716 662 1
2744 607 2785 679 ).
2829 607 2960 663 Inde
2982 617 3086 677 est,
3112 608 3256 680 quod
3293 612 3366 665 ait
3398 609 3512 680 ipse
3536 627 3652 667 me-

2050 694 2271 750 diator:
2301 697 2560 750 Abraham
2606 701 2897 768 concupivit
2941 702 3113 756 videre
3161 703 3299 756 diem
3346 719 3560 770 meum;
3603 712 3651 759 et

2050 787 2200 850 vidit,
2239 798 2286 842 et
2311 791 2516 859 gavisus
2561 801 2637 846 est
2661 792 2851 862 (Joan.
2881 810 3002 860 vm,
3041 794 3158 866 56).
3194 795 3324 850 Inde
3364 795 3654 853 Melchise-

2050 880 2215 944 dech,
2249 884 2459 952 prolato
2499 896 2843 941 sacramento
2891 903 3096 943 mensa:
3143 889 3457 957 DtlmilllC‘JB,
3503 890 3653 946 novit

2051 985 2311 1032 aeternum
2356 979 2474 1049 ejus
2517 981 2879 1037 sacerdotium
2912 983 3150 1054 figurare
3184 983 3348 1058 (Gen.
3383 1001 3494 1051 χιν,
3522 985 3650 1058 18).

2049 1069 2166 1123 Jam
2194 1086 2322 1125 vero
2349 1072 2474 1126 data
2505 1074 2556 1128 in
2584 1073 2781 1130 litteris
2812 1075 2979 1146 Lege,
3007 1092 3170 1148 quam
3197 1078 3330 1133 dicit
3353 1077 3653 1148 Apostolus

2050 1163 2390 1220 subintrasse
2425 1175 2489 1221 ut
2539 1165 2840 1222 abundaret
2888 1169 3144 1224 delictum
3184 1170 3376 1242 (Rom.
3424 1187 3477 1236 v,
3519 1170 3648 1243 20),

2050 1265 2106 1311 et
2128 1257 2195 1312 de
2220 1274 2322 1326 qua
2347 1259 2516 1314 dicit:
2547 1259 2608 1316 Si
2625 1277 2744 1331 ergo
2761 1278 2825 1316 ea:
2849 1260 2987 1333 Lege
3009 1264 3288 1329 hereditas,
3309 1266 3426 1335 jam
3455 1283 3557 1321 non
3588 1283 3652 1320 ex

2049 1353 2410 1421 promissione.
2444 1353 2664 1408 Abrahae
2689 1366 2858 1409 autem
2883 1373 2974 1426 per
3004 1359 3451 1429 repromissionem
3483 1361 3648 1414 dona-

2049 1445 2120 1498 vit
2168 1443 2327 1499 Deus.
2371 1446 2510 1510 Quid
2563 1449 2724 1518 igitur
2766 1449 2923 1504 Lex?
2980 1449 3431 1525 Transgressionis
3479 1454 3652 1525 gratia

2053 1547 2074 1574 ο
2095 1540 2263 1609 posita
2286 1549 2381 1604 est,
2401 1540 2564 1595 donec
2582 1544 2774 1597 veniret
2799 1561 2968 1599 semen
2995 1546 3079 1599 cui
3097 1548 3404 1614 promissum
3429 1557 3526 1612 est,
3543 1547 3652 1602 dis-

2049 1633 2275 1703 positum
2303 1651 2393 1705 per
2421 1634 2646 1707 Angelos
2673 1637 2726 1690 in
2748 1653 2905 1691 manu
2929 1639 3246 1694 mediatoris.
3269 1638 3530 1694 Mediator
3553 1657 3652 1694 au-

345 1727 521 1795 eeptis
567 1734 736 1779 totam
809 1725 984 1795 legem
1061 1723 1468 1793 Prophetasque
1517 1721 1653 1776 dicit
1707 1723 1945 1792 pendere
1976 1738 2025 1798 B
2052 1729 2152 1776 tem
2174 1725 2327 1777 unius
2360 1741 2463 1778 non
2489 1736 2584 1789 est,
2616 1724 2758 1780 Deus
2787 1739 2955 1782 autem
2985 1745 3114 1783 unus
3139 1739 3236 1784 est.
3265 1729 3377 1785 Lex
3402 1748 3523 1802 ergo
3550 1732 3650 1784 ad-

346 1820 574 1891 (Matth.
599 1835 733 1884 χχιι,
762 1817 887 1890 40).
921 1820 1054 1885 Quae
1077 1817 1187 1871 duo
1214 1823 1484 1887 prazcepta
1520 1815 1629 1884 jam
1662 1823 1817 1869 erant
1846 1815 1944 1868 ho-

345 1915 589 1970 minibus
623 1913 885 1967 divinitus
913 1911 1060 1966 data.
1093 1910 1174 1965 An
1216 1919 1482 1965 mternum
1521 1909 1803 1978 prmmium
1832 1908 1946 1977 jus-

346 2007 479 2062 titize
511 2007 840 2076 promissum
890 2004 1128 2059 nondum
1169 2003 1327 2059 erat?
1359 2001 1473 2058 Hoc
1505 2003 1624 2072 ipse
1657 2016 1763 2055 non
1791 2001 1940 2066 dicit,

346 2101 438 2172 qui
483 2100 536 2153 in
593 2098 707 2155 suis
750 2097 950 2152 litteris
981 2096 1190 2165 posuit,
1221 2096 1384 2150 etiam
1430 2094 1484 2148 in
1535 2094 1706 2149 veteri
1759 2092 1948 2147 Testa-

346 2202 536 2250 mento
566 2207 793 2262 regnum
819 2191 1083 2246 caelorum
1109 2203 1229 2244 esse
1253 2187 1604 2258 promissum.
1635 2187 1689 2243 Si
1720 2201 1850 2256 ergo
1879 2186 1945 2241 ad

331 2285 656 2342 “faciendam
690 2284 1186 2354 perﬁciendamque
1226 2281 1492 2350 justitiam
1536 2282 1646 2349 jam
1703 2289 1819 2334 erat
1855 2295 1948 2333 na-

349 2389 491 2437 tura:
549 2379 878 2449 possibilitas
933 2392 1029 2447 per
1071 2376 1303 2430 liberum
1348 2372 1788 2441 arbitrium,jam
1831 2382 1979 2426 erat-

348 2473 486 2544 legis
510 2473 602 2527 Dei
630 2484 874 2527 sanetum
916 2480 970 2524 et
1010 2470 1217 2540 justum
1259 2469 1570 2537 bonumque
1612 2465 1945 2533 mandatum,

345 2566 458 2637 jam
501 2573 614 2619 crat
649 2565 974 2636 promissum
1025 2562 1308 2632 pra-mium
1352 2559 1744 2628 sempiternum
1777 2576 1787 2610 :
1819 2573 1949 2628 ergo

350 2656 607 2713 Christus
635 2657 804 2728 gratis
840 2664 1087 2711 mortuus
1113 2664 1218 2709 est.
1623 2697 1627 2702 .

426 2751 513 2805 11.
561 2751 700 2820 Ergo
724 2763 900 2820 neque
934 2762 1029 2817 per
1065 2746 1237 2816 legem
1261 2745 1495 2814 justitia,
1532 2758 1706 2813 neque
1735 2756 1831 2812 per
1857 2758 1951 2795 ua-

351 2855 487 2902 turae
511 2842 930 2913 possibilitatem
959 2857 973 2905 ;
1000 2839 1096 2895 sed
1120 2855 1187 2894 ex
1223 2839 1328 2893 fide
1354 2854 1417 2892 ac
1440 2838 1586 2892 dono
1615 2836 1706 2891 Dei
1737 2851 1832 2904 per
1861 2835 1953 2891 Je-

349 2953 470 2994 sum
495 2937 772 2992 Christum
811 2933 1102 2988 Dominum
1137 2940 1382 2986 nostrum
1408 2947 1571 2984 utmtn
1597 2927 1947 2982 mediator-em

350 3033 448 3090 Dei
477 3043 530 3089 et
563 3031 871 3087 hominum.
916 3027 1020 3094 Qui
1065 3025 1170 3080 nisi
1217 3026 1270 3078 in
1318 3022 1657 3094 plenitudine
1695 3020 1950 3090 temporis

2049 1833 2222 1871 versus
2255 1821 2511 1888 promissa
2555 1819 2697 1874 Dei?
2723 1820 2889 1877 Absit.
2932 1823 2993 1877 Si
3037 1824 3174 1877 enim
3217 1825 3339 1878 data
3368 1834 3495 1879 esset
3535 1823 3648 1879 Lex

2048 1925 2164 1978 qua:
2207 1921 2374 1978 posset
2422 1912 2700 1981 viviﬁcare,
2748 1914 2955 1967 omnino
2984 1931 3051 1969 ex
3076 1914 3212 1987 Lege
3253 1926 3380 1970 esset
3411 1917 3646 1988 justitia.

2051 1998 2158 2055 Sed
2185 2001 2436 2056 conclusit
2462 2003 2741 2075 Scriptura
2769 2007 2943 2060 omnia
2974 2008 3067 2061 sub
3096 2016 3322 2078 peccato,
3350 2017 3405 2062 ut
3428 2010 3651 2079 promis-

2050 2093 2128 2146 sio
2159 2111 2222 2147 θέε
2250 2095 2354 2164 fide
2392 2095 2523 2150 Jesu
2572 2094 2764 2150 Christi
2813 2098 3029 2154 daretur
3075 2101 3397 2155 credentibus
3438 2101 3652 2173 (Galat.

2051 2201 2130 2250 ιιι,
2172 2186 2260 2256 18,
2292 2204 2435 2258 seqq.
2462 2189 2505 2259 ).
2539 2187 2729 2244 Nonne
2775 2195 2909 2245 satis
2957 2192 3263 2248 ostenditur
3320 2194 3424 2249 hoc
3468 2205 3648 2253 actum

2051 2293 2175 2335 esse
2200 2295 2296 2349 per
2319 2280 2542 2352 Legem,
2567 2293 2626 2336 ut
2669 2295 2954 2353 peccatum
2992 2297 3402 2356 agnosceretur,
3434 2298 3492 2345 et
3513 2305 3655 2360 prae-

2052 2374 2384 2428 varicatione
2445 2378 2780 2444 augeretur?
2814 2377 2914 2432 Ubi
2960 2380 3096 2434 enim
3136 2381 3223 2435 lea:
3270 2399 3373 2437 non
3407 2393 3501 2452 est,
3557 2401 3652 2440 nec

2052 2468 2408 2535 praevaricatio
2436 2467 2622 2541 (Rom.
2650 2485 2727 2536 ιν,
2758 2468 2890 2541 15);
2914 2480 2969 2527 et
2989 2473 3068 2527 sic
3090 2473 3347 2529 adversus
3368 2476 3651 2534 victoriam

2053 2561 2264 2631 peccati
2292 2561 2357 2616 ad
2385 2562 2621 2617 divinam
2653 2565 2907 2634 gratiam,
2934 2582 3056 2636 qum
3097 2568 3154 2622 in
3194 2571 3650 2638 promissionibus

2053 2663 2160 2720 est,
2185 2654 2572 2724 confugeretur
2600 2676 2612 2709 ;
2645 2667 2808 2726 atque
2835 2661 2904 2712 ita
2937 2659 3050 2715 Lex
3078 2677 3186 2716 non
3211 2674 3359 2718 esset
3387 2664 3652 2722 adversus

2055 2747 2324 2816 promissa
2351 2747 2464 2810 Dei,
2509 2747 2631 2815 quia
2666 2749 2787 2802 ideo
2835 2765 2930 2818 per
2970 2751 3118 2805 illam
3161 2752 3220 2806 lit
3249 2756 3490 2825 cognitio
3518 2770 3651 2826 pec-

2055 2839 2179 2904 cati,
2215 2849 2269 2895 et
2293 2855 2360 2893 ex
2379 2841 2830 2910 prmvaricatione
2860 2843 3017 2913 Legis
3042 2846 3370 2902 abundantia
3419 2852 3648 2920 peccati,

2056 2939 2114 2983 ut
2159 2930 2224 2984 ad
2268 2931 2644 2986 liberationem
2710 2945 3023 3003 quaerantur
3084 2937 3480 3006 promissiones
3531 2941 3650 3010 Dei,

2056 3021 2196 3092 quod
2225 3030 2309 3077 est
2332 3024 2506 3091 gratia
2540 3024 2664 3090 Dei;
2690 3035 2744 3080 et
2772 3025 2994 3095 incipiat
3018 3041 3138 3083 esse
3167 3027 3220 3083 in
3248 3031 3654 3101 hominejusti-

349 3136 598 3183 mortuus
630 3133 779 3182 esset
807 3133 1026 3193 propter
1059 3119 1257 3173 delicta
1293 3126 1503 3184 nostra,
1529 3123 1584 3170 et
1621 3113 1952 3169 resurrexis-
1979 3131 2022 3194 ρ
2060 3115 2154 3180 tia,
2190 3129 2296 3169 non
2329 3130 2450 3182 sua,
2478 3116 2570 3171 sed
2601 3116 2716 3182 Dei,
2749 3118 2851 3172 hoc
2882 3130 2988 3186 est,
3022 3120 3145 3176 data
3176 3121 3320 3178 dono
3353 3124 3471 3180 Dei.

351 3231 436 3276 set
479 3231 700 3290 propter
737 3213 1184 3287 justiticationem
1223 3221 1465 3265 nostram
1497 3207 1687 3280 (Rom.
1712 3221 1786 3271 tv,
1810 3205 1951 3275 25);

351 3312 600 3383 profecto
623 3321 676 3366 et
707 3309 1051 3378 antiquorum
1086 3305 1220 3360 fides
1252 3310 1631 3367 evacuaretur,
1661 3307 1716 3354 et
1743 3307 1949 3353 nostra.

352 3405 490 3461 Fide
531 3418 658 3459 vero
693 3409 986 3466 evacuata,
1021 3413 1144 3470 qua:
1187 3394 1395 3450 homini
1418 3394 1625 3464 justitia
1651 3397 1952 3456 remaneat,

352 3513 477 3553 cum
501 3496 678 3566 justus
704 3511 768 3550 ex
793 3494 898 3549 ﬁde
923 3493 1067 3547 vivat
1121 3491 1137 3562 (
1167 3489 1296 3543 Ileb.
1337 3505 1390 3555 ιι,
1423 3489 1522 3552 58;
1551 3484 1704 3540 Rom.
1742 3500 1778 3551 ι,
1813 3483 1954 3554 17)?

350 3589 434 3647 Ex
463 3605 572 3662 quo
600 3589 744 3645 enim
780 3604 875 3657 per
915 3602 1082 3642 unum
1115 3583 1395 3640 hominem
1423 3588 1706 3651 peccatum
1738 3577 1957 3632 intravit

351 3683 406 3740 in
437 3683 720 3748 mundum,
753 3693 806 3737 et
834 3697 930 3751 per
953 3688 1238 3750 peceatum
1274 3689 1446 3740 mors,
1488 3683 1542 3728 et
1572 3673 1644 3727 ita
1680 3674 1732 3726 in
1767 3685 1958 3725 omnes

351 3777 606 3833 homines
663 3773 1001 3846 pertransiit,
1060 3772 1113 3825 in
1164 3785 1274 3842 quo
1337 3783 1533 3824 omnes
1595 3774 1958 3836 peccaverunt

351 3870 545 3943 (Rom.
572 3884 630 3934 v,
664 3866 766 3936 12)
793 3885 806 3920 :
834 3863 1215 3936 proculdubio
1239 3878 1268 3915 a
1299 3875 1533 3931 corpore
1557 3859 1746 3913 mortis
1775 3857 1952 3928 hujus,

345 3963 439 4018 ubi
487 3963 575 4016 lex
603 3959 731 4031 (alia
766 3967 1028 4028 repugnat
1084 3956 1189 4025 legi
1239 3955 1438 4009 mentis
1493 3951 1687 4026 (Rom.
1742 3967 1833 4016 vu,
1884 3950 1951 4003 21

345 4061 393 4106 et
417 4051 488 4107 24
507 4054 552 4124 ),
587 4051 860 4106 neminem
895 4047 1146 4104 liberavit
1167 4056 1260 4101 aut
1292 4047 1487 4101 liberat
1529 4043 1557 4082 δ
1599 4059 1693 4099 sua
1725 4042 1959 4114 possibi-

347 4144 494 4214 litas,
533 4159 653 4216 qum
699 4143 934 4214 perdita,
969 4141 1315 4211 redemptore
1347 4140 1588 4210 indiget;
1615 4139 1820 4202 saucia,
1853 4136 1959 4191 sal-

345 4240 704 4297 vatore:sed
729 4239 902 4311 gratia
933 4239 1026 4293 Dei
1077 4252 1176 4307 per
1225 4235 1384 4290 fidem
1428 4235 1591 4289 unius
1643 4232 1959 4287 mediatoris

347 4331 444 4388 Dei
469 4344 525 4389 et
557 4333 864 4397 hominum,
918 4329 1158 4384 hominis
1205 4326 1415 4383 Christi
1475 4325 1684 4394 Jesu(l
1725 4323 1858 4380 Tim.
1895 4341 1955 4393 ιι,

347 4422 463 4495 5);
493 4426 585 4495 qui
620 4433 674 4479 et
698 4423 838 4478 Deus
859 4438 981 4478 cum
1028 4431 1198 4486 esset,
1248 4420 1526 4474 hominem
1577 4418 1724 4484 fecit,
1752 4425 1808 4473 et
1844 4435 1959 4472 ma-

350 4529 486 4571 nens
520 4517 685 4580 Deus,
715 4515 879 4568 homo
909 4513 1080 4568 factus
1105 4512 1298 4568 refecit
1324 4513 1439 4581 ipse
1469 4509 1611 4581 quod
1644 4509 1791 4564 fecit.

426 4608 515 4663 12.
558 4609 696 4664 Puto
742 4617 924 4662 autem
971 4606 1114 4678 quod
1145 4621 1268 4661 eum
1305 4607 1492 4671 lateat,
1526 4603 1685 4660 ﬁdem
1729 4601 1952 4672 Christi,

348 4716 472 4773 qua:
517 4709 706 4771 postea
750 4700 801 4754 in
845 4699 1238 4755 revelationem
1265 4700 1434 4762 venit,
1470 4697 1524 4751 in
1551 4698 1767 4752 occulto
1794 4695 1959 4752 fuisse

349 4793 694 4864 temporibus
741 4802 953 4862 patrum
1023 4797 1372 4855 nostrorum;
1423 4804 1520 4858 per
1563 4805 1724 4857 qmtm
1777 4798 1956 4844 tamen

345 4886 516 4940 etiam
551 4884 657 4955 ipsi
693 4884 785 4939 Dei
813 4885 990 4955 gratia
1019 4883 1233 4938 liberati
1281 4889 1430 4948 sunt,
1474 4882 1798 4953 quicumque
1835 4897 1954 4935 om-

346 4981 516 5035 nibus
565 4979 785 5050 generis
836 4979 1058 5032 humani
1104 4976 1440 5047 temporibus
1493 4975 1709 5030 liberari
1760 4984 1954 5044 potue-

345 5084 498 5139 runt,
549 5072 767 5128 occulto
798 5071 1006 5142 judicio
1041 5070 1157 5135 Dei,
1205 5087 1310 5124 non
1362 5079 1541 5125 tamen
1587 5067 1953 5137 vituperabili.

349 5164 507 5221 Unde
532 5164 672 5220 dicit
693 5165 989 5235 Apostolus
1010 5183 1021 5218 :
1045 5163 1310 5219 Habentes
1334 5171 1507 5217 autem
1537 5161 1772 5217 eumdem
1799 5159 1957 5229 spiri-

423 5289 449 5315 ³
496 5278 642 5332 Edit.
701 5278 861 5334 Rom.
926 5287 981 5332 et
1029 5277 1252 5341 concil.,
1305 5275 1430 5330 Non
1494 5275 1656 5330 enim.
1712 5271 1959 5329 Subinde

343 5351 507 5406 Meri.
541 5359 602 5404 et
631 5349 819 5418 Crab.,
847 5366 937 5404 nec
956 5348 1267 5403 ascendisset
1296 5349 1348 5400 iu
1377 5345 1543 5400 altum
1572 5356 1617 5398 et
1643 5345 1915 5410 captivans
1941 5360 1960 5408 ,-

343 5421 486 5476 edtt.
516 5419 683 5474 Rom.
715 5432 773 5477 et
803 5417 964 5488 Lah.,
1002 5437 1091 5474 nec
1145 5419 1427 5472 ascendens
1467 5419 1524 5471 in
1576 5418 1765 5483 ultum,
1797 5417 1958 5486 capti-

365 5507 501 5546 rans.

346 5509 501 5546 vans.

423 5562 450 5600 δ
493 5563 550 5618 lo
585 5563 908 5630 quibusdam
966 5577 1098 5617 mss.
1153 5559 1437 5625 mendose,
1478 5574 1589 5630 sua:
1624 5558 1957 5630 possibilitas.

344 5632 492 5688 Hine
519 5629 835 5702 nuli-(uario
882 5633 1006 5688 data
1037 5633 1252 5689 occasio
1282 5629 1542 5687 secundis
1590 5629 1756 5702 cirris,
1783 5631 1834 5683 in
1859 5629 1963 5702 Na-

344 5719 549 5762 varreo
599 5699 676 5756 ac'
717 5706 856 5760 forte
889 5706 941 5758 in
973 5705 1094 5759 aliis
1124 5703 1356 5761 addendi
1385 5711 1610 5757 naturai.
1641 5699 1797 5757 Unde
1822 5711 1878 5756 et
1910 5701 1962 5755 in

2131 3207 2219 3260 15.
2262 3207 2433 3275 Quam
2465 3210 2626 3263 etiam
2660 3225 2801 3265 nunc
2818 3212 3058 3280 quidam,
3089 3215 3388 3285 ignorantes
3410 3215 3509 3271 Dei
3529 3220 3654 3290 jus-

2059 3298 2246 3362 titiam,
2274 3300 2415 3354 sicut
2462 3311 2516 3356 et
2568 3311 2693 3356 tunc
2721 3301 2790 3356 de
2819 3301 3021 3358 Judaeis
3071 3305 3274 3362 dictum
3305 3319 3412 3374 est,
3437 3318 3484 3364 et
3509 3327 3656 3367 suam

2058 3389 2279 3444 volentes
2333 3395 2672 3460 constituere,
2711 3397 2935 3464 justitite
2987 3395 3088 3452 Dei
3132 3416 3235 3454 non
3278 3411 3398 3455 sunt
3446 3403 3660 3474 subjecti

2061 3483 2252 3556 (Rom.
2279 3501 2334 3548 ιι,
2364 3485 2457 3557 5).
2497 3486 2601 3540 Per
2633 3487 2828 3559 Legem
2879 3490 3075 3559 quippe
3106 3502 3160 3545 et
3187 3493 3263 3546 illi
3291 3493 3579 3563 justifieari
3602 3510 3662 3550 se

2060 3577 2416 3642 arbitrantur,
2442 3580 2744 3636 sufficiente
2783 3582 2887 3635 sibi
2911 3584 2975 3636 ad
3000 3599 3120 3639 eam
3159 3587 3568 3643 custodiendam
3599 3589 3662 3643 li-

2061 3669 2193 3725 bero
2220 3672 2467 3733 arbitrio.
2503 3671 2605 3726 hoc
2632 3682 2736 3736 est.
2764 3675 2981 3742 justitia
3019 3692 3116 3730 sua
3143 3679 3350 3746 prolata
3377 3695 3441 3734 ex
3469 3691 3658 3737 natura

2066 3766 2325 3827 humana,
2362 3782 2468 3820 non
2501 3767 2698 3822 donata
2729 3783 2793 3820 ex
2823 3769 2992 3836 gratia
3024 3770 3226 3835 divina,
3252 3783 3472 3842 propter
3515 3775 3661 3844 quod

2056 3857 2270 3928 juStitia
2318 3859 2413 3914 Dei
2456 3859 2676 3914 dicitur.
2711 3859 2867 3916 Unde
2917 3861 3045 3917 item
3099 3864 3362 3935 scriptum
3401 3875 3521 3922 est:
3557 3867 3663 3924 Per

2074 3951 2260 4024 Legem
2291 3954 2427 4007 enim
2457 3955 2680 4027 cognitio
2709 3957 2923 4026 peccati.
2977 3955 3135 4011 Nunc
3172 3969 3340 4013 autem
3392 3961 3501 4015 sine
3530 3960 3662 4036 Lege

2061 4047 2267 4114 iustitia
2296 4043 2397 4100 Dei
2425 4048 2757 4118 manifestata
2800 4058 2894 4114 est,
2931 4049 3203 4119 testiﬁcata
3247 4067 3338 4122 per
3389 4049 3575 4125 Legem
3615 4063 3664 4108 et

2064 4137 2358 4211 Pmplietas
2385 4139 2562 4211 (Rom.
2600 4156 2676 4204 ιιι,
2707 4139 2822 4211 21).
2862 4140 2996 4196 Cum
3043 4143 3174 4198 dicit
3209 4146 3537 4214 manifestata
3565 4155 3660 4213 est,

2064 4231 2308 4285 ostendit
2335 4233 2458 4301 quia
2488 4241 2543 4287 et
2574 4240 2698 4286 tunc
2725 4241 2861 4298 erat,
2895 4232 2988 4287 scd
3035 4243 3306 4305 tamquam
3337 4235 3426 4288 illa
3457 4235 3662 4304 pluvia,

2064 4339 2226 4396 quam
2278 4325 2500 4381 Gedt-on
2545 4326 2877 4395 impetravit,
2907 4336 3034 4381 tunc
3074 4326 3227 4381 velut
3256 4325 3310 4382 in
3338 4327 3546 4383 vellere
3574 4342 3668 4384 oc-

2063 4417 2230 4482 culta,
2268 4433 2411 4472 nunc
2447 4428 2628 4472 autem
2674 4419 2825 4474 velut
2866 4417 2920 4472 iu
2967 4433 3094 4474 area
3144 4418 3427 4474 manifesta
3463 4419 3662 4488 (Judic.

1983 4525 2036 4585 D
2069 4525 2140 4575 vt,
2166 4511 2279 4580 57).
2308 4511 2441 4563 Cum
2467 4525 2597 4580 ergo
2622 4509 2732 4564 Lex
2755 4510 2873 4565 sine
2899 4511 3092 4579 gratia,
3127 4527 3233 4564 non
3267 4526 3413 4566 mors
3445 4514 3656 4581 peccati

2065 4604 2332 4670 potuisset
2358 4615 2502 4665 eSse,
2530 4600 2624 4655 sed
2656 4600 2854 4665 virtus;
2881 4602 2960 4656 sic
2986 4601 3131 4656 enim
3156 4601 3361 4658 dictum
3393 4615 3499 4670 εει,
3527 4604 3665 4658 Acu-

2064 4694 2175 4749 leus
2217 4695 2396 4749 mortis
2449 4702 2733 4767 peccatum,
2794 4694 2956 4748 virtus
3010 4706 3180 4750 autem
3219 4697 3414 4767 peccati
3463 4694 3572 4751 Lex
3603 4697 3664 4769 (Ι

2063 4783 2183 4841 Cor.
2218 4803 2311 4848 xv,
2343 4786 2446 4858 56)
2477 4804 2487 4840 :
2516 4787 2658 4841 sicut
2677 4785 3001 4857 confugiunt
3023 4788 3178 4843 multi
3207 4803 3237 4842 a
3266 4789 3405 4844 facie
3431 4805 3666 4861 regnan-

2067 4877 2134 4933 tis
2167 4879 2374 4947 peccati
2405 4879 2472 4933 ad
2497 4879 2747 4947 gratiam,
2771 4880 2918 4933 velut
2938 4878 2990 4932 in
3016 4896 3142 4935 area
3170 4897 3314 4936 nunc
3342 4891 3658 4952 patentem;

2067 4970 2138 5024 ita
2179 4971 2334 5040 pauci
2378 4971 2444 5026 ad
2489 4985 2606 5026 eam
2637 4969 3020 5042 confugiebant
3045 4973 3194 5028 velut
3222 4975 3275 5028 in
3307 4975 3513 5031 vellere
3539 4985 3668 5032 tunc

2064 5062 2342 5118 latentem.
2373 5063 2498 5117 Haec
2517 5077 2648 5117 vero
2669 5072 2971 5132 temporum
2995 5061 3308 5121 distributio
3337 5066 3577 5123 refertur
3597 5068 3667 5122 ad

2063 5156 2406 5212 altitudinem
2432 5155 2743 5212 divitiarum
2770 5158 3056 5227 sapientia:
3087 5168 3146 5216 et
3166 5162 3416 5217 scientiae
3452 5160 3568 5226 Dei,
3601 5161 3670 5216 de

2067 5272 2249 5337 editis,
2268 5283 2496 5344 excepto
2531 5275 2664 5402 Aug.
2695 5275 2939 5332 obtinuit
2959 5293 3068 5333 sua:
3089 5278 3406 5350 possibilitas
3437 5287 3662 5334 naturw.

2067 5343 2210 5398 Infra
2236 5347 2288 5398 in
2311 5347 2538 5402 epistola
2569 5345 2603 5399 2
2650 5347 3009 5402 .lnnocentii.
3045 5367 3100 5402 ιι.
3133 5353 3186 5402 5.
3222 5348 3416 5402 lecturi
3445 5363 3662 5402 sumus.

2067 5343 2210 5398 Infra
2236 5347 2288 5398 in
2311 5343 2538 5414 epistola
2569 5343 3009 5415 29.1unocentii,
3045 5343 3100 5404 ιιξ
3133 5353 3186 5409 5.
3222 5348 3416 5405 lecturi
3445 5363 3669 5412 sumus.

2065 5418 2214 5490 quasi
2245 5433 2305 5471 ea:
2335 5425 2512 5470 nostra
2552 5418 2806 5490 inrtotum
2849 5420 3009 5475 simus
3036 5420 3376 5490 possibilitate
3404 5422 3535 5488 (non
3571 5419 3672 5474 ad—

2066 5489 2182 5615 g3“)
2235 5501 2436 5615 "0‘!qu
2481 5489 2767 5562 vocabulo)
2828 5489 3060 5562 perfecti.
3117 5489 3251 5544 Vide
3308 5490 3448 5546 infra
3501 5491 3676 5561 epist.

2144 5601 2158 5615 .
2191 5576 2244 5613 ιι.
2322 5599 2336 5615 .

2144 5576 2336 5625 ,n.s.

2145 5642 2166 5667 ο
2209 5631 2366 5702 Apud
2397 5631 2600 5700 Quesu.
2634 5641 2690 5688 et
2731 5630 2872 5701 Aug.
2916 5641 2977 5687 ut
3025 5631 3077 5686 in
3123 5642 3223 5684 ms.
3259 5628 3440 5702 Pith.,
3479 5644 3701 5704 prope.

2069 5703 2169 5756 sita
2196 5712 2286 5757 est.

4176 1012 4181 1181 ί

4177 1262 4179 1364 l

4172 1953 4177 2043 ί
