4344 6174
405 223 508 296 88!

406 462 504 520 per
533 449 802 506 sacriﬁcia
833 452 1175 508 victimarum
1203 452 1521 508 animalium
1547 455 2014 512 convincebautur

405 541 726 598 sacerdotes
775 544 895 600 sine
929 553 1151 614 peccato
1185 561 1290 600 non
1321 560 1465 612 esse,
1499 547 1588 614 qui
1625 561 1720 615 pro
1751 548 1862 600 suis
1890 562 2016 617 pec-

404 635 544 691 ealis
570 635 904 705 jubebantur
934 638 1157 694 offerre.
1199 637 1355 705 Quod
1410 638 1454 692 si
1487 653 1577 693 res
1609 638 1676 692 ita
1705 653 1766 691 se
1809 637 2009 704 habet,

407 737 471 783 ut
493 743 590 798 per
619 730 846 800 gratiam
873 731 1173 788 Salvatoris
1202 732 1549 803 proﬁciamus
1575 732 1794 803 quidem
1833 735 1884 787 in
1916 733 2015 790 hac

408 823 542 890 vita,
575 825 864 882 deﬁciente
885 827 1210 898 cupiditate,
1244 827 1509 883 charitate
1539 834 1858 892 crescente;
1894 842 2012 896 per-

410 916 656 973 ﬁciamur
682 928 859 976 autem
888 921 977 975 illa
1007 921 1061 975 in
1090 922 1219 988 vita,
1244 921 1538 992 cupiditate
1563 919 1847 984 exstincta,
1882 919 2013 973 elia-

410 1013 570 1067 ritate
599 1013 873 1083 completa
907 1031 921 1070 :
979 1016 1225 1081 profecto
1258 1015 1387 1069 illud
1418 1014 1559 1084 quod
1599 1013 1857 1082 scriptum
1909 1020 2010 1076 est,

410 1113 436 1142 ο
469 1103 574 1170 Qui
599 1115 750 1162 natus
777 1117 853 1162 est
875 1122 938 1163 ea:
965 1105 1097 1175 Deo,
1123 1124 1222 1162 non
1247 1116 1423 1180 peccat
1451 1106 1494 1180 (I
1521 1104 1677 1160 Joan.
1707 1121 1784 1173 ut,
1820 1104 1899 1174 9),
1923 1121 2012 1160 se-

406 1197 648 1255 cundum
678 1202 851 1271 ipsam
879 1203 1206 1258 cltaritatem
1237 1202 1443 1258 dictum
1479 1213 1584 1270 est,
1611 1215 1730 1270 qua:
1761 1201 1874 1254 sola
1906 1215 2012 1255 non

409 1301 619 1362 peccat.
673 1293 754 1348 Ad
808 1295 1151 1351 nativitatem
1197 1295 1436 1366 quippe,
1485 1306 1608 1363 qua:
1653 1307 1716 1346 ex
1766 1291 1879 1345 Deo
1909 1297 2011 1357 est,

409 1386 656 1457 augenda
682 1394 740 1441 et
766 1387 1096 1457 perﬁcienda
1127 1386 1362 1443 cltaritas
1389 1387 1638 1457 pertinet,
1667 1399 1771 1440 non
1800 1400 1860 1441 ea
1895 1401 2016 1455 qua:

411 1476 704 1534 minuenda
736 1490 822 1536 est
851 1491 904 1535 et
929 1479 1303 1536 consumenda
1332 1479 1602 1549 cupiditas
1630 1497 1640 1532 :
1665 1493 1785 1549 qua:
1811 1488 2012 1545 tamen,

411 1569 668 1640 quamdiu
717 1580 803 1627 est
831 1571 884 1627 in
920 1573 1178 1629 membris
1208 1572 1412 1626 neStris
1435 1614 1449 1637 ,
1502 1571 1622 1640 lege
1647 1569 1878 1638 quadam
1918 1583 2017 1623 sua

412 1670 677 1733 repugnat
703 1661 807 1732 legi
838 1663 1034 1719 mentis
1064 1663 1082 1734 (
1112 1663 1268 1718 Rom.
1303 1677 1406 1729 vn,
1434 1660 1506 1716 20
1527 1659 1569 1732 ).
1611 1659 1717 1716 Sed
1757 1669 1914 1715 natus
1945 1674 2014 1715 ex

413 1749 567 1821 Deo,
615 1770 715 1811 nec
757 1754 1020 1812 obediens
1070 1756 1362 1812 desideriis
1400 1755 1552 1826 ejus,
1603 1768 1701 1808 nec
1751 1752 2015 1809 exhibens
2050 1763 2093 1824 Β

415 1847 656 1902 membra
688 1863 784 1903 sua
813 1863 963 1904 arma
992 1849 1293 1919 iniquitatis
1328 1859 1547 1917 peccato
1580 1847 1757 1918 (Rom.
1793 1862 1866 1912 vr,
1899 1847 2010 1916 I5),

414 1947 590 2010 potest
630 1941 838 2007 dicere,
890 1939 1013 1995 lam
1043 1958 1144 1996 non
1176 1958 1267 2013 ego
1304 1957 1490 2012 operor
1529 1939 1695 2005 illud,
1746 1943 1834 1995 sed
1881 1942 2014 1995 illud

411 2033 549 2102 quod
587 2031 782 2087 habitat
809 2035 860 2088 in
890 2051 970 2089 me
1017 2044 1280 2106 peccatum
1313 2034 1489 2102 (Rom.
1523 2047 1612 2099 vn,
1640 2031 1754 2104 20).

485 2125 574 2181 16.
608 2124 714 2182 Sed
743 2141 962 2198 quoquo
985 2127 1146 2183 modo
1178 2142 1236 2182 se
1265 2126 1463 2183 habeat
1489 2127 1589 2181 ista
1612 2125 1864 2197 quaastlo,
1888 2125 2012 2196 quia

409 2219 516 2274 etsi
549 2233 655 2274 non
688 2220 959 2276 invenitur
988 2221 1154 2277 homo
1187 2223 1239 2277 in
1275 2222 1376 2277 hac
1405 2222 1514 2276 vita
1540 2223 1658 2278 sine
1690 2229 1935 2292 peccato,
1959 2220 2014 2276 id

410 2315 592 2363 tamen
641 2309 839 2365 dicitur
881 2327 1042 2382 posse
1091 2313 1208 2369 ﬁeri
1254 2325 1354 2383 per
1384 2313 1716 2382 adjutorium
1747 2313 1936 2384 gratia:
1960 2318 2016 2367 et

409 2401 647 2472 Spiritus
682 2403 804 2469 Dei,
830 2407 973 2475 quod
1005 2416 1061 2460 ut
1093 2406 1204 2472 ﬁat,
1239 2407 1550 2462 conandum
1595 2415 1758 2475 atque
1787 2421 2014 2476 poscen-

408 2495 538 2551 dum
569 2506 691 2560 est;
743 2498 1105 2554 tolerabiliter
1136 2501 1188 2554 iu
1241 2516 1307 2556 eo
1349 2503 1579 2572 quisque
1623 2501 1864 2568 fallitur;
1914 2517 2015 2556 nec

412 2589 680 2646 diabolica
711 2591 982 2662 impietas,
1017 2595 1111 2650 sed
1144 2610 1298 2650 error
1331 2597 1600 2651 humanus
1623 2606 1705 2652 est
1731 2595 2014 2652 elaboran-

409 2681 478 2738 da
508 2694 561 2739 et
589 2684 820 2755 optanda
865 2687 1168 2755 afﬁrmare,
1202 2689 1416 2744 etiamsi
1461 2689 1608 2760 quod
1637 2689 1874 2744 afﬁrmat
1906 2704 2013 2746 non

408 2778 579 2847 possit
607 2778 918 2836 ostendere.
971 2781 1028 2836 Id
1073 2782 1217 2837 enim
1248 2781 1420 2837 credit
1451 2782 1570 2837 ﬁeri
1619 2797 1777 2853 posse
1803 2821 1817 2848 ,
1869 2784 2014 2853 quod

406 2882 555 2928 certe
587 2872 858 2929 laudabile
884 2883 966 2930 est
1001 2876 1156 2930 velle.
1209 2875 1375 2930 Nobis
1405 2887 1585 2930 autem
1619 2873 1839 2942 sufﬁcit,
1872 2875 2014 2946 quod

409 2959 592 3020 nullus
621 2964 674 3018 in
707 2965 952 3021 Ecclesia
983 2967 1076 3022 Dei
1107 2967 1346 3023 ﬁdelium
1382 2969 1652 3038 reperitur
1691 2971 1742 3022 in
1775 2969 2017 3038 quolibet

406 3055 436 3097 1³
471 3069 732 3128 provectu
763 3060 1199 3130 excellentiaque
1225 3061 1456 3131 justitia:
1482 3103 1495 3125 ,
1544 3063 1634 3132 qui
1681 3060 1784 3116 sibi
1822 3061 2013 3118 audeat

409 3147 616 3220 dicere,
647 3167 755 3205 non
791 3154 1157 3208 necessariam
1191 3154 1565 3225 precationem
1613 3155 1874 3210 orationis
1911 3156 2013 3210 lto-
2042 3161 2086 3223 ο

409 3246 646 3313 minicm,
679 3243 896 3300 Dimitte
921 3249 1067 3302 nobis
1090 3247 1257 3302 debita
1286 3257 1460 3302 nostra
1489 3248 1508 3318 (
1534 3248 1721 3304 Matth.
1758 3264 1828 3316 Vt,
1866 3250 1930 3304 ιε
1956 3249 2008 3320 );

410 3348 465 3395 et
495 3339 641 3394 dicat
665 3354 725 3395 se
757 3356 860 3394 non
897 3341 1099 3396 habere
1128 3349 1411 3410 peccatum
1437 3383 1450 3407 ,
1486 3355 1553 3396 ne
1585 3343 1821 3411 seipsum
1870 3343 2018 3398 deei-

411 3431 546 3502 piat,
574 3442 628 3486 et
660 3432 710 3485 in
741 3448 804 3487 eo
833 3435 1034 3488 veritas
1063 3450 1166 3486 non
1197 3434 1289 3497 sit,
1325 3434 1568 3505 quamvis
1588 3434 1697 3504 jam
1741 3437 1858 3489 sine
1887 3451 2019 3504 quc-

413 3521 530 3578 rela
557 3522 694 3575 vivat
722 3520 762 3593 (l
787 3521 946 3578 Joan.
973 3526 1034 3594 t).
1064 3522 1181 3580 Non
1209 3525 1352 3580 enim
1382 3535 1402 3563 ε
1435 3524 1828 3596 qualecumque
1853 3525 2014 3582 etiam

416 3617 733 3673 teutationis
765 3618 1013 3675 luunana:
1041 3661 1055 3685 ,
1088 3619 1186 3676 sed
1211 3635 1376 3692 grave
1405 3627 1687 3689 peccatum
1715 3631 1797 3675 est
1824 3661 1839 3688 ,
1872 3620 2014 3691 quod

413 3711 467 3767 in
497 3713 781 3784 querelam
812 3714 982 3770 venit.

488 3911 513 3938 η
540 3899 688 3955 Idem
720 3915 846 3965 ms.,
877 3901 977 3967 Qui
998 3918 1061 3956 ex
1088 3900 1196 3954 Deo
1228 3911 1320 3956 est.
1361 3900 1515 3957 Alter
1537 3899 1694 3955 Coll).
1719 3915 1841 3955 cum
1869 3901 2013 3956 Pitlt.

416 3971 501 4027 Ea:
528 3972 654 4040 Deo,
688 3971 905 4027 omissis
935 3973 1112 4028 verbis
1144 3973 1243 4039 Qui
1274 3984 1423 4026 natus
1447 3982 1539 4026 est.

487 4043 514 4082 ι)
555 4045 697 4097 Edit.
730 4043 888 4098 Rom.
920 4054 974 4097 et
1001 4044 1204 4098 concil.
1235 4085 1249 4106 ,
1297 4043 1529 4113 profectu
1571 4043 1837 4098 excellenti
1865 4055 2016 4114 alqre

407 4115 635 4188 justitia.
669 4115 894 4188 Garner.
931 4129 992 4169 ac
1021 4131 1156 4170 mss.
1189 4114 1320 4170 Isid.
1351 4156 1363 4176 ,
1399 4120 1632 4184 profectu
1657 4157 1671 4183 ,
1716 4115 2018 4171 excellentia

414 4187 566 4258 atque
597 4187 797 4253 iustitia
821 4201 840 4239 :
871 4189 1217 4258 corriguntur
1253 4202 1317 4240 es
1341 4189 1545 4252 Quesn.
1581 4191 1805 4258 Auguts.
1836 4200 1890 4242 et
1917 4204 2012 4255 po-

419 4257 648 4312 tioribus
681 4273 809 4313 mss.

493 4339 515 4367 ε
548 4328 704 4383 Merl.
752 4339 808 4383 et
856 4330 1058 4395 Quesu.
1110 4344 1230 4384 cum
1280 4345 1388 4382 uno
1438 4343 1538 4384 ms.
1571 4327 1727 4382 Culb.
1760 4339 1814 4382 et
1848 4328 2018 4394 Pitlt.,

418 4401 813 4468 qualescumque
840 4403 991 4454 etiam
1022 4401 1348 4454 tentationes.
1378 4399 1566 4454 Verior
1583 4408 1667 4454 est
1695 4407 2018 4455 caeterorum

419 4469 669 4541 codicum
705 4473 889 4536 lectio,
924 4487 1026 4541 qua
1057 4487 1150 4527 cos
1172 4471 1264 4541 qui
1291 4472 1408 4525 sine
1435 4471 1651 4540 querela
1674 4472 1862 4526 vivere
1886 4487 2022 4539 prte-

418 4540 687 4608 dicantur,
718 4559 746 4595 a
776 4540 1031 4612 gravibus
1061 4540 1281 4612 quidem
1314 4543 1552 4610 peccatis
1578 4584 1592 4606 ,
1625 4542 1719 4598 sed
1753 4558 1858 4596 uoa
1892 4542 2018 4596 item

1637 244 2002 303 EPISTULAS
2041 241 2136 302 ET
2176 241 2518 299 DECRETA.

405 355 546 409 mitte
572 356 720 411 nobis
745 357 913 411 debita
941 367 1115 412 nostra
1151 358 1368 432 (Matth.
1402 374 1475 426 vt,
1510 358 1646 432 I2):
1699 362 1769 416 ita
1801 374 1854 418 et
1886 373 2013 419 tunc
2040 371 2091 430 Α

3605 251 3710 309 582

2194 361 2285 415 I7.
2319 359 2528 417 Cmtera
2558 376 2680 433 quae
2711 362 2788 417 illi
2819 364 3027 434 objecta
3055 375 3178 418 sunt
3204 405 3219 432 ,
3265 367 3404 421 sicut
3428 371 3595 438 gestis
3625 372 3721 427 de-

2119 455 2269 511 fensa
2304 457 2634 525 perviderit,
2673 458 2742 511 ita
2774 459 2839 512 de
2873 460 2954 512 liis
2987 460 3175 527 procul
3218 461 3382 515 dubio
3415 470 3502 516 tua
3545 465 3718 519 beati-

2118 550 2565 620 tudojudicabit.
2614 551 2773 605 Dabit
2819 566 2954 607 sane
3001 553 3157 608 nobis
3217 555 3428 609 veniam
3485 558 3723 613 suavitas

2119 644 2401 698 mitissima
2427 643 2612 698 cordis
2635 647 2731 713 tui,
2757 645 2898 714 quod
2928 647 3274 714 prolixiorem
3301 649 3582 718 epistolam
3611 651 3722 706 for-

2120 737 2280 790 tassis
2307 777 2321 800 ,
2357 750 2516 805 quam
2546 735 2753 802 velles,
2818 747 2923 790 tunc
2970 737 3215 791 misimus
3263 741 3560 795 sanctitati.
3602 741 3720 797 Non

2118 827 2261 880 euim
2308 827 2539 880 rivulum
2572 836 2816 882 nostrum
2852 837 2944 881 tuo
2987 827 3137 898 largo
3182 829 3318 884 fonti
3351 832 3598 902 augendo
3629 850 3718 888 re-

2119 918 2432 984 fundimus;
2479 919 2573 973 sed
2619 919 2670 972 in
2716 919 2818 974 liae
2861 918 2887 955 ιι
2920 935 3025 976 non
3061 935 3222 990 parva
3250 925 3547 980 tentalione
3578 935 3716 980 tem-

2119 1012 2288 1081 poris,
2321 1013 2462 1066 unde
2484 1027 2584 1067 nos
2611 1011 2802 1067 liberet
2828 1013 2914 1067 cui
2943 1014 3172 1069 dicimus
3195 1057 3209 1081 ,
3255 1013 3337 1070 Nc
3381 1033 3474 1072 nos
3519 1019 3712 1088 inferas

2117 1104 2542 1171 intentationem,
2574 1114 2752 1160 utrum
2790 1107 2956 1161 etiam
3001 1117 3190 1163 noster
3219 1109 3346 1164 licet
3392 1113 3618 1182 exiguus
3647 1129 3714 1169 ex

2118 1194 2309 1248 eodem
2336 1235 2351 1260 ,
2400 1210 2507 1266 quo
2535 1197 2699 1249 etiam
2735 1207 2857 1250 tuus
2889 1197 3175 1255 abundans
3205 1242 3220 1267 ,
3272 1211 3490 1258 emanet
3545 1207 3722 1275 capite

2119 1283 2443 1341 ﬂuentorum
2476 1327 2492 1353 ,
2538 1288 2638 1342 hoc
2666 1303 2695 1341 a
2729 1300 2778 1343 te
2808 1291 3026 1358 probari
3061 1293 3316 1349 volumus
3341 1338 3354 1362 ,
3389 1297 3603 1368 tuisque
3637 1315 3724 1355 re-

2119 1380 2338 1449 scriptis
2387 1379 2456 1436 de
2507 1384 2784 1436 communi
2853 1383 3264 1455 participatione
3321 1391 3482 1446 unius
3536 1394 3724 1462 gratia:

2118 1472 2410 1528 consolari.

2605 1567 2943 1626 EPISTOLA
2988 1581 3010 1608 ο
3053 1569 3246 1627 XXIX.

2122 1654 2456 1713 Innocentius
2479 1661 2736 1728 episcopis
2763 1663 3184 1738 Carthagincnsis
3217 1669 3421 1724 concilii
3449 1673 3731 1730 rescribens

2192 1767 2369 1804 eorum
2411 1754 2656 1808 adversus
2694 1754 3008 1828 Pelagianos
3033 1759 3300 1815 lm‘rcticos
3333 1763 3622 1820 doctrinam
3649 1779 3729 1822 at-
3795 1758 3798 1760 ’

2191 1860 2289 1914 que
2311 1848 2617 1900 sententiam
2643 1848 2821 1902 laudat
2849 1860 2895 1903 et
2921 1854 3210 1921 conﬁrmat.

2118 1933 2471 1993 INNOCBN‘I'IUS
2507 1939 2525 1976 ί
2558 1939 2829 2008 Auncmo,
2855 1942 3108 2012 Ncututo,
3139 1947 3464 2004 lius'ncutuo
3489 1991 3504 2018 ,
3535 1951 3731 2008 Fines-

2191 2042 2355 2083 ruuo
2383 2070 2397 2095 ,
2434 2031 2668 2088 EVAGRIO
2694 2071 2708 2098 ,
2743 2036 2981 2091 Aureum
3007 2075 3022 2102 ,
3069 2037 3368 2104 Pssuma,
3403 2044 3723 2115 Ansunsro,

2190 2121 2510 2192 Vinceurto,
2544 2126 2834 2197 PUBLIANO,
2871 2129 3131 2197 Tusssro,
3181 2132 3332 2190 Τυτο
3354 2174 3370 2201 ,
3423 2135 3718 2207 ΡΑΝΝοΜο,

2191 2215 2440 2284 Vtcroat,
2475 2219 2811 2288 Rss'rrruro,
2841 2233 2864 2271 ε
2899 2223 3057 2280 alteri
3099 2224 3437 2296 Rss'nru'ro,
3470 2231 3728 2303 Rus'rtco,

2193 2310 2643 2382 Fon'rurunauo,
2672 2316 2936 2384 Annua,
2990 2320 3245 2388 Almvto,
3293 2322 3506 2390 FBLICI,
3556 2326 3730 2382 Dos/t-

2193 2422 2376 2472 TIANO,
2428 2407 2746 2476 Ansom'ro,
2791 2411 3047 2475 Ocrmo,
3086 2413 3380 2480 SEROTINO,
3431 2418 3726 2487 MAJOMNO,

2192 2498 2596 2567 POSTHUIIIANO,
2645 2501 2932 2569 Cmspum,
2994 2506 3235 2574 Vtcront,
3286 2509 3440 2564 alteri
3481 2511 3726 2581 Vtcront,

2192 2592 2417 2661 Lsccro,
2466 2594 2736 2661 MARIANO,
2787 2595 3130 2664 Fauc'ruoso,
3184 2600 3456 2670 Pnocuso,
3499 2603 3726 2660 FAUSTI-

2189 2699 2369 2751 anno,
2403 2684 2831 2754 Quonvuurneo,
2867 2691 3159 2756 CANDORIO,
3194 2693 3437 2762 Illaxmo,
3464 2697 3729 2764 MEGASIO,
3757 2745 3759 2747 .

2194 2778 2446 2845 Rustico,
2499 2778 2815 2844 Iterumne,
2869 2780 3139 2847 Pnocm.o,
3199 2784 3437 2851 Sevsno,
3492 2788 3725 2858 Tuoun,

2191 2869 2479 2939 JANIJARIO,
2525 2871 2858 2937 OCTAVIANO,
2907 2873 3308 2943 Paternum,
3337 2878 3522 2945 Stxro,
3550 2882 3732 2949 Quon-

2191 2978 2458 3032 vuc'rnso,
2488 2965 2785 3032 Pssuma,
2820 2968 3242 3035 Quonvumneo,
3270 2973 3561 3041 Crpntmo,
3589 2976 3728 3032 Sen-

2193 3073 2356 3127 vtLto,
2409 3057 2737 3125 Peuenno,
2799 3061 3118 3127 Mancscto,
3159 3063 3458 3132 VENANTIO,
3497 3068 3724 3139 Dtnruo,

2192 3154 2523 3219 SATURNINO,
2572 3155 2877 3221 Ittzscsuo,
2911 3157 3197 3225 Germano,
3229 3158 3606 3231 GERMANMNO,
3653 3166 3738 3220 Iu-

2195 3261 2408 3312 VENITO,
2466 3250 2759 3315 llluoatao,
2797 3249 3072 3315 INVENITO,
3125 3251 3396 3320 Canutno,
3435 3256 3728 3330 Cvrnuuo,

2193 3339 2533 3406 Botttttutuvo,
2575 3339 2888 3406 :Eutuano,
2925 3346 3218 3408 AFRICANO,
3260 3345 3634 3412 MARCELLINO,
3680 3361 3736 3407 et

2195 3433 2430 3497 casti-ris,
2461 3432 2551 3500 qui
2592 3431 2644 3485 iu
2677 3433 3087 3505 Cartltagineusi
3135 3438 3370 3492 concilio
3409 3439 3721 3512 adfuerunt,

2197 3523 2570 3580 dilectissitnis
2604 3525 2867 3582 fratribus
2896 3529 2945 3581 in
2978 3529 3209 3584 Domino
3240 3527 3496 3588 salutem.

2201 3619 2252 3674 i.
2286 3619 2342 3675 In
2374 3617 2403 3656 ιι
2424 3619 2771 3689 requirendis
2801 3619 2891 3677 Dei
2922 3622 3084 3678 rebus
3114 3639 3251 3693 quas
3281 3627 3428 3681 omni
3469 3644 3590 3686 cum
3622 3633 3735 3688 sol-

2125 3712 2402 3768 licitudine
2449 3707 2608 3768 decet
2653 3728 2682 3767 a
2712 3713 3108 3782 sacerdotibus,
3144 3719 3380 3774 maxime
3417 3735 3446 3773 a
3478 3737 3608 3777 vero
3635 3724 3729 3794 ju-

2123 3915 2236 3956 ner.
2270 3899 2478 3965 Quesn.
2512 3909 2567 3955 et
2593 3899 2755 3970 Aug.,
2791 3899 2859 3954 In
2902 3901 3210 3970 requirendo
3241 3903 3413 3958 dehis
3443 3906 3611 3962 rebus.
3669 3907 3728 3965 ln

2123 3971 2255 4025 edit.
2281 3971 2437 4026 Rom.
2467 3982 2522 4028 et
2548 3971 2755 4040 aliquot
2778 3987 2908 4026 mss.
2935 4013 2948 4036 ,
3001 3971 3066 4026 In
3097 3976 3412 4041 requirendis
3445 3980 3506 4031 de
3545 3980 3622 4033 his
3651 3999 3733 4037 re-

2122 4043 2467 4122 bus.‘_Ve“rit_ts
2495 4057 2628 4122 mss.
2664 4042 2876 4112 Itemig.
2895 4086 2910 4110 ,
2937 4046 3107 4122 _(Ior_l).
3135 4055 3189 4098 et
3213 4045 3374 4122 Germ
3385 4087 3424 4111 .,
3472 4045 3539 4102 In
3564 4054 3733 4122 requi.

2123 4114 2296 4168 rendis
2326 4111 2428 4167 Dei
2454 4116 2601 4168 rebus
2627 4153 2642 4178 ,
2676 4111 2906 4181 eamque
2937 4115 3222 4169 lectionem
3252 4121 3538 4173 conlirmat
3560 4111 3726 4180 Afro-

2124 4202 2243 4240 rum
2274 4186 2501 4254 cpistola
2548 4186 2613 4238 ad
2646 4185 2991 4239 Theodorum
3029 4203 3222 4255 papam
3278 4189 3328 4241 in
3362 4191 3595 4246 concilio
3629 4195 3726 4249 La-

2124 4256 2398 4310 teranensi
2422 4257 2523 4312 sub
2549 4256 2830 4318 Martinol,
2859 4257 3035 4324 κοιλ,
3063 4268 3192 4312 ιοιιι.
3227 4259 3289 4314 Vl
3315 4259 3525 4316 Concil.
3550 4263 3724 4322 Labb.

2125 4343 2247 4404 pag.
2285 4329 2388 4398 12.8
2417 4327 2818 4404 inserta,_cnjus
2841 4329 3150 4404 exordium,
3182 4331 3257 4383 uti
3283 4335 3729 4404 prammnuimus,

2122 4413 2188 4453 ex
2223 4399 2524 4453 Innocentii
2547 4397 2822 4471 verbisae
2845 4400 3134 4454 sententiis
3159 4397 3499 4471 expressum,
3532 4407 3619 4462 hic
3647 4397 3733 4466 re;

2127 4480 2458 4546 praisentarc
2484 4471 2710 4546 iuverit.
2736 4470 3020 4546 Sic-porro
3052 4470 3308 4546 incipiant
3345 4493 3355 4527 :
3393 4474 3644 4546 Magnum
3685 4492 3733 4534 et

2124 4541 2504 4609 indeficientcm
2532 4541 2766 4595 omnibus
2794 4539 3099 4594 Christianis
3130 4539 3322 4610 ﬂuenta
3365 4539 3731 4605 redundantem

420 4626 449 4665 a
481 4612 710 4686 levibus,
742 4611 865 4686 qua:
889 4611 1189 4670 tentatiotte
1207 4629 1300 4686 seu
1328 4613 1616 4686 fragilitate
1635 4615 1870 4686 ltutuatta
1891 4628 2021 4667 eon-
2047 4625 2101 4686 Β
2125 4614 2268 4686 apud
2298 4611 2653 4686 Apostolicam
2694 4613 3169 4686 sedentucmtsistere
3195 4613 3384 4686 fontem
3412 4616 3590 4670 nullus
3613 4639 3730 4674 ant-

421 4684 704 4750 traltimus,
742 4685 1012 4740 immunes
1043 4685 1428 4754 intelligendos
1456 4699 1578 4738 esse
1608 4685 1920 4740 edaci-mur.

492 4754 517 4791 ά
549 4755 605 4809 In
639 4757 848 4811 duobus
892 4773 1025 4812 mss.
1058 4757 1235 4818 Coll»,
1268 4772 1369 4809 non
1401 4771 1516 4808 cum
1542 4772 1718 4826 parra.
1767 4755 1823 4811 lu
1855 4765 2022 4810 caste-

419 4826 518 4890 ris,
560 4845 664 4881 non
702 4843 999 4895 comparva.
1050 4827 1204 4898 Aputl
1234 4827 1487 4895 AugusL,
1517 4843 1626 4898 non
1649 4836 1816 4881 tamen
1844 4843 2023 4898 parra.

421 4898 491 4953 At
523 4899 680 4953 Meri.
713 4906 766 4953 et
800 4900 959 4954 Crab.
991 4897 1113 4968 post
1138 4898 1388 4967 superius
1413 4897 1636 4950 verbum
1659 4897 2024 4968 rrefundimus,

420 4971 670 5038 proxime
692 4967 1008 5038 subjiciunt,
1040 4987 1212 5023 rerum
1243 4970 1396 5023 etiam
1439 4984 1506 5020 no
1535 4979 1610 5020 ter
1647 4967 1762 5022 licet
1791 4971 2025 5038 exiguus,

420 5049 552 5103 etc.,
581 5040 798 5096 omissis
830 5042 1182 5096 inter-mediis.

498 5122 521 5148 θ
552 5111 607 5165 In
641 5113 775 5166 edit.
809 5113 1014 5166 Concil.
1044 5113 1136 5165 ‘25.
1167 5111 1298 5178 Qua:
1324 5119 1504 5164 autem
1529 5109 1597 5162 2ft
1625 5118 1765 5174 erat,
1801 5125 1942 5163 ltttttc
1968 5111 2020 5163 7.

498 5182 516 5220 ί
549 5182 714 5246 Editi,
753 5195 977 5251 excepto
1007 5183 1142 5252 Aug.
1178 5181 1479 5237 secundum
1519 5179 1739 5252 Codicis
1786 5196 1815 5252 a
1846 5180 2022 5246 Ques-

423 5253 572 5308 nello
595 5254 796 5322 vulgati
819 5265 871 5308 et
887 5250 1292 5308 Isidem—vetera
1321 5252 1591 5319 exempla,
1617 5250 1827 5304 Aurelio
1853 5262 1898 5304 et
1918 5268 2029 5303 om-

425 5324 572 5378 nibus
611 5325 800 5378 aanctis
829 5326 1081 5392 episwpis
1109 5325 1184 5379 rel
1209 5323 1406 5377 ca'teris
1433 5323 1521 5391 qui
1558 5324 1609 5374 in
1649 5323 1864 5374 concilio
1896 5322 2020 5374 Car-

426 5395 739 5466 thaginiensis
768 5397 994 5450 ecclesia:
1032 5395 1333 5463 adfuerunt,
1365 5392 1702 5466 singulorum
1728 5393 2023 5466 episcopo-

425 5463 545 5520 rum
579 5466 890 5522 nominibus
918 5467 1160 5534 ontiSsis,
1191 5482 1311 5536 qua:
1357 5466 1412 5519 in
1455 5463 1844 5519 sinceriorihus
1891 5480 2022 5520 mss.

427 5548 804 5593 recensentur.

2127 4683 2296 4755 ltiget-e
2316 4685 2497 4754 possit,
2524 4686 2586 4736 de
2608 4698 2711 4752 quo
2738 4682 2892 4735 rivali
2923 4683 3179 4755 prodeunt
3197 4685 3498 4752 afﬂuenter,
3525 4693 3733 4746 univer-

2127 4752 2242 4808 sum
2288 4752 2576 4824 largissime
2625 4755 2896 4825 irrigantcs
2939 4753 3112 4825 orbem
3141 4752 3596 4825 Christianorum,
3649 4765 3734 4818 cui

2128 4827 2282 4900 etiam
2317 4822 2592 4878 iit—honore
2618 4823 2895 4900 ltcatissitni
2929 4822 3069 4877 Petri
3098 4842 3301 4900 patrum
3331 4828 3534 4884 tlccrcta
3578 4822 3733 4900 pecu-

2130 4894 2311 4948 liarem
2355 4912 2555 4948 omnem
2596 4895 2859 4947 decrevere
2905 4894 3230 4950 reret-entiam
3277 4914 3327 4952 IN
3378 4894 3731 4964 usqmuhums

2134 4966 2236 5021 Βει
2262 4981 2582 5034 κειυε,ᾳκω
2609 4967 2818 5019 omnino
2837 4975 2882 5018 ct
2902 4967 3122 5020 sollicite
3151 4968 3350 5037 debent,
3377 4974 3595 5027 maxime
3615 4994 3734 5033 vero

2124 5038 2365 5117 justeque
2385 5041 2448 5090 ab
2477 5037 2895 5117 ipsopt'atsulum
2921 5041 3210 5117 examinari
3225 5045 3728 5117 ve‘t'ticeapostalico,

2132 5111 2282 5188 cujus
2311 5108 2506 5188 vetusta
2532 5108 2826 5188 sollicitudo
2853 5119 2925 5188 est
2957 5120 3061 5188 tam
3089 5111 3228 5164 mala
3255 5108 3503 5188 clamitare
3527 5161 3540 5184 ,
3573 5108 3728 5188 quani

2128 5179 2346 5257 probare
2374 5179 2663 5257 laudanda.
2683 5179 2935 5257 _Antiqttis
2963 5181 3098 5257 enim
3125 5182 3318 5257 regulis
3355 5179 3604 5240 sancitum
3633 5200 3728 5257 est,

2130 5263 2187 5303 ut
2217 5251 2466 5320 quidquid
2491 5251 2721 5328 qutunvis
2749 5251 2803 5304 in
2831 5253 3039 5328 remotis
3064 5254 3139 5307 vel
3161 5251 3216 5306 in
3246 5256 3526 5328 longinquo
3554 5251 3732 5328 positis

2130 5330 2364 5393 ageretur
2396 5321 2694 5392 prorinciis,
2729 5339 2831 5375 non
2861 5325 3003 5391 prius
3026 5321 3353 5378 tractandum
3380 5321 3455 5381 vel
3479 5321 3733 5392 accipien-

2131 5396 2253 5470 dum
2285 5395 2372 5456 sit,
2401 5394 2500 5470 nisi
2521 5393 2591 5470 ad
2624 5395 2860 5470 notitiam
2893 5393 3046 5448 «linat
3068 5396 3202 5449 sedis
3226 5407 3405 5470 ucstra:
3433 5399 3613 5470 fuisset
3640 5401 3737 5453 de-

2133 5463 2363 5537 ductast,
2388 5475 2442 5518 ut
2465 5463 2626 5536 hujus
2653 5466 2974 5527 auctoritate,
2999 5470 3141 5537 justo
3165 5482 3280 5535 qm:
3299 5463 3478 5533 fuisse!
3504 5485 3742 5535 pronun-

2131 5536 2278 5588 tiatio
2303 5536 2618 5604 ﬁrmaretur,
2639 5537 2855 5606 indeque
2883 5536 3137 5589 sumerent
3161 5549 3357 5591 ctrtcrw
3381 5539 3606 5595 t-‘cclesia.’
3631 5542 3748 5594 ιονι-

498 5618 524 5655 ε
551 5609 686 5664 Ilinc
710 5610 880 5677 liquet
911 5620 960 5662 et
985 5608 1218 5664 alterum
1249 5607 1412 5662 istum
1443 5605 1772 5662 Restitutum
1811 5606 1865 5661 in
1910 5608 2027 5678 cpi-

425 5679 583 5748 stola:
608 5681 678 5734 26
707 5681 1058 5748 inscriptiOno
1089 5679 1416 5735 desiderari.

497 5745 528 5787 ³³
557 5750 701 5807 Edit.
733 5745 957 5815 coneil.,
992 5749 1308 5820 lnquirendo
1338 5751 1402 5806 de
1421 5751 1500 5807 his
1523 5748 1689 5805 rebus.
1715 5749 1868 5819 Apud
1895 5745 2033 5808 Gar-

2138 5613 2193 5659 ut
2233 5611 2295 5659 de
2324 5607 2486 5660 natali
2508 5623 2602 5660 suo
2630 5609 2770 5677 fonte
2805 5607 3187 5677 prtcdicationis
3217 5609 3491 5677 exordium
3516 5647 3530 5677 ,
3575 5623 3620 5667 et
3649 5625 3758 5677 per

2139 5677 2554 5755 diversa_s_totius
2583 5676 2762 5730 mundi
2783 5676 3008 5755 regiones
3031 5676 3271 5747 puritatis
3289 5676 3612 5755 incorrupta:
3633 5676 3778 5739 mao

2140 5758 2293 5804 neunt
2313 5747 2438 5817 ﬁdei
2467 5755 2789 5803 sacramenta
2812 5746 3018 5804 salutis.
