4344 6174
588 252 697 308 585

1841 247 1898 304 S.
1939 245 2333 306 INNOCENTII
2375 247 2395 304 Ι
2436 245 2642 305 ΡΑΡΛΕ

3783 243 3890 303 584

580 373 774 435 stoque
801 370 855 419 et
882 360 1148 418 catholico
1177 361 1396 418 tractari
1426 362 1664 419 concilio
1684 403 1698 428 ,
1728 363 1964 432 antiquae
2009 363 2173 418 tradi-
2207 369 2258 428 Α
2286 367 2475 420 borum
2530 363 2762 435 argutiis
2788 402 2804 429 ,
2837 359 2938 418 sub
2965 361 3198 431 imagine
3227 358 3515 417 catholicae
3547 359 3671 418 lidei
3702 360 3889 432 dispu-

586 458 750 513 tionis
793 457 1040 525 exempla
1065 466 1368 520 servantes,
1393 465 1449 512 et
1484 457 1869 512 ecclesiasticae
1916 474 2191 513 memores

584 549 910 618 disciplime,
927 557 1122 600 vestrae
1147 547 1424 618 religionis
1442 548 1686 619 vigorem
1706 563 1814 623 non
1841 550 2020 604 minus
2046 565 2191 604 nunc

583 645 638 700 in
663 639 1026 705 consulendo,
1050 656 1210 710 quam
1240 651 1397 696 antea
1425 657 1548 696 cum
1579 641 2031 712 pronuntiaretis,
2059 659 2188 696 vera

586 737 795 792 ratione
828 735 1106 798 ﬁrmastis,
1137 735 1227 806 qui
1251 735 1317 790 ad
1346 745 1591 790 nostrum
1621 735 1968 792 referendum
1997 747 2192 804 appro-

583 830 756 886 bastis
787 843 908 884 esse
947 827 1238 897 judicium,
1272 831 1511 885 scientes
1541 830 1669 901 quid
1697 831 2016 899 apostolicae
2049 827 2184 894 sedi,

584 939 706 980 cum
739 937 928 978 omnes
951 921 1057 976 hoc
1084 923 1205 978 loco
1229 924 1390 993 positi
1424 925 1597 994 ipsum
1632 925 1785 993 sequi
1814 925 2192 980 desideremus

585 1017 931 1086 Apostolum,
957 1014 1240 1080 debeatur,
1277 1032 1305 1071 a
1331 1033 1438 1087 quo
1471 1017 1587 1086 ipse
1614 1018 1964 1086 episcopatus
1991 1027 2041 1070 et
2081 1025 2188 1069 tota

584 1107 879 1166 auctoritas
913 1106 1146 1162 nominis
1177 1107 1338 1178 hujus
1381 1110 1626 1165 emersit.
1659 1109 1830 1176 Quem
1872 1117 2188 1178 sequentes,

591 1213 696 1256 tam
716 1201 858 1256 mala
881 1199 1140 1255 damnare
1165 1202 1435 1268 novimus,
1456 1214 1620 1269 quam
1644 1200 1875 1270 probare
1897 1199 2186 1254 laudanda.

587 1296 683 1352 Vel
711 1295 762 1350 id
787 1310 940 1358 vero,
973 1293 1117 1363 quod
1144 1303 1356 1363 patrum
1386 1295 1629 1349 instituta
1658 1295 1986 1350 sacerdotali
2009 1293 2190 1348 ofﬁcio

582 1389 955 1446 custodientes
979 1402 1084 1440 non
1106 1387 1340 1443 censetis
1357 1403 1479 1443 esse
1502 1387 1783 1452 calcanda,
1809 1387 1952 1457 quod
1981 1386 2056 1440 illi
2083 1401 2188 1440 non

585 1485 840 1549 humana,
873 1483 968 1538 sed
996 1482 1176 1537 divina
1209 1480 1502 1536 decrevere
1526 1481 1824 1542 sententia,
1847 1489 1904 1533 ut
1927 1477 2189 1548 quidquid

583 1577 834 1646 quamvis
852 1575 920 1631 de
938 1575 1222 1644 disiunctis
1247 1575 1579 1642 remotisque
1602 1573 1898 1643 provinciis
1912 1581 2185 1642 ageretur,

587 1686 692 1724 non
727 1670 876 1739 prius
908 1669 1168 1724 ducerent
1199 1667 1494 1722 ﬁniendum
1525 1709 1538 1730 ,
1583 1668 1682 1720 nisi
1733 1665 1796 1720 ad
1855 1666 2014 1741 hujus
2044 1665 2184 1718 sedis

2299 465 2472 512 tantes
2493 499 2507 523 ,
2542 456 2692 511 velut
2723 455 3038 525 pestiferum
3063 453 3384 508 exhalantes
3408 457 3557 509 virus
3583 493 3600 515 .
3627 461 3688 506 ut
3712 451 3876 507 homi-

2296 566 2423 604 num
2455 558 2602 604 recte
2632 549 2989 604 sentientium
3028 547 3083 602 in
3115 546 3446 602 deteriorem
3480 555 3691 618 partem
3724 545 3888 602 corda

2295 653 2679 712 corrumpant,
2713 651 2881 696 totam
2910 643 3024 698 veri
3063 641 3333 712 dogmatis
3363 649 3617 712 quierunt
3643 652 3892 697 evertere

2294 734 2666 805 disciplinam.
2713 734 3030 790 Sanandum
3083 749 3217 804 ergo
3271 733 3533 799 celerius,
3568 749 3637 789 ne
3679 734 3890 804 longius

2294 827 2320 865 ά
2349 827 2718 884 exsecrandus
2750 829 2947 882 animis
2989 827 3216 882 morbus
3249 827 3460 897 irrepat
3492 844 3506 882 :
3541 827 3684 882 sicut
3722 826 3893 882 medi-

2293 935 2429 989 cus,
2479 937 2602 976 eum
2651 921 2848 976 viderit
2903 919 3063 990 hujus
3123 918 3324 974 terreni
3374 917 3624 989 corporis
3654 918 3887 988 aliquem

2293 1029 2418 1069 esse
2449 1014 2770 1085 languorem
2798 1058 2811 1078 ,
2846 1028 3101 1084 magnum
3149 1029 3264 1068 sua:
3294 1012 3430 1073 artis
3459 1013 3700 1067 :estimat
3726 1011 3892 1068 docu-

2293 1114 2536 1159 mentum
2571 1146 2585 1170 ,
2633 1105 2677 1158 si
2711 1105 2819 1158 cito
2864 1105 2988 1174 quis
3033 1104 3180 1158 illius
3229 1105 3533 1158 interventu
3570 1103 3889 1174 desperatus

2292 1195 2528 1260 evadat;
2579 1197 2662 1251 vel
2692 1211 2813 1250 cum
2864 1208 3022 1264 putre
3055 1195 3252 1250 vulnus
3298 1197 3624 1266 aspexerit,
3663 1196 3889 1252 adhibet

2294 1289 2531 1343 fomenta
2559 1330 2574 1354 ,
2607 1289 2692 1343 vel
2723 1298 2919 1344 caetera
2964 1290 3163 1359 quibus
3220 1289 3351 1345 illud
3405 1289 3579 1360 possit
3609 1290 3756 1361 quod
3791 1309 3888 1349 na-

2295 1389 2406 1433 tum
2459 1383 2632 1436 luerat
2677 1382 2874 1436 vulnus
2904 1381 3130 1446 obduci;
3166 1397 3230 1436 ac
3275 1384 3320 1438 si
3349 1382 3402 1438 id
3437 1399 3667 1440 manens
3704 1386 3883 1440 sanari

2293 1489 2398 1527 non
2431 1473 2665 1540 poterit,
2703 1489 2772 1528 ne
2794 1489 2992 1544 corpus
3023 1475 3296 1545 reliquom
3345 1491 3440 1529 sua
3473 1476 3599 1532 tabe
3640 1491 3886 1533 corrum-

2293 1579 2384 1638 pat
2410 1611 2424 1633 ,
2473 1568 2620 1624 ferro
2648 1578 2895 1640 amputat
2932 1569 3076 1639 quod
3153 1569 3418 1638 nocebat,
3471 1585 3579 1640 quo
3618 1571 3884 1639 reliquum

2294 1662 2568 1732 integrum
2594 1673 2779 1718 servet
2807 1673 2856 1717 et
2895 1663 3181 1716 intactum.
3218 1662 3635 1719 I’raacidendum
3678 1664 3730 1719 id
3759 1680 3888 1736 ergo

583 1765 829 1820 notitiam
860 1761 1176 1834 perveniret
1209 1779 1223 1816 ε
1255 1772 1311 1816 ιιι
1343 1771 1449 1816 tota
1497 1759 1655 1831 hujus
1685 1761 2006 1814 auctoritate
2041 1762 2188 1828 jnsta
2218 1765 2266 1826 B
2293 1763 2412 1822 est,
2441 1754 2585 1824 quod
2612 1754 2763 1809 velut
2813 1769 2951 1824 puro
2977 1769 3218 1824 sanoque
3270 1754 3499 1810 nimium
3537 1755 3752 1826 corpori
3780 1755 3889 1810 vul-

578 1873 699 1928 qua:
732 1857 895 1911 fuerit
924 1855 1296 1927 pronuntiatio
1337 1855 1686 1919 lirmaretur;
1742 1852 1976 1922 indeque
2007 1866 2190 1906 suine-

588 1960 709 2008 rent
733 1964 946 2007 cieterze
975 1950 1221 2006 ecclesiae
1250 1947 1422 2020 (velut
1448 1948 1514 2002 de
1540 1947 1705 2001 natali
1730 1961 1829 2000 suo
1857 1947 2007 2001 fonte
2035 1961 2188 2016 aqua:

584 2056 794 2100 cuncta:
826 2043 1224 2114 procederent,
1273 2051 1327 2096 et
1376 2056 1472 2110 per
1517 2040 1768 2095 diversas
1812 2042 1975 2095 totius
2003 2039 2188 2094 mundi

588 2135 838 2206 regiones
871 2135 991 2205 puri
1021 2144 1046 2171 α
1076 2134 1269 2189 latices
1299 2134 1492 2204 capitis
1529 2133 1826 2202 incorrupti
1860 2131 2186 2203 manarent)

588 2227 720 2300 quid
771 2224 1118 2297 praecipereb
1173 2223 1379 2297 [Forte
1443 2225 1542 2296 leg.
1598 2223 1999 2294 praeciperent]
2054 2239 2188 2295 quos

591 2320 834 2387 abluere,
862 2336 996 2390 quos
1025 2318 1188 2374 veluti
1221 2332 1378 2373 coeno
1426 2316 1816 2373 inemundabili
1857 2317 2190 2384 sordidatos,

595 2410 818 2467 mundis
867 2409 1027 2479 digna
1057 2408 1379 2477 corporibus
1415 2407 1558 2460 unda
1584 2408 1800 2462 vitaret.

655 2505 711 2557 2.
755 2503 1013 2560 Gratulor
1057 2502 1244 2573 igitur,
1287 2500 1598 2556 cbarissimi
1641 2499 1877 2566 fratres,
1919 2501 2065 2572 quod
2098 2519 2194 2572 per

586 2597 809 2650 fratrem
843 2602 898 2650 et
926 2591 1313 2663 coepisc0pum
1349 2601 1594 2646 nostrum
1641 2590 1844 2646 Julium
1879 2593 2088 2647 litteras
2123 2595 2190 2648 ad

589 2703 688 2743 nos
711 2687 1033 2742 destinastis
1085 2702 1098 2739 :
1130 2694 1184 2740 et
1229 2699 1351 2739 cum
1384 2683 1495 2738 illis
1537 2697 1721 2738 curam
1755 2683 1949 2754 geritis
1996 2685 2193 2754 quibus

588 2782 898 2855 priesidetis
966 2778 1266 2843 Ecclesiis,
1320 2777 1752 2833 sollicitudinem
1796 2789 2035 2833 vestram
2097 2795 2194 2848 pro

589 2876 836 2930 omnium
871 2873 1110 2928 utilitate
1143 2870 1464 2926 monstratis
1498 2887 1513 2926 :
1558 2880 1614 2925 et
1643 2885 1740 2940 per
1771 2879 1996 2925 cunctas
2027 2871 2194 2926 totius

584 2969 738 3023 orbis
787 2967 1049 3023 ecclesias
1096 2964 1353 3020 omnibus
1383 2978 1487 3016 una
1535 2962 1680 3032 quod
1731 2964 1944 3032 prosit,
1995 2963 2191 3019 decer-

585 3061 824 3116 nendum
855 3074 981 3115 esse
1009 3055 1310 3127 deposcitis
1340 3071 1354 3108 :
1385 3065 1443 3108 ut
1463 3054 1576 3108 suis
1607 3054 1957 3109 constabilita
1988 3057 2190 3124 regulis

2295 1861 2398 1900 nus
2421 1845 2661 1916 obrepsit
2689 1863 2704 1912 ;
2737 1861 2806 1902 ne
2835 1862 2959 1900 cum
2991 1847 3194 1902 tardius
3241 1846 3576 1919 abstergitur
3598 1890 3613 1914 ,
3668 1847 3721 1903 in
3757 1848 3888 1918 ipsis

2294 1953 2436 2005 pene
2466 1937 2770 1993 visceribus
2816 1937 2978 2008 hujus
3019 1938 3145 1992 mali
3193 1953 3302 1992 non
3351 1938 3726 1994 exhaurienda
3766 1948 3889 2010 post

2293 2031 2503 2084 sentina
2557 2030 2835 2085 considat.

2363 2123 2418 2178 5.
2461 2121 2596 2177 Nam
2629 2122 2759 2193 quid
2792 2137 2892 2178 nos
2915 2122 2982 2176 de
3014 2121 3100 2176 his
3129 2123 3355 2192 posthac
3385 2132 3591 2178 rectum
3620 2123 3888 2180 mentibus

2292 2217 2657 2281 aestimemus,
2707 2214 2799 2285 qui
2829 2214 2932 2269 sibi
2983 2231 3042 2270 se
3086 2226 3275 2285 putant
3325 2215 3526 2272 debere
3569 2217 3713 2285 quod
3758 2217 3884 2272 boni

2291 2318 2451 2373 sunt,
2480 2323 2580 2362 nec
2612 2307 2762 2361 illum
2791 2307 3168 2368 considerant,
3195 2309 3350 2378 cujus
3383 2309 3626 2378 quotidie
3657 2309 3884 2378 gratiam

2291 2399 2744 2472 consequuntur?
2770 2400 2879 2456 Sed
2901 2400 3014 2472 jam
3045 2401 3169 2469 isti,
3206 2403 3299 2472 qui
3333 2403 3468 2457 tales
3497 2411 3652 2468 sunt,
3680 2403 3886 2458 nullam

2293 2495 2387 2551 Dei
2421 2497 2654 2566 gratiam
2701 2504 3154 2564 consequuntur;
3190 2505 3212 2532 ε
3259 2496 3348 2565 qui
3391 2495 3511 2550 sine
3538 2496 3634 2550 illo
3679 2504 3886 2552 tantum

2289 2590 2508 2662 assequi
2539 2606 2598 2646 se
2627 2604 2790 2660 posse
2819 2589 3138 2655 conﬁdunt,
3163 2599 3424 2661 quantum
3446 2590 3536 2646 vix
3561 2589 3641 2645 illi
3665 2635 3677 2655 ,
3701 2591 3792 2662 qui
3818 2591 3888 2648 ab

2290 2684 2383 2738 illo
2435 2683 2739 2753 postulant,
2798 2681 2817 2720 ί
2864 2692 2919 2738 et
2968 2683 3222 2754 accipere
3283 2696 3692 2752 promerentur.
3741 2685 3884 2753 Quid

2290 2779 2432 2832 enim
2468 2789 2572 2832 tam
2600 2779 2841 2848 iniquum
2872 2788 3053 2848 poteSt
3085 2793 3209 2834 esse
3235 2820 3247 2840 ,
3283 2788 3388 2832 tam
3414 2779 3708 2834 barbarum
3729 2821 3744 2848 ,
3775 2789 3882 2837 tam

2293 2870 2457 2924 totius
2489 2869 2768 2940 religionis
2800 2870 3047 2940 ignarum
3073 2912 3088 2934 ,
3120 2879 3226 2923 tam
3256 2867 3583 2924 Christianis
3615 2871 3890 2927 mentibus

2292 2961 2607 3026 inimicum,
2633 2978 2792 3032 quam
2825 2962 2958 3045 huic_
2993 2973 3043 3017 te
3073 2978 3272 3034 negare
3300 2961 3502 3018 debere
3539 2963 3800 3034 quidquid
3834 2965 3887 3020 in

2292 3055 2610 3123 quotidiana
2640 3055 2811 3124 gratia
2835 3054 3191 3124 consequeris
3213 3095 3227 3120 ,
3253 3056 3337 3108 cui
3374 3063 3425 3110 te
3468 3056 3583 3124 ipse
3609 3056 3890 3112 ciuiliteris

586 3152 830 3207 Ecclesia
863 3192 876 3215 ,
930 3161 951 3188 ε
995 3159 1052 3203 et
1103 3148 1238 3210 hoc,
1271 3161 1378 3216 quo
1431 3145 1556 3200 illos
1605 3155 1830 3207 caveat,
1864 3147 2189 3215 pronuntia-
2215 3151 2260 3214 ο
2293 3147 2494 3202 debere
2516 3145 2662 3216 quod
2698 3155 2857 3200 natus
2887 3147 2985 3202 es?
3016 3146 3161 3216 Ergo
3201 3145 3312 3202 eris
3345 3145 3442 3202 tibi
3471 3147 3524 3201 in
3553 3146 3890 3216 providendo

585 3243 942 3312 tionisjusttc
995 3241 1207 3294 ﬁrmata
1257 3238 1524 3305 decreto,
1579 3237 1779 3293 talibus
1832 3247 2020 3308 patere
2077 3255 2182 3295 non

584 3333 794 3405 possit,
824 3332 914 3403 qui
939 3333 1215 3403 perversis
1245 3330 1526 3397 instructi,
1552 3330 1720 3385 immo
1741 3329 2002 3387 destructi
2025 3373 2037 3397 ,
2063 3348 2188 3388 ver-

656 3504 681 3531 α
724 3492 868 3549 Edit.
914 3491 1072 3546 Rom.
1108 3498 1162 3546 et
1189 3488 1393 3555 concil.
1423 3504 1635 3544 necnon
1667 3489 1902 3557 Quesn.,
1939 3491 2056 3558 puri
2086 3507 2176 3544 ca-

584 3566 739 3636 pitis;
787 3563 984 3618 deinde
1024 3561 1178 3617 Meri.
1201 3603 1216 3626 ,
1253 3561 1584 3636 incorrupti;
1631 3560 1819 3621 Crab..
1849 3563 2180 3636 incorrupte;

581 3632 823 3697 caetera},
844 3636 1163 3705 incorrupta:
1196 3647 1305 3687 :ex
1338 3632 1735 3705 edit._Augus-t.
1763 3643 1816 3705 et
1843 3647 1976 3705 mss.
2009 3632 2178 3705 Corb.

577 3719 739 3777 atque
769 3705 958 3762 Germ.
1009 3701 1424 3777 iusta_urantur._
1454 3702 1625 3772 llujus
1651 3701 1860 3757 exordii
1889 3704 2177 3777 materiam

577 3774 822 3834 maxime
861 3774 1092 3844 sumpsit
1145 3774 1497 3829 Innocentius
1543 3790 1610 3828 ex
1641 3789 1708 3828 eo
1758 3774 1901 3844 quod
1937 3777 2180 3844 episcOpi

577 3848 912 3922 quinque_ad
945 3847 1157 3922 calcem
1181 3845 1440 3922 epistolae
1478 3847 1782 3922 superioris
1811 3848 1912 3899 sibi
1930 3849 2184 3922 scripse-

577 3916 702 3975 rant
730 3916 746 3972 Ξ
785 3917 907 3974 Non
931 3918 1068 3972 enim
1113 3917 1338 3970 rivulum
1366 3923 1601 3968 nostrum
1625 3926 1712 3969 tuo
1743 3916 1886 3986 largo
1918 3917 2051 3986 fonti
2099 3935 2178 3970 re-

579 3991 910 4062 fundimus...
941 4001 1112 4062 utruot
1141 3989 1294 4062 etiam
1317 3996 1491 4040 noster
1511 3987 1625 4039 licet
1653 3989 1952 4062 exiguns‘ex
1979 3989 2177 4055 eodem,

615 4079 678 4116 uo
704 4062 859 4114 etiam
889 4073 1005 4114 tuus
1034 4059 1304 4112 abundans
1329 4099 1343 4123 ,
1391 4065 1588 4111 emanet
1637 4063 1803 4128 capite
1845 4059 2178 4127 ﬂuentorum,

615 4081 678 4116 uo
704 4081 859 4114 etiam
889 4081 1005 4114 mus
1034 4081 1304 4112 twuuauus
1329 4099 1333 4123 π

578 4081 675 4187 χοε
703 4150 735 4203 a
763 4141 810 4186 te
831 4130 1040 4203 probari
1068 4129 1333 4203 volumus.

648 4203 675 4242 ι)
717 4201 792 4258 Ita
819 4198 950 4256 mss.
985 4200 1172 4255 Germ.
1198 4211 1251 4254 et
1281 4198 1449 4254 Corb.
1476 4198 1543 4252 At
1571 4199 1754 4267 plures
1776 4199 1865 4254 alii
1893 4216 2010 4256 cum
2042 4200 2176 4254 edit.

577 4275 737 4330 Rom.
771 4282 828 4328 et
871 4273 1098 4336 concil.,
1144 4271 1270 4341 quid
1298 4269 1594 4341 prtecipere.
1643 4270 1853 4325 Deinde
1886 4272 1938 4325 iu
1988 4271 2181 4326 codice

578 4347 765 4403 Germ.
797 4362 927 4415 quos
950 4338 1212 4396 absoluere
1236 4338 1361 4415 ,ubi
1395 4338 1740 4415 in'aliisquos
1769 4341 1996 4415 abluere.
2025 4342 2180 4411 Apud

575 4419 782 4486 Quesn.
809 4411 864 4471 et
892 4414 1034 4486 Aug.
1069 4411 1370 4486 repositum
1405 4419 1489 4464 est
1510 4412 1642 4486 quid
1666 4414 2022 4486 prtrciperent,
2056 4431 2184 4486 quos

573 4482 866 4542 abluerent.
900 4485 1096 4540 Totum
1123 4491 1302 4536 autem
1339 4483 1478 4534 hunc
1509 4482 1686 4536 locum
1717 4482 2014 4537 Garnerius
2043 4482 2074 4547 ,
2095 4485 2179 4537 in-

575 4562 738 4628 genio
781 4572 882 4611 suo
933 4555 1057 4625 plus
1096 4568 1253 4618 :equo
1293 4550 1616 4628 indulgens,
1669 4555 1740 4628 ita
1779 4553 1951 4628 edidit
1997 4570 2010 4607 :
2047 4554 2183 4608 unde

573 4623 733 4702 aquas
757 4623 1224 4702 sumerentcwtera:
1236 4624 1481 4687 ecclesitc,
1505 4623 1638 4702 velut
1661 4624 1723 4677 de
1743 4625 1908 4702 natali
1932 4641 2024 4678 suo
2043 4629 2184 4702 [ante

574 4694 737 4772 a'quo
766 4707 956 4772 cuncta
979 4695 1267 4772 procedunt
1289 4741 1302 4764 ,
1332 4705 1376 4747 et
1410 4711 1498 4762 per
1541 4694 1770 4749 diuersas
1817 4696 1971 4772 totius
2000 4698 2182 4772 mundi

573 4767 802 4842 regiones
842 4770 961 4842 puri
981 4767 1175 4842 capitis
1201 4767 1516 4842 incorrupta:
1561 4777 1776 4842 manant
1804 4769 1990 4842 pande
2011 4770 2179 4842 pet'cif

573 4836 710 4911 pe'ret
739 4836 1236 4911 quosreluti'cazno,
1265 4845 1373 4891 etc.
1406 4837 1599 4911 Nostra
1630 4836 1814 4911 lectio,
1841 4837 1892 4892 in
1917 4853 2023 4907 qua
2047 4839 2178 4893 nihil

573 4905 953 4966 nonveterum
986 4909 1236 4964 codicum
1277 4905 1605 4962 auctoritate
1652 4907 1874 4962 fulcitur
1899 4905 2178 4978 {integra

573 4982 682 5036 erit
708 5022 722 5047 ,
753 4981 798 5036 si
831 4990 956 5050 post
995 4979 1159 5033 verba
1194 4995 1322 5048 quos
1353 4979 1561 5033 abluere
1586 5021 1600 5045 ,
1648 4980 2004 5035 subaudiatur
2033 4981 2178 5035 debe-

569 5061 702 5106 rent.
732 5052 919 5120 Neque
961 5057 1169 5103 temere
1216 5051 1524 5121 sentiamus
1575 5050 1662 5104 hic
1692 5053 1962 5121 triplicem
1995 5051 2177 5107 homi-

571 5140 703 5178 num
758 5119 881 5177 sese
918 5121 1177 5174 Ecclesia:
1219 5119 1428 5188 judicio
1475 5119 1783 5175 sisteutiuui
1820 5125 2047 5177 classem
2091 5123 2176 5178 di-

571 5195 812 5266 stingui.
846 5201 901 5246 et
946 5191 1187 5266 ejusdem
1227 5190 1676 5266 Ecclesiiecirca
1700 5194 1822 5247 illos
1851 5194 2175 5263 jodiciorum

573 5262 848 5338 triplicem
876 5262 1142 5338 rationem
1166 5305 1182 5338 ,_
1216 5277 1284 5318 ex
1321 5263 1525 5338 triplici
1549 5277 1703 5332 aqua:
1734 5262 2061 5338 proprietate
2093 5281 2178 5320 re-

572 5333 838 5410 petitam,
869 5335 1091 5410 exponi.
1125 5334 1219 5388 llla
1266 5336 1411 5388 enim
1443 5333 1588 5386 velut
1617 5350 1754 5402 aqua
1787 5336 1987 5410 munda
2017 5338 2175 5410 inuo-

569 5404 691 5466 iios
717 5420 770 5463 et
796 5404 1261 5463 incontaniinatos
1289 5416 1561 5474 tamquam
1594 5421 1760 5473 puros
1791 5406 1996 5458 rivulos
2031 5408 2176 5461 ultro

568 5483 622 5537 in
676 5497 739 5538 se
780 5478 1017 5546 recipit;
1072 5476 1382 5546 sordidatos
1428 5490 1592 5539 vero,
1649 5475 1740 5526 sed
1801 5478 2171 5544 ptenitentes,

566 5554 770 5616 abluit;
796 5558 852 5605 et
875 5545 1238 5612 incorrectos,
1260 5545 1354 5618 qui
1371 5560 1491 5600 eam
1507 5549 1912 5601 commaculare
1932 5549 2170 5618 valeant,

570 5623 810 5694 prudens
839 5622 979 5694 vitat
1001 5627 1060 5672 et
1089 5617 1318 5687 respuit.

639 5707 662 5732 π
707 5691 894 5746 Editio
945 5689 1106 5743 Rom.
1151 5686 1208 5743 et
1249 5686 1586 5743 recentiores
1614 5687 1811 5744 concil.
1860 5703 1922 5742 ex
1946 5686 2065 5754 hoc,
2111 5705 2173 5746 ac

565 5763 768 5820 deinde
796 5774 918 5814 cum
945 5759 1341 5816 vetustioribus
1367 5801 1381 5826 ,
1417 5759 1558 5828 quod
1591 5759 1710 5816 illos
1739 5770 1913 5814 caveat
1942 5777 2172 5830 pronun-

2292 3237 2666 3308 praestantior,
2720 3253 2879 3308 quam
2912 3246 2936 3284 ε
2969 3248 3151 3308 potest
3198 3237 3252 3292 in
3301 3253 3370 3294 eo
3414 3253 3537 3294 esse
3563 3279 3577 3304 ,
3622 3239 3711 3310 qni
3744 3248 3800 3294 te
3828 3248 3893 3294 ut

2290 3347 2442 3388 esses
2490 3331 2706 3388 eﬁecit?
2755 3328 2782 3367 ιι
2831 3332 2899 3387 Et
2945 3332 3033 3387 cui
3085 3343 3240 3402 putes
3291 3332 3494 3390 debere
3531 3333 3675 3404 quod
3708 3333 3885 3402 vivis,

2279 3493 2675 3565 tiatianisjustw
2691 3492 2895 3565 firmata
2914 3491 3252 3545 decretalibus
3267 3492 3285 3562 <
3294 3493 3443 3547 Merl.
3455 3535 3468 3556 ,
3492 3503 3682 3565 petere;
3698 3495 3856 3549 Crah.
3868 3535 3883 3559 ,

2282 3577 2452 3633 patere
2475 3579 2493 3627 ;
2516 3562 2676 3618 Vedii.
2706 3563 2866 3635 Rom.
2894 3573 2950 3616 et
2979 3573 3292 3635 sequentes.
3328 3562 3538 3634 pauere)
3566 3582 3669 3619 non
3701 3568 3882 3635 possit.

2283 3635 2514 3691 Garner.
2559 3649 2820 3689 resecans
2847 3633 2943 3686 hoc
2985 3633 3123 3705 quad
3173 3634 3292 3688 illos
3318 3633 3526 3694 caveat,
3574 3633 3798 3690 retinuit
3836 3646 3888 3690 et

2285 3707 2732 3777 pronuntiationis
2755 3708 2917 3776 justce
2948 3707 3152 3772 ﬁrmata
3181 3706 3520 3760 decretalibus
3567 3723 3753 3776 pauere
3783 3724 3885 3760 non

2289 3779 2469 3846 possit.
2502 3778 2696 3832 Nosu'a
2728 3777 2891 3829 lectio
2935 3789 3018 3830 est
3048 3779 3278 3844 Quesn.,
3319 3784 3455 3843 Aug.
3502 3789 3556 3831 et
3598 3777 3888 3833 meliorum

2289 3865 2446 3911 mss,
2491 3850 2594 3902 nisi
2624 3846 2767 3916 quod
2814 3847 2952 3914 apud
2986 3850 3191 3913 Quesn.
3217 3859 3550 3916 expunctum
3577 3861 3660 3903 est
3685 3849 3806 3912 lioc,
3833 3858 3891 3904 et

2289 3920 2429 3986 apud
2462 3917 2602 3987 Aug.
2649 3927 2708 3970 ut
2755 3918 2807 3971 in
2841 3932 2972 3972 mss.
3024 3919 3187 3972 Corb.
3223 3931 3274 3971 et
3306 3918 3490 3973 Germ.
3535 3935 3632 3987 pro
3671 3930 3846 3986 patere
3869 3960 3886 3983 ,

2289 3997 2467 4044 C\Sl:tl.
2495 4005 2714 4060 parere:
2745 3989 2836 4044 Sic
2858 4004 3020 4060 porro
3049 4001 3131 4043 est
3177 3989 3563 4056 intelligenda,
3607 3992 3756 4059 quasi
3795 3991 3888 4043 (li-

2288 4070 2437 4115 ceret
2467 4059 2814 4114 Innocentius
2865 4077 2877 4112 :
2923 4059 2967 4113 A
2996 4077 3081 4115 me
3109 4060 3510 4114 decernendum
3541 4077 3663 4115 esse
3692 4061 3891 4131 depos-

2288 4132 2412 4185 citis
2446 4173 2458 4197 ,
2491 4140 2548 4183 ut
2581 4131 2818 4184 Ecclesia
2850 4133 3124 4185 veteribus
3149 4133 3261 4184 suis
3287 4131 3398 4200 jam
3421 4131 3764 4186 constabilita
3797 4146 3889 4187 re-

2288 4203 2456 4270 gulis,
2487 4202 2654 4256 etiam
2690 4217 2833 4256 nunc
2856 4200 3223 4271 lirmatajuste
3248 4205 3592 4270 pi'oi-untiato
3617 4202 3721 4258 hoc
3747 4219 3888 4256 novo

2284 4275 2541 4342 decreto,
2571 4287 2678 4341 quo
2707 4284 3035 4326 memoratos
3079 4275 3205 4326 illos
3248 4276 3534 4328 tnereticos
3570 4287 3765 4328 cavere
3792 4274 3852 4338 ju
3875 4303 3888 4314 -

2286 4346 2477 4398 heatnr
2503 4385 2518 4410 ,
2552 4345 2748 4397 talibus
2775 4343 3032 4413 deinceps
3073 4351 3263 4413 patere
3310 4359 3418 4398 non
3451 4344 3621 4414 possit
3650 4388 3662 4410 ,
3695 4344 3790 4399 sed
3819 4344 3888 4400 iis

2285 4420 2493 4470 set-lusa
2520 4428 2783 4484 perpetuo
2807 4423 3049 4468 maneat.

2358 4484 2381 4522 d
2409 4485 2560 4541 Unus
2579 4500 2610 4539 e
2636 4486 2964 4550 mss.Colb.,
2992 4485 3320 4539 exsecrandis
3341 4486 3633 4539 animorum
3657 4485 3886 4539 moribus

2288 4559 2530 4628 inserptt.
2561 4555 2720 4609 Alter
2746 4597 2761 4621 ,
2794 4557 3131 4628 exsecrandos
3178 4557 3364 4609 animis
3406 4557 3605 4610 morbos
3632 4557 3883 4628 inser-put.

2293 4627 2528 4681 Verbum
2557 4628 2803 4696 inser-put,
2829 4632 2959 4681 edit.
3004 4627 3160 4680 Rom.
3186 4638 3239 4684 et
3269 4627 3467 4682 eoneil.
3503 4643 3624 4682 cum
3671 4627 3888 4696 aliquot

2209 4677 2263 4738 D
2287 4677 2427 4751 aii;
2445 4677 2855 4751 ags‘.‘*i~ea.*.eii
2869 4677 3159 4768 saepe;
3183 4677 3820 4754 sichug‘ssg.’istis."
3833 4677 3888 4754 ei

2286 4769 2447 4824 (ἔοι-ι).
2483 4769 2745 4823 exhibent
2793 4769 3017 4839 inrepat.

2359 4849 2381 4876 ο
2411 4839 2572 4960 (ulli-ab.
2623 4854 2686 4894 ac
2734 4839 2993 4909 deinceps
3037 4839 3170 4895 edit.
3203 4839 3402 4895 concil.
3452 4848 3508 4895 et
3534 4839 3718 4906 Rom.,
3759 4841 3885 4910 quia

2359 4927 2430 4960 ‘81
2481 4928 2531 4960 ο.

2284 4911 2394 4964 sine
2418 4911 2531 4964 illo.

2362 4982 2378 5018 ί
2427 4980 2572 5036 Edit.
2615 4981 2773 5035 Rom.
2821 4992 2876 5038 et
2915 4983 3110 5037 concil.
3145 4998 3267 5036 cum
3301 4996 3432 5036 mss.
3464 4981 3606 5036 Pith.
3640 4991 3694 5036 et
3726 4981 3880 5046 Isid.,

2282 5063 2326 5106 et
2356 5055 2634 5125 accipiunt.
2690 5052 2842 5109 Unus
2869 5055 3040 5109 codex
3083 5052 3264 5114 Colb.,
3299 5064 3353 5106 ut
3400 5055 3703 5123 accipiunt;
3738 5054 3880 5108 unde

2283 5125 2573 5196 Qiiesnello
2614 5135 2669 5178 ut
2709 5125 2964 5196 accipiant
3015 5125 3240 5194 placuit.
3276 5125 3428 5193 Apud
3465 5129 3691 5196 August.
3727 5133 3782 5177 nt
3824 5127 3879 5179 iu

2283 5212 2388 5249 ms.
2421 5194 2587 5250 Corb.
2611 5194 2865 5260 accipere,
2901 5212 3010 5250 non
3043 5196 3319 5264 praemissa
3350 5195 3612 5264 particula
3638 5205 3714 5259 et,
3758 5210 3884 5261 qua:

2280 5283 2403 5320 cum
2425 5266 2612 5320 Germ.
2648 5276 2703 5320 et
2729 5268 2854 5322 aliis
2879 5270 3168 5321 retinetur.
3205 5267 3502 5334 Perspicua
3527 5265 3633 5320 erit
3657 5277 3885 5321 senten-

2281 5339 2349 5389 tia
2377 5340 2518 5390 hunc
2541 5337 2596 5408 in
2626 5338 2846 5392 modum
2876 5339 3136 5406 dispo~ita
3161 5355 3174 5391 :
3201 5348 3454 5408 quantum
3485 5339 3569 5391 via:
3590 5335 3670 5390 illi
3699 5338 3881 5402 etiam,

2279 5410 2367 5477 qui
2401 5406 2688 5480 postulant,
2716 5425 2946 5480 accipere
2975 5406 3350 5479 promerentur.

2287 5551 2296 5560 ι
2353 5488 2378 5526 8
2407 5479 2500 5535 Sic
2526 5495 2661 5534 mss.
2695 5485 2765 5535 At
2802 5478 2935 5536 edit.
2967 5478 3128 5536 Rom.
3172 5492 3228 5534 et
3266 5478 3493 5545 concil.,
3523 5495 3680 5549 quam
3712 5487 3880 5550 potest

2280 5568 2321 5602 18
2338 5567 2464 5604 €888.

2355 5621 2379 5658 ¹¹
2407 5621 2666 5684 Garner.,
2703 5622 2764 5678 Si
2787 5623 2908 5678 huic
2939 5631 3081 5692 putes
3111 5622 3310 5676 debere.
3343 5621 3484 5677 Editi
3516 5621 3630 5685 alii,
3664 5618 3732 5674 Et
3763 5636 3884 5674 cum

2281 5702 2328 5746 te
2354 5706 2496 5764 putes
2528 5695 2573 5746 ei
2595 5693 2792 5764 debere.
2845 5694 3094 5764 Pelagius
3121 5698 3286 5747 tacito
3317 5695 3535 5764 nomine
3574 5694 3660 5745 hic
3699 5694 3886 5760 argui-

2282 5763 2398 5818 tur:
2423 5766 2512 5834 qui
2541 5763 2758 5834 quidem
2782 5781 2951 5834 posse,
2980 5763 3108 5819 relte
3131 5774 3177 5818 et
3199 5781 3308 5820 esse
3325 5763 3665 5836 dimingueus
3687 5803 3701 5830 ,
3731 5778 3879 5834 posse
