4344 6174
416 187 520 247 588
1641 183 2001 244 EPISTOLIE
2040 182 2131 240 ET

2040 182 2133 240 ET
2173 180 2524 239 DECRETA.
3607 187 3717 247 586

413 296 692 370 quomodo
737 310 846 352 non
880 303 1037 368 putas
1084 295 1164 351 illi
1198 295 1403 352 dobere
1447 296 1592 367 quod
1649 299 2020 368 quotidianam
2049 301 2098 361 Α
2128 295 2230 350 sibi
2273 295 2443 350 Deum
2486 293 2727 364 postulat
2774 294 3121 362 adiutorem;
3173 296 3317 367 quod
3366 298 3481 354 nati
3532 313 3721 358 sumus

411 393 532 464 ejus
559 392 958 463 consequendo
999 392 1230 461 gratiam
1257 392 1440 446 taliter
1481 392 1660 446 vivis?
1691 402 1748 447 et
1785 393 1876 463 qui
1918 407 2018 448 nos

411 487 689 556 adjutorio
743 500 912 556 negas
943 484 1189 556 indigere
1221 484 1408 539 divino
1432 526 1446 550 ,
1475 486 1630 555 quasi
1671 501 1736 540 ex
1769 496 1957 542 nostra
1991 495 2016 522 ιι

415 581 586 636 simus
618 580 670 635 in
706 587 880 635 totum
910 577 1272 649 possibilitate
1302 577 1558 647 perfecti,
1601 578 1879 648 quomodo
1910 591 2016 632 non

415 674 746 742 adjutorium
775 671 802 712 ιν
838 673 957 744 ejus
1004 673 1057 726 in
1109 686 1238 738 nos,
1269 686 1395 726 cum
1427 672 1568 727 tales
1599 687 1627 725 a
1658 672 1817 726 nobis
1856 672 2016 727 etiam

417 782 543 824 esse
582 781 904 837 possumus,
938 763 1340 834 provocamus?

491 860 546 915 4.
588 860 689 929 Qui
723 859 867 914 enim
893 859 1231 929 adjutorium
1267 857 1363 913 Dei
1391 866 1594 928 negat,
1622 857 1820 913 vellem
1854 858 2021 913 inter-

418 967 612 1026 rogare
642 951 770 1023 quid
802 951 951 1007 dicat
1002 967 1017 1005 :
1063 967 1165 1006 nos
1206 966 1313 1005 non
1346 951 1550 1006 mereri
1581 991 1596 1017 ,
1631 966 1697 1004 an
1733 950 1886 1004 illum
1918 949 2021 1005 hoc

417 1059 525 1100 non
575 1058 739 1115 posse
793 1055 1187 1113 praestare,an
1230 1041 1366 1096 nihil
1433 1056 1558 1096 esse
1596 1055 1822 1112 prepter
1875 1041 2020 1112 quod

415 1135 796 1205 unusquisque
843 1135 948 1190 hoc
997 1135 1200 1190 debeat
1244 1143 1267 1172 ο
1324 1133 1646 1203 ροτῑιιιθτετ
1696 1133 1867 1188 Posse
1916 1133 2023 1189 hoc

417 1228 590 1285 Deum
613 1271 627 1296 ,
661 1242 829 1297 opera
861 1227 979 1297 ipsa
1003 1234 1291 1282 testantur.
1318 1225 1384 1280 Et
1407 1226 1682 1296 adiutorio
1702 1226 2021 1297 quotidiano

419 1335 520 1377 nos
542 1336 738 1391 egere,
771 1335 973 1390 negare
996 1335 1103 1375 non
1132 1334 1442 1389 possumus.
1463 1319 1577 1374 Hoc
1594 1319 1737 1374 enim
1763 1334 1862 1374 seu
1886 1320 2022 1375 bene

416 1414 653 1470 vivimus
686 1409 711 1450 δ
741 1428 1107 1484 provocamus
1135 1453 1148 1478 ,
1179 1420 1238 1467 tit
1267 1411 1467 1466 melius
1493 1413 1846 1481 sanctiusque
1872 1412 2023 1466 viva-

419 1524 573 1576 mus;
610 1523 707 1564 seu
739 1525 902 1578 prave
931 1509 1236 1564 sentientes
1263 1524 1291 1560 a
1326 1507 1485 1564 bouis
1511 1506 1812 1561 avertimur
1833 1550 1848 1574 ,
1877 1515 1936 1560 ut
1957 1504 2022 1559 ad

421 1616 629 1662 rectam
673 1604 964 1660 redeamus
986 1603 1126 1657 viam
1164 1641 1179 1666 ,
1225 1601 1346 1671 ejus
1376 1601 1582 1655 auxilio
1618 1600 1741 1670 plus
1776 1613 2020 1670 egemus.

2125 403 2284 459 posse
2307 388 2563 444 sufﬁcere
2594 405 2694 443 nos
2725 389 2962 443 dicimus
2987 429 3002 455 ,
3036 389 3128 444 illc
3181 390 3348 445 Deum
3387 407 3456 447 ne
3480 391 3724 448 derelin-

2122 494 2322 556 quatur
2370 483 2635 540 ettOral.r
2688 485 2848 553 Non,
2898 501 3062 556 rogo,
3108 485 3408 543 manifeste
3459 489 3725 545 discimus

2122 580 2248 650 quid
2291 595 2512 636 oremus
2537 622 2552 646 ,
2585 597 2707 636 cum
2753 580 2843 636 ille
2890 589 3174 651 tantopere
3204 582 3400 638 beatus
3428 624 3441 647 ,
3473 595 3530 638 ut
3554 599 3719 652 supra

2123 673 2358 729 diximus
2380 720 2393 742 ,
2429 673 2515 728 vir
2548 689 2618 729 ne
2662 674 2994 742 despiciatur
3021 677 3286 744 extiptat?
3319 676 3399 730 llli
3449 678 3592 732 enim
3623 695 3720 734 ue-

2123 781 2279 823 cesse
2325 776 2411 823 est
2460 767 2560 821 ista
2608 777 2875 838 arguant,
2910 769 3002 838 qui
3045 768 3138 823 illa
3169 768 3513 824 conﬁrmant.
3549 770 3719 827 David

2122 860 2268 912 enim
2299 859 2564 914 orationis
2592 859 2842 929 ignarus,
2885 869 2940 915 et
2971 875 3082 914 suae
3127 871 3335 916 natura:
3383 861 3603 918 nescius
3633 878 3724 918 ac-

2124 963 2380 1018 cusetur,
2414 952 2503 1022 qui
2533 967 2655 1007 cum
2681 952 2822 1007 sciat
2855 961 3061 1008 tantum
3109 954 3162 1008 in
3194 963 3218 1000 8
3272 969 3367 1008 sua
3398 954 3582 1010 inesse
3631 971 3727 1011 na-

2125 1047 2618 1117 tura;adjutorem
2665 1045 2767 1101 sibi
2821 1047 2990 1102 Deum
3020 1089 3034 1114 ,
3081 1057 3132 1102 et
3184 1047 3464 1103 assiduum
3516 1049 3729 1118 adjuto—

2126 1156 2243 1195 rem
2267 1182 2282 1208 ,
2318 1155 2422 1196 nec
2453 1141 2528 1194 illi
2553 1140 2754 1194 sufﬁcit
2781 1141 3058 1196 assiduum
3089 1181 3104 1206 ,
3159 1141 3253 1194 sed
3307 1156 3376 1196 ne
3429 1142 3727 1212 aliquando

2126 1233 2278 1288 illum
2306 1234 2605 1303 despiciat,
2629 1234 2973 1289 orationibus
3003 1249 3208 1304 pronus
3231 1242 3454 1304 exoptat
3479 1251 3493 1300 ;
3529 1244 3584 1290 et
3631 1252 3733 1307 per

2126 1341 2324 1396 corpus
2338 1342 2501 1382 omne
2517 1326 2759 1396 psalterii
2778 1327 2878 1382 hoc
2891 1337 2946 1383 et
2963 1326 3220 1396 praedicat
3235 1338 3287 1379 et
3302 1327 3582 1384 clamat.Si
3599 1345 3731 1400 ergo

2128 1419 2232 1474 hoc
2250 1419 2344 1473 ille
2359 1421 2429 1473 ita
2445 1417 2473 1454 ιι
2488 1435 2716 1488 magnus
2731 1422 2831 1475 scit
2849 1431 2907 1475 ut
2925 1419 3142 1475 assidue
3159 1420 3364 1485 dicere,
3382 1420 3454 1474 ita
3474 1436 3732 1476 necessa-

2125 1514 2266 1568 rium
2321 1514 2604 1568 confessus
2652 1523 2772 1583 est,
2824 1523 2882 1569 ut
2941 1513 3209 1570 doceret:
3264 1515 3730 1584 quemadmodum

2129 1605 2380 1675 Pelagius
2430 1606 2830 1672 Coalestiusque
2878 1608 3116 1675 Seposita
3167 1608 3316 1660 omni
3363 1608 3734 1678 responsione

422 1696 558 1752 Nam
585 1695 712 1766 quid
743 1705 852 1751 tam
897 1694 1240 1751 mortiferum
1267 1736 1281 1761 ,
1332 1703 1441 1748 tam
1490 1707 1740 1764 praiceps
1772 1691 2022 1745 videatur
2052 1699 2102 1760 Β
2131 1698 2463 1768 psalmorum
2491 1738 2506 1766 ,
2553 1698 2752 1766 talique
2777 1697 3028 1752 abdicata
3057 1698 3306 1753 doctrina
3328 1741 3343 1766 ,
3377 1715 3641 1754 suasuros
3669 1715 3732 1756 se

419 1791 488 1847 ad
515 1807 701 1847 casum
735 1832 751 1858 ,
783 1801 891 1844 tam
937 1789 1248 1860 expositum
1295 1788 1360 1842 ad
1409 1789 1594 1842 omnia
1645 1785 1922 1856 pericula,
1979 1783 2026 1838 si

420 1885 525 1942 hoc
555 1886 733 1941 solum
765 1884 921 1940 nobis
953 1892 1213 1954 putantes
1259 1896 1421 1952 posse
1452 1879 1711 1936 sufﬁcere
1739 1919 1754 1941 ,
1789 1876 1934 1948 quod
1959 1875 2026 1930 li-

419 1981 611 2039 berum
634 1979 922 2035 arbitrium
960 1993 1083 2034 cum
1115 1990 1470 2032 nasceremur
1501 1973 1850 2043 accepimus,
1879 1972 2026 2025 ultra

419 2073 531 2146 jam
579 2089 609 2128 a
663 2070 899 2128 Domino
943 2070 1080 2126 nihil
1110 2082 1461 2138 qureramus,
1511 2065 1564 2120 id
1609 2077 1736 2132 est,
1787 2062 2028 2118 auctoris

421 2165 596 2220 nostri
619 2163 809 2231 obliti,
842 2162 963 2233 ejus
993 2161 1293 2232 potentiam
1317 2202 1332 2228 ,
1362 2168 1428 2214 nt
1449 2173 1550 2213 nos
1579 2157 1936 2213 ostendamus
1966 2155 2031 2210 li-

423 2255 621 2323 beros,
650 2254 965 2324 abjuremus
990 2270 1006 2320 ;
1035 2256 1196 2323 quasi
1242 2252 1352 2321 jam
1401 2251 1642 2320 amplius
1674 2249 1821 2319 quod
1856 2248 2033 2320 possit

425 2350 559 2407 dare
584 2366 690 2405 non
719 2349 954 2416 habeat,
988 2349 1080 2415 qui
1135 2359 1187 2404 te
1216 2348 1269 2400 in
1304 2359 1394 2402 tuo
1423 2357 1548 2401 ortu
1580 2346 1817 2401 liberum
1853 2345 1985 2399 fecit
2014 2360 2027 2398 :

424 2444 768 2506 nescientes,
802 2441 947 2513 quod
983 2442 1088 2495 nisi
1119 2439 1334 2511 magnis
1370 2438 1625 2508 pret-ibus
1650 2437 1823 2507 gratia
1852 2436 1907 2490 in
1935 2449 2034 2490 nos

425 2537 713 2608 implorata
745 2534 1076 2600 descendat,
1113 2542 1134 2570 ε
1169 2546 1513 2603 nequaquam
1555 2539 1789 2586 terrente
1815 2529 1957 2584 labis
1978 2537 2034 2585 et

427 2627 689 2684 mundani
736 2627 989 2694 corporis
1018 2626 1242 2680 vincere
1289 2638 1556 2678 conemur
1585 2636 1804 2690 errores
1840 2662 1855 2686 ,
1909 2635 2032 2674 cum

426 2735 587 2792 pares
619 2735 720 2774 nos
742 2720 812 2774 ad
847 2717 1219 2773 resistendum
1267 2732 1373 2770 non
1415 2716 1648 2771 liberum
1693 2713 1990 2769 arbitrium
2017 2756 2032 2782 ,

426 2812 524 2869 sed
559 2813 652 2868 Dei
687 2811 867 2868 solum
895 2811 1075 2866 facere
1118 2809 1293 2880 possit
1319 2807 1638 2863 auxilium?

498 2908 551 2964 5.
594 2903 729 2960 Nam
761 2906 806 2961 si
840 2904 934 2959 ille
957 2905 1162 2959 clamat
1187 2901 1466 2972 adjutorio
1487 2900 1592 2956 sibi
1622 2915 1764 2967 Opus
1796 2915 1920 2956 esse
1937 2898 2038 2953 di-

429 3003 590 3070 vino,
622 3004 718 3072 qui
768 3001 932 3072 digne
977 3000 1082 3055 hoc
1112 3015 1220 3055 non
1249 3006 1522 3069 quaereret
1549 3038 1564 3064 ,
1594 2997 1642 3052 si
1671 2996 1758 3051 cui
1799 2997 2034 3050 liberum

2132 1791 2402 1862 aliquibus
2435 1804 2558 1845 esse
2599 1790 2920 1851 contidunt,
2962 1804 3063 1844 nos
3104 1790 3434 1860 adjutorium
3490 1791 3584 1846 Dei
3627 1806 3733 1846 nec

2131 1883 2338 1938 debere
2366 1898 2647 1952 qumrere,
2694 1897 2794 1937 nec
2824 1898 3021 1953 egere;
3052 1898 3176 1937 cum
3217 1897 3409 1938 omnes
3452 1883 3626 1939 saneti
3655 1884 3739 1938 ni-

2133 1973 2208 2028 hil
2237 1990 2296 2029 se
2323 1975 2442 2030 sine
2473 1975 2576 2030 hoc
2605 1989 2769 2043 agere
2801 1989 2963 2044 posse
2987 1975 3303 2029 testentur?

2205 2068 2259 2123 6.
2290 2068 2547 2124 Liberum
2583 2070 2599 2104 ί
2627 2069 2771 2123 enim
2805 2068 3092 2123 arbitrium
3125 2068 3254 2122 olim
3288 2068 3382 2124 ille
3413 2085 3731 2140 perpessus,

2131 2161 2260 2216 dum
2285 2162 2399 2217 suis
2427 2160 2790 2216 inconsultius
2811 2163 2982 2215 utitur
3007 2160 3183 2230 bonis,
3217 2161 3490 2217 czidensin
3519 2179 3736 2231 prmva-

2133 2254 2416 2310 ricationis
2449 2254 2721 2322 profunda
2752 2255 3040 2308 demersus
3067 2263 3184 2318 est,
3233 2263 3290 2307 et
3314 2254 3451 2308 nihil
3480 2255 3739 2324 quemad~

2134 2349 2352 2404 modum
2401 2348 2600 2404 exinde
2647 2363 2874 2418 surgere
2917 2357 3102 2416 posset
3147 2347 3399 2412 invenit;
3444 2363 3654 2416 suaque
3687 2350 3740 2403 in

2134 2452 2399 2497 aeternum
2432 2441 2684 2496 libertate
2707 2441 2972 2510 deceptus
2994 2481 3008 2504 ,
3035 2438 3196 2507 hujus
3225 2440 3395 2494 ruinae
3431 2439 3444 2490 i
3477 2439 3743 2509 jacuisset

2134 2548 2437 2604 Oppressu,
2493 2533 2596 2587 nisi
2646 2547 2770 2587 eum
2826 2544 2948 2601 post
2987 2530 3241 2586 Christi“
3278 2547 3373 2601 pro
3426 2548 3522 2586 sua
3567 2535 3743 2602 gratia

2137 2629 2443 2683 relevasset
2485 2627 2756 2681 adventus
2790 2644 2802 2678 :
2837 2626 2927 2696 qui
2965 2643 3061 2694 per
3103 2641 3257 2680 nova:
3307 2628 3742 2696 regenerationis

2137 2721 2601 2793 puriﬁeationem,
2630 2735 2794 2774 omne
2827 2718 3163 2789 pra-teritum
3191 2718 3385 2772 vitium
3415 2720 3498 2773 sui
3529 2721 3739 2789 baptis-

2137 2816 2301 2870 matis
2328 2813 2548 2868 lavacro
2579 2815 2861 2880 purgavit;
2889 2809 3082 2878 etejus
3109 2811 3336 2864 ﬁrmans
3369 2821 3566 2865 Statum
3589 2854 3603 2878 ,
3633 2829 3742 2880 quo

2137 2905 2343 2962 rectius
2381 2904 2740 2969 stabiliuSque
2779 2903 3137 2972 procederet,
3174 2912 3352 2957 tamen
3410 2917 3564 2957 suam
3612 2920 3740 2974 gra-

2142 3001 2270 3055 tiam
2300 3000 2355 3053 in
2391 3005 2668 3067 posterum
2702 3012 2807 3051 non
2837 2995 3077 3066 negavit.
3125 2994 3260 3049 Nam
3299 2997 3548 3062 quamvis
3579 2998 3741 3054 rede-

427 3098 715 3154 arbitrium
753 3096 876 3165 plus
911 3093 1198 3164 prodesset
1232 3109 1246 3158 ;
1276 3090 1480 3162 quippe
1508 3090 1737 3145 cumvir
1762 3090 1958 3144 beatus
1981 3096 2036 3143 et
2064 3094 2110 3158 C
2142 3095 2333 3148 misset
2379 3090 2654 3145 hominem
2687 3106 2714 3142 a
2748 3088 3044 3157 praeteritis
3098 3087 3192 3143 ille
3225 3091 3462 3156 peccatis
3487 3132 3502 3157 ,
3555 3099 3740 3146 tamen

427 3191 535 3263 jam
566 3191 777 3247 electus
805 3204 834 3242 a
862 3188 1096 3241 Domino
1122 3184 1254 3240 nihil
1289 3195 1474 3251 egeret
1496 3225 1513 3252 ,
1535 3194 1715 3238 tamen
1748 3182 1826 3237 ita
1859 3183 2028 3237 Deum

430 3285 780 3356 deprecatur,
817 3282 1104 3349 postulans
1139 3298 1152 3334 :
1184 3279 1411 3353 Adjutor
1456 3295 1598 3333 meus
1625 3288 1754 3340 esto,
1789 3295 1852 3332 ue
1884 3278 2033 3331 dere-

435 3376 640 3448 linquas
671 3392 783 3439 me,
817 3391 981 3446 neque
1010 3374 1265 3445 despicias
1297 3389 1393 3437 me,
1434 3370 1571 3425 Deus
1601 3370 1848 3425 salutaris
1889 3387 2034 3424 meus

435 3468 612 3544 (Psal.
642 3484 790 3536 xxvi,
817 3469 874 3540 9)
909 3485 922 3521 :
978 3481 1080 3522 nos
1110 3465 1272 3522 nobis
1301 3465 1535 3520 liberum
1565 3465 1854 3519 arbitrium
1881 3503 1898 3531 ,
1943 3464 2036 3520 ille

430 3652 486 3706 in
515 3658 705 3704 natura
722 3688 736 3711 ,
760 3648 896 3703 velle
922 3647 979 3701 in
996 3647 1214 3701 arbitrio
1240 3655 1285 3700 et
1317 3662 1426 3700 esse
1445 3645 1499 3698 in
1530 3643 1719 3712 aﬂ‘ectu
1741 3646 2038 3700 constitue-

431 3723 548 3779 bat.
573 3720 711 3774 Tum
756 3734 916 3789 posse
943 3719 1009 3772 ad
1054 3718 1224 3772 Deum
1267 3731 1477 3771 natura:
1506 3732 1785 3772 auctorem
1817 3719 2038 3788 proprie

432 3793 712 3864 perlint'l‘e
741 3794 811 3845 ita
841 3791 1170 3864 largiebatur
1190 3831 1202 3847 .
1242 3801 1298 3842 ut
1325 3789 1464 3842 velte
1485 3798 1543 3864 et_
1567 3804 1690 3841 esse
1716 3805 1850 3864 ,ἔρρε
1875 3804 2039 3864 agere

433 3859 500 3919 ad
537 3864 812 3918 hominem
836 3861 1119 3916 referenda
1155 3875 1278 3914 esse
1308 3859 1690 3915 contenderet.
1736 3860 1917 3916 Solius
1944 3861 2039 3914 Dei

435 3934 845 3995 estsedocebat,
892 3933 1032 3995 quod
1080 3940 1243 4003 potest
1292 3931 1445 3984 homo
1491 3930 1619 3984 velle
1667 3930 1859 3985 bonum
1887 3941 2039 4002 atque

436 4007 680 4075 perﬁcere
713 4020 730 4062 :
758 4005 851 4058 sed
883 4004 1027 4073 quod
1063 4003 1192 4056 illud
1223 4005 1356 4075 velit
1395 4004 1688 4071 perlicere.
1717 4018 1786 4075 ac
1830 4018 1890 4056 re
1921 4004 2034 4075 ipsa

436 4073 717 4150 perﬁciat,
748 4075 997 4150 adeoque
1037 4084 1093 4150 et
1132 4073 1272 4150 quod
1307 4075 1479 4150 hortus
1505 4088 1567 4126 ac
1606 4073 1878 4150 perfectus
1908 4074 2037 4150 velit

437 4145 563 4204 esse
585 4191 597 4206 .
623 4148 706 4202 vel
741 4148 904 4201 etiam
931 4147 1032 4209 sit,
1067 4146 1232 4214 ipsius
1257 4145 1494 4198 hominis
1527 4160 1649 4198 esse
1679 4147 2032 4214 praedicabat.

436 4220 554 4276 NOn
606 4221 948 4275 inllciahatur
998 4218 1274 4288 hominem
1303 4216 1506 4288 igrutiw
1554 4231 1751 4284 semper
1795 4215 2038 4288 adjuvari

438 4290 682 4346 auxilio:
735 4289 829 4344 sed
873 4290 1134 4341 auxilium
1180 4287 1312 4341 illttd
1365 4286 1418 4338 in
1462 4290 1563 4337 hoc
1594 4285 2036 4354 penel.tat,'quod

2136 3187 2317 3242 sciens
2347 3185 2544 3240 iterum
2581 3197 2742 3254 posse
2772 3197 2999 3251 peccare
3025 3223 3040 3248 ,
3070 3180 3136 3234 ad
3173 3183 3583 3250 reparationem
3615 3184 3746 3250 sibi,

2140 3277 2595 3349 quemadmodum
2630 3284 2814 3346 posset
2851 3275 3000 3328 illum
3025 3286 3076 3328 et
3121 3283 3242 3342 post
3288 3274 3388 3328 ista
3431 3276 3739 3346 corrigere,

2142 3373 2312 3429 multa
2356 3371 2600 3426 servavit
2648 3368 3010 3438 :quotidiana
3054 3377 3282 3437 praestat.
3324 3367 3417 3422 ille
3459 3371 3700 3426 remedia
3727 3417 3742 3440 ,

2143 3465 2339 3536 quibus
2369 3463 2472 3518 nisi
2505 3461 2631 3517 freti
2658 3460 2962 3532 conﬁsique
2983 3459 3224 3515 nitamur
3242 3501 3257 3526 ,
3285 3460 3598 3516 nullatenus
3618 3463 3747 3517 vin-

2142 3661 2372 3723 vocare:_
2394 3645 2800 3723 refragantibus.
2845 3645 2987 3723 aliis_
3010 3645 3164 3699 libris
3193 3687 3208 3710 ,
3243 3661 3310 3701 ex
3340 3649 3536 3723 quibus
3576 3652 3746 3723 liquet

2141 3717 2470 3788 Vocaliulum
2489 3718 2785 3788 adjutorem
2812 3733 2840 3770 a
2858 3716 3043 3788 iverbo
3069 3726 3278 3783 exoptat
3308 3716 3446 3787 regi,

2215 3786 2244 3825 ιι
2273 3789 2488 3857 Aliquot
2523 3786 2654 3841 mss.
2687 3803 2810 3840 enm
2842 3787 3073 3854 Qnesn.,
3103 3803 3311 3842 net-non
3341 3786 3472 3844 edit.
3506 3791 3667 3848 Βυηι,
3694 3809 3749 3853 (τι

2143 3861 2380 3920 Concil.,
2407 3861 2479 3912 ita
2507 3876 2749 3930 magnum
2767 3861 2885 3923 scit,
2910 3868 2966 3911 ut
2991 3861 3200 3932 assidue
3224 3861 3433 3932 diceret.
3459 3868 3612 3932 Apud
3630 3868 3741 3920 Αη..

2141 3942 2309 4001 gust.,
2354 3933 2426 3983 ita
2457 3947 2677 3999 magnus
2702 3931 2832 3982 sicut
2859 3931 3064 3985 assidue
3107 3931 3292 3984 dicere.
3325 3931 3555 3988 Garnei'.
3585 3979 3600 3998 ,
3644 3939 3740 3995 hoc

2143 4005 2224 4057 illi
2254 4017 2358 4056 tam
2386 4019 2629 4072 atngnuut
2657 4002 2818 4055 visum
2839 4005 2926 4060 sit,
2950 4012 3005 4054 ut
3035 4002 3239 4054 assidue
3260 4002 3448 4058 diceret
3475 4047 3489 4070 ,
3523 4015 3628 4062 tam
3650 4028 3743 4065 ue-

2143 4077 2420 4128 cessarinm
2443 4080 2708 4142 confessus
2736 4073 2821 4125 sit.
2854 4072 2908 4127 ld
2941 4075 3083 4139 quod
3117 4074 3300 4141 plures
3330 4091 3392 4128 ac
3414 4083 3742 4138 \‘elustim'es

2145 4161 2276 4200 mss.
2308 4146 2569 4198 exhibent
2615 4143 2938 4198 retinemus.
2971 4144 3249 4198 lllallemus
3280 4157 3458 4202 tamen
3482 4189 3496 4213 ,
3525 4151 3598 4202 itu
3624 4169 3738 4207 ma-

2145 4234 2275 4287 gnus
2303 4217 2447 4269 scivit
2471 4216 2676 4269 assidue
2703 4216 2871 4269 dicere
2895 4257 2910 4280 ,
2941 4223 2987 4267 et
3017 4217 3112 4268 itu.

2225 4285 2238 4323 ί
2280 4287 2491 4341 Merlin.
2527 4296 2584 4340 et
2625 4302 2690 4341 ex
2739 4305 2804 4341 eo
2835 4288 3061 4354 Quesu.,
3121 4285 3305 4341 Libero
3350 4291 3484 4344 enim
3526 4295 3740 4350 arbitrio

436 4360 734 4416 voluntatis
761 4370 925 4428 atque
951 4362 1131 4429 operis
1154 4358 1565 4429 possibilitatem
1585 4358 2031 4429 Ileu~numqttam
2060 4367 2114 4427 1)
2139 4359 2262 4412 olim
2291 4358 2380 4410 ille
2423 4373 2686 4427 perrersus
2735 4374 2752 4420 ;
2783 4357 3183 4412 reluctantibus
3229 4362 3482 4416 munibus
3515 4381 3645 4420 lltss,
3689 4378 3746 4422 et

441 4450 551 4489 non
573 4434 750 4486 daret.
785 4426 898 4502 lpia
931 4426 1076 4483 illius
1096 4431 1270 4502 verba
1285 4427 1488 4482 videsis
1517 4426 2032 4498 apudAugustinum

441 4500 821 4559 lib.det;rati-.i
841 4500 1068 4565 Christi,
1095 4515 1214 4568 cap.
1245 4500 1301 4556 4.

513 4581 541 4610 ⁸
583 4575 639 4629 lo
669 4575 800 4628 edit.
828 4575 987 4628 Boni.
1017 4584 1072 4627 et
1097 4571 1308 4625 Concil.
1339 4570 1688 4627 desideratur
1712 4570 1890 4625 simus.

516 4644 540 4682 δ
567 4646 902 4718 Vocabulum
928 4649 1042 4718 ejus
1063 4660 1129 4718 ex
1153 4657 1254 4695 IIIS.
1287 4641 1472 4718 (io-rm.
1499 4652 1553 4718 et
1573 4643 1857 4718 edil._Attg.
1884 4659 2042 4718 revo-

442 4729 617 4773 catur.
651 4717 815 4771 Solus
864 4711 1030 4771 Gaio.
1083 4717 1262 4768 locum
1315 4714 1462 4768 hunc
1512 4714 1585 4768 ita
1630 4711 1855 4768 exhibet
1897 4711 2040 4766 :Dic

481 4788 700 4843 uomodo
732 4804 842 4840 rere
864 4788 1187 4863 adjutorium
1222 4787 1333 4856 ejus
1357 4788 1409 4838 in
1436 4802 1552 4863 uti},
1587 4801 1710 4863 cum_
1730 4787 1860 4863 tales
1887 4803 1917 4836 α
1947 4801 2042 4837 no-

481 4807 700 4843 ttomoao
732 4807 842 4840 t'erc
864 4807 1187 4863 (ιιιμιιοιἭηη
1222 4807 1333 4856 qus
1357 4807 1409 4838 111
1436 4807 1552 4848 ηας,
1587 4807 1705 4837 cum
1730 4807 1860 4838 ιηιεδ
1887 4807 1917 4836 ιι
1947 4807 2042 4837 ΠΟ·

441 4807 520 4915 lis
537 4863 688 4915 etiam
709 4876 814 4913 esse
826 4863 1456 4931 possintus.proeocemus.
1481 4855 1610 4908 Eum
1623 4857 1710 4926 qui
1723 4854 2042 4931 adjutorium

444 4931 545 4986 Dei
579 4942 751 5003 negat,
785 4925 962 4987 rursus
995 4925 1174 4984 rellém
1217 4933 1533 4998 interrogare
1583 4925 1675 4980 cur
1703 4929 1839 4980 dicat
1871 4944 1964 4979 uos
1990 4925 2043 4978 id

444 5019 550 5056 non
599 5006 880 5073 promereri
905 5007 929 5058 ?

521 5085 543 5112 ο
576 5068 780 5138 Quesn.
814 5089 936 5129 cum
967 5090 1078 5129 uno
1110 5088 1214 5126 ms.
1239 5068 1422 5134 Colb.,
1447 5068 1761 5142 prtestolqri.

516 5142 542 5182 ί¹
573 5136 647 5200 lia
689 5159 817 5197 mss.
857 5161 1068 5202 necn0n
1095 5157 1314 5199 veteres
1358 5136 1490 5194 edit.
1525 5139 1734 5194 Concil.
1789 5139 1859 5192 At
1884 5136 2041 5191 Rom.

443 5217 580 5273 edit.
615 5227 671 5272 et
695 5219 1032 5272 recentiores
1059 5213 1270 5269 Concil.
1307 5229 1431 5268 cum
1463 5212 1657 5271 Garn.,
1690 5227 1975 5281 precamur.

523 5297 546 5324 °
574 5287 1154 5358 Carininequ'dquam;
1182 5294 1239 5340 et
1265 5285 1424 5350 infra,
1450 5283 1616 5338 David
1630 5278 1896 5348 inclamat,
1927 5294 2046 5350 pro,

455 5358 595 5415 Nam
625 5361 670 5412 si
694 5357 782 5413 ille
804 5357 1015 5414 clamat.

529 5429 546 5467 τ
592 5429 742 5501 Edit.
782 5432 965 5501 Ilium,
997 5431 1107 5485 Nos
1152 5447 1273 5493 erqo
1313 5427 1531 5480 dicimus
1566 5425 1845 5501 ‘iuanifeste
1874 5465 1907 5501 ι
1940 5430 2046 5479 etc.

452 5501 620 5556 Caro.
644 5546 656 5566 ,
694 5500 805 5556 Nos
836 5493 1056 5557 dicimus
1078 5502 1372 5569 ntattifeste,
1405 5497 1618 5569 utquid
1638 5493 1840 5549 oremus
1863 5493 2049 5562 Deum,

451 5571 576 5628 ille:
610 5581 666 5626 et
697 5572 862 5639 infra,
899 5574 1067 5627 David
1095 5568 1253 5643 ergo,
1287 5587 1418 5643 pro,
1453 5568 1621 5622 David
1651 5569 1802 5621 enim.

526 5653 549 5690 Β
586 5645 730 5699 Edit.
768 5649 924 5700 Hom.
964 5657 1015 5697 et
1061 5639 1302 5702 Concil.,
1332 5642 1385 5694 in
1412 5658 1506 5695 sua
1550 5647 1734 5692 natura
1775 5655 1898 5693 esse.
1932 5639 2054 5693 Mox

455 5712 649 5784 Carm,
679 5715 971 5786 adjutorem
1000 5717 1234 5781 invocat,
1259 5729 1349 5766 nec
1373 5712 1453 5765 illi
1480 5711 1663 5779 sufficit
1683 5709 1949 5764 assiduum
1976 5711 2056 5763 in-

973 5811 1250 5871 Pn‘non.
1288 5809 1439 5870 XX.

2139 4430 2301 4507 editis
2325 4429 2468 4507 aliis,
2496 4430 2807 4507 tuitrsolunt
2840 4429 2952 4507 hic,
2979 4431 3072 4484 sed
3104 4445 3152 4507 ei
3187 4430 3240 4507 in
3275 4431 3410 4507 libro
3459 4435 3740 4507 irAiigus.

2139 4502 2237 4555 tini
2284 4499 2884 4577 ad__Bi_ittilacitttIi,cap.
2925 4501 2980 4562 4,
3013 4517 3082 4577 [ιε.
3100 4500 3154 4564 6,
3187 4501 3239 4577 in
3293 4502 3436 4577 libro
3482 4499 3738 4577 Ρνομῖηξνί

2141 4581 2335 4647 contra
2356 4573 2711 4647 tlollatorem,
2740 4585 2797 4647 Δ(ξ.
2835 4571 2896 4638 5,
2928 4587 2982 4647 ti.
3018 4571 3102 4629 l5.
3134 4573 3272 4647 etin
3304 4571 3582 4630 (‘telestini
3623 4571 3742 4647 i-pi-

2143 4645 2278 4696 stola
2307 4641 2399 4703 21,
2437 4662 2489 4695 ιι.
2516 4642 2571 4708 5,
2615 4643 2703 4695 ubi
2739 4642 2855 4696 lucc
2884 4642 3075 4696 eadem
3104 4643 3269 4695 vetita
3313 4656 3568 4699 Cttautur.
3596 4641 3741 4705 Sit-ne

2143 4715 2444 4789 Innocentii
2465 4714 2733 4767 sententia
2755 4716 2933 4783 potius
2948 4713 3246 4783 permissus,
3270 4729 3429 4782 quam
3453 4733 3738 4789 pet-versus,

2183 4786 2405 4839 ostulat.

2183 4802 2405 4839 OSllllal.

2143 4802 2178 4855 ι)
2222 4855 2234 4904 i
2272 4855 2325 4907 In
2360 4871 2492 4911 mss.
2513 4863 2574 4909 ut
2601 4856 2652 4908 in
2681 4853 2812 4908 edit.
2844 4853 2998 4909 Merl.
3026 4864 3083 4909 et
3105 4855 3290 4920 Rom,
3316 4859 3482 4912 ruina?
3505 4860 3745 4919 latuisset

2148 4943 2416 4998 Oppressus
2468 4929 2551 4981 vel
2593 4941 2931 4998 oppressum,
2982 4927 3084 4979 nisi
3117 4929 3258 4993 t|lltlli
3310 4931 3358 4981 in
3390 4929 3531 4983 Pitb.
3561 4947 3744 4991 exstat

2149 4996 2419 5068 oppressu,
2446 5007 2501 5052 et
2533 4999 2584 5049 in
2632 4997 2800 5049 Corb.
2835 4996 2903 5050 ab
2953 4999 3174 5066 antiqua
3209 5015 3370 5054 manu
3421 5004 3736 5060 restitutum

2149 5079 2232 5124 est
2255 5070 2497 5142 iacuisset
2519 5084 2538 5122 :
2566 5084 2726 5142 quam
2785 5068 3221 5142 entcndationem
3275 5085 3477 5126 rectam
3513 5077 3747 5142 probant

2149 5156 2272 5216 cum
2307 5141 2592 5216 Augustini
2625 5139 2768 5216 liber
2810 5154 2845 5192 tt
2869 5138 3160 5216 ad_llonif.
3191 5155 3381 5216 contra
3410 5138 3544 5196 duas
3578 5159 3739 5216 epist.

2150 5208 2338 5280 Pelag.
2371 5208 2424 5264 o'.
2455 5210 2510 5268 6.
2539 5221 2652 5283 tum
2679 5211 2796 5277 epis
2826 5214 2916 5283 otai
2941 5211 3004 5265 2|
3028 5215 3154 5268 C(Bi-
3175 5215 3300 5267 stini
3329 5232 3497 5282 papte.
3533 5208 3654 5283 czip.
3686 5217 3745 5283 4,

2153 5285 2242 5337 tibi
2274 5284 2390 5338 haec
2418 5283 2581 5337 verba
2611 5282 2869 5336 citantur.
2894 5282 3236 5349 Quamquam
3272 5301 3371 5340 nec
3399 5287 3450 5339 in
3481 5287 3585 5337 illis
3607 5282 3753 5341 dno-

2154 5353 2256 5408 bus
2279 5354 2417 5427 inris‘
2443 5355 2634 5427 desunt
2669 5368 2805 5427 mss,
2834 5356 2922 5427 oui
2955 5355 3250 5410 exhibeant
3278 5355 3509 5410 latuisset
3535 5375 3754 5427 oppres-

2154 5442 2235 5479 su.
2267 5425 2420 5498 Apud
2452 5425 2612 5479 Crab.
2640 5437 2693 5479 et
2721 5425 2924 5478 eximie
2975 5428 3028 5480 in
3057 5429 3191 5481 edit.
3223 5428 3422 5481 CllllCli.
3461 5427 3546 5479 hic
3572 5425 3766 5498 legere

2156 5495 2402 5570 est,huic
2423 5498 2588 5570 ruina:
2613 5512 2720 5550 suae
2749 5499 2986 5570 iacuisset
3012 5513 3279 5570 Oppressus
3296 5538 3310 5557 ,
3345 5499 3488 5566 apud
3517 5495 3770 5554 Gorner.

2157 5579 2210 5624 et
2231 5569 2462 5641 Q-Iesn.,
2495 5567 2656 5641 hujus
2679 5569 2828 5620 ruina
2853 5567 3187 5639 subjacuissct
3216 5583 3517 5641 oppressus.

2231 5638 2257 5714 ξι
2305 5641 2378 5693 lta
2411 5638 2576 5693 mssf
2603 5653 2799 5706 magno
2828 5638 3099 5694 conSensu
3128 5652 3247 5692 cum
3281 5638 3427 5696 edit.
3453 5646 3591 5714 Aug.
3615 5645 3688 5700 At
3720 5639 3807 5708 in

2160 5711 2320 5778 ediL,
2343 5727 2432 5782 per
2458 5727 2604 5764 suam
2634 5715 2878 5781 gratiam.

3122 5802 3198 5867 19

4161 638 4167 717 l

4165 1020 4171 1146 τ

4168 1464 4177 1810 ε

4171 1817 4177 2030 1

4173 2033 4181 2224 ι

4157 329 4163 501 ἱ

4161 638 4167 717 ι

4165 1020 4171 1206 l

4169 1240 4173 1353 ν

4168 1464 4177 1810 ε

4171 1817 4177 2030 ι

4173 2033 4181 2224 λ

4179 2474 4187 2689 l

4197 3733 4209 4032 ἰ

4201 4033 4211 4222 ἓ

4203 4411 4319 5372 K
