4210 6190
426 269 531 333 581

1693 250 1755 308 8.
1797 244 2198 304 ιΝεΝοοεάτιί
2238 245 2258 302 l
2295 233 2508 302 ΡΑΡΕ

3626 220 3736 290 888

423 404 554 448 cere
593 379 1195 452 humanoSpoterimus
1221 383 1461 430 errores.
1494 367 1730 422 Necesse
1760 372 1845 420 est
1867 362 2035 429 enim,
2067 373 2120 433 Α
2215 361 2270 416 8.
2313 358 2414 426 Qui
2443 358 2488 412 si
2519 365 2698 411 tamen
2731 364 2754 391 ο
2783 349 3002 419 aliquod
3035 349 3092 402 in
3125 362 3187 403 se
3223 346 3320 401 Dei
3345 345 3682 416 adiutorium
3717 388 3732 412 ,

425 491 489 539 ut
508 497 618 553 quo
641 478 938 534 auxilia-nte
957 472 1249 536 vincimus,
1273 483 1340 522 eo
1368 465 1567 520 iterum
1599 473 1709 516 non
1737 456 2031 527 adiuvante

433 575 749 630 vincantur.

506 669 559 722 7.
601 663 708 720 Sed
755 673 976 732 possem
1009 657 1168 728 plura
1218 653 1405 708 dicere
1432 691 1446 715 ,
1480 647 1582 702 nisi
1617 660 1712 700 vos
1750 647 2036 696 constaret

428 767 624 816 cuncta
649 757 882 810 dixisse.
913 748 1172 819 Quisquis
1201 760 1334 816 ergo
1365 742 1495 798 huic
1534 739 1840 794 assentiens
1871 732 2030 787 vide-

427 862 517 910 tur
559 864 687 905 esse
717 846 1007 905 sententia:
1037 883 1052 910 ,
1076 856 1188 912 qua
1223 839 1376 894 dicat
1411 832 1686 904 adiutorio
1734 829 1894 885 nobis
1925 841 2034 880 non

424 961 566 1017 opus
598 958 724 998 esse
751 941 940 996 divino
966 979 982 1005 ,
1019 936 1303 992 inimicam
1337 946 1396 986 se
1431 927 1725 985 catholicae
1765 922 1933 988 tidei,
1982 929 2037 974 et

427 1039 526 1094 Dei
560 1034 843 1092 beneﬁciis
865 1030 1157 1102 profitetur
1181 1028 1475 1097 ingratum.
1502 1030 1526 1056 η
1551 1019 1685 1075 Nam
1719 1033 1821 1072 nec
1850 1023 2037 1070 ucstra

427 1126 821 1186 communione
866 1130 997 1176 sunt
1045 1120 1234 1189 digni,
1266 1130 1427 1187 quam
1457 1108 1815 1182 prmdicando
1855 1107 2039 1160 taliter

425 1221 769 1294 polluerunt.
816 1215 924 1286 Ipsi
954 1214 1104 1269 enim
1157 1225 1253 1265 sua
1288 1214 1523 1277 sponte,
1553 1203 1683 1257 dum
1733 1204 2040 1268 sequuntur

427 1293 523 1372 illa
553 1327 676 1382 qua)
703 1311 924 1372 dicunt,
955 1307 1171 1376 longius
1196 1320 1224 1357 a
1249 1315 1379 1356 vera
1398 1297 1672 1368 religione
1698 1293 2034 1362 refugerunt.

424 1408 561 1465 Cum
598 1407 751 1461 enim
786 1404 888 1458 boc
917 1412 1093 1456 totum
1124 1397 1178 1453 in
1213 1403 1400 1451 nostra
1447 1389 1794 1462 professione
1821 1385 2039 1440 consis-

431 1511 547 1567 tat,
602 1497 1058 1570 quotidiauisque
1115 1490 1374 1561 precibus
1426 1484 1560 1540 nihil
1610 1494 1835 1552 agamus
1867 1519 1883 1544 ,
1934 1476 2041 1530 nisi

434 1589 898 1667 quemadmodum
959 1587 1053 1641 Dei
1104 1578 1540 1639 misericordiam
1601 1583 2039 1642 consequamur;

431 1682 896 1758 quemadmodum
931 1679 1077 1734 ferre
1092 1689 1386 1747 possumus
1415 1672 1520 1724 ista
1542 1663 1852 1737 jactanles?
1875 1660 2038 1728 Quis,

434 1798 570 1854 rogo
597 1823 612 1848 ,
645 1788 836 1835 tantus
866 1779 1089 1832 illorum
1107 1755 1348 1842 pectori
1397 1782 1556 1823 error
1583 1766 1830 1819 obctecat
1851 1800 1870 1827 ,
1901 1766 1960 1813 ut
1993 1755 2039 1808 si

433 1876 538 1947 ipsi
569 1874 777 1929 nullam
831 1872 925 1924 Dei
975 1869 1203 1938 gratiam
1237 1863 1489 1920 sentiunt
1519 1901 1533 1924 ,
1568 1861 1695 1928 quia
1747 1870 1848 1908 nec
1893 1848 2043 1919 digni

438 1976 570 2024 sunt
591 2008 604 2031 ,
638 1980 736 2020 nec
768 1971 1094 2025 merentur;
1131 1974 1230 2012 nec
1259 1956 1326 2010 de
1357 1955 1480 2010 aliis
1513 1949 1874 2008 considerent
1913 1942 2042 2013 quid

443 2057 692 2128 quotidie
721 2053 952 2124 singulis
975 2049 1150 2120 gratia
1176 2047 1362 2100 divina
1401 2043 1668 2112 largiatur
1697 2037 1718 2090 ?
1760 2037 1895 2092 Sunt
1926 2034 2046 2104 qui-

445 2127 571 2208 dem
606 2149 695 2202 isti
733 2146 760 2184 b
791 2145 940 2200 omni
988 2143 1241 2198 etceitate
1283 2134 1594 2207 dignissimi
1626 2173 1641 2200 ,
1673 2132 1767 2202 qui
1807 2143 1913 2183 nec
1942 2127 2050 2181 hoc

441 2243 548 2299 sibi
594 2241 978 2310 reliquerunt,
1010 2243 1066 2288 ut
1093 2248 1152 2288 se
1189 2230 1401 2286 auxilio
1432 2227 1664 2283 credant
1690 2220 1937 2278 revocari
1979 2218 2049 2274 ab

443 2333 731 2392 erroribus
761 2346 925 2402 posse
957 2329 1168 2382 divino.
1201 2325 1475 2394 Negantes
1505 2320 1652 2376 enim
1683 2314 2046 2386 adiutorium,

446 2444 560 2485 non
610 2428 764 2492 aliis,
811 2425 905 2480 sed
954 2423 1059 2476 sibi
1113 2421 1219 2474 hoc
1260 2418 1483 2488 penitus
1539 2405 2049 2476 abstuleruntzqui

443 2521 718 2579 avellendi
751 2528 880 2574 sunt
910 2516 1133 2585 longius
1157 2524 1210 2567 et
1241 2514 1309 2564 ab
1340 2507 1605 2565 Ecclesiae
1641 2503 1830 2576 procul
1871 2514 2053 2556 remo-

447 2615 612 2673 vendi
646 2611 954 2666 visceribus
982 2625 997 2674 ;
1040 2624 1108 2661 ne
1143 2616 1163 2643 ε
1200 2604 1293 2658 diu
1320 2602 1526 2656 inultus
1551 2597 1719 2652 multa
1752 2606 2049 2662 occupans,

444 2705 772 2764 insanabilis
793 2710 916 2773 post
941 2715 1099 2755 error
1127 2698 1422 2751 increscat.
1455 2693 1512 2748 Si
1542 2690 1689 2746 enim
1721 2688 1814 2741 diu
1849 2684 2053 2739 fuerint

443 2803 550 2858 sub
592 2802 693 2853 bac
739 2795 1069 2866 impunitate
1100 2791 1339 2852 versati,
1390 2801 1620 2841 necesse
1652 2792 1734 2837 est
1766 2781 1967 2834 multos
2000 2779 2051 2832 in

448 2893 592 2952 hanc
610 2907 721 2945 sou:
751 2891 1078 2959 pravitatem
1113 2884 1315 2939 mentis
1361 2879 1630 2934 inducant
1671 2873 2056 2942 decipiantque

456 2986 816 3048 innocentes,
848 2981 934 3034 vel
970 2979 1150 3049 potius
1181 2972 1559 3044 imprudentes
1586 3009 1602 3036 ,
1635 2967 1725 3039 qui
1759 2965 1920 3020 fidem
1964 2977 2058 3017 ca-

449 3078 712 3134 tholicam
738 3071 763 3110 ἀ
785 3089 928 3128 nunc
958 3077 1282 3139 sequuntur.
1306 3063 1583 3120 Putabant
1610 3060 1758 3116 enim
1789 3073 1885 3111 eos
1911 3063 2056 3110 recte

2139 453 2288 526 quod
2315 454 2422 507 ltuc
2451 465 2625 521 usque
2661 454 3039 518 negaverunt,
3075 439 3432 512 provocarint
3467 480 3481 504 ,
3518 449 3568 492 et
3602 454 3738 507 opus

2131 545 2238 600 sibi
2277 545 2397 612 ejus
2425 541 2628 595 auxilio
2659 553 2782 594 esse
2811 534 3209 606 cognoverint,
3244 540 3302 584 ut
3333 530 3436 584 Itac
3465 528 3585 584 labe
3613 563 3630 590 ,
3666 530 3730 583 in

2138 651 2303 708 quam
2337 634 2422 690 sui
2447 631 2632 689 cordis
2661 629 3038 685 incurvatione
3090 630 3416 679 corruerant
3447 662 3460 684 ,
3495 621 3740 676 liberen-

2139 739 2260 796 tur,
2285 725 2524 797 etquasi
2550 725 2600 778 in
2643 724 2819 778 lucem
2869 720 2940 774 de
2964 717 3109 772 fieda
3145 715 3306 770 tracti
3351 713 3622 783 caligine,
3656 727 3745 767 re—

2136 825 2299 878 motis
2345 818 2723 886 abdicatisque
2749 812 3009 868 omnibus
3035 851 3053 875 ,
3083 810 3282 880 quibus
3317 816 3461 860 totus
3491 846 3510 870 ,
3543 819 3612 859 ne
3645 820 3739 858 ve-

2139 930 2258 971 rum
2316 910 2336 950 (
2388 911 2696 980 aspiceret,
2759 905 3069 962 fedabatur
3113 911 3171 958 et
3223 899 3498 970 caligabat
3549 912 3741 968 aspec-

2138 1017 2258 1074 tus,
2287 1007 2553 1062 damnent
2598 1003 2718 1058 haec
2759 1015 2882 1072 qua:
2933 1001 3038 1052 buc
3088 1011 3259 1065 usque
3313 1001 3606 1050 senserunt
3639 1009 3654 1057 ;
3685 1000 3744 1047 et

2141 1101 2437 1174 aliquando
2479 1099 2720 1154 animum
2768 1094 2933 1150 rectis
2983 1089 3449 1162 disputationibus
3501 1101 3744 1143 commo-

2137 1195 2372 1259 dantes,
2407 1192 2475 1245 ab
2517 1192 2625 1244 bac
2677 1186 3078 1268 aliquantulum
3131 1183 3257 1238 labe
3286 1179 3562 1244 correcti,
3593 1177 3742 1234 veris

2141 1303 2202 1344 se
2231 1286 2510 1343 sanandos
2536 1295 2559 1332 ε
2587 1282 2837 1339 consiliis
2886 1280 3128 1335 tribuant
3176 1287 3343 1347 atque
3390 1275 3741 1329 submittant.

2142 1379 2298 1448 Quod
2323 1379 2378 1432 si
2419 1376 2683 1440 fecerint,
2719 1375 2828 1428 erit
2857 1373 2910 1426 in
2946 1378 3219 1440 potestate
3271 1368 3594 1438 pontiﬁcum
3629 1365 3746 1420 istis

2143 1472 2491 1541 aliquatenus
2539 1467 2862 1530 subvenire,
2907 1475 2960 1518 et
3015 1462 3216 1517 talibus
3267 1459 3503 1528 aliquam
3557 1472 3743 1512 curam

2146 1574 2410 1634 praestare
2448 1559 2770 1616 vulneribus
2794 1598 2809 1621 ,
2849 1571 3014 1626 quam
3043 1555 3185 1609 solet
3215 1552 3421 1622 lapsis,
3452 1566 3575 1605 cum
3610 1549 3749 1604 resi-

2148 1660 2404 1728 puerint,
2436 1653 2688 1711 Ecclesia
2721 1667 2828 1707 non
2863 1666 3064 1720 negare
3094 1666 3106 1700 :
3143 1659 3199 1701 ut
3230 1663 3260 1700 a
3302 1647 3420 1701 suis
3447 1643 3478 1681 ιι
3506 1642 3744 1699 revocati

2068 1761 2116 1824 ς
2147 1749 2505 1822 prmcipitiis,
2544 1750 2689 1802 intra
2729 1745 2872 1802 ovile
2907 1743 3120 1797 Domini
3153 1739 3472 1810 redigantur
3503 1757 3515 1792 :
3551 1753 3621 1793 ne
3654 1736 3740 1790 fo-

2151 1846 2233 1899 ris
2261 1844 2457 1914 positi,
2492 1851 2548 1897 et
2578 1850 2733 1894 tanto
2768 1834 3062 1910 praesidioi
3099 1852 3127 1888 a
3163 1834 3265 1888 fide
3307 1832 3628 1887 munitionis
3649 1845 3751 1884 ex-

2149 1939 2331 2003 clusi,
2393 1934 2651 2006 periculis
2704 1933 2958 1988 omnibus
3003 1936 3393 1998 exponuntur,
3449 1922 3749 1980 devorandi

2149 2032 2406 2099 luporum
2446 2029 2713 2083 dentibus
2753 2038 2917 2095 atque
2948 2022 3220 2084 vexandi,
3254 2019 3454 2090 quibus
3478 2018 3752 2074 obsistere

2151 2125 2287 2191 hac,
2317 2139 2419 2193 qua
2452 2122 2579 2176 illos
2611 2120 2667 2175 in
2705 2134 2765 2174 se
2809 2119 3196 2180 irritaverant,
3229 2114 3498 2169 doctrina:
3531 2126 3754 2182 perver-

2152 2218 2315 2272 sitate
2362 2232 2468 2270 non
2505 2215 2741 2282 possint.

2224 2309 2278 2362 9.
2323 2307 2427 2364 Sed
2463 2307 2596 2361 satis
2643 2305 2845 2358 vestris
2897 2302 3150 2365 monitis,
3206 2301 3285 2355 sic
3337 2296 3755 2354 abundantibus

2152 2414 2360 2458 nosmc
2408 2400 2546 2469 legis
2585 2397 2854 2467 exemplis
2920 2398 3184 2467 probatur
3233 2409 3358 2449 esse
3399 2407 3754 2461 responsum.

2154 2493 2266 2550 Nec
2291 2492 2586 2560 quidquam
2639 2503 2931 2560 superesse
2975 2487 3232 2543 duximus
3273 2487 3417 2554 quod
3462 2486 3710 2540 dicamus
3739 2524 3755 2551 ,

2151 2601 2278 2642 cum
2323 2585 2458 2639 nihil
2485 2584 2916 2653 praetermissum
2945 2596 2973 2635 a
3007 2580 3193 2643 vobis,
3228 2579 3362 2634 nihil
3391 2585 3757 2633 constetesse

2155 2696 2512 2751 suppressum
2532 2721 2545 2743 ,
2590 2695 2702 2748 quo
2725 2676 2803 2732 illi
2833 2674 3055 2730 refutati
3088 2686 3142 2728 et
3175 2673 3391 2743 penitus
3417 2684 3760 2740 cognoscam

2159 2786 2244 2832 tur
2273 2789 2398 2829 esse
2439 2773 2700 2829 convicti.
2733 2771 2968 2839 ideoque
2995 2784 3024 2822 a
3055 2768 3218 2822 nobis
3244 2766 3562 2821 testimonia
3612 2765 3757 2818 nulla

2158 2881 2436 2938 ponuntur
2465 2908 2479 2933 ,
2515 2867 2638 2935 quia
2683 2865 2738 2920 in
2785 2863 2870 2917 liis
2899 2864 3060 2933 plena
3114 2861 3311 2916 relatio
3369 2870 3484 2926 est,
3519 2869 3574 2914 et
3615 2858 3759 2913 satis

2159 2973 2373 3016 constat
2407 2969 2487 3013 tot
2529 2957 2881 3014 doctissimos
2912 2955 3231 3010 sacerdotes
3261 2963 3458 3008 cuncta
3509 2951 3714 3007 dixisse
3744 2969 3755 3003 :

2159 3069 2262 3109 nec
2281 3053 2446 3108 decet
2473 3052 2702 3108 credere
2728 3065 2825 3104 vos
2848 3048 3050 3117 aliquid
3077 3089 3090 3112 ,
3117 3048 3263 3117 quod
3292 3047 3358 3101 ad
3386 3061 3606 3101 causam
3638 3061 3762 3115 pos-

457 3171 664 3227 sentire
687 3209 699 3232 ,
733 3181 875 3236 quos
921 3163 1102 3218 adhuc
1135 3159 1321 3214 vident
1363 3158 1415 3210 itt
1446 3153 1696 3209 Ecclesia
1734 3149 2053 3220 perdurare.
2080 3161 2131 3224 ρ
2161 3149 2231 3204 sit
2261 3147 2566 3217 proiicere,
2615 3154 2804 3214 praue:
2821 3142 2953 3198 isse.
2989 3139 3058 3194 Et
3107 3141 3213 3196 alia
3241 3155 3444 3194 manu:
3489 3139 3635 3193 Bene
3667 3152 3761 3192 va-

456 3265 751 3332 Separetur
779 3274 910 3328 ergo
941 3274 972 3312 a
998 3273 1130 3310 sano
1153 3266 1386 3322 corpore
1415 3249 1614 3303 vulnus
1645 3247 1896 3301 insanum
1931 3284 1944 3308 ,
1974 3257 2057 3296 re-

459 3368 718 3424 metoque
750 3351 925 3405 morbi
959 3347 1240 3402 saevientis
1271 3342 1458 3398 afflatu
1480 3383 1495 3408 ,
1529 3339 1744 3394 cautius
1774 3353 1897 3407 qua:
1929 3344 2062 3390 sunt

459 3451 676 3508 sincera
709 3443 1039 3516 perdurent,
1075 3449 1132 3495 et
1159 3454 1289 3509 grex
1319 3437 1508 3506 purior
1543 3435 1609 3488 ab
1641 3433 1740 3487 hac
1793 3431 1921 3486 mali
1965 3446 2062 3500 pe-

461 3542 608 3598 coris
650 3536 983 3605 contagione
1032 3541 1312 3603 purgetur.
1353 3527 1438 3583 Sit
1482 3527 1648 3581 totius
1675 3523 1927 3594 corpoiis
1961 3523 2066 3577 illi-

460 3634 589 3690 bata
636 3629 902 3701 perfectio
935 3670 949 3694 ,
1001 3641 1162 3696 quam
1207 3637 1306 3677 vos
1340 3621 1494 3691 sequi
1544 3629 1598 3673 et
1630 3628 1818 3672 tenere
1862 3616 1960 3670 bac
2008 3617 2060 3670 in

468 3724 599 3782 illos
635 3719 1081 3793 pronuntiatione
1119 3715 1473 3784 cognovimus
1496 3754 1508 3776 ,
1544 3722 1598 3766 et
1640 3725 1743 3764 tina
1790 3709 2064 3763 vobiscum

467 3818 591 3890 pari
621 3814 943 3870 assensione
985 3823 1294 3866 servamus.

461 3935 565 4005 ξὶῖξιι
605 3932 930 4001 Conjttnctio
960 3927 1101 3982 Nam
1129 3943 1193 3982 ex
1224 3925 1366 4005 edit._
1394 3924 1550 4005 Meri.
1573 3966 1586 3988 ,
1607 3923 1976 4005 Crab._,_i_\llg-
2011 3932 2066 4005 βε

469 3993 881 4080 ᾖὶίιινίιηιεήιςε.
932 4008 1238 4080 revocati-tr.
1276 3997 1480 4080 licinde
1518 3997 1742 4080 in‘mss.‘
1765 3993 1886 4049 Isid.
1917 3995 2063 4076 desi-

473 4064 700 4134 deratur
724 4085 924 4126 nostra.
950 4069 1071 4125 Mox
1113 4069 1246 4121 edit.
1276 4068 1435 4120 Rom.
1469 4075 1526 4119 et
1552 4066 1766 4119 Concil.
1817 4082 1939 4117 cum
1969 4064 2070 4119 ali—

473 4157 606 4218 quot
635 4159 791 4218 m_ss.,
820 4143 911 4218 §ic
933 4142 1089 4204 enim,
1112 4139 1202 4192 ubi
1226 4154 1347 4218 cuin
1378 4137 1680 4218 aliislibris
1705 4136 2065 4203 prmia-imus,

475 4208 591 4285 Ipsi
621 4216 775 4270 enim.
810 4213 1104 4285 Garnerius.
1136 4225 1264 4263 vero
1295 4212 1469 4262 locum
1503 4208 1644 4260 hunc
1673 4209 1919 4260 mutilum
1942 4223 2068 4262 ροη-

478 4279 605 4344 scus
633 4329 646 4349 ,
681 4295 805 4338 nota
836 4284 898 4336 ad
933 4283 1232 4348 marginem
1262 4281 1520 4349 ascripta.
1555 4279 1634 4332 sic
1665 4279 1918 4332 resarciri
1951 4293 2070 4344 pos-

477 4376 540 4416 se
585 4347 769 4412 mouet
798 4374 810 4407 :
847 4353 1118 4422 Pelagium
1149 4351 1305 4418 igitur
1344 4359 1390 4422 et
1422 4347 1716 4422 Ccclestium
1741 4392 1754 4410 ,
1786 4366 1913 4417 quos
1945 4367 2066 4402 anc-

483 4440 618 4485 tores
652 4426 839 4502 nefarii
869 4420 1078 4502 prorsus
1123 4432 1170 4474 et
1214 4421 1449 4502 euntibus
1479 4420 1949 4502 anathematizuntli
1991 4437 2072 4474 er-
2095 4441 2152 4502 υ

481 4505 613 4557 roris
641 4490 930 4551 aduertistis
959 4535 972 4556 ,
997 4497 1146 4566 justa
1185 4492 1448 4566 sententia
1485 4490 1772 4545 damnastis
1797 4509 1815 4545 :
1857 4509 1948 4544 nec
1991 4493 2072 4546 illi

483 4583 701 4638 nostra,
747 4581 851 4623 etc.
889 4573 955 4619 At
997 4562 1335 4638 sententiam
1387 4563 1646 4638 adversus
1693 4562 1972 4638 Pelagium
2019 4572 2076 4618 et

483 4634 799 4702 C(BitBSIillm
833 4657 857 4689 a
887 4636 1337 4704 Carthaginiensis
1372 4635 1590 4688 concilii
1621 4634 1862 4701 patribus
1894 4635 2071 4688 nomi—

487 4717 657 4772 natitn
689 4713 886 4766 dictam
918 4725 1021 4760 non
1052 4717 1250 4760 sonant
1275 4716 1388 4760 na-c
1415 4721 1603 4759 eorum
1641 4705 1704 4758 ad
1738 4707 1941 4758 calcem
1987 4721 2075 4758 su-

490 4786 723 4860 perioris
747 4781 997 4860 epistolae
1027 4779 1269 4859 26dicta
1301 4794 1313 4830 :
1351 4778 1408 4831 Si
1444 4776 1684 4857 Pelagius
1714 4776 2079 4860 Cwlestiusque

493 4848 707 4911 correcti
732 4848 847 4907 sunt
875 4897 888 4920 ,
921 4850 997 4903 vel
1028 4867 1080 4902 se
1104 4855 1198 4902 ista
1229 4864 1510 4916 numquam
1537 4848 1754 4901 sensisse
1783 4848 1962 4900 dicunt
1986 4893 1996 4915 ,
2031 4857 2077 4901 et

496 4941 826 4997 qttwcmnque
877 4923 1072 4988 scripta
1123 4931 1455 4997 contineas
1483 4923 1684 4997 prolatu
1724 4920 1912 4988 [norint
1942 4964 1954 4983 ,
1987 4936 2081 4972 sua

495 4989 605 5053 csse
633 4989 818 5062 negant
849 5039 862 5060 ,
898 5009 989 5048 nec
1019 5005 1090 5062 est
1113 4990 1541 5062 quemadmodum
1574 4989 1639 5043 de
1669 4990 1934 5044 mendario
1958 5007 2082 5042 ron-

497 5061 768 5123 vincontur
791 5109 804 5131 ,
834 5061 1138 5133 generaliter
1163 5075 1330 5114 tamen
1355 5061 1630 5114 anathema
1653 5064 1719 5114 sit
1748 5062 2078 5130 dogmatzant,

498 5147 1024 5210 qnorttiinauctores
1068 5134 1491 5210 existimantur,
1522 5135 1847 5202 quicumque
1888 5134 2086 5202 depre-

499 5204 706 5264 liensns
736 5206 897 5258 fuerit
945 5219 1331 5272 proitugnator.
1368 5205 1449 5257 Nil
1501 5206 1664 5257 etiam
1698 5206 1747 5256 in
1779 5211 1879 5258 hoc
1926 5204 2084 5258 Inuo-

499 5282 665 5338 centii
696 5279 813 5331 loco
841 5288 1065 5343 apparet
1091 5318 1103 5341 ,
1141 5277 1281 5327 unde
1314 5277 1533 5329 mutilus
1567 5275 1860 5341 judicetnr.

574 5352 599 5390 ι)
641 5351 712 5402 Ita
742 5349 881 5411 apud
915 5347 1080 5400 (iam.
1109 5353 1163 5399 et
1193 5345 1326 5414 Aug.
1365 5349 1496 5399 utin
1527 5347 1829 5413 potioribus
1863 5362 1995 5400 mss.
2028 5345 2085 5400 In

499 5424 620 5478 aliis
647 5434 826 5473 autem
859 5419 1012 5470 libris
1044 5459 1054 5478 ,
1091 5433 1299 5482 omnes;
1331 5427 1386 5470 et
1431 5416 1570 5470 infra
1591 5461 1605 5483 ,
1655 5416 1922 5487 tVegantes
1952 5419 2087 5470 enim

500 5493 600 5549 Dei
629 5491 966 5562 adjutorium.

585 5577 605 5604 ο
650 5557 790 5620 bititi
815 5570 1047 5628 excepto
1077 5557 1214 5629 Aug.
1243 5599 1258 5622 ,
1290 5573 1352 5610 ne
1379 5557 1469 5610 diu
1517 5557 1701 5612 multa.
1750 5557 2089 5612 Concinnius

507 5634 650 5705 apud
689 5636 824 5704 Aug.
859 5643 917 5705 ut
943 5633 994 5687 in
1029 5628 1354 5705 mssJCot-b.
1385 5639 1437 5705 et
1464 5628 1659 5705 Germ.
1682 5669 1695 5693 ,
1743 5645 1806 5705 ne
1836 5631 1926 5705 diu
1955 5629 2091 5705 inul-

510 5699 594 5763 tus
625 5699 807 5761 multa'.
859 5704 994 5758 llittc
1025 5713 1149 5770 apte
1194 5700 1564 5756 subnectitur:
1599 5701 1660 5756 Si
1690 5699 1825 5754 enim
1854 5701 1945 5754 diu
1979 5700 2091 5770 fne-

485 5777 716 5833 rintsub
739 5775 836 5830 hac
871 5788 1213 5830 ιιιΡυΜτΑτΕ.
1250 5782 1262 5841 1

2159 3241 2290 3304 lete,
2323 3240 2542 3302 fratres,
2575 3235 2642 3291 Et
2673 3239 2740 3290 ad
2763 3239 2938 3290 latus:
2971 3235 3099 3290 [lata
3140 3249 3195 3288 Vl
3244 3233 3352 3288 kal.
3384 3232 3546 3288 Febr.
3593 3231 3760 3303 (Jan.

2156 3331 2228 3388 27
2259 3349 2385 3386 ann.
2418 3330 2547 3400 ΜΤ)
2582 3338 2704 3400 post
2743 3329 3088 3384 consulatum
3134 3330 3147 3377 ι
3196 3327 3494 3382 Theodosii
3541 3327 3760 3397 augusti

2163 3442 2231 3481 t'll
2255 3425 2484 3482 etJuuii
2511 3423 2738 3489 Quarti,
2786 3421 2850 3477 γ.
2883 3419 2947 3476 C.

2669 3513 3002 3570 EPISTOLA
3044 3511 3068 3550 ¹ί
3108 3511 3280 3568 XXX.

2293 3626 2590 3668 INNOCENTII
2630 3625 2776 3663 ΡΛΡᾸΞ
2816 3625 2883 3662 AD
2922 3621 3210 3662 CONCILIUM
3249 3620 3641 3660 MILEVITANUII.

2178 3703 2361 3760 Patres
2390 3701 2599 3758 concilii
2638 3699 2928 3755 Milevitani
2957 3698 3170 3765 laudnt,
3197 3705 3305 3750 tum
3325 3697 3467 3767 quod
3496 3696 3765 3751 kwreticos

2245 3798 2538 3871 pertinaces
2573 3794 2954 3868 segregandos,
2987 3802 3034 3847 et
3066 3797 3326 3846 correctos
3351 3792 3656 3845 censuerint
3683 3806 3767 3845 re-

2247 3918 2274 3958 d
2316 3921 2466 3976 Hane
2487 3917 2738 3976 Garnerii
2762 3916 3051 3971 lectionem
3071 3960 3084 3982 ,
3114 3932 3236 3985 qua:
3261 3923 3342 3970 est
3365 3922 3418 3968 et
3441 3928 3574 3968 is.
3597 3913 3764 3967 Corb.

2169 4003 2332 4061 atque
2379 3992 2567 4048 Germ.
2615 3989 2944 4057 Quos-uellus
2963 3990 3302 4061 _app_robat,_
3351 3986 3600 4054 quamvis
3653 3985 3766 4048 ipse

2171 4057 2442 4131 vulgatam
2469 4079 2521 4115 tn
2543 4062 2675 4116 edit.
2704 4062 2862 4114 Rom.
2888 4057 3170 4131 etConcil._
3189 4059 3404 4111 scilicet
3429 4072 3769 4131 ttonsequuw

2172 4128 2288 4197 tur,
2320 4135 2572 4188 retineat.
2611 4132 2707 4186 llic
2752 4140 2932 4186 autem
2978 4131 3117 4201 apud
3148 4129 3287 4200 Aug.
3319 4128 3588 4198 particula
3634 4142 3769 4181 nunc

2173 4207 2380 4261 liln'arii
2413 4203 2698 4259 oscitantia
2722 4203 2943 4258 excidit.

2249 4288 2272 4314 θ
2317 4276 2370 4331 In
2415 4275 2548 4333 edit.
2579 4275 2736 4328 Rom.
2767 4285 2822 4329 et
2863 4272 3074 4327 Coucil.
3097 4313 3112 4336 ,
3145 4271 3427 4342 aliquando
3459 4271 3514 4324 in
3546 4287 3620 4325 se.

2255 4346 2270 4385 ί
2320 4350 2471 4413 Apud
2504 4349 2707 4412 Quesn.
2740 4357 2795 4401 et
2842 4347 2980 4409 Aug.
3011 4389 3024 4413 ,
3057 4345 3372 4407 aspicerent.

2249 4430 2274 4465 ιε
2316 4419 2469 4483 Apud
2516 4418 2783 4481 Carnem,
2810 4417 3063 4470 conciliis.
3098 4414 3335 4470 Verbum
3383 4413 3719 4467 antecedens
3753 4457 3768 4479 ,

2176 4492 2466 4552 sanandos,
2497 4489 2641 4558 quod
2667 4488 2872 4555 Quesn.
2906 4485 3178 4553 removit,
3213 4500 3408 4541 omnes
3431 4486 3601 4539 nostri
3627 4501 3761 4540 mss.

2176 4578 2432 4615 ειεςοιννῑηι
2445 4574 2452 4610 Ι
2465 4601 2478 4614 .

2249 4637 2278 4676 h
2320 4633 2556 4687 Verbum
2579 4631 2803 4686 revocati
2835 4629 2977 4696 apud
3021 4627 3177 4684 Meri.
3225 4627 3591 4682 desideratur.
3641 4627 3773 4696 Ejus

2177 4705 2300 4759 loco
2326 4704 2463 4785 edit.“
2488 4703 2646 4758 Rom.
2679 4711 2734 4758 et
2760 4701 3154 4772 posterioribus
3193 4699 3390 4754 concil.
3420 4700 3772 4753 subStitutum

2177 4786 2260 4830 651
2283 4787 2484 4828 remoti.

2260 4845 2272 4882 ί
2309 4847 2512 4912 Quesn.
2536 4886 2550 4909 ,
2573 4846 2824 4917 .prwsidio
2844 4845 2953 4898 aede
2983 4843 3305 4917 munitionis.
3339 4839 3571 4917 Garner.
3591 4882 3606 4904 .
3642 4857 3774 4910 pra:-

2181 4918 2314 5044 iidi‘o
2347 4919 2467 4984 ﬁdo:
2495 4913 2821 4970 munitionis.
2865 4917 3041 4970 Minus
3069 4915 3319 4983 displicet
3351 4913 3466 4966 haec
3493 4923 3770 4982 postrema

2208 5005 2266 5043 cc
2296 5005 2369 5042 ll).

2208 4999 2369 5043 cclltt.

2259 5060 2271 5108 i
2323 5060 2378 5113 In
2413 5074 2517 5112 ms.
2571 5059 2731 5113 (iorb.
2766 5101 2779 5124 ,
2817 5057 2954 5112 Luni
2986 5056 3187 5121 Quarti.
3237 5055 3296 5108 ltt
3343 5055 3530 5110 Germ.
3562 5095 3576 5118 ,
3625 5073 3675 5116 ν.
3722 5073 3772 5111 c.

2185 5130 2481 5214 Theodosio
2503 5143 2721 5214 angusto
2760 5145 2832 5184 vlt
2860 5137 2904 5212 et
2937 5127 3094 5210 Lucio
3130 5127 3327 5210 Quarto
3357 5143 3403 5180 υ.
3438 5125 3773 5181 consulibus:

2187 5218 2249 5258 ex
2295 5199 2896 5270 imperitia'antiquarii
2923 5242 2936 5262 ,
2970 5200 3060 5268 qui
3091 5211 3144 5253 et
3174 5199 3516 5270 priore_nota
3541 5217 3592 5267 p.
3622 5215 3668 5251 c.
3701 5202 3775 5253 si-

2187 5267 2428 5340 ᾳιιίείιιςῖιῆ
2483 5285 2592 5341 post
2642 5267 2999 5335 consulatum,
3053 5270 3300 5341 adeoque
3350 5267 3632 5341 Theodosii
3681 5285 3775 5321 (m-

2188 5339 2368 5417 gitti,
2425 5339 2566 5412 etc.,
2620 5345 3002 5408 retinendum,
3050 5358 3154 5396 non
3215 5339 3502 5417 Theodosio
3554 5351 3774 5408 angusto

2188 5413 2622 5469 substitueudum
2643 5431 2766 5469 esse
2795 5418 3078 5485 ignoravit,
3106 5424 3158 5467 et
3185 5413 3539 5485 postet'it_~_t'eitt
3566 5423 3771 5477 notant,

2191 5502 2237 5541 υ.
2273 5504 2319 5539 c.
2351 5487 2532 5540 verbis
2564 5488 2658 5540 viri
2689 5482 2993 5550 clarissimi,
3030 5500 3135 5540 non
3169 5501 3194 5538 υ
3217 5482 3514 5537 consulibus
3541 5485 3778 5537 redden-

2190 5559 2314 5613 dam
2339 5573 2462 5613 esse
2490 5560 2734 5613 nescivit.

2265 5629 2286 5665 ιε
2333 5630 2404 5758 Ιιό
2421 5629 2549 5685 edit.
2579 5630 2790 5686 Concil.
2819 5630 2907 5684 25.
2939 5628 3069 5695 ane
3095 5635 3276 5682 autent
3305 5625 3374 5680 50
3399 5634 3520 5681 erat
3551 5640 3691 5680 nunc
3724 5625 3776 5678 in

2265 5717 2365 5758 neu
2412 5743 2424 5756 .

2191 5716 2424 5771 appetiit.
