4210 6190
531 247 640 304 595

1758 250 2123 309 EPISTOLE
2163 249 2255 308 ET
2293 250 2638 310 DECRETA.

3723 255 3833 316 59‘

527 368 753 432 serpant
810 359 1039 417 forsitan
1088 377 1189 432 per
1234 362 1428 434 vulgus
1476 364 1779 432 incautum,
1837 366 2134 437 rapacique
2159 381 2215 443 Α
2238 367 2944 442 Ianocsartuss,Aunmo,
2980 374 3206 439 Auno,
3238 373 3571 440 Aucos'nno,
3601 371 3833 443 Evooto,

528 451 690 521 lupus
731 454 897 510 corde
941 454 1156 510 la-tetur
1196 455 1335 511 intra
1370 457 1515 512 ovile
1557 457 1900 515 Dominicum
1955 468 2135 516 tantas

526 545 710 600 ovium
743 546 890 601 fusas
920 558 1193 617 catervas,
1220 548 1346 603 dum
1373 567 1399 601 a
1426 551 1751 606 custodibus
1783 553 2135 608 dissimulan—

529 648 613 697 ter
643 641 1082 696 habeturvulnus
1108 642 1364 698 duarum.
1390 644 1841 715 Prospiciendum
1864 660 1945 701 est
1975 662 2129 717 ergo,

530 749 602 790 ne
651 735 1018 805 permittendo
1050 736 1229 806 lupos,
1267 739 1595 793 mercenarii
1637 740 1809 809 magis
1846 740 2133 796 videamur

526 843 671 897 esse,
695 844 857 899 quam
898 842 1171 898 pastores.
1208 831 1473 887 Jnhemus
1508 847 1640 886 sane
1666 834 1944 902 (quoniam
1971 833 2133 887 Chri-

526 930 647 978 stus
680 923 939 977 Dominus
972 934 1157 980 uoster
1204 927 1420 994 propria
1453 934 1478 963 ⁸
1514 942 1648 982 voce
1682 928 1942 997 signavit,
1979 929 2130 984 nolle

525 1029 587 1070 se
639 1025 871 1070 mortem
920 1018 1204 1072 morientis
1257 1017 1472 1089 (Ezeclt.
1526 1035 1718 1086 χχχιιι,
1763 1020 1864 1086 ll;
1914 1020 1958 1075 ll
2010 1020 2126 1075 Pet.

525 1120 604 1175 ιιι,
646 1106 727 1173 9),
771 1116 981 1162 tantum
1034 1120 1090 1164 ut
1124 1120 1433 1165 revertatur
1462 1120 1516 1166 et
1551 1112 1745 1182 vivat),
1780 1114 1825 1166 si
1870 1129 2125 1184 umquam

525 1201 594 1256 ad
626 1198 654 1239 ιτ
686 1215 879 1256 sanum
906 1202 1156 1272 deposito
1187 1202 1337 1274 pravi
1363 1204 1633 1275 dogmatis
1664 1221 1855 1261 errore
1883 1209 2130 1275 resipue-

528 1294 660 1360 rint,
708 1294 1129 1366 damuarintque
1160 1311 1222 1352 ea
1272 1312 1506 1367 quorum
1557 1313 1616 1352 se
1662 1299 1763 1369 ipsi
1798 1299 2129 1369 praevarica-

528 1386 673 1442 tione
699 1385 1050 1455 damnarunt,
1082 1389 1163 1443 eis
1188 1388 1512 1444 medicinam
1546 1390 1783 1455 solitam,
1817 1391 1871 1445 id
1900 1402 2005 1458 est.
2038 1407 2129 1448 re-

521 1481 865 1546 ceptaculum
907 1493 1065 1535 suum
1098 1481 1167 1535 ab
1205 1482 1454 1538 Ecclesia
1486 1498 1593 1537 non
1627 1484 1813 1553 negari
1851 1502 1865 1538 :
1900 1501 1967 1540 ne
1995 1485 2125 1541 dum

521 1587 620 1629 eos
666 1573 958 1630 redeuntes
1011 1575 1235 1631 forsitan
1284 1578 1659 1648 prohibemus,
1712 1589 1734 1617 α
1785 1594 1920 1634 vere
1967 1593 2126 1636 extra

520 1667 665 1723 ovile
696 1679 1068 1735 remanentes,
1108 1675 1482 1741 exspectantis
1515 1671 1687 1726 hosds
1718 1674 1923 1727 rabidis
1956 1673 2126 1730 fauci-

2631 461 2877 521 Possmto
2906 467 3178 538 episcopis
3207 468 3461 524 salutem.

2306 641 2347 695 Ι.
2390 641 2770 699 Fraternitatis
2798 654 2994 700 vestrae
3024 646 3259 716 litteras,
3287 648 3479 715 plenas
3509 648 3659 718 ﬁdei,
3691 655 3836 706 toto-

2232 750 2342 805 que
2386 734 2667 805 νυιιείοιιίς
2713 737 2999 794 catholica:
3031 740 3217 811 vigore
3250 740 3515 804 firmatas.
3557 758 3585 797 a
3617 742 3832 802 duobus

2234 831 2432 882 missas
2452 829 2699 885 conciliis
2732 846 2825 900 per
2855 831 3075 887 fratrem
3100 844 3154 888 et
3174 835 3560 904 coepiscopum
3584 846 3830 893 nostrum

2231 921 2431 978 Julium
2464 933 2716 995 pergrato
2742 929 3083 997 suscepimus
3112 929 3318 997 animo,
3352 929 3495 999 quod
3528 945 3718 984 earum
3752 940 3834 988 te-

2233 1031 2334 1070 nor
2377 1017 2663 1087 omnisque
2710 1020 2988 1075 contextio
3018 1017 3045 1056 δ
3079 1020 3131 1075 in
3177 1021 3618 1078 consideratione
3647 1024 3832 1095 quoti-

2230 1107 2408 1163 diana:
2438 1109 2631 1179 gratite
2663 1110 2783 1177 Dei,
2812 1120 2867 1166 et
2897 1112 2952 1166 in
2989 1127 3177 1167 eorum
3208 1115 3556 1170 correctione
3581 1114 3673 1186 qui
3701 1130 3839 1173 con-

2233 1209 2313 1256 tra
2346 1203 2608 1268 sentiunt,
2656 1203 2862 1273 integra
2911 1204 3126 1260 ratione
3174 1207 3468 1262 consistit:
3523 1216 3583 1263 ιιι
3627 1218 3682 1263 et
3723 1208 3836 1266 illis

2231 1309 2451 1349 onmem
2486 1294 2680 1351 tollere
2726 1294 2743 1332 ί
2780 1297 2953 1366 possit
2988 1312 3250 1363 errorem,
3300 1305 3358 1353 et
3391 1297 3674 1367 idoneum,
3706 1299 3840 1357 dato

2229 1388 2425 1457 quovis
2458 1398 2661 1442 nostra:
2694 1388 2830 1460 legis
2883 1391 3156 1461 exemplo,
3189 1407 3351 1461 quem
3385 1392 3540 1463 sequi
3571 1392 3832 1465 debeant,

2230 1480 2452 1550 dignum
2495 1482 2703 1551 possint
2733 1483 2979 1552 prtuliere
3008 1482 3316 1539 doetorem.
3366 1484 3474 1540 Sed
3506 1484 3576 1541 de
3607 1485 3694 1541 his
3721 1485 3838 1556 jam

2230 1575 2386 1637 satis,
2412 1584 2470 1628 ut
2492 1575 2710 1645 opinor,
2736 1589 2900 1645 supra
2931 1576 3193 1642 diximus,
3225 1591 3347 1631 cum
3379 1575 3577 1633 vestris
3605 1577 3836 1633 relatio-

2229 1666 2820 1736 llibttsrespottdettles,
2841 1669 3231 1738 rescripsimus
3250 1668 3382 1740 quid
3409 1669 3493 1725 vel
3518 1670 3587 1725 de
3608 1669 3836 1725 illorum

520 1761 623 1818 bus
652 1762 977 1832 glutiantur,
1011 1760 1037 1800 ιι
1066 1779 1201 1834 quas
1243 1765 1296 1819 in
1328 1766 1657 1833 semetipsos
1706 1768 1935 1838 spiculis
1966 1770 2122 1824 mala:

2227 1759 2474 1829 perlidia,
2521 1759 2611 1814 vel
2656 1758 2726 1814 de
2772 1771 2959 1814 vestra
3009 1762 3282 1816 sententia
3335 1762 3686 1817 sentiremus.
3722 1760 3835 1818 Sed

518 1854 914 1922 diSputationis
946 1867 1248 1911 armarunt.
1308 1858 1455 1913 Bene
1501 1858 1680 1914 valete
1731 1859 1951 1916 fratres.
1988 1861 2118 1917 Data

516 1956 672 2003 sexto
690 1945 956 2003 kalendas
978 1948 1259 2005 Februarii
1288 1950 1379 2023 (17
1396 1949 1524 2006 Jan.
1546 1970 1672 2007 ann.
1700 1953 1854 2024 H7),
1875 1954 2119 2012 Honorio

514 2047 571 2096 et
605 2049 629 2077 ο
660 2037 983 2099 Constantio
1012 2042 1142 2098 viris
1170 2043 1495 2101 clarissimis
1526 2047 1870 2105 consulibus.

1007 2262 1347 2320 EPISTOLA
1383 2263 1401 2303 ί
1435 2264 1633 2324 XXXI.

512 2397 767 2453 Rescribit
789 2398 1130 2456 Innocentius
1150 2404 1377 2474 quinque
1398 2404 1677 2477 episwpis,
1699 2405 1827 2477 quid
1848 2406 1912 2461 de
1935 2422 2114 2462 eorum

580 2495 857 2558 sententia,
888 2494 1016 2565 quid
1044 2495 1108 2550 de
1134 2494 1343 2568 Pelagii
1382 2497 1607 2567 perﬁdia
1638 2500 1872 2568 sentiret,
1905 2517 1960 2554 se
1995 2504 2115 2575 jam

579 2587 706 2640 satis
734 2597 911 2641 notum
940 2589 1126 2656 fecisse
1157 2605 1177 2645 :
1206 2592 1435 2645 haeretici
1462 2592 1621 2663 Itujus
1652 2596 1909 2665 fautores,
1931 2597 1976 2649 si
2008 2595 2118 2650 Ilo-

583 2695 680 2732 nta:
704 2680 828 2750 sint,
861 2678 1055 2744 latere;
1086 2681 1178 2735 sed
1205 2682 1369 2736 ubivis
1401 2684 1593 2756 degant
1620 2684 1947 2739 damnandos
1976 2703 2109 2755 esse,

580 2787 863 2843 eorumque
888 2773 1048 2826 saluti
1076 2775 1496 2845 prospiciendum
1517 2792 1536 2831 :
1582 2774 1788 2847 Pelagii
1833 2779 1886 2832 in
1915 2777 2116 2834 Pulm-

581 2870 688 2921 tinu
717 2874 1077 2938 purgationem
1106 2870 1205 2924 sibi
1232 2871 1380 2925 valde
1409 2889 1515 2926 esse
1542 2885 1869 2945 suspectam;
1900 2876 1993 2929 sed
2013 2880 2113 2950 ju-

581 2959 719 3013 dices
746 2961 857 3027 ejus
879 2976 973 3014 nec
1001 2963 1213 3033 culpare
1233 2980 1308 3029 se,
1343 2979 1435 3017 nec
1464 2965 1791 3035 approbare;
1823 2967 1955 3020 nihil
1984 2984 2114 3039 Opus

578 3068 685 3106 esse
732 3061 788 3105 ut
830 3069 950 3107 eum
994 3053 1214 3108 Romam
1262 3065 1510 3117 accersat.
1553 3066 1688 3111 certe
1733 3058 1920 3112 librum
1962 3056 2112 3114 illius

580 3144 913 3208 blaspltemiis
930 3146 1176 3216 refertum
1198 3165 1336 3203 esse:
1363 3150 1407 3202 si
1430 3152 1539 3221 ipse
1566 3167 1767 3206 errores
1792 3152 2107 3221 artatltentet,
2139 3184 2187 3249 C

580 3239 789 3311 facilius
818 3249 1114 3295 revocatum
1151 3240 1219 3295 iri
1263 3258 1393 3310 quos
1423 3243 1668 3309 seduxit;
1696 3247 1785 3299 sed
1809 3244 1891 3300 Itis
1928 3244 2112 3299 saltem

585 3330 979 3389 consulendum.

512 3563 661 3619 ralis.
691 3563 1156 3631 Quemadmodum
1176 3565 1220 3619 is
1248 3580 1384 3635 papa
1409 3565 1460 3620 in
1491 3566 1734 3635 epistola:
1762 3566 1923 3632 hujus
1944 3581 2107 3621 exor-

512 3634 604 3691 diu
635 3644 881 3707 pastores
908 3636 1112 3699 laudat,
1144 3634 1407 3706 qui’oves
1436 3634 1688 3692 illicenler
1714 3639 1911 3691 dudum
1948 3638 2107 3707 petita

511 3708 748 3761 vitantes.
780 3706 882 3760 hoc
908 3715 993 3761 est
1014 3708 1077 3761 ad
1114 3708 1393 3762 meliorem
1426 3709 1628 3773 frugem
1653 3706 2108 3772 coavcrsas,cus-

510 3779 668 3851 lodt'te
697 3780 930 3845 pristina:
944 3778 1396 3851 circumspectione
1417 3781 1571 3833 tutari
1590 3796 1696 3834 nou
1711 3780 1979 3844 dt-digttatt
1990 3795 2000 3829 ι
2012 3795 2104 3845 ur;

514 3849 584 3904 ita
632 3866 775 3903 nunc
802 3864 932 3903 oves
966 3853 1102 3906 illas.
1135 3849 1253 3919 quae
1284 3852 1338 3905 in
1367 3868 1556 3905 errore
1600 3855 1954 3919 pertinaciter
1984 3866 2110 3919 per-

513 3934 760 3981 manent,
785 3935 977 3975 Carere
1004 3929 1112 3976 vult
1147 3924 1395 3976 custodia
1430 3923 1708 3991 pastorali,
1735 3938 1829 3976 seu
1859 3940 1886 3975 a
1918 3936 2105 3991 grege,

512 3993 602 4063 qui
634 4006 917 4061 pasmrum
950 3994 1213 4046 custodia:
1243 3996 1567 4048 conuuiSsus
1592 4006 1693 4060 est,
1736 3996 1999 4062 separari.

589 4073 612 4100 ³·
642 4064 873 4137 Qarnrr.
926 4067 1139 4137 propria
1180 4067 1445 4119 voluntate
1483 4065 1818 4137 signiﬁcavit.
1873 4064 2109 4120 Verbum

515 4135 828 4206 significavit
858 4136 1056 4206 exinde
1086 4138 1228 4205 apud
1259 4143 1394 4205 Aug.
1430 4135 1771 4190 translatum.

585 4205 613 4244 ιδ
646 4207 701 4259 lu
734 4220 843 4260 uno
873 4222 974 4261 tus.
1004 4203 1161 4261 Culb.
1191 4203 1353 4262 deest
1374 4208 1442 4260 ad
1472 4223 1675 4271 sanum,
1708 4222 1805 4276 pro
1834 4221 1942 4276 quo
1971 4205 2113 4265 alter

514 4293 628 4346 prte
658 4293 717 4332 se
741 4281 839 4331 fert
871 4294 1019 4343 sano,
1050 4281 1255 4345 QucSu.
1287 4294 1494 4343 sanum,
1523 4278 1694 4333 Garu.
1721 4279 1855 4332 sani.

590 4359 613 4387 ο
646 4348 800 4412 Apud
847 4348 1077 4417 Quesu.,
1122 4364 1173 4403 ιιι
1209 4350 1261 4404 in
1311 4365 1418 4403 ιιιιο
1467 4368 1568 4402 Ins.
1602 4347 1785 4409 (ῖιιΙῘ).Ω
1825 4348 1983 4411 velut,
2012 4364 2114 4417 pro

518 4436 645 4474 rere.
695 4421 866 4483 lluius
890 4423 1041 4475 vocis
1069 4424 1191 4476 loco
1220 4419 1386 4476 Girn.
1421 4420 1702 4474 substituit
1738 4436 1870 4473 oves.
1909 4421 2115 4474 Deinde

516 4491 658 4560 apud
693 4494 984 4551 Augustin.
1019 4508 1085 4545 ex
1118 4509 1253 4546 mss.
1289 4492 1493 4554 Vatic.,
1518 4504 1568 4543 ιιι
1608 4493 1659 4545 in
1695 4506 1870 4560 marg.
1914 4490 2112 4557 Labh.,

516 4576 834 4635 remane-vtes
874 4572 919 4617 et
950 4576 1317 4635 exspectantes.
1363 4562 1500 4617 Tum
1535 4563 1689 4617 Merl.
1719 4563 1879 4635 hostis
1916 4561 2111 4635 rapidi.

517 4634 653 4687 Aliae
680 4636 811 4688 edit.
844 4633 1053 4689 Called.
1078 4652 1203 4689 eum
1235 4635 1395 4688 Ruut.
1418 4636 1579 4687 hostis
1606 4636 1830 4701 rapidis.
1856 4634 1924 4688 Αι
1945 4633 2113 4688 Cum.

517 4719 708 4758 vocum
737 4706 932 4759 rabidis
956 4705 1184 4773 omittit,
1218 4722 1321 4760 nec
1353 4707 1519 4759 ullam
1550 4707 1598 4758 ei
1630 4705 1933 4758 substituit.

589 4774 616 4813 ἀ
649 4776 819 4849 Garu.
864 4794 994 4849 quas
1046 4779 1098 4830 in
1148 4779 1468 4847 semetipsos.
1515 4778 1720 4849 Quesu.
1773 4792 1897 4849 euut
1933 4785 2119 4849 vetere

516 4848 817 4939 esemplari
861 4838 1032 4939 Colb.)
1058 4865 1160 4918 quo
1200 4838 1415 4931 auctore
1464 4838 1764 4917 semetipsos
1808 4846 2120 4917 quibusdam
2146 4879 2201 4939 Ι)

519 4919 699 4990 (Colh.
738 4936 835 4973 ms.
866 4920 1435 4990 quosdant)spiritalis.

595 5000 618 5027 ο
654 4990 710 5043 In
742 5008 871 5046 mss.
905 4991 1031 5045 lsitl.
1056 4989 1413 5046 Constantino.
1443 4989 1600 5059 Apud
1629 4990 1781 5044 Merl.
1813 4989 2120 5043 Constantio

520 5062 839 5117 consulibus.
884 5064 937 5116 In
970 5063 1089 5117 aliis
1112 5062 1225 5116 edit
1277 5062 1474 5115 coacil.
1510 5078 1575 5114 ac
1618 5061 1772 5113 llom.
1818 5061 2119 5115 Constantio

520 5134 645 5188 viris
672 5135 974 5187 clarissimis
1000 5134 1344 5193 (unuscodex
1366 5132 1521 5187 Culh.
1550 5148 1628 5185 t'v.
1662 5132 1765 5200 cc.)
1795 5130 2114 5185 consulibus.

521 5203 679 5269 Apud
710 5204 946 5261 Garner.
981 5204 1222 5259 Honorio
1252 5220 1303 5257 XI
1354 5216 1401 5257 et
1442 5203 1744 5258 Constantio
1778 5218 1814 5257 ιι
1863 5219 1999 5257 coss.
2051 5204 2118 5257 Ut

522 5289 775 5329 accurata
808 5288 958 5330 eSSet
984 5292 1111 5329 nuta
1142 5277 1229 5329 illa
1254 5275 1581 5336 consularis,
1609 5277 1882 5329 ennuttari
1908 5276 1987 5328 sic
2015 5273 2114 5327 de-

524 5346 701 5407 beret,
734 5346 966 5402 Honorio
985 5351 1215 5419 Angusto
1240 5361 1290 5399 st
1318 5355 1364 5399 et
1392 5346 1693 5400 Constantio
1722 5361 1771 5399 υ.
1801 5362 1847 5400 c.
1883 5344 2013 5417 (hoc
2033 5354 2117 5419 est

523 5420 643 5473 viro
669 5419 994 5483 clarissimo,
1013 5416 1122 5473 non
1142 5435 1217 5471 vv.
1243 5432 1316 5469 cc.
1344 5420 1486 5485 quod
1513 5428 1599 5472 est
1625 5420 1758 5472 viris
1779 5416 2121 5479 clarissimis)

524 5493 845 5545 consulibus.
886 5492 1083 5545 Verum
1109 5507 1173 5542 ex
1206 5490 1453 5557 epistulis
1478 5489 1548 5542 29
1577 5500 1631 5541 et
1650 5490 1738 5555 5|,
1773 5504 1892 5558 quze
1914 5504 1985 5542 ex
2010 5503 2123 5541 me.-

526 5562 681 5615 lioris
706 5572 849 5616 notae
882 5576 1011 5615 tuSs.
1037 5577 1199 5631 quam
1232 5561 1356 5625 ista,
1385 5561 1452 5610 ad
1480 5575 1578 5613 nos
1598 5630 1601 5631 ν
1623 5562 1955 5613 transmissae
1976 5568 2125 5631 sunt,

527 5634 875 5687 reformando
917 5641 1003 5687 est
1034 5630 1149 5686 lia-c
1188 5643 1335 5684 uota.
1368 5632 1482 5684 Non
1520 5630 1666 5684 enim
1696 5632 1911 5686 Videtur
1955 5630 2128 5684 ambi-

524 5705 786 5775 gendum,
818 5705 950 5772 quin
983 5714 1095 5759 trcs
1139 5700 1397 5772 epistolas
1446 5703 1606 5775 simul
1634 5702 1789 5775 datas
1815 5702 2015 5775 eodeni
2044 5718 2131 5775 ra:

528 5768 704 5839 tione,
734 5768 981 5845 adeoque
1007 5782 1122 5845 post
1146 5768 1471 5829 consulatum
1501 5768 1786 5830 Theodosii
1815 5787 1890 5826 vtt
1918 5782 1965 5828 et
1980 5768 2131 5828 Junii

2226 1852 2462 1907 subinde
2503 1865 2695 1906 comra
2726 1868 2822 1907 eos
2854 1854 3103 1907 subvenit
3146 1864 3199 1908 et
3230 1853 3543 1923 suppeditat
3571 1853 3718 1922 quod
3751 1852 3836 1908 di-

2224 1955 2411 2000 catur:
2446 1960 2546 1999 nec
2562 1955 2741 2014 potest
2766 1944 3056 2014 aliquando
3090 1944 3104 1995 i
3146 1959 3271 2001 esse
3296 1944 3441 2015 quod
3476 1945 3678 2008 vincat.
3703 1959 3834 2001 cum

2226 2046 2335 2091 tam
2373 2038 2629 2093 miserum
2663 2038 2995 2109 impiumque
3026 2039 3118 2103 sit,
3152 2038 3295 2109 quod
3327 2050 3528 2094 nostra:
3560 2037 3690 2095 ﬁdei
3716 2039 3832 2095 vir-

2224 2139 2339 2185 tute
2364 2140 2419 2186 et
2449 2132 2561 2202 ipsa
2595 2133 2810 2202 plenius
2837 2132 3066 2187 veritate
3086 2132 3359 2185 vincatur.
3390 2130 3492 2199 Qui
3533 2132 3681 2187 enim
3712 2146 3831 2187 om-

2222 2238 2347 2278 nem
2378 2224 2506 2278 vitm
2551 2239 2703 2293 spem
2750 2224 2961 2294 respuit
3003 2233 3166 2295 atque
3210 2222 3565 2295 contempsit,
3607 2222 3831 2278 inimica

2221 2316 2631 2388 damnabilique
2686 2331 2782 2371 cor
2824 2330 2983 2370 suum
3034 2315 3405 2385 disputatione
3453 2314 3825 2384 confundens,

2220 2425 2344 2467 cum
2377 2409 2556 2464 credit
2591 2408 2725 2463 nihil
2760 2424 2880 2463 esse
2905 2408 3049 2477 quod
3081 2424 3111 2462 a
3162 2411 3275 2463 Ι)εο
3305 2406 3558 2478 accipiat,
3595 2422 3695 2463 nec
3725 2408 3829 2463 ali-

2219 2501 2349 2574 quid
2379 2515 2673 2571 superesse
2702 2500 2844 2570 quod
2876 2510 3026 2570 petat
3048 2499 3116 2553 ad
3146 2500 3454 2555 sanandum
3486 2514 3578 2568 se;
3608 2500 3702 2572 qui
3720 2501 3829 2557 sibi

2221 2593 2326 2648 hoc
2359 2592 2608 2657 abstulit,
2642 2594 2873 2647 ulterius
2906 2591 2932 2629 ¹ί
2961 2591 3090 2662 quid
3118 2591 3388 2663 reliquit?

2290 2687 2345 2740 2.
2389 2685 2446 2740 Si
2470 2700 2600 2756 ergo
2627 2695 2758 2739 sunt
2795 2686 3005 2756 aliqui,
3051 2700 3191 2755 quos
3230 2687 3285 2740 in
3328 2685 3415 2742 sui
3447 2685 3825 2745 defensionem

2219 2779 2560 2850 perversitas
2593 2787 2739 2830 tanta
2775 2773 2792 2813 ι
2821 2776 3087 2842 devinxit,
3117 2778 3209 2847 qui
3234 2778 3360 2833 huic
3380 2795 3439 2835 se
3457 2780 3697 2849 dagtnati
3720 2780 3823 2837 de-

2220 2872 2352 2926 dant
2377 2880 2538 2941 atquc
2568 2869 2933 2940 conjungaut,
2966 2878 3250 2940 sperantes
3274 2872 3378 2926 hoc
3400 2873 3466 2927 ad
3489 2874 3821 2930 catholicam

2220 2963 2497 3034 pertinere
2528 2962 2850 3029 doctrinam,
2882 2962 3028 3031 quod
3062 2963 3369 3019 abhorrens
3400 2966 3618 3035 longius
3645 2976 3700 3021 et
3730 2981 3826 3038 pe-

2219 3056 2366 3111 nitus
2396 3056 2727 3126 approbatur
2748 3054 3062 3121 adversum,
3088 3063 3128 3092 ω
3151 3055 3351 3111 all'ectu
3384 3056 3598 3113 illorum
3622 3070 3677 3115 et
3703 3074 3822 3116 mo-

2221 3149 2349 3204 nitis
2382 3161 2437 3202 et
2477 3147 2661 3203 verbis
2701 3158 2758 3201 ut
2797 3147 3115 3202 laberentur
3159 3148 3401 3215 inducti,
3448 3162 3719 3222 quatenus
3750 3154 3824 3210 ad

2219 3253 2434 3298 rectum
2462 3242 2564 3297 via:
2590 3241 2866 3296 tramitem
2890 3241 3134 3304 redeant,
3167 3241 3525 3311 festinabant,
3554 3252 3583 3280 ιι
3605 3261 3675 3301 ne
3692 3245 3822 3301 diu-

2223 3336 2335 3392 tius
2366 3344 2608 3392 mentem
2648 3334 2908 3390 obsidens
2933 3334 3087 3391 velut
3115 3349 3307 3391 eorum
3341 3337 3600 3395 sensibus
3639 3349 3828 3411 pastus

2217 3563 2429 3638 Quarti.
2460 3561 2810 3638 Innocentius
2835 3563 3189 3638 consignarit.
3227 3564 3332 3621 Sed
3374 3566 3496 3636 quia
3525 3576 3651 3638 post
3691 3583 3825 3626 con-

2213 3636 2449 3689 sulatum
2482 3635 2778 3690 Theodo~ii
2818 3650 2893 3689 vtt
2944 3645 3003 3689 et
3041 3635 3188 3690 Junii
3218 3635 3407 3704 Quarti
3460 3635 3737 3696 llouorius
3766 3651 3824 3697 et

2214 3706 2562 3761 Constantius
2576 3705 3050 3769 endo-indignitate
3070 3706 3312 3776 ἰιιὲίειιίιὶ
3333 3718 3484 3763 sunt:
3506 3713 3825 3776 coitjecml'a

2215 3786 2302 3847 est
2330 3778 2627 3847 antiquarii
2652 3777 2886 3844 alicujus
2906 3792 3076 3841 Opera
3100 3780 3167 3831 ad
3198 3793 3366 3847 lllttl'g.
3395 3781 3666 3846 adjt'Ctum
3695 3797 3825 3839 esse

2214 3844 2547 3901 Ηοιιοτὶυέι
2590 3844 2899 3901 Constantio
2941 3864 3085 3901 cons.
3140 3844 3736 3916 atqne'hoc‘scholiou
3784 3869 3819 3910 ο

2215 3935 2461 3979 margine
2490 3922 2540 3971 in
2573 3930 2780 3972 lextmu
2814 3921 2978 3972 luisse
3011 3922 3354 3974 translatum.

2294 3990 2311 4029 ί
2343 3989 2400 4044 lu
2425 3989 2558 4045 edit.
2587 3988 2796 4045 Coi-cil.
2827 3989 2919 4044 ‘26.
2952 3990 3084 4058 Qua:
3111 4003 3294 4046 autem
3323 4002 3439 4045 erat
3465 3992 3556 4052 59.
3586 4008 3730 4049 nunc
3756 3995 3815 4050 5.

2288 4072 2313 4110 ε
2347 4063 2399 4138 lu
2435 4078 2537 4114 ms.
2561 4060 2756 4138 Corb_._,
2789 4060 3146 4138 Dilectissimis
3169 4061 3416 4138 fratribus
3438 4064 3675 4138 Aurelio.
3693 4064 3823 4138 Alg-

2216 4138 2327 4209 pio,
2360 4134 2675 4209 Augustino,
2698 4131 2921 4209 Evodio,
2959 4129 3280 4209 Ριιδδὶάόιιὶο⁸
3295 4131 3657 4209 Innocentius.

2290 4206 2316 4242 ιλ
2352 4202 2496 4260 Garn
2557 4208 2645 4258 hic
2694 4202 2955 4259 contertio
2983 4214 3081 4271 est,
3112 4217 3162 4258 et
3199 4204 3336 4259 iul'ra
3381 4206 3585 4276 integra
3629 4207 3818 4262 relatio

2218 4278 2293 4330 ita
2330 4277 2586 4339 consistit,
2630 4292 2729 4345 pro
2758 4277 2959 4346 integra
2988 4277 3190 4349 ratione
3217 4277 3470 4331 consistit.
3517 4282 3689 4334 Antea
3718 4294 3821 4349 pro

2219 4350 2556 4405 correctione.
2587 4359 2763 4399 exstat
2796 4348 2847 4399 iu
2877 4361 2979 4401 ms.
3002 4346 3195 4410 Curh.,
3221 4348 3566 4414 correptione.

2299 4418 2313 4456 ί
2355 4419 2505 4485 Apud
2538 4421 2742 4483 Quesu.
2778 4427 2835 4471 ιιι
2879 4418 2932 4471 in
2980 4434 3082 4471 tus.
3136 4418 3301 4482 Pith.,
3340 4423 3554 4483 postint.
3600 4420 3821 4479 Rectius

2220 4491 2312 4545 alii
2356 4490 2478 4543 libri
2525 4489 2708 4556 possit,
2750 4489 2869 4542 scil.
2903 4493 3183 4543 cotttcxtin
3238 4490 3566 4544 litterarum.
3616 4492 3822 4551 Deinde

2220 4563 2355 4618 edit.
2383 4564 2538 4613 "Olli.
2564 4574 2612 4615 et
2643 4559 2853 4615 Coneil.
2886 4560 3079 4613 idoneo
3107 4563 3229 4614 dato
3255 4561 3439 4624 cuiuis.
3471 4565 3572 4615 ιιιεί
3598 4567 3740 4626 ιιιιοιΙ
3767 4567 3821 4619 in

2222 4647 2305 4687 vet
2319 4631 2613 4686 ustturihus
2633 4632 2765 4703 edit.
2787 4630 2997 4703 COVIICII.
3017 4642 3182 4685 reStat
3198 4635 3397 4700 quovis.
3412 4631 3568 4703 Apud
3584 4633 3819 4692 Garner.

2222 4704 2464 4758 idoneum
2487 4704 2674 4761 cuivis,
2707 4702 2828 4753 dnto
2855 4702 3001 4769 legis.

2298 4776 2313 4826 Ξ
2357 4777 2409 4829 In
2440 4775 2572 4826 edit.
2610 4772 2786 4843 ΜιιίιΙη
2821 4771 2961 4825 Crah
2982 4815 3006 4843 ν.
3040 4771 3208 4826 Gartt.
3240 4782 3296 4827 et
3325 4774 3487 4843 Aug.,
3522 4784 3582 4829 ιιι
3609 4776 3664 4832 in
3685 4793 3820 4837 mss.

2227 4849 2427 4908 Vatic.,
2463 4847 2651 4897 deesse.
2684 4842 3086 4896 Pen-ferendum
3117 4844 3331 4897 videtur
3356 4842 3479 4897 cum
3510 4847 3632 4902 aliis
3663 4848 3821 4905 libris

2230 4935 2370 4973 esse:
2400 4917 2555 4986 quasi
2588 4915 2820 4986 dicatur.
2855 4914 2962 4968 Nec
2990 4926 3161 4980 poteSt
3192 4914 3483 4980 aliquando
3506 4915 3643 4986 lii-ri,
3679 4932 3737 4975 ut
3767 4920 3823 4978 id

2230 4994 2407 5045 vincat
2423 4985 2648 5055 dogma,
2671 4985 2813 5054 quod
2835 4988 3213 5060 tam-miserum
3232 4998 3447 5060 tamque
3474 4985 3698 5060 impium
3713 5001 3821 5060 est,

2231 5074 2286 5116 ut
2302 5060 2423 5113 ﬁdei
2450 5069 2650 5111 nostra
2664 5061 2733 5110 vit
2751 5067 2864 5110 ttue
2878 5066 2934 5111 et
2946 5055 3059 5126 ipsa
3084 5058 3311 5113 veritate
3325 5055 3821 5128 pleniusviucatur;

2300 5129 2325 5200 lt
2357 5130 2525 5183 Vatic.
2561 5142 2719 5185 mss..
2743 5129 2872 5200 quid
2896 5129 3133 5200 rtqnirit.

2305 5199 2323 5238 1
2357 5202 2534 5257 Merl..
2552 5201 2754 5266 deﬁxit,
2780 5198 3037 5258 Garuer..
3060 5200 3362 5256 devinxerit.
3399 5201 3629 5260 Inferius
3657 5202 3823 5260 Crab.‘

2225 5282 2281 5329 et
2307 5272 2465 5340 Lab.,
2492 5270 2768 5336 oberrans;
2791 5285 2843 5325 et
2866 5272 2998 5327 cdtt.
3028 5269 3209 5338 Botu.,
3234 5274 3481 5330 oberrans
3507 5291 3607 5344 pro
3627 5275 3821 5329 abltor-

2221 5362 2359 5399 rens.

2297 5426 2337 5453 ω
2374 5414 2540 5475 Editi,
2565 5413 2777 5478 infecti;
2803 5412 3096 5486 Vaticanus
3121 5430 3251 5479 ms.,
3272 5416 3475 5486 infectis
3497 5434 3516 5470 :
3539 5416 3824 5485 corrigun-

2231 5498 2317 5543 tttr
2342 5504 2408 5543 ex
2438 5502 2481 5538 vi
2505 5489 2607 5540 teri
2625 5487 2927 5555 exemplari
2955 5484 3111 5541 Coll).
3136 5488 3260 5540 “:I'C
3285 5484 3616 5553 respondent
3638 5484 3823 5544 verbis

2230 5563 2470 5629 quinque
2498 5574 2545 5616 e.
2570 5558 2881 5613 i~couorum
2918 5577 2970 5612 ιι.
3007 5560 3106 5614 14.
3152 5558 3292 5622 quod
3318 5556 3619 5610 seandalnm
3659 5560 3820 5613 audi-

2232 5642 2364 5687 tores
2420 5638 2467 5682 et
2513 5631 2565 5682 in
2607 5645 2895 5699 perversum
2934 5643 3260 5683 oluscrones
3298 5642 3420 5701 Eius
3458 5645 3823 5701 usquequaque

2229 5717 2470 5775 spargere
2500 5718 2603 5754 non
2630 5714 2849 5775 cessant.
2878 5701 2941 5775 Si
2968 5704 3100 5775 enini
3124 5699 3476 5775 cognoverint,
3500 5699 3607 5757 etc.

2307 5779 2334 5810 τι
2356 5767 2618 5839 Carnem,
2646 5787 2738 5827 nec
2758 5769 3054 5829 diutius....
3078 5767 3305 5824 invadet.
