4344 6174
482 225 590 289 593

1714 233 1772 290 S.
1819 229 2216 289 lN'NOCENTll
2257 233 2275 288 Ι
2315 224 2520 288 ΡΑΡᾹΞ

3681 225 3788 285 596

485 365 641 410 error
663 353 910 412 invadat.
936 353 1071 412 Nam
1109 356 1154 412 si
1188 354 1437 426 Pelagius
1461 397 1474 424 ,
1509 370 1851 428 quocumque
1879 353 2086 413 restitit
2113 367 2165 428 Α
2261 354 2317 410 4.
2362 353 2468 410 Sed
2497 351 2729 418 utinam,
2760 349 2903 420 qttod
2934 348 3230 418 optandum
3259 355 3346 404 est
3378 347 3570 418 magis,
3591 346 3702 418 jam
3727 360 3786 401 se

491 449 634 514 loco,
666 466 857 505 eorum
887 451 1118 519 animos,
1147 451 1235 521 qui
1262 450 1422 506 facile
1438 450 1520 506 vel
1544 450 2081 520 simplicitercrede-

489 556 608 597 rent
631 543 956 610 disputanti,
985 544 1086 598 hac
1106 543 1467 598 affirmatione
1483 543 1718 614 decepit,
1739 553 1764 580 ει
1781 559 1873 598 seu
1890 542 1992 597 hac
2008 542 2084 596 illi

490 635 546 690 in
581 637 717 690 urbe
749 634 890 703 sint,
923 636 1066 704 quod
1099 637 1410 692 nescientes
1443 652 1545 692 nec
1580 635 1929 692 manifestare
1957 651 2085 706 pos-

489 742 676 782 sumus
704 743 805 783 nec
836 742 1036 798 negare
1059 772 1073 792 ,
1104 745 1225 783 omn
1255 729 1381 784 etsi
1415 739 1542 782 sunt.
1577 729 1814 796 lateant,
1851 745 1948 784 nec
1981 728 2086 782 ali-

487 818 710 890 quando
755 819 990 874 audeant
1021 821 1104 876 vel
1141 820 1287 874 illum
1320 821 1707 890 pra-dicantem
1747 821 1846 874 ista
1894 819 2082 874 defen-

488 909 643 978 dere,
675 911 760 966 vel
790 911 915 965 talia
943 909 971 948 ι)
1000 912 1182 982 aliquo
1212 923 1526 967 uestrorum
1554 921 1823 981 prmsente
1845 912 2080 980 jactare,

487 1013 542 1059 et
571 1004 622 1058 in
649 1011 800 1058 tanta
834 1003 1018 1073 populi
1048 1004 1397 1059 multitudine
1422 1003 1761 1074 deprehendi
1791 1002 1988 1073 aliquis
2012 1005 2087 1055 fa-

487 1096 616 1164 cile,
638 1108 660 1135 ο
695 1112 800 1152 nec
823 1097 1027 1151 alicubi
1059 1098 1505 1168 possitagnosci:
1532 1098 1645 1151 sive
1676 1097 1727 1150 in
1761 1096 1951 1167 quovis
1975 1103 2086 1150 ter-

486 1205 670 1245 rarum
704 1191 827 1246 loco
858 1189 1086 1261 degant,
1127 1192 1225 1246 Dei
1258 1192 1431 1246 nostri
1475 1191 1850 1246 misericordia
1885 1189 2086 1259 gratia-

487 1303 594 1358 que
625 1287 904 1343 credimus
926 1330 938 1352 ,
972 1287 1118 1358 quod
1161 1287 1320 1342 facile
1350 1288 1715 1358 corrigantur,
1755 1286 1934 1340 audita
1968 1283 2086 1355 ejus

488 1379 873 1445 damnatione,
922 1382 1012 1450 qui
1049 1378 1210 1436 fuerit
1245 1379 1497 1449 pertinax
1541 1389 1594 1434 et
1639 1377 1901 1434 resistens
1930 1375 2088 1448 hujus

487 1474 762 1544 dogmatis
795 1484 990 1528 auctor
1019 1474 1301 1528 inventus.
1336 1471 1447 1527 Nec
1480 1473 1708 1527 interest
1733 1471 1826 1526 ubi
1859 1471 1946 1526 isti
1973 1470 2089 1524 fue-

491 1567 640 1625 rint.
677 1566 803 1620 dum
843 1565 1170 1637 ubicumque
1205 1566 1441 1621 inveniri
1480 1565 1796 1636 potuerint,
1847 1563 1955 1618 sint
1997 1579 2088 1616 sa-

492 1659 683 1714 nandi.

2185 447 2276 502 ille
2303 447 2368 516 ad
2397 459 2585 500 veram
2605 444 2887 498 catholicae
2913 441 3038 497 fidei
3062 441 3202 496 viam
3236 441 3302 496 ab
3330 437 3423 495 illo
3445 441 3529 495 sui
3555 439 3786 494 tramitis

2187 555 2380 596 errore
2410 546 2716 601 convertat,
2745 546 2803 590 ut
2833 537 3018 606 cupiat
3047 537 3285 607 velitque
3319 535 3534 606 purgari
3560 579 3573 602 ,
3607 534 3789 591 consl-

2185 636 2388 691 derans
2441 633 2816 705 quotidianam
2873 632 2964 686 Dei
3011 631 3283 702 gratiam,
3347 629 3790 700 adjutoriutnque

2185 741 2544 799 Cognoscens,
2572 736 2627 779 ut
2653 725 2903 778 videatur
2933 721 2948 759 ί
2978 738 3108 777 vere
3133 733 3190 776 et
3215 723 3554 792 approbetur
3580 723 3648 775 ab
3672 737 3789 778 om-

2188 823 2347 877 nibus
2388 819 2674 875 manifesta
2715 817 2925 872 ratione
2961 823 3246 871 correctus
3279 861 3292 885 ,
3342 829 3446 869 nou
3506 825 3787 884 gestorum

2184 913 2421 981 indicio,
2457 913 2554 968 sed
2595 912 2660 965 ad
2702 908 3029 965 catholicam
3069 908 3228 964 fidem
3275 908 3444 963 corde
3472 907 3784 963 converso!

2187 1007 2342 1064 Unde
2375 1021 2481 1060 non
2518 1019 2805 1075 possumus
2839 1003 3054 1056 illorum
3084 1017 3182 1056 nec
3212 1002 3524 1070 approbare
3546 1016 3645 1055 nec
3669 1001 3789 1056 cul-

2189 1114 2318 1170 pare
2344 1097 2633 1168 judicium,
2652 1111 2776 1149 cum
2806 1094 3116 1150 nesciamus
3139 1102 3317 1147 utrum
3343 1109 3466 1148 vera
3487 1091 3591 1147 sint
3615 1099 3786 1164 gesta;

2189 1200 2282 1244 aut
2311 1190 2355 1244 si
2389 1204 2517 1244 vera
2549 1189 2681 1257 sint,
2713 1185 2868 1242 illuni
2900 1194 3118 1241 constet
3143 1186 3317 1255 magis
3347 1184 3786 1255 subterfugisse,

2187 1299 2349 1354 quam
2373 1297 2433 1337 se
2457 1291 2564 1336 tota
2595 1282 2831 1336 veritate
2865 1293 3151 1350 purgasse.
3186 1279 3287 1345 Qui
3322 1278 3366 1333 si
3397 1276 3657 1342 confidit,
3689 1291 3789 1332 no-

2187 1377 2375 1446 vitque
2413 1390 2520 1430 non
2557 1383 2743 1428 nostra
2786 1373 3008 1444 dignum
3044 1385 3168 1428 esse
3199 1372 3553 1426 damnatione
3586 1369 3600 1421 i
3643 1369 3788 1439 quod

2189 1471 2336 1526 dicat
2363 1471 2589 1537 autjam
2623 1469 2727 1524 hoc
2762 1479 2928 1522 totmn
2967 1480 3027 1522 se
3057 1466 3322 1520 refutasse
3358 1465 3502 1534 quod
3531 1465 3786 1531 dixerat;

2190 1581 2299 1622 non
2338 1581 2370 1619 a
2409 1563 2569 1618 nobis
2599 1561 2859 1618 accersiri
2886 1603 2900 1627 ,
2943 1560 3036 1615 sed
3080 1561 3199 1630 ipse
3227 1559 3389 1614 debet
3419 1560 3596 1629 potius
3629 1557 3787 1613 festi-

2191 1673 2355 1724 nare,
2399 1665 2456 1710 ut
2498 1656 2676 1725 possit
2705 1653 2936 1709 absolvi.
2972 1651 3106 1707 Nam
3149 1652 3193 1706 sl
3234 1652 3412 1706 adhuc
3448 1651 3631 1706 taliter
3662 1665 3789 1706 sen-

560 1754 614 1809 5.
653 1751 820 1807 Nobis
849 1761 1030 1808 tamen
1071 1749 1094 1788 ἀ
1131 1767 1231 1808 nec
1261 1752 1579 1824 persuaderi
1610 1759 1789 1822 potest
1811 1766 1934 1806 eum
1968 1765 2088 1805 esse
2118 1771 2167 1832 Β
2197 1751 2296 1817 tit;
2329 1748 2550 1820 quando
2595 1762 2655 1802 se
2689 1756 2882 1800 nostro
2922 1745 3164 1815 judicio,
3213 1745 3499 1814 quibusvis
3521 1741 3546 1782 ιε
3578 1745 3790 1799 accitus

491 1859 780 1920 purgatura
804 1894 816 1916 ,
855 1847 1104 1919 quamvis
1138 1847 1204 1902 ad
1249 1862 1349 1902 ncs
1385 1857 1406 1884 θ
1437 1862 1465 1900 a
1495 1846 1681 1901 nescio
1712 1845 1908 1916 quibus
1937 1843 2090 1898 laicis

493 1947 601 1997 sint
640 1952 789 2012 gesta
827 1944 1029 2010 perlata
1054 1959 1068 2006 ;
1094 1941 1296 2010 quibus
1328 1940 1422 1995 ille
1453 1949 1506 1994 et
1535 1939 1778 1994 auditum
1815 1952 1874 1991 se
1901 1935 2091 1991 crede-

493 2043 596 2101 ret,
627 2044 680 2089 ct
710 2033 1043 2087 absolutum.
1075 2034 1208 2100 Qua:
1240 2043 1417 2087 utrum
1448 2047 1572 2086 vera
1601 2032 1734 2099 sint,
1755 2030 2086 2097 dubitamus,

488 2126 630 2197 quod
672 2124 773 2180 sub
816 2126 968 2180 nulla
1006 2125 1151 2180 illius
1195 2124 1413 2180 concilii
1442 2123 1462 2162 ί
1507 2124 1894 2194 prosecutione
1923 2138 2090 2178 vene-

489 2229 638 2282 runt,
668 2236 767 2274 nec
797 2234 982 2274 eorum
1017 2219 1228 2288 aliquas
1266 2221 1582 2290 accepimus
1620 2218 1688 2274 de
1726 2219 1828 2272 hac
1852 2233 1911 2273 re
1945 2218 2090 2272 litte-

491 2330 611 2382 ras,
638 2314 782 2385 apud
816 2330 955 2384 quos
991 2315 1148 2369 istius
1181 2317 1255 2369 rei
1293 2315 1394 2370 iste
1423 2314 1906 2384 praestititcausas.
1935 2312 2086 2382 Quod

489 2409 536 2463 si
563 2409 631 2464 de
659 2423 756 2462 sua
777 2409 868 2462 ille
894 2408 1158 2477 potuisset
1183 2409 1508 2479 purgatione
1531 2405 1828 2472 confidere,
1857 2407 2088 2461 hocma-

489 2502 569 2571 gis
598 2499 875 2555 credimus
915 2499 1059 2570 quod
1091 2501 1328 2571 egisset,
1368 2500 1511 2572 quod
1547 2500 1718 2554 multo
1757 2499 1938 2555 verius
1967 2513 2085 2554 esse

491 2602 740 2660 potuerat
765 2635 778 2659 ,
809 2603 867 2647 ut
905 2595 1027 2647 illos
1054 2601 1275 2662 cngct‘ct
1306 2592 1557 2662 epistolis
1589 2592 1702 2646 suis
1730 2602 1752 2639 ε
1784 2591 1910 2662 quid
1945 2590 2088 2661 judi-

490 2693 748 2738 caverant
780 2685 1041 2740 indicare.
1080 2684 1278 2740 Verum
1328 2701 1450 2739 cum
1483 2685 1594 2740 sint
1621 2685 1810 2752 aliqua
1853 2688 1907 2738 iu
1955 2684 2086 2752 ipsis

493 2778 668 2847 posita
700 2779 903 2849 gestis,
949 2795 1071 2848 qua:
1098 2779 1313 2849 objecta
1349 2779 1549 2849 partim
1586 2780 1675 2834 ille
1704 2779 1925 2833 vitando
1954 2794 2084 2842 sup-

488 2873 723 2942 pressit,
758 2875 951 2940 partim
993 2872 1158 2926 tuulta
1193 2874 1243 2927 in
1277 2892 1336 2928 se
1365 2875 1532 2929 verba
1566 2872 1942 2946 retorquendo
1977 2883 2086 2928 tota

488 2966 823 3021 obscuritate
845 2966 1082 3021 confudit
1105 3011 1118 3034 ,
1149 2967 1328 3038 aliqua
1354 2969 1524 3040 magis
1549 2968 1698 3023 falsis
1719 2970 2076 3039 argumentis,

487 3077 648 3130 quam
680 3077 805 3115 vera
840 3064 1052 3117 ratione
1095 3059 1121 3098 ιι
1156 3071 1215 3117 ut
1243 3063 1310 3116 ad
1354 3075 1567 3134 temmts
1604 3062 1780 3119 videri
1824 3069 2078 3134 poterat,

2195 1844 2397 1899 litteris
2419 1887 2432 1911 ,
2468 1856 2591 1895 cum
2621 1841 2756 1894 sciat
2788 1838 3155 1894 damnandum
3183 1852 3242 1892 se
3265 1852 3410 1907 €350,
3432 1835 3790 1892 committet?

2193 1935 2349 2006 Quod
2382 1933 2424 1989 si
2453 1933 2844 1989 accersiendus
2870 1931 3129 1997 esset,ab
3165 1931 3230 1985 iis
3263 1931 3461 1985 melius
3492 1930 3670 1997 fieret,
3695 1928 3790 1997 qui

2196 2032 2366 2102 magis
2391 2030 2620 2102 proximi
2645 2038 2701 2085 et
2735 2045 2842 2084 non
2878 2029 3043 2099 longo
3073 2037 3343 2082 terrarum
3389 2025 3568 2091 spatio
3601 2023 3792 2076 viden-

2193 2134 2281 2180 tur
2311 2141 2432 2180 esse
2454 2123 2732 2194 disjuncti.
2766 2122 2872 2178 Sed
2897 2138 3000 2175 non
3027 2118 3212 2175 deerit
3241 2135 3395 2187 cura,
3431 2119 3472 2171 si
3503 2116 3789 2171 medicinae

2195 2219 2435 2289 przebeat
2478 2217 2574 2273 ille
2603 2216 2912 2271 materiam.
2948 2215 3136 2270 Potest
3174 2213 3319 2268 enim
3363 2212 3625 2266 damnare
3667 2227 3787 2281 quas

2193 2321 2464 2378 senserat,
2490 2326 2553 2364 ac
2583 2309 2726 2364 datis’
2757 2307 2982 2372 litteris,
3010 2307 3214 2362 erroris
3248 2305 3355 2372 sui,
3386 2315 3442 2358 ut
3469 2319 3784 2375 regressum

2191 2406 2258 2462 ad
2294 2419 2395 2460 nos
2417 2403 2597 2473 decet,
2625 2405 2839 2458 veniam
2875 2400 3180 2471 postulare,
3220 2398 3418 2454 fratres
3449 2393 3786 2453 charisslmi.

2262 2502 2315 2558 5.
2362 2501 2583 2555 Librum
2618 2513 2782 2564 sane,
2829 2499 2919 2569 qui
2961 2498 3084 2565 ejus
3121 2511 3244 2552 esse
3286 2494 3587 2557 diceretur,
3628 2493 3788 2549 nobis

2187 2611 2214 2649 a
2251 2603 2433 2652 vestra
2476 2593 2746 2649 charitate
2782 2592 3164 2647 transmissum
3191 2589 3533 2645 evolvimus:
3581 2589 3630 2640 in
3672 2602 3777 2657 quo

2190 2689 2360 2746 multa
2393 2698 2586 2744 contra
2618 2688 2712 2744 Dei
2739 2687 2967 2758 gratiam
3015 2687 3243 2756 legimus
3280 2699 3401 2738 θμεςξ
3428 2683 3737 2749 conscripta
3761 2723 3778 2748 ,

2192 2783 2358 2840 multa
2399 2783 2716 2852 blasphema
2746 2825 2759 2848 ,
2801 2781 2934 2836 nihil
2968 2780 3112 2850 quod
3145 2780 3408 2848 placeret,
3434 2777 3572 2833 nihil
3605 2776 3617 2814 ¹
3651 2789 3788 2845 pene

2189 2879 2334 2948 quod
2368 2895 2474 2934 non
2517 2878 2731 2946 penitus
2761 2877 3103 2946 displiceret,
3147 2891 3172 2925 a
3204 2873 3393 2943 quovis
3418 2870 3785 2926 damnandum

2187 2981 2352 3044 atque
2375 2970 2696 3027 ealcandum
2715 3012 2728 3036 ,
2758 2971 2916 3039 cujus
2933 2967 3152 3030 similia,
3179 2966 3283 3020 nisi
3304 2965 3393 3035 qui
3423 2965 3523 3019 ista
3548 2965 3785 3031 scripse-

2189 3074 2290 3131 rat,
2325 3079 2487 3120 nemo
2515 3063 2654 3119 alter
2680 3064 2731 3117 iu
2766 3072 3000 3118 mentem
3031 3062 3303 3130 reciperet
3331 3069 3496 3129 atque
3527 3059 3784 3114 sentiret.

487 3153 741 3222 purgavit
769 3198 782 3220 ,
828 3154 1077 3225 negando
1109 3155 1213 3212 alia
1242 3201 1255 3222 ,
1307 3156 1414 3209 alia
1463 3156 1592 3211 falsa
1632 3157 2085 3227 interpretatione
2113 3169 2160 3232 ρ
2191 3157 2322 3213 Nam
2355 3158 2460 3213 hoc
2490 3159 2612 3212 loco
2645 3157 2709 3211 de
2736 3158 2854 3226 lege
2886 3156 3048 3210 latius
3072 3155 3358 3225 disputare
3381 3196 3394 3216 ,
3429 3153 3577 3208 velut
3600 3166 3786 3207 coram

493 3248 778 3302 vertendo.

557 3475 580 3501 ⁸
613 3465 764 3522 Unus
791 3467 961 3521 codex
997 3466 1153 3526 Colb.
1203 3485 1264 3523 ac
1302 3468 1445 3524 Pith.
1474 3484 1597 3524 cum
1630 3470 1792 3522 (Iorh.
1828 3487 1854 3522 a
1906 3473 1920 3523 l
1960 3486 2074 3524 ma-

483 3554 582 3606 nu,
613 3553 700 3591 seu
727 3539 807 3591 hic
837 3539 950 3603 illi,
989 3547 1096 3594 etc.
1129 3541 1286 3594 Alter
1319 3551 1373 3594 ut
1405 3543 1548 3610 apud
1581 3541 1821 3610 Qui-sm,
1867 3557 1955 3595 seu
1991 3542 2075 3595 hic

485 3611 647 3681 aliqui
673 3610 876 3678 decepti
902 3612 1024 3675 sint,
1057 3628 1186 3681 quos
1216 3613 1516 3666 nescientes.

557 3679 583 3718 ι)
617 3680 671 3732 In
705 3697 812 3732 uno
838 3697 967 3752 ins.,
997 3679 1226 3752 quolibet
1258 3696 1568 3737 nostrorum.

559 3762 580 3790 ε
609 3752 767 3820 Apud
820 3751 1079 3819 Garueta,
1118 3770 1208 3807 nec
1245 3757 1327 3808 ubi
1361 3753 1516 3808 lateat
1561 3755 1740 3821 possit.
1799 3753 2076 3810 Inferioris

483 3832 630 3898 nota}
659 3838 818 3888 mss.,
844 3840 935 3877 nec
962 3823 1279 3898 deprehendi
1308 3826 1493 3894 aliquis
1511 3826 1666 3898 facile
1682 3827 1758 3879 vel
1788 3825 2001 3879 alicubi.

555 3891 581 3930 ά
605 3894 751 3965 [έοιξο
780 3891 1062 3965 particulae
1091 3912 1203 3960 nec,
1235 3891 1469 3952 Garnet‘.
1503 3891 1782 3954 substituit
1806 3899 1906 3952 vim.

557 3973 581 4002 ⁸
609 3963 842 4019 Garuer.
875 3981 904 4020 e
935 3970 1128 4033 priscis
1164 3970 1448 4036 Augusdni
1482 3971 1614 4023 edit.
1639 3968 1743 4021 huc
1772 3969 2074 4032 revocavit,

483 4036 736 4111 anastris
763 4037 1072 4107 quibusdam
1100 4039 1268 4092 laicis.
1291 4040 1684 4109 Diospolttanze
1710 4040 1900 4111 synodi
1924 4051 2074 4110 gesta

482 4104 572 4159 hic
607 4104 1002 4163 memorantur.

557 4174 577 4214 τ
615 4176 769 4231 Meri.
802 4189 855 4232 et
879 4180 1037 4233 Crah.
1062 4225 1076 4247 ,
1112 4184 1442 4245 executione;
1471 4181 1669 4236 deinde
1701 4180 1930 4237 Garner.
1954 4221 1969 4246 ,
1999 4183 2078 4234 iu-

481 4249 789 4304 noluerint:
817 4251 1219 4321 refragantibus
1248 4255 1369 4306 aliis
1397 4255 1569 4308 libris.

556 4322 767 4395 8_Apnd
795 4322 998 4395 Quesu.
1028 4324 1546 4395 quidjvdicaveriut,
1585 4323 1796 4391 quodet
1821 4323 2079 4378 secundis

479 4392 632 4465 curis
662 4393 827 4465 habet
851 4393 1023 4447 codex
1048 4392 1364 4449 Navarreus
1391 4412 1403 4446 :
1437 4398 1526 4465 qtti
1558 4396 1778 4465 quidem
1807 4409 1930 4448 cum
1951 4395 2080 4449 aliis

479 4463 676 4538 Isidor_i
724 4465 1132 4538 exemplaribus
1168 4480 1282 4538 pra:
1329 4482 1387 4520 se
1423 4463 1632 4521 fert-bat
1658 4465 1783 4536 quid
1803 4466 2080 4538 judicnoef

478 4543 622 4610 runt.
641 4533 984 4610 Posteriores
1003 4536 1130 4590 edit.
1160 4537 1392 4610 Concil.,
1420 4533 1900 4610 quijudicarerunt.
1924 4537 2079 4603 Apud

479 4606 616 4678 aug.
655 4607 741 4678 qui
769 4608 1201 4678 dijudicaoerunt.
1258 4607 1315 4662 in
1367 4606 1532 4663 ed‘it.’
1555 4611 1734 4672 Iiom.,
1767 4619 1823 4662 ut
1861 4607 1912 4662 in
1947 4624 2076 4662 mss.

477 4671 834 4754 C't)lb..'Ptt‘h:
860 4689 913 4732 et
938 4676 1097 4754 Cttrb.
1114 4679 1280 4754 ._quid
1296 4682 1681 4754 judicaveraut.
1714 4671 1790 4734 Ml
1815 4680 1928 4732 lucc
1953 4694 2079 4747 pro-

477 4749 597 4812 pius
617 4749 829 4818 accedit
869 4749 1011 4818 quod
1040 4766 1102 4803 ex
1138 4749 1338 4816 Merlf,
1369 4752 1553 4814 (lral).,
1583 4761 1692 4808 etc.
1722 4793 1734 4816 ,
1767 4765 2080 4805 revocmuus

473 4817 560 4882 qui
589 4817 1138 4894 dijudicareraut.rA_t
1178 4823 1316 4876 istud
1345 4823 1512 4878 Garn.
1553 4824 1690 4894 quod
1718 4823 2080 4894 judicarcrant

472 4891 990 4964 more__ecclesiaslico
1018 4891 1280 4964 indicare,
1308 4891 1575 4963 glossema
1601 4891 1762 4964 sapit.

545 4954 573 4992 ¹³
605 4957 753 5035 Unus
782 4977 821 5035 εἰ
843 4977 972 5014 mss.
1004 4961 1185 5035 Golb.,
1209 4954 1343 5035 quo?!
1373 4954 1682 5033 adtempus'.
1710 4967 1906 5019 Totum
1930 4966 2076 5020 hunc

475 5028 759 5109 loc:un_ita
783 5032 952 5109 Garri.
986 5028 1240 5109 exhibet,
1275 5052 1435 5109 quam,
1456 5028 1574 5090 vera
1606 5039 1805 5091 ratione
1831 5039 2073 5109 purgavit

472 5100 737 5182 negando,
769 5102 891 5182 alia
920 5103 1054 5182 falsa
1086 5100 1469 5182 interpretando
1491 5125 1602 5182 ,_ne
1630 5113 1700 5182 ad
1723 5100 1918 5182 tempus
1933 5100 2072 5182 νᾳᾳὶ-

472 5126 737 5169 neguuuu,
785 5126 891 5154 mw
920 5126 1054 5171 [ursa
1086 5126 1469 5178 tttserpt'emnao
1491 5152 1504 5170 ,
1538 5126 1602 5162 ne
1630 5126 1700 5161 (ιη
1723 5126 1918 5180 tempus
1994 5127 2070 5162 ιιι-

471 5169 588 5251 dem
619 5171 780 5251 videri
812 5177 1035 5251 potuerit
1062 5176 1368 5251 absolutus,
1408 5180 1596 5233 verbis
1635 5181 1872 5246 demptis
1916 5126 2070 5234 ntidi-

466 5244 607 5317 t_is\'_e
628 5254 725 5317 aut
745 5244 867 5297 loco
895 5249 1060 5302 mntis
1087 5256 1284 5317 praeter
1317 5250 1478 5306 fidem
1504 5252 1737 5306 aliorum
1768 5244 2056 5305 librorum.

468 5313 543 5366 Ex
574 5314 1006 5388 hacilnnocentii
1031 5313 1344 5376 narratione
1379 5324 1644 5388 su~picari
1683 5332 1768 5376 est
1799 5338 1907 5375 non
1943 5323 2057 5377 sin-

466 5398 591 5464 cera
620 5387 690 5440 ad
716 5403 841 5441 eum
856 5390 1036 5464 _missa
1071 5406 1191 5445 esse
1224 5387 1613 5460 momentum:
1643 5394 1836 5464 synodi
1867 5403 2018 5462 gesta
2039 5434 2053 5460 ,

467 5457 562 5536 sed
585 5475 654 5538 ,σπι
690 5459 1103 5538 quae-Pelagius
1135 5457 1576 5538 adulteraverat,
1611 5457 1840 5538 tuncque
1870 5457 2061 5532 defen-

461 5530 632 5604 siouis
653 5547 760 5583 ante
786 5530 1078 5587 chartulam
1117 5538 1340 5587 Voeahat
1361 5575 1375 5600 ,
1410 5536 1586 5604 qualia
1618 5530 1671 5589 et
1701 5535 1767 5587 ad
1797 5530 2058 5598 Augusti-

464 5611 590 5678 num
623 5601 761 5654 idem
789 5604 1080 5678 h_.creticus
1100 5608 1349 5678 miserat.
1378 5601 1539 5660 Certe
1570 5621 1695 5660 cum
1725 5604 2061 5678 Operamde-

461 5666 641 5733 disse,
674 5682 730 5724 ut
759 5673 1066 5730 adulterata
1097 5676 1188 5730 illa
1217 5690 1367 5744 gesta
1407 5666 1799 5748 usquequaque
1831 5677 2053 5748 discur-

454 5750 662 5804 l‘ﬁrcnt,
692 5749 1002 5812 suspicatur
1033 5757 1086 5804 et
1107 5751 1438 5820 Augustinus
1471 5747 1566 5803 lib.
1594 5747 1660 5802 de
1689 5747 1870 5804 Gestis
1902 5747 2054 5803 Pela-

2191 3251 2367 3324 posito
2390 3261 2834 3322 repugnantequ
2875 3249 3092 3319 Pelagio
3126 3245 3497 3303 necessarium
3527 3258 3651 3300 esse
3675 3259 3785 3299 non

2179 3472 2273 3540 gii,
2303 3486 2356 3526 n.
2390 3471 2480 3534 57,
2513 3471 2599 3524 ubi
2631 3471 2704 3524 ait
2731 3488 2742 3521 :
2781 3469 2909 3536 Quis
2934 3485 3035 3521 non
3052 3470 3227 3522 credat
3262 3469 3316 3521 id
3344 3467 3501 3540 fuisse
3533 3485 3785 3536 procura-

2180 3539 2311 3606 tum,
2344 3551 2400 3595 ut
2430 3550 2693 3614 tamquam
2723 3557 2819 3614 pro
2838 3541 3327 3614 gestorumjllorunt
3349 3539 3784 3614 breviationeisla

2179 3615 2361 3667 charta
2388 3611 2747 3684 usquequaque
2767 3611 3121 3684 discurreret?
3141 3611 3253 3665 Nec
3285 3612 3562 3664 immerito
3594 3611 3784 3677 opine-

2182 3701 2302 3739 mur
2332 3682 2546 3755 iguotos
2583 3684 2702 3737 illos
2746 3684 2894 3737 viros
2921 3723 2935 3742 .
2985 3682 3074 3752 qui
3099 3685 3382 3755 scriptum
3417 3693 3777 3755 memoratum

2181 3752 2526 3816 detulerunt.
2557 3755 2781 3823 Pelagio
2813 3755 3057 3808 audietos
3089 3753 3256 3808 fuisse
3278 3795 3290 3818 ,
3328 3764 3489 3818 atque
3527 3752 3578 3807 id
3621 3754 3783 3808 Iuno-

2181 3832 2362 3882 centio
2399 3827 2694 3881 tradidisse
2717 3867 2730 3890 ,
2765 3825 2909 3895 quod
2935 3827 3196 3894 magistro
3220 3841 3319 3879 suo
3347 3825 3532 3879 favere.
3557 3839 3783 3891 persua-

2180 3915 2300 3953 sum
2326 3899 2606 3954 habereui.
2637 3899 2767 3953 Jure
2795 3897 2960 3967 igitur
2983 3897 3422 3951 Innocentiusde
3443 3899 3613 3966 gestis
3643 3897 3775 3962 illis,

2182 3982 2354 4024 utrum
2381 3984 2498 4024 vera
2527 3972 2631 4023 sint
2650 4013 2664 4036 ,
2710 3969 2964 4024 dubitare
2992 3983 3051 4023 se
3081 3971 3335 4038 superius
3365 3974 3443 4022 ait
3468 4007 3485 4036 ,
3522 3967 3778 4022 inferius-

2181 4057 2286 4111 que
2315 4042 2532 4109 repetit.

2261 4112 2274 4150 ί
2312 4113 2466 4178 Apud
2505 4115 2638 4180 Aug.
2683 4117 2743 4165 ut
2782 4111 2834 4163 in
2869 4125 3034 4177 mss.,
3077 4128 3270 4166 verum.
3299 4112 3420 4166 Mox
3448 4110 3582 4165 Lab.
3606 4151 3619 4174 ,
3655 4119 3779 4180 post

2182 4184 2312 4240 edit.
2345 4185 2507 4238 Rom.
2541 4196 2592 4238 et
2618 4182 2797 4254 Μαι..
2825 4193 3083 4254 gestorum
3105 4183 3354 4253 judicio:
3385 4182 3665 4254 mendose.

2257 4255 2270 4306 i
2313 4256 2523 4323 Quesu.
2555 4253 2843 4323 pra-misso
2871 4265 3065 4317 antea,
3113 4256 3214 4319 Qui
3239 4256 3282 4307 si
3312 4271 3367 4307 se
3396 4253 3613 4320 conﬁdit
3643 4293 3656 4316 ,
3693 4254 3778 4310 hic

2183 4327 2422 4393 subjicit,
2446 4339 2501 4380 ut
2530 4325 2799 4394 conﬁrmet
2830 4341 3003 4379 verum
3025 4341 3134 4380 esse
3160 4326 3296 4394 quod
3319 4326 3476 4386 dicat,
3503 4333 3592 4378 aut
3621 4327 3773 4378 etiam

2183 4399 2279 4450 hac
2308 4407 2493 4458 totum,
2519 4409 2651 4457 etc.,
2684 4412 2891 4450 merum
2917 4399 3207 4466 glossema,
3235 4397 3380 4466 quod
3406 4412 3582 4463 neque
3605 4396 3659 4449 in
3687 4411 3775 4450 ve-

2185 4469 2394 4522 teribus
2425 4467 2642 4521 (ludit-is
2667 4468 2734 4521 ab
2769 4467 2890 4533 ipso
2917 4468 3115 4537 thlgzlli
3149 4468 3554 4536 exertiplaribus
3581 4467 3770 4535 depre-

2185 4539 2490 4594 hendimus.
2527 4539 2581 4592 In
2613 4540 2744 4593 edit.
2775 4540 2930 4592 llotu.
2962 4539 3308 4593 desideratur
3335 4539 3652 4605 eonjunmio
3681 4547 3771 4591 aut

2183 4619 2308 4665 ante
2343 4612 2458 4680 jam
2499 4613 2592 4663 hoc
2636 4618 2820 4663 totum.
2857 4612 2897 4662 A
2937 4609 3206 4665 Garnerio
3236 4621 3288 4664 et
3319 4610 3516 4664 exinde
3553 4611 3604 4660 in
3639 4625 3772 4663 nova

2184 4681 2321 4751 Aug.
2369 4684 2610 4736 editione
2657 4683 2727 4734 ita
2757 4681 3008 4750 vulgatus
3040 4693 3125 4735 est
3157 4680 3243 4736 hic
3279 4681 3432 4735 locus
3474 4698 3486 4733 :
3536 4680 3690 4744 Quod
3729 4682 3772 4734 si

2109 4784 2160 4845 Β
2185 4755 2405 4845 conlidit.
2436 4754 2674 4822 novitque
2713 4760 2890 4845 nostra
2923 4753 3137 4845 dignrum
3174 4769 3226 4806 se
3239 4769 3371 4845 [esse
3397 4753 3731 4845 ldanmationf
3754 4793 3770 4818 ,

2185 4826 2322 4891 quod
2352 4825 2488 4877 dicat
2517 4828 2621 4887 iam
2655 4831 2826 4895 toturn
2846 4826 2941 4877 hoc
2971 4823 3199 4895 refutare
3237 4823 3411 4894 (apud
3441 4829 3600 4887 .~\ug.,
3629 4824 3771 4893 refu-

2181 4896 2340 4964 tasse)
2367 4895 2506 4966 quod
2535 4894 2760 4948 dixerat.
2785 4893 2979 4949 Nostra
3015 4893 3179 4950 lectio
3205 4893 3270 4946 eo
3291 4905 3376 4948 est
3400 4895 3599 4962 potior,
3629 4895 3770 4962 quod

2180 4983 2286 5021 non
2317 4970 2493 5020 Solum
2527 4967 2594 5019 ad
2628 4976 2873 5019 veterum
2904 4966 3152 5020 codiciim
3183 4968 3341 5019 fidem
3367 4980 3647 5033 expressa,
3675 4967 3768 5020 sed

2173 5049 2228 5092 et
2259 5039 2472 5094 ceteris
2494 5038 2706 5107 plenior
2727 5048 2887 5106 atque
2920 5038 3184 5106 integrior
3210 5045 3313 5091 est.
3349 5037 3461 5091 Hoc
3492 5039 3640 5090 enim
3665 5038 3769 5092 sibi

2174 5112 2286 5163 vult
2313 5109 2682 5177 lilﬂOCcttllllS,
2717 5117 2775 5162 ul.
2805 5109 2848 5162 si
2885 5109 3130 5179 Pelagius
3151 5108 3390 5162 confidat
3419 5108 3770 5164 damnatione

2169 5179 2393 5250 dignum
2437 5197 2541 5234 non
2583 5192 2706 5234 esse
2732 5179 2873 5248 quod
2907 5181 3071 5233 etiam
3113 5195 3258 5234 nunc
3287 5180 3431 5234 dieat
3463 5194 3523 5232 ac
3548 5181 3764 5243 doceat,

2168 5255 2250 5304 vel
2274 5253 2384 5320 jam
2417 5252 2686 5306 refutasse
2710 5267 2805 5305 seu
2829 5261 3157 5307 retractasse
3179 5267 3242 5304 ac
3276 5251 3602 5314 repudiasse
3622 5251 3767 5320 quod

2169 5324 2376 5392 pridem
2411 5324 2624 5377 dixerat
2652 5337 2716 5376 ac
2747 5322 3032 5386 docuerat,
3063 5326 3180 5390 ipse
3203 5323 3274 5377 de
3301 5321 3646 5378 absolutione
3670 5335 3766 5377 sua

2162 5406 2350 5449 Certus
2372 5395 2604 5449 Romam
2635 5395 2834 5449 debeat
2867 5409 3190 5464 properare.

2233 5466 2259 5502 ¹ι
2305 5466 2467 5530 Edtti,
2501 5466 2762 5536 acceptis;
2797 5465 2935 5519 Pith.
2976 5463 3102 5532 ms.,
3132 5475 3396 5532 acceptus.
3423 5463 3766 5536 Concinnius

2159 5533 2350 5597 Corh.,
2383 5538 2597 5592 accitus.
2626 5533 2802 5591 Paulo
2827 5547 2956 5591 ante
2979 5552 3078 5607 pro
3105 5537 3350 5591 accersiri
3378 5581 3391 5603 ,
3421 5537 3474 5589 in
3509 5551 3613 5590 ms.
3649 5535 3756 5590 Va-

2165 5609 2255 5661 tic.
2288 5620 2465 5664 exstat
2489 5609 2669 5662 acciri.

2236 5678 2250 5715 ‘
2292 5679 2437 5735 Istud
2481 5696 2644 5749 pene,
2686 5695 2750 5735 ac
2795 5679 3082 5748 superiora
3127 5679 3326 5746 verba,
3379 5680 3546 5733 multa
3583 5689 3762 5736 contra

2163 5747 2262 5806 Dei
2308 5752 2533 5824 gratiam
2581 5747 2802 5824 legimus
2843 5747 2958 5821 esse
3005 5751 3332 5822 conscripta,
3399 5766 3466 5820 ex
3518 5751 3764 5817 editione
