4210 6190
332 255 437 317 601

1511 256 1873 317 EPISTOUE
1914 257 2006 319 er
2041 258 2391 349 occasu.

3507 269 3637 341 ίοοε

334 369 535 445 aliquid
560 371 673 441 liat,
705 374 866 446 quale
895 373 1181 446 providere
1231 382 1287 430 et
1315 373 1645 445 propellere,
1679 390 1746 431 ne
1776 375 1921 431 acci-
1946 386 2003 448 Α
2026 377 2222 446 tiones,
2247 392 2370 434 cum
2410 377 2532 449 plus
2576 392 2638 436 se
2677 379 2856 435 adhuc
2912 387 3160 437 metuere
3211 382 3421 448 dicant,
3468 400 3629 456 quam

333 467 510 537 deret,
540 469 626 524 vel
655 484 723 526 ne
752 469 980 538 accidat,
1012 467 1177 524 etiam
1206 467 1313 540 ipsi
1341 467 1415 524 sit
1437 476 1492 525 et
1520 478 1704 541 postea
1728 472 1932 528 moles-

336 561 631 619 tissimum.

791 658 1132 716 EPISTOLA
1173 668 1200 697 ι
1234 657 1456 715 XXXV.

335 753 597 808 Joannem
631 750 1009 824 Hieronymum
1050 751 1591 824 Hierosolymilanum
1635 753 1930 827 prospicere

407 843 683 913 debuisse,
726 861 790 899 ne
819 854 891 899 tot
940 861 1002 898 ac
1051 846 1208 900 tantis
1254 846 1429 912 malis,
1476 844 1662 915 quibus
1714 846 1930 916 afflicta:

403 948 521 995 sunt
547 937 720 994 Paula
742 946 792 993 et
823 936 1189 1005 Eustochium,
1247 938 1681 1010 opprimerentur,
1733 954 1795 991 ac
1827 938 1930 992 nisi

405 1028 516 1085 lucc
545 1027 785 1102 deinceps
815 1041 901 1083 aut
924 1030 1274 1102 corrigantur,
1303 1039 1394 1083 aut
1422 1029 1792 1099 retundantur,
1834 1046 1927 1085 ra-

407 1123 596 1178 tionem
618 1122 739 1175 inde
762 1122 1113 1176 redditurum.

536 1216 903 1272 Dilectissimo
934 1218 1084 1272 l‘ratri
1123 1217 1315 1274 losum
1340 1216 1716 1275 INNOCENTIUS.

409 1312 774 1379 Direptioues,
800 1310 1003 1376 caedes,
1038 1311 1311 1378 incendia,
1366 1327 1532 1367 omne
1567 1311 1801 1378 facinus,
1830 1328 1928 1368 ex—

336 1417 525 1463 tremae
552 1405 578 1445 δ
608 1406 915 1463 clementiae
964 1405 1408 1476 generosissimus
1450 1416 1655 1463 sanctze
1689 1407 1927 1479 virgines

333 1500 693 1560 Eustochium
740 1509 798 1557 et
824 1500 990 1556 Paula
1020 1499 1445 1570 deploraverunt
1486 1502 1537 1557 in
1570 1501 1706 1556 locis
1737 1502 1929 1558 Eccle-

333 1595 431 1653 site
451 1604 556 1651 tute
580 1602 925 1665 perpetrasse
949 1594 1223 1650 diabolum
1258 1613 1270 1649 :
1303 1610 1502 1651 nomen
1524 1597 1670 1650 enim
1690 1595 1927 1651 hominis

333 1702 665 1761 causamque
712 1688 1070 1745 reticuerunt.
1125 1689 1278 1757 Quod
1325 1690 1431 1746 etsi
1472 1689 1788 1760 ambiguum
1815 1705 1924 1745 non

2036 482 2442 541 conquerantur
2467 486 2588 528 esse
2639 472 2972 543 perpessas?
3018 474 3197 530 Altius
3246 490 3553 548 censerem,
3585 479 3633 536 si

2036 572 2224 619 essent
2255 564 2456 633 aliquid
2491 565 2562 621 de
2591 565 2689 621 hac
2720 581 2777 620 re
2807 581 3020 622 mecum
3052 569 3298 637 apertius
3325 571 3631 629 collocutae.

2041 654 2194 719 Vide,
2244 656 2433 722 frater,
2466 658 2673 728 antiqui
2713 656 2886 713 hostis
2916 659 3166 727 insidias,
3194 672 3247 716 et
3279 664 3471 732 Spiritu
3503 665 3633 721 boni

2036 748 2266 802 rectoris
2315 750 2595 820 pervigila,
2629 758 2689 804 ut
2742 753 2881 816 haec,
2930 767 3053 823 quae
3104 753 3171 808 ad
3223 770 3321 810 nos
3369 757 3632 827 opinione

2037 841 2229 910 magis,
2255 857 2416 909 quam
2450 845 2798 899 accusatione
2828 846 3138 907 manifesta.
3166 847 3343 904 delata
3368 861 3513 917 sunt,
3546 852 3632 908 vel

2034 935 2394 1004 corrigantur,
2426 936 2508 991 vel
2543 937 2909 993 retundantur
2938 956 2951 992 :
2983 954 3052 994 ne
3078 940 3172 1010 jus
3196 942 3630 1000 ecclesiasticum

2033 1026 2102 1083 de
2143 1027 2749 1089 labefactatishcausas
2796 1048 2944 1101 eum,
2997 1034 3089 1105 qui
3120 1049 3229 1090 non
3282 1035 3630 1104 defenderit,

2033 1130 2294 1193 przestare
2320 1125 2629 1196 compellat.

2498 1258 2835 1316 EPISTULA
2871 1260 2885 1297 ί
2920 1260 3165 1319 XXXVI.
3371 1265 3375 1269 ’
3410 1265 3486 1274 μ”’
3538 1267 3551 1277 ’

2034 1373 2096 1430 Si
2122 1375 2339 1429 maritus
2371 1378 2523 1449 cujus
2549 1393 2681 1430 uxor
2701 1377 2757 1432 in
2784 1380 3131 1450 captivitatem
3162 1386 3333 1451 [uerat
3373 1381 3626 1451 abducta,

2103 1466 2322 1523 alterum
2345 1473 2619 1543 acceperit,
2652 1483 2934 1529 reuertente
2964 1476 3156 1546 prima,
3188 1476 3416 1535 secunda
3446 1479 3631 1533 mulier

2102 1564 2245 1620 debet
2273 1567 2503 1624 excludi.

2506 1696 2855 1739 lNNOCENTlUS
2884 1683 2899 1736 t'
2940 1698 3128 1741 rnono.

333 1782 406 1840 εῖι
432 1794 454 1823 ε
485 1798 516 1839 ³
544 1800 655 1854 quo
698 1784 1075 1850 commissum.
1138 1784 1382 1853 οβοτιιιῖι
1416 1794 1599 1839 iamet!
1646 1783 1927 1840 ουειοάίτθ
1958 1796 2005 1857 Β
2102 1796 2464 1853 Conturbatio
2494 1800 2753 1868 procellae
2781 1799 3084 1857 barbarica;
3114 1801 3362 1858 facultati
3393 1800 3419 1840 ιί
3448 1803 3631 1874 legum

333 1878 746 1949 germanitatem
793 1887 962 1940 tuam.
993 1886 1051 1933 et
1078 1874 1105 1914 ά
1133 1879 1283 1949 gregi
1311 1876 1459 1932 illius
1479 1877 1775 1933 sollicitius
1801 1894 1929 1948 pro-

332 1969 540 2032 videre.
572 1986 641 2026 ne
670 1970 797 2043 quid
830 1969 1140 2040 hujusmodi
1169 1972 1433 2038 oriretur,
1464 1971 1609 2043 quod
1639 1988 1762 2028 cum
1793 1972 1929 2027 alio-

335 2078 455 2120 rum
484 2063 732 2133 periculo
765 2072 856 2118 tua
885 2063 1108 2119 lacessit
1137 2063 1466 2135 negligentia
1504 2074 1527 2101 θ
1559 2064 1851 2121 admittere
1873 2066 1926 2121 in

334 2172 556 2232 gregem
585 2156 838 2223 Domini;
873 2167 928 2213 et
956 2156 1099 2212 tales
1142 2173 1309 2228 agnas
1356 2158 1630 2223 incendio,
1680 2159 1848 2215 armis
1873 2167 1930 2215 et

334 2250 829 2323 persecutionibus,
856 2250 1052 2316 nudas,
1076 2249 1312 2316 debiles,
1342 2260 1466 2321 post
1492 2266 1718 2307 suorum
1750 2251 1931 2308 caedes

333 2353 390 2400 et
429 2354 663 2409 mortes,
691 2343 780 2398 vix
813 2344 994 2399 vivere
1022 2344 1355 2400 audivimus.
1407 2345 1552 2400 Nihil
1588 2354 1771 2402 movet
1816 2347 1932 2417 pie-

336 2445 503 2494 tatem
536 2435 556 2475 ί
584 2434 733 2492 illam
756 2437 1052 2493 sacerdotii
1080 2438 1153 2492 tui
1186 2438 1253 2493 de
1278 2447 1423 2493 tanta
1454 2437 1658 2495 diaboli
1684 2439 1738 2494 in
1770 2448 1826 2495 te
1850 2450 1933 2496 at-

335 2544 442 2603 que
463 2528 515 2585 in
535 2539 655 2585 tuos
674 2540 944 2602 potestate
965 2530 1203 2587 admissa
1224 2532 1246 2585 ?
1265 2532 1318 2587 in
1341 2542 1411 2599 te,
1435 2531 1689 2604 inquam;
1711 2549 1932 2605 prorsus

339 2623 835 2681 enimssacerdotis
854 2626 1175 2696 gravitatem
1199 2624 1751 2682 eondemnattantum
1778 2627 1934 2684 nefas

340 2717 395 2773 in
425 2717 672 2774 Ecclesia
700 2717 871 2775 fuisse
910 2719 1261 2790 completum.
1287 2718 1390 2775 Ubi
1419 2720 1762 2788 provisiones
1785 2722 1931 2777 tuae?

338 2810 433 2867 ubi
459 2819 628 2879 certe,
659 2813 706 2868 si
740 2827 898 2869 casus
948 2822 1267 2882 evenerant,
1314 2814 1516 2869 auxilia
1564 2815 1650 2871 vel
1681 2817 1932 2872 consola-

2034 1889 2215 1944 intulit
2235 1904 2448 1945 casum.
2476 1890 2608 1945 Nam
2639 1892 2778 1947 bene
2800 1896 3104 1949 constituto
3119 1896 3468 1951 matrimonio
3491 1897 3634 1952 inter

2033 1981 2355 2038 Fortunium
2400 1995 2457 2041 et
2504 1985 2696 2042 Ursam
2743 1988 3074 2057 captivitatis
3123 1988 3378 2045 incursus
3423 1988 3636 2046 fecerat

2034 2092 2269 2144 naevum,
2306 2077 2409 2135 nisi
2461 2090 2646 2134 sancta
2700 2080 2981 2150 religionis
3015 2089 3215 2137 statuta
3254 2081 3629 2152 providerent.

2033 2169 2166 2224 Cum
2198 2171 2342 2226 enim
2368 2172 2419 2226 in
2449 2172 2771 2242 captivitate
2794 2173 3056 2243 praedicta
3086 2173 3220 2229 Ursa
3252 2175 3454 2230 mulier
3482 2185 3638 2230 tene-

2034 2272 2217 2329 retur;
2270 2251 2422 2319 aliud
2469 2265 2783 2337 coniugium
2834 2283 2957 2322 cum
3011 2267 3282 2324 Restitute
3334 2267 3636 2327 Fortunius

2035 2366 2372 2414 memoratus
2422 2360 2593 2416 inisse
2639 2361 2993 2430 cognoscitur
3021 2361 3138 2432 (54,
3170 2379 3221 2433 q.
3258 2364 3284 2417 1
3315 2372 3365 2416 et
3396 2362 3453 2430 2,
3487 2381 3537 2418 c.
3567 2361 3634 2430 2;

2036 2448 2129 2505 Iro
2157 2469 2209 2521 p.
2238 2451 2292 2518 8,
2328 2468 2376 2510 c.
2408 2451 2561 2525 245).
2603 2452 2711 2509 Sed
2746 2453 2932 2510 favore
2974 2453 3190 2509 Domini
3230 2469 3452 2511 reversa
3498 2454 3636 2511 Ursa

2034 2559 2134 2599 nos
2162 2544 2326 2613 adiit,
2361 2554 2415 2599 et
2460 2545 2612 2599 nullo
2652 2546 2952 2611 diftitente,
2997 2562 3222 2601 uxorem
3258 2563 3319 2602 se
3350 2548 3638 2604 memorati

2035 2635 2337 2707 perdocuit.
2360 2637 2539 2705 Quare
2559 2679 2572 2702 ,
2601 2637 2819 2693 domine
2843 2638 2916 2692 ﬁli
2941 2639 3133 2693 metito
3163 2639 3410 2705 illustris,
3441 2640 3639 2694 statui-

2038 2741 2190 2793 mus,
2222 2726 2326 2781 lide
2376 2728 2643 2783 catholica
2697 2728 3052 2800 suffragante,
3100 2729 3231 2784 illud
3287 2746 3410 2785 esse
3449 2731 3643 2800 conju-

2036 2819 2207 2889 gium,
2241 2818 2388 2890 quod
2416 2829 2538 2876 erat
2566 2820 2821 2889 primitus
2851 2816 2869 2857 ι
2907 2821 3079 2890 gratia
3111 2821 3296 2875 divina
3327 2820 3641 2888 fundatum;

340 2950 533 3032 quippe
567 2949 808 3032 dogmata
858 2948 1169 3032 huiusmodi
1208 2947 1478 3032 [taurinum
1539 2966 1573 3032 ᾳ
1617 2949 1926 3032 quibuslibet
1956 2969 2002 3032 ο
2036 2951 2126 3006 ubi
2160 2951 2357 3032 legitur
2401 2960 2455 3032 et.
2487 2952 2619 3032 tales
2660 2969 2845 3032 agnos,
2888 2969 3016 3021 quos
3066 2953 3401 3032 incendiquu
3428 2956 3635 3032 _nudas,

343 3018 608 3077 catholicis
630 3018 784 3075 etiam
814 3023 903 3093 qui
926 3018 1002 3093 :ab
1023 3018 1132 3074 illis
1152 3022 1304 3074 terris
1329 3021 1480 3093 longe
1506 3018 1716 3090 absunt,
1744 3023 1924 3075 redar-

340 3093 543 3165 guenda
574 3103 691 3165 sunt
716 3108 735 3147 :
760 3108 823 3165 ne
851 3091 1155 3165 ubicumque
1171 3106 1367 3165 nocere
1396 3091 1593 3159 possint
1611 3109 1713 3162 quo
1745 3108 1924 3161 perae.

340 3161 454 3219 nire
480 3164 759 3233 potuerint.
792 3161 966 3227 Impia
1006 3161 1124 3216 vero
1154 3163 1317 3234 facta,
1348 3180 1568 3234 quorum
1597 3161 1835 3218 coercitio
1860 3165 1927 3218 ad

408 3238 683 3308 iscOpalem
736 3237 954 3307 pertinet
998 3235 1349 3308 disciplinam,
1402 3235 1486 3288 ubi
1513 3238 1930 3298 committuntur,

408 3252 683 3308 iscOpatem
736 3252 954 3307 pertinet
998 3252 1349 3306 aisctptmnm,
1402 3252 1485 3288 um
1513 3252 1930 3298 committuntur,

342 3252 413 3363 illi
440 3308 764 3373 potissimum
782 3325 815 3362 a
833 3305 1171 3378 prcesentibns
1192 3308 1271 3359 vel
1293 3306 1347 3359 in
1374 3308 1614 3378 proximo
1642 3308 1934 3362 constitutis

342 3380 615 3449 diligentia
658 3376 912 3449 pastorali
959 3387 1007 3431 et
1057 3377 1145 3444 pia
1171 3376 1461 3449 severitate?
1486 3377 1759 3449 plectentia
1788 3388 1934 3433 sunt.

343 3447 461 3506 Nos
491 3447 668 3520 itaque
692 3459 799 3503 tam
823 3447 973 3517 longe
1003 3449 1177 3515 positi,
1206 3458 1384 3515 aptare
1428 3448 1668 3503 debemus
1697 3448 1779 3520 Itis
1808 3466 1934 3503 cau-

340 3524 414 3577 sis
437 3519 591 3575 talem
614 3519 724 3573 illic
750 3520 900 3592 ﬁnem
926 3520 1064 3585 dari,
1088 3528 1143 3572 ut
1167 3534 1269 3572 non
1297 3522 1362 3573 sit
1388 3536 1590 3574 necesse
1613 3519 1823 3575 ubilibet
1852 3520 1937 3574 ul-

342 3593 502 3648 terius
522 3593 777 3662 judicari.
812 3592 909 3647 Ubi
942 3594 986 3645 is
1024 3593 1215 3645 doctor
1260 3592 1426 3659 impia
1458 3594 1707 3659 dogmata
1737 3593 1806 3644 ab
1836 3593 1938 3645 im-

345 3666 448 3737 piis
477 3661 630 3719 factis
656 3664 1017 3737 distinguens,
1061 3662 1237 3737 impia
1255 3661 1506 3732 dogmata
1535 3680 1563 3716 a
1593 3677 1938 3733 quocumque

344 3734 614 3792 catholico
648 3748 702 3792 et
725 3736 1053 3803 ubicumque
1087 3734 1266 3804 argui,
1300 3751 1406 3787 nun
1443 3737 1571 3789 item
1606 3736 1768 3797 inmia
1797 3739 1936 3789 facta

344 3823 373 3862 a
401 3808 641 3878 quolibet
664 3809 908 3862 coerceri
934 3821 1093 3876 posse
1117 3809 1299 3860 docet.
1326 3805 1495 3861 Aliter
1518 3821 1647 3878 vero
1677 3806 1939 3878 Innocen-

347 3876 455 3935 tius
480 3880 548 3935 de
578 3880 727 3935 sedis
775 3896 888 3932 sua:
922 3886 1188 3946 potestate
1218 3880 1482 3944 sentiens,
1519 3877 1684 3945 impia
1718 3876 1856 3931 facta
1884 3878 1939 3931 in

348 3952 624 4007 territorio
656 3965 762 4007 non
797 3949 973 4004 minus
1001 3951 1190 4019 procitl
1215 3964 1242 4001 a
1272 3965 1331 4002 se
1352 3965 1513 4019 quam
1542 3950 1611 4002 ab
1636 3949 1941 4014 Augustino

352 4022 569 4078 distanti
593 4022 912 4087 commissa,
959 4021 1043 4075 vel
1067 4020 1343 4090 judicibus
1374 4020 1811 4089 competentibus
1839 4019 1939 4074 da-

351 4095 439 4155 tis.
468 4098 550 4150 vel
582 4095 686 4149 alia
709 4095 872 4148 etiam
895 4094 1104 4147 ratiOue
1132 4093 1440 4146 vindicandi
1464 4094 1669 4160 sibijus
1692 4106 1939 4146 essenon

347 4164 631 4221 dubitavit.
656 4166 993 4233 Quamquam
1025 4163 1092 4219 ad
1121 4164 1407 4232 Augustini
1435 4163 1764 4217 sententiam
1797 4166 1847 4215 iu
1877 4177 1943 4217 eo

346 4236 726 4307 accedit,quod
742 4245 1080 4307 competentes
1088 4235 1192 4307 jud
1198 4238 1295 4288 ices
1312 4250 1338 4307 a
1356 4250 1416 4307 se
1431 4234 1746 4288 tribuendas
1758 4233 1940 4307 docet.

350 4307 464 4364 Hoc
488 4305 634 4364 enim
686 4305 905 4363 nomine
931 4305 1218 4376 episcopos
1255 4305 1338 4359 vel
1368 4305 1421 4359 in
1445 4308 1633 4360 eadem
1662 4305 1943 4371 provincia

348 4380 436 4434 vel
467 4379 521 4433 in
545 4383 787 4450 proxima
819 4380 1151 4435 consdtutos
1179 4376 1483 4447 intelligere
1501 4376 1641 4431 haud
1672 4377 1945 4431 immerito

350 4450 619 4507 videatur.

423 4531 450 4560 ⁸
493 4523 550 4578 111
574 4524 705 4579 edit.
735 4522 947 4579 Concil.
980 4522 1071 4578 52.

423 4591 451 4632 δ
490 4594 697 4650 Placuit
720 4596 1009 4668 aliquando
1032 4609 1158 4648 cum
1193 4592 1427 4668 Baronio
1462 4601 1529 4668 Aet
1559 4592 1696 4647 edit.
1730 4590 1945 4668 Concil.

352 4666 624 4720 dementire
650 4684 670 4721 :
699 4668 793 4721 sed
812 4664 985 4721 'mibis
1031 4665 1378 4731 postmodum
1424 4664 1598 4719 vis-tm
1640 4674 1726 4718 est
1769 4666 1949 4732 potius

351 4737 480 4792 hinc
508 4739 715 4793 laudari
739 4748 956 4794 sanctas
999 4739 1233 4807 virgines
1281 4740 1429 4807 \‘clltt
1454 4747 1697 4791 extremae
1726 4738 1950 4789 clemen-

354 4809 459 4870 tite.
487 4812 628 4877 quod
653 4808 836 4864 infesti
855 4809 1091 4864 hominis
1118 4824 1315 4863 nomen
1340 4806 1700 4874 odiornmqne
1725 4822 1946 4862 causam

353 4879 673 4937 reticuerim
708 4899 722 4937 :
753 4883 1001 4952 adeoque
1029 4878 1286 4934 Romana:
1313 4879 1567 4934 editionis
1590 4878 1805 4933 lectioni
1841 4880 1949 4932 luc-

354 4955 607 5008 reudum.

428 5034 450 5093 σε
481 5025 651 5088 liuius
682 5024 939 5081 facinoris
968 5023 1207 5093 suspicio
1238 5022 1289 5075 in
1322 5020 1598 5093 Pelagium
1625 5019 1876 5074 cadebat.

426 5092 453 5132 δ
486 5095 560 5151 lta
592 5096 788 5152 Baron.
821 5099 892 5151 At
912 5096 1045 5148 edit.
1068 5090 1223 5150 Rom.
1247 5092 1439 5166 gregis.
1464 5090 1520 5145 ’Is
1543 5093 1747 5161 primus
1769 5102 1849 5143 est
1876 5090 1953 5143 lo-

354 5181 474 5235 cus,
504 5185 571 5223 ex
598 5183 707 5235 quo
729 5167 1016 5236 epistolam
1041 5168 1182 5220 hanc
1210 5181 1241 5219 e
1269 5167 1460 5219 Graeco
1481 5177 1802 5236 conversam
1821 5176 1953 5215 con-

350 5234 706 5307 jeetavimtts.
739 5234 871 5293 Nam
905 5237 1050 5308 quod
1091 5237 1280 5292 Graece
1303 5242 1377 5308 τῷ
1398 5236 1615 5307 ποιμνίῳ
1645 5234 1828 5289 ἑαυτοῦ
1855 5246 1950 5308 seu

354 5303 515 5365 ὰύτοῦ
534 5355 548 5375 ,
569 5311 613 5364 si
635 5311 824 5365 Latine
844 5303 949 5364 non
969 5309 1035 5362 ad
1066 5311 1294 5362 verbum
1314 5303 1456 5376 gregi
1487 5303 1652 5372 illius,
1678 5309 1774 5359 sed
1796 5314 1853 5357 ut
1876 5303 1954 5357 loc

354 5383 505 5435 cutio
525 5381 715 5436 Latina
744 5384 1005 5450 postulat,
1029 5380 1291 5451 gregisuo
1314 5378 1591 5445 reddatur,
1619 5390 1741 5444 quae
1766 5388 1955 5451 manca

356 5453 592 5521 primum
625 5464 682 5508 et
711 5445 944 5508 obscura
967 5445 1269 5522 apparebat
1302 5451 1570 5504 orationis
1603 5452 1801 5514 series,
1834 5445 1953 5516 ple-

358 5537 428 5577 na
455 5533 511 5577 et
536 5534 724 5590 aperta
754 5524 866 5580 ﬁet.

437 5604 460 5631 ο
496 5597 637 5649 Ειιὶι.
676 5598 833 5651 ltum.
868 5603 926 5651 et
957 5592 1192 5660 Concil.,
1224 5592 1461 5647 amittere
1489 5607 1716 5664 gregem,
1741 5605 1808 5644 ex
1832 5603 1955 5656 pra-

358 5680 425 5719 va
468 5667 708 5722 lectione
751 5678 996 5723 veterum
1034 5665 1335 5733 librorum,
1369 5664 1421 5718 in
1453 5664 1649 5731 qntbns
1674 5664 1959 5733 ammittere

404 5751 464 5790 ro
489 5739 766 5797 admittere
785 5738 959 5797 scribi,
994 5738 1135 5806 solet
1167 5738 1570 5805 :.currignntur
1592 5750 1659 5788 ex
1691 5732 1957 5795 Baronio,

362 5751 507 5862 Ευϋά
535 5816 696 5862 ouem
722 5804 905 5862 tamen
935 5807 1134 5862 deinde
1161 5814 1268 5862 tiou
1296 5807 1465 5862 levius
1491 5806 1667 5862 eistat
1690 5806 1952 5862 erratum.

381 5806 507 5878 ipiid
535 5816 696 5880 Quem
722 5804 905 5867 tamen
935 5804 1134 5865 deinde
1161 5814 1268 5865 non
1296 5804 1667 5882 levtuset‘tstat
1690 5806 1952 5865 erratum,

2033 3025 2187 3094 quasi
2220 3040 2319 3077 vox
2348 3023 2517 3077 nudas
2543 3026 2615 3078 sit
2638 3024 2875 3078 secunda
2904 3038 3137 3093 persona
3161 3024 3313 3078 verbi
3331 3026 3489 3078 nudo.
3520 3031 3640 3092 Quo

2038 3096 2215 3164 posito
2241 3094 2485 3167 Joannes
2521 3095 2715 3149 horum
2749 3096 3051 3167 facinorum
3084 3107 3275 3149 auctor
3298 3141 3312 3167 ,
3356 3099 3639 3167 renitente

2039 3168 2205 3220 totius
2233 3165 2481 3235 epistola:
2504 3169 2673 3232 serie,
2710 3165 3056 3235 pra'dn-atur.

2115 3238 2133 3275 ι
2170 3238 2398 3293 ltedolet
2433 3248 2487 3292 et
2518 3238 2656 3291 alter
2698 3239 2803 3293 iste
2850 3240 3001 3293 locus
3032 3237 3283 3294 Graecum
3335 3238 3523 3294 Latine
3570 3255 3638 3296 ex

2037 3324 2190 3364 more
2221 3310 2417 3379 liugnre
2448 3325 2560 3363 sua:
2591 3310 2927 3377 loquentem,
2957 3317 3012 3363 et
3038 3311 3128 3375 qui
3161 3327 3285 3363 cum
3315 3309 3510 3367 (ἔπνεε
3546 3318 3639 3373 τὴν

2037 3381 2304 3437 εὐσέϐειαν
2334 3381 2677 3450 praelegissﬂ
2697 3423 2711 3446 ,
2752 3382 3040 3436 articulum
3071 3386 3162 3442 τήν
3196 3384 3466 3435 Vocabula
3491 3384 3640 3437 illam

2040 3453 2229 3508 Latine
2282 3454 2698 3519 exprimendum
2756 3454 3105 3508 existimarit.
3160 3454 3366 3507 Deinde
3395 3455 3641 3508 Latinius

2040 3533 2255 3581 tanta...
2283 3532 2527 3595 potestas,
2559 3541 2716 3591 quam
2750 3522 2814 3575 de
2836 3535 3047 3578 tanta...
3078 3534 3353 3595 potestate,
3384 3525 3634 3579 dixisset.

2113 3605 2138 3642 s
2170 3595 2327 3659 Apud
2360 3594 2585 3663 Baron.,
2620 3595 2923 3649 sacerdotii.

2112 3663 2141 3702 ιι
2166 3666 2331 3727 Editi,
2356 3665 2549 3733 causis,
2575 3681 2673 3731 pro
2703 3681 2811 3734 quo
2836 3666 3005 3719 verbo
3035 3683 3272 3729 causam,
3305 3666 3410 3719 hoc
3439 3674 3526 3720 est
3553 3683 3642 3720 ra-

2042 3738 2253 3799 tionem,
2284 3738 2681 3789 restituendnm
2722 3752 2847 3790 esse
2888 3738 2999 3800 jam
3041 3737 3481 3805 conjeceramus,
3515 3753 3639 3792 cum

2044 3810 2097 3864 in
2136 3810 2433 3877 archetypo
2471 3824 2655 3861 causas
2700 3808 2801 3878 legi
2838 3807 3153 3861 didicimus.
3184 3810 3458 3878 l’ort'ojus
3478 3810 3640 3862 eccle-

2042 3880 2307 3934 siasticum
2338 3887 2486 3932 recto
2515 3878 2567 3931 in
2599 3892 2728 3932 easu
2763 3877 2849 3931 hic
2879 3882 3219 3933 enuntiatur.

2123 3950 2137 3987 ί
2171 3952 2226 4005 111
2251 3950 2385 4003 edit.
2417 3949 2630 4003 Concil.
2664 3952 2714 4005 9.
2749 3948 2894 4003 Inter
2924 3949 3227 4004 Innocentii
3259 3949 3482 4005 decreta
3512 3949 3642 4003 Dio-

2045 4023 2234 4094 nysins
2264 4020 2513 4094 Esigutts
2534 4020 2934 4094 epistolaerltnic
2957 4022 3022 4075 37
3049 4020 3227 4075 locum
3257 4023 3469 4076 tribuit.
3509 4022 3638 4075 Eam

2047 4091 2173 4148 inde
2191 4094 2427 4158 sumpsit
2449 4091 2699 4161 lliSpame
2722 4093 3064 4147 collectionis
3081 4094 3434 4160 compilator,
3455 4109 3521 4146 ex
3539 4109 3646 4157 quo

2047 4173 2103 4220 ct
2130 4164 2390 4227 Isidorus,
2427 4173 2481 4215 nt
2504 4165 2668 4234 solet,
2699 4163 2947 4217 eamdem
2979 4166 3296 4234 exscripsit.
3329 4163 3376 4218 A
3412 4164 3647 4218 Cresco-

2051 4238 2141 4290 ttio
2165 4253 2214 4290 c.
2244 4235 2351 4288 2'26
2392 4233 2665 4289 laudatur.
2714 4234 2930 4289 Nullam
2981 4250 3093 4303 pra:
3132 4233 3191 4290 se
3227 4237 3331 4289 fert
3361 4235 3643 4300 tenuioris,

2049 4323 2160 4377 quo
2191 4308 2391 4375 scripta
2419 4306 2511 4369 sit,
2557 4317 2761 4359 notant.
2804 4308 3148 4375 Quaprotiter
3176 4321 3295 4361 eam
3330 4308 3381 4359 in
3411 4306 3645 4361 classem

2051 4376 2407 4447 epistularum
2435 4380 2625 4431 incerti
2655 4381 2920 4444 temporis
2950 4378 3244 4431 amandare
3276 4376 3546 4445 cogimur.

2129 4450 2142 4500 i
2170 4449 2269 4503 Hic
2291 4448 2502 4502 Prolms
2524 4449 2664 4501 lilius
2685 4449 2966 4503 exstitisse
2986 4450 3200 4503 videtur
3224 4449 3383 4503 Probi
3406 4447 3649 4517 praefecti

1972 4496 2028 4556 D
2055 4519 2311 4590 prdatorio
2342 4530 2396 4573 et
2420 4521 2609 4574 Probae
2637 4518 2845 4573 Faltoni
2866 4537 2894 4569 υ
2922 4521 3154 4588 insignis
3182 4520 3331 4573 illius
3362 4496 3646 4584 ntratronte,

2050 4593 2119 4648 de
2141 4608 2243 4662 qua
2266 4592 2415 4646 etde
2448 4593 2634 4645 liberis
2659 4593 2779 4657 ejus
2808 4591 3172 4662 {lierOnymus
3190 4592 3358 4659 epist.
3378 4590 3436 4649 8,
3463 4590 3527 4643 ad
3553 4591 3654 4662 De-

2052 4659 2397 4729 tttet'rtadettt,
2421 4662 2539 4715 hzec
2570 4662 2734 4715 habet
2768 4679 2778 4714 :
2812 4659 2982 4713 Proba
3018 4659 3113 4713 illa
3150 4662 3380 4714 onmium
3415 4660 3652 4730 dignita-

2053 4746 2161 4789 tum
2182 4744 2229 4787 et
2259 4742 2460 4788 cuncta:
2492 4731 2778 4786 nobilitatis
2807 4734 2859 4784 in
2886 4734 3005 4784 orbe
3030 4730 3266 4784 Romano
3292 4748 3473 4784 nomen
3500 4731 3658 4784 illus-

2054 4808 2209 4866 trius,
2243 4807 2390 4875 cujus
2411 4807 2659 4857 sanctitas
2682 4812 2729 4857 et
2752 4804 2803 4856 in
2825 4804 3090 4875 universos
3113 4804 3315 4856 bonitas
3336 4804 3488 4855 etiam
3511 4802 3656 4875 apud

2054 4872 2633 4945 barbai'os'tenrrabilis
2678 4877 2799 4945 fuit,
2840 4890 2994 4943 quant
3023 4874 3178 4927 trium
3206 4875 3481 4927 liberorum
3514 4872 3653 4925 Pro-

2034 4948 2184 5021 .bini,
2217 4945 2420 5017 Olybrii
2451 4944 2704 5021 etAProbi
2728 4960 2829 5021 non
2864 4945 3437 5021 {atigarunt_ordi_nari_i
3466 4960 3657 5021 consu-

2055 5014 2191 5072 latus
2225 5034 2241 5072 :
2277 5014 2465 5071 etcum
2507 5017 2730 5069 incensis
2775 5017 3096 5085 direptisque
3138 5016 3376 5068 domibus
3415 5016 3469 5069 in
3519 5014 3657 5070 Urbe

2055 5089 2327 5161 captivitas
2354 5097 2437 5145 stt.
2474 5103 2610 5161 nunc
2642 5085 2847 5161 habitas
2876 5086 3422 5161 dicititr_t'enuittdure
3456 5104 3660 5161 posses-

2055 5157 2243 5213 siones.
2274 5161 2409 5214 Ursa
2439 5159 2657 5225 quidem
2688 5158 3005 5225 captivitate
3036 5157 3127 5211 illa
3152 5199 3166 5222 ,
3196 5175 3317 5225 qua:
3358 5174 3501 5211 anno
3527 5157 3657 5222 409,

2057 5246 2244 5285 mense
2267 5237 2532 5299 Augusto,
2565 5227 2710 5284 Urbe
2741 5233 2808 5282 ab
2841 5230 3058 5283 Alarico
3085 5241 3413 5298 expugnata,
3434 5234 3652 5293 accidit,

2056 5302 2287 5355 abducta
2312 5301 2850 5367 tacilecreditnr,sed
2870 5299 3089 5370 quando
3111 5302 3334 5355 redierit
3357 5303 3657 5363 ignoratur.

2131 5370 2153 5409 ¹ί
2181 5373 2259 5427 lta
2278 5374 2413 5428 edit.
2450 5373 2606 5426 ltom.
2637 5387 2758 5425 cum
2791 5372 3008 5427 sincero
3038 5373 3194 5425 Ilion.
3228 5372 3529 5440 exemplari
3557 5372 3662 5423 lte-

2057 5443 2168 5516 gio.
2198 5447 2301 5516 alii
2338 5458 2466 5499 vero
2495 5443 2640 5503 Iibti.
2666 5445 2815 5516 legis.

2136 5513 2150 5552 ¹
2189 5514 2537 5586 Conjuginm,
2583 5512 2734 5584 quod
2775 5516 3042 5586 catholica
3097 5514 3231 5569 fides
3269 5512 3449 5566 divina
3498 5512 3666 5582 gratia

2061 5588 2343 5654 fundatum
2376 5585 2610 5651 censet,
2658 5585 2861 5641 merito
2901 5586 3181 5641 credimus
3238 5598 3665 5638 sacramentum.

2060 5658 2237 5714 Simili
2262 5663 2329 5712 de
2355 5675 2518 5711 causa
2541 5660 2720 5714 simile
2743 5658 2941 5712 Leonis
2959 5658 3122 5727 t‘pls‘l.
3157 5656 3282 5719 M9,
3309 5672 3362 5727 11Ῐ
3390 5655 3671 5727 2,]11ηῑθᾱ

2062 5745 2391 5797 reSpOnsum
2423 5728 2543 5783 fuit.
2579 5732 2691 5784 Sub
2720 5746 2831 5781 uno
2864 5721 3029 5781 etiam
3062 5742 3273 5797 canone
3300 5725 3407 5797 226
3438 5721 3672 5797 Cresco-

2064 5795 2189 5856 nius
2213 5801 2502 5869 utriusque
2520 5798 2794 5869 ponttlicis
2810 5810 3073 5867 responsa
3098 5796 3324 5854 indicat.
3345 5795 3521 5854 Attica
3539 5796 3677 5855 Tela
