4344 6174
615 252 722 311 603

1858 253 1917 311 S.
1958 239 2357 310 lNNOCHN'l‘ﬂ
2403 253 2426 308 l
2461 249 2664 311 PANE

3808 252 3918 309 60$

616 373 1056 438 conventumque
1079 364 1338 422 secundae
1365 366 1629 433 minimis,
1663 367 1852 438 priore
1878 368 2210 438 superstite,
2243 383 2288 440 Α
2318 368 2373 424 id
2398 368 2578 426 facere
2605 369 2860 428 dubitare
2887 383 2998 427 non
3021 370 3190 442 possit
3217 390 3230 428 :
3263 371 3317 427 in
3344 370 3462 427 istis
3485 385 3617 428 vero
3646 386 3803 428 casus
3824 388 3922 429 ve-

619 477 719 518 nec
757 460 1002 518 divortio
1027 461 1202 530 eiecta
1227 501 1247 526 ,
1277 461 1430 515 nullo
1480 473 1642 532 pacto
1687 476 1852 535 posse
1881 475 2006 517 esse
2037 463 2214 532 legiti-

620 570 788 610 mum.

1068 645 1404 703 EPISTOLA
1439 657 1466 685 δι
1493 646 1764 703 XXXVII.

616 740 656 796 Ι.
700 740 763 796 Si
788 741 902 810 quis
928 740 1102 794 volens
1132 752 1338 813 partem
1359 741 1456 796 sibi
1489 741 1724 812 corporis
1752 741 2073 813 amputavit,
2105 741 2212 796 cle-

687 835 831 890 ricus
844 851 953 888 esse
971 851 1073 890 non
1096 846 1284 902 potest;
1308 835 1489 889 nolens
1510 844 1681 890 autem
1704 833 2030 903 potest—ll.
2062 835 2216 903 Quod

688 929 886 999 dignati
917 928 1130 984 admitti
1155 931 1224 983 ad
1249 929 1448 984 clerum
1475 947 1579 984 non
1622 930 1843 999 possint.
1882 959 1953 970 ——
1983 928 2074 984 ΙΙΙ.
2112 929 2218 995 Qui

690 1025 753 1078 de
776 1025 925 1079 laici:
984 1027 1053 1078 ad
1102 1025 1299 1080 clerum
1353 1042 1458 1080 non
1514 1026 1729 1080 debeant
1793 1026 2100 1096 promoveri.
2145 1055 2216 1066 ——

690 1118 778 1176 ιν.
818 1118 920 1186 Qui
949 1119 1012 1172 de
1047 1118 1196 1174 laicis
1246 1121 1444 1189 possint
1489 1120 1665 1174 clerici
1707 1119 1843 1190 ﬁeri.
1895 1119 2000 1174 Hic
2044 1129 2220 1192 aperte

691 1213 919 1266 concuba
947 1211 1267 1285 prohibetur.
1300 1244 1370 1258 -——-
1397 1213 1464 1269 V.
1498 1211 1577 1269 De
1624 1213 1938 1284 temporibus
1985 1214 2039 1267 in
2090 1212 2217 1268 cleri

694 1306 961 1359 ordinibus
993 1300 1370 1360 immorandis.

807 1399 1157 1454 insoccnrtos
1193 1415 1366 1455 FELICI
1401 1399 1660 1470 episcopo
1688 1397 1717 1438 δ
1749 1397 2042 1454 Nucerino.

698 1493 723 1547 1
761 1492 940 1546 Mirari
983 1508 1086 1547 non
1135 1507 1455 1562 possumus,
1487 1492 1836 1548 dilectionem
1881 1500 2025 1546 tuam
2065 1489 2216 1561 sequi

624 1586 871 1641 instituta
888 1587 1176 1656 majorum,
1195 1587 1635 1656 omniaque,qnm
1655 1595 1879 1654 possunt
1894 1585 2126 1654 aliquam
2144 1599 2223 1638 re-

627 1681 813 1748 cipere
844 1679 1263 1744 dubitationem,
1289 1679 1354 1733 ad
1383 1694 1482 1733 nos
1503 1679 1654 1748 quasi
1678 1677 1749 1732 ad
1786 1686 1950 1746 caput
1974 1686 2135 1748 atque
2154 1676 2221 1731 ad

2314 463 2458 517 uiam
2483 466 2704 520 meruit.

2383 556 2512 614 CAP.
2545 558 2605 613 ll.
2637 590 2708 600 —-
2730 559 2786 614 4.
2833 561 2907 616 De
2933 560 2952 599 τ
2987 560 3215 630 digamis
3239 571 3418 617 autem
3451 578 3552 618 nec
3579 562 3790 617 consuli
3818 562 3921 618 de-

2315 653 2449 716 buit,
2481 653 2624 723 quod
2649 655 2934 710 manifesta
2970 654 3040 710 sit
3064 655 3228 710 lectio
3254 653 3528 726 Apostoli,
3557 658 3713 709 unius
3741 656 3923 710 uxoris

2311 747 2478 801 virum
2500 747 2566 802 ad
2598 747 2971 804 Sacerdotium
2996 749 3113 804 sive
3135 747 3202 803 ad
3225 748 3542 803 clericatum
3578 747 3792 804 admitti
3828 749 3924 805 de-

2316 841 2483 906 bere,
2542 849 2596 895 et
2643 839 2784 896 hanc
2833 842 3003 910 ipsam
3056 851 3233 895 tamen
3285 841 3329 896 si
3381 842 3649 912 virginem
3708 843 3924 912 accepit

2315 931 2376 1006 (l
2414 930 2553 986 Tim.
2596 948 2652 986 In
2676 974 2690 995 ,
2723 931 2805 1004 2).
2838 931 2972 987 Nam
3006 948 3091 998 ea,
3121 948 3242 1002 qua:
3274 932 3529 988 habuerit
3549 945 3676 987 ante
3704 935 3878 989 virum
3903 978 3921 1003 ,

2316 1025 2445 1078 licet
2474 1023 2762 1080 defunctus
2793 1026 2884 1092 sit,
2915 1038 3095 1080 tamen
3124 1027 3168 1080 si
3203 1026 3405 1081 clerico
3435 1035 3622 1095 po-tea
3653 1025 3812 1081 fuerit
3834 1043 3926 1083 co-

2317 1117 2520 1187 pulata,
2544 1119 2798 1188 clericus,
2833 1121 2924 1190 qui
2950 1135 3068 1175 eam
3101 1121 3384 1189 acciperit,
3416 1136 3541 1176 esse
3561 1137 3666 1176 non
3697 1124 3928 1192 poterit,

2317 1211 2442 1281 quia
2469 1212 2524 1266 in
2551 1211 2672 1282 lege
2693 1223 2911 1268 cautum
2941 1222 3046 1280 est,
3084 1228 3194 1267 non
3218 1212 3467 1279 viduam,
3505 1229 3611 1267 non
3656 1215 3928 1282 abjectam

2323 1303 2526 1358 habere
2547 1319 2708 1374 posse
2727 1305 3014 1375 coniugem
3048 1305 3391 1360 sacerdotem
3419 1303 3608 1376 (Lerit.
3647 1320 3765 1372 ut,
3803 1306 3928 1378 15).

2391 1394 2522 1450 ευ.
2558 1395 2642 1450 Ill.
2667 1425 2738 1435 —
2757 1398 2811 1454 5.
2842 1397 2916 1452 De
2939 1396 3100 1453 laicis
3129 1412 3261 1452 vero
3283 1397 3476 1467 religio
3509 1407 3596 1451 tua
3621 1398 3936 1470 Consuluit,

2321 1502 2456 1557 quos
2485 1503 2724 1545 canones
2749 1489 3006 1546 ordinare
3033 1490 3360 1560 prohibeant
3393 1490 3557 1561 (Vide
3581 1492 3768 1545 cancil.
3803 1491 3940 1545 Sar-

2322 1582 2426 1636 dic.
2457 1599 2504 1636 c.
2533 1582 2645 1653 l3).
2677 1583 2900 1638 Certum
2931 1593 3015 1637 est
3057 1585 3276 1653 quidem
3301 1625 3316 1650 ,
3362 1583 3466 1639 hoc
3497 1585 3719 1655 regulas
3757 1585 3938 1640 eccle-

2324 1673 2576 1729 siasdcas
2599 1676 2884 1729 continere
2915 1693 2928 1727 :
2964 1675 3059 1729 sed
3091 1690 3199 1730 non
3224 1677 3293 1730 ita
3326 1675 3608 1731 dcﬂnittttu
3643 1689 3747 1738 est,
3773 1687 3832 1731 ut
3861 1677 3936 1733 de

630 1774 836 1838 apicem
867 1772 1218 1843 episcopatus
1246 1772 1482 1841 referre,
1504 1782 1565 1828 ut
1585 1772 1833 1828 consulta
1858 1772 2115 1827 videlicet
2129 1787 2187 1826 se
2255 1776 2298 1835 Β
2326 1769 2578 1824 omnibus
2620 1771 2692 1824 sit
2727 1770 2879 1825 laicis
2913 1771 3294 1824 constitutum.
3335 1769 3520 1839 Neque
3568 1774 3716 1824 enim
3745 1771 3936 1827 clerici

633 1865 733 1920 des
769 1867 1072 1935 apostolica
1111 1882 1173 1923 ex
1211 1869 1348 1937 ipsis
1391 1867 1556 1924 rebus
1584 1867 1766 1922 dubiis
1788 1874 1998 1923 certum
2023 1865 2230 1936 aliquid

641 1971 658 1997 ε
680 1958 1095 2030 faciendumque
1125 1963 1461 2030 pronuntiet.
1483 1961 1639 2028 Quod
1652 1977 1752 2016 nos
1769 1971 1824 2016 et
1843 1961 2080 2017 libenter
2091 1961 2233 2016 acci—

633 2053 843 2121 pimus,
895 2060 950 2108 et
995 2053 1354 2110 dilectionem
1410 2065 1557 2110 tuam
1605 2069 1910 2110 memorem
1963 2069 2235 2109 canonum

631 2142 1076 2211 COtnprobamus.

704 2233 759 2289 2.
802 2233 1088 2304 Scripsisti
1107 2248 1240 2305 ergo
1259 2279 1275 2302 ,
1307 2235 1453 2306 quod
1477 2234 1698 2293 fervore
1725 2237 1874 2306 ﬁdei,
1902 2253 2012 2309 quo
2039 2237 2229 2307 polles,

633 2335 688 2382 et
713 2341 902 2382 amore
949 2336 1152 2384 sancta:
1198 2330 1409 2397 plebis,
1457 2329 1544 2389 vel
1575 2333 1923 2401 reparaveris
1973 2331 2236 2387 ecclesias

2332 1862 2504 1931 nasci,
2540 1871 2591 1915 et
2626 1875 2732 1915 non
2778 1861 2894 1916 ﬁeri
2931 1872 3158 1931 possunt
3194 1880 3209 1916 :
3248 1863 3344 1917 sed
3387 1859 3563 1933 (Dial.
3614 1862 3720 1926 51,
3765 1880 3812 1917 c.
3860 1863 3933 1929 2;

2333 1951 2447 2006 Ivo.
2481 1971 2534 2025 p.
2561 1953 2615 2018 6,
2649 1970 2695 2007 c.
2731 1952 2825 2024 95)
2853 1954 3137 2024 designata
3161 1966 3286 2008 sunt
3307 1970 3529 2026 genera,
3557 1954 3626 2010 de
3645 1956 3838 2025 quibus
3860 1955 3937 2013 ad

2331 2051 2648 2104 clericatum
2677 2052 2964 2120 pervenire
2994 2067 3102 2104 non
3127 2059 3375 2120 possunt,
3409 2051 3462 2105 id
3496 2057 3602 2114 est,
3635 2051 3683 2105 si
3712 2053 3832 2120 quis
3875 2051 3942 2105 ﬁ-

2333 2141 2472 2197 delis
2511 2143 2855 2209 militaverit,
2898 2144 2943 2198 si
2992 2145 3116 2214 quis
3149 2143 3322 2199 lidelis
3367 2159 3556 2199 causas
3589 2150 3780 2214 egcrit,
3837 2144 3945 2200 hoc

2333 2244 2454 2297 est,
2487 2244 2514 2283 ε
2545 2236 2920 2305 postulaverit,
2971 2236 3016 2290 si
3062 2237 3183 2306 quis
3229 2236 3404 2290 ﬁdelis
3445 2237 3942 2291 administraverit.

2339 2329 2414 2384 De
2451 2328 2746 2384 curialibus
2786 2339 2965 2384 autem
3009 2327 3298 2383 manifesta
3335 2328 3472 2382 ratio
3509 2338 3630 2394 est;
3670 2329 3940 2399 quoniam

637 2420 764 2492 Dei,
796 2423 881 2479 vel
907 2437 1076 2480 novas
1102 2437 1347 2493 quasque
1372 2427 1750 2481 construxeris
1781 2443 1795 2482 :
1831 2425 1928 2482 sed
1953 2427 2008 2480 in
2032 2426 2116 2480 his
2136 2425 2244 2482 olea
2336 2423 2442 2479 etsi
2476 2425 2822 2478 inveniantur
2846 2423 3156 2493 huiusmodi
3185 2423 3315 2489 viri,
3350 2425 3442 2494 qui
3479 2423 3720 2478 debeant
3749 2424 3947 2480 clerici

635 2516 810 2586 ricos,
860 2530 997 2584 quos
1047 2518 1380 2586 constituas,
1424 2532 1534 2572 non
1577 2518 1802 2588 habere,
1848 2520 2062 2588 aliquos
2107 2535 2238 2576 vero

637 2609 881 2675 mutilos,
915 2609 1128 2680 aliquos
1157 2609 1408 2679 digamos
1449 2624 1595 2666 esse.
1623 2609 1704 2666 Ad
1737 2610 1882 2680 quod
1911 2610 2239 2683 stupuitnus,

638 2703 960 2773 prudentem
979 2703 1151 2758 virum
1182 2701 1253 2758 de
1279 2703 1365 2759 bis
1385 2703 1625 2760 voluisse
1645 2705 1956 2773 consulere,
1981 2722 2102 2776 qua:
2124 2721 2243 2761 om-

640 2795 800 2850 nibus
827 2807 955 2850 sunt
983 2805 1138 2850 certa
1166 2795 1384 2850 ratione
1425 2809 1732 2868 comperta.
1765 2797 1912 2868 Ergo
1949 2814 2056 2854 non
2088 2798 2246 2869 quasi

641 2887 1017 2956 ignorantibus
1046 2887 1299 2953 dicimus;
1325 2887 1421 2943 sed
1448 2889 1498 2943 in
1527 2889 1649 2944 aliis
1675 2892 1902 2946 forsitan
1925 2900 2244 2968 occupatos,

642 2981 787 3036 istud
816 2981 1019 3037 oblitos
1048 2997 1144 3038 vos
1172 2997 1297 3040 esse
1329 2984 1582 3040 dicimus.

712 3074 844 3130 CAP.
871 3075 911 3131 Ι.
941 3106 1014 3115 -
1042 3077 1093 3130 5.
1137 3075 1238 3144 Qui
1291 3076 1456 3146 igitur
1507 3086 1713 3146 partem
1755 3077 2046 3145 cujuslibet
2075 3077 2248 3149 digiti

2341 2517 2480 2580 ﬁeri,
2512 2525 2695 2571 tamen
2728 2518 2987 2586 quoniam
3020 2516 3222 2586 smpius
3261 2515 3328 2570 ad
3359 2517 3564 2570 curiam
3599 2527 3950 2587 repetuntur,

2340 2610 2640 2666 cavendum
2684 2613 2750 2666 ab
2799 2613 2883 2666 bis
2921 2620 3006 2666 est
3039 2614 3054 2682 (
3085 2611 3212 2666 Vide
3234 2627 3395 2684 supra
3433 2613 3587 2684 epist.
3616 2612 3684 2679 2,
3734 2629 3789 2666 η.
3830 2613 3944 2683 ﬂ)

2343 2713 2566 2774 propter
2612 2704 3036 2773 tribulationem,
3079 2721 3201 2775 quae
3243 2719 3390 2774 saepe
3427 2705 3495 2760 de
3541 2705 3627 2760 bis
3675 2701 3945 2762 Ecclesia

2343 2799 2612 2868 provenit.

2417 2889 2548 2945 Car.
2575 2887 2799 2944 lV.-—-6.
2819 2888 2965 2945 Laici
2988 2903 3143 2956 vero,
3175 2888 3270 2960 qui
3299 2889 3565 2946 habentes
3595 2904 3791 2946 uxores
3816 2891 3954 2961 bap-

2347 2981 2495 3040 tizati
2521 2991 2668 3050 sunt,
2698 2997 2762 3038 ac
2792 2982 2871 3039 sic
2891 2996 2952 3038 se
2978 2982 3360 3048 instituerunt,
3383 2993 3442 3037 ut
3463 2983 3648 3052 opinio
3669 2998 3858 3038 eorum
3891 2986 3952 3039 in

2348 3075 2498 3130 nullo
2522 3075 2760 3141 vacillet,
2794 3083 2853 3128 ut
2882 3084 2976 3128 aut
2997 3075 3211 3129 clericis
3239 3075 3412 3143 juncti
3454 3075 3583 3138 sint,
3608 3086 3697 3129 aut
3729 3089 3948 3130 monas-

638 3165 743 3220 sibi
768 3167 884 3235 ipse
917 3168 1108 3222 volens
1155 3168 1419 3235 abscidit,
1469 3169 1610 3223 hunc
1642 3168 1708 3223 ad
1755 3170 1960 3225 clerum
2009 3184 2250 3226 canones
2279 3160 2324 3222 C
2358 3168 2513 3225 teriis
2542 3212 2557 3237 ,
2583 3185 2649 3223 ex
2676 3184 2784 3240 quo
2813 3169 3068 3238 baptizati
3103 3179 3271 3234 sunt,
3315 3169 3572 3223 hmserint
3597 3209 3611 3233 ,
3647 3175 3704 3222 et
3741 3168 3786 3221 si
3835 3183 3949 3226 non

643 3272 751 3310 non
777 3258 1073 3312 admittunt
1104 3256 1272 3326 (Dist.
1306 3259 1394 3325 55,
1429 3276 1476 3314 c.
1503 3259 1567 3325 6;
1596 3258 1796 3315 Concil.
1827 3259 2036 3321 Tribur,
2069 3279 2114 3315 ε.
2150 3264 2240 3332 33,

647 3349 853 3405 Nicren.
901 3368 947 3405 c.
987 3349 1062 3423 1).
1102 3352 1199 3408 Cui
1220 3368 1352 3408 vero
1386 3353 1413 3390 ά
1441 3368 1568 3409 casn
1599 3353 1783 3424 aliquo
1826 3355 2079 3424 contigit,
2114 3355 2246 3410 dum

642 3453 735 3497 aut
763 3445 914 3512 operi
960 3445 1164 3499 rus1ico
1207 3462 1394 3501 curam
1429 3446 1732 3516 impendit,
1785 3456 1878 3501 aut
1923 3447 2126 3518 aliquid
2167 3447 2246 3502 la-

641 3541 792 3592 ciens
819 3584 832 3606 ,
869 3554 928 3594 se
961 3555 1064 3593 non
1098 3550 1292 3609 sponte
1318 3539 1613 3610 percussit,
1651 3541 1750 3597 hos
1778 3557 2018 3598 canones
2048 3545 2244 3614 pracci-

644 3634 798 3702 piunt
819 3641 873 3688 ct
893 3634 1126 3689 clericos
1158 3635 1274 3690 lieri
1299 3677 1312 3699 ,
1342 3637 1462 3691 etsi
1504 3637 1558 3694 iu
1591 3638 1742 3692 clero
1772 3637 1974 3693 iuerint
1998 3621 2236 3708 reperti:

645 3741 753 3781 non
782 3727 966 3796 abjici.
993 3727 1051 3782 In
1082 3729 1187 3783 illis
1214 3729 1362 3784 enim
1386 3729 1639 3786 voluntas
1673 3739 1696 3768 ο
1721 3729 1962 3800 iudicata
1986 3740 2091 3798 est,
2119 3747 2241 3803 quae

643 3819 746 3875 sibi
769 3835 897 3876 ausa
928 3822 1090 3878 fuerit
1124 3823 1324 3878 ferrum
1369 3823 1616 3896 injicere,
1649 3824 1793 3896 quod
1825 3824 2036 3881 scilicet
2070 3833 2125 3881 et
2148 3825 2240 3883 alii

645 3984 929 4049 tullianus,
952 3985 1049 4040 lib.
1069 4002 1108 4041 ιι
1124 3985 1188 4041 ad
1204 3985 1467 4051 Uxorem,
1495 3987 2242 4054 ιι.8,(ιθοιιι-ἰμιιὶειιιοιιιθιιιί-

649 4055 832 4130 monio
851 4057 1078 4125 ιιι-ιιιάίοη
1088 4067 1170 4112 rat
1187 4079 1199 4114 :
1219 4057 1369 4114 Unde
1379 4061 1706 4130 sufﬁciamus
1719 4060 1788 4113 ad
1800 4061 2154 4115 enarrandam
2171 4063 2242 4130 fe-

649 4127 893 4202 licitatem
922 4133 1033 4202 ejus
1056 4131 1407 4198 matrimonii,
1440 4127 1576 4197 quod
1608 4129 1844 4186 Ecclesia
1885 4131 2132 4186 conciliat
2151 4127 2180 4198 ,⁷
2195 4140 2244 4185 et

648 4200 922 4274 conﬁrmat
944 4200 1165 4274 oblatio,
1183 4212 1237 4274 et
1259 4203 1498 4274 obsignat
1514 4202 1824 4271 benedictio,
1848 4202 2033 4273 Ληρείὶ
2051 4219 2246 4258 remm-

647 4271 798 4332 tiant,
830 4269 988 4328 Pater
1007 4284 1120 4326 rato
1148 4273 1299 4326 habet
1319 4274 1342 4327 ?

723 4350 748 4378 α
777 4342 832 4396 In
861 4345 992 4398 edit.
1019 4343 1229 4399 Concil.
1262 4347 1316 4400 4.
1346 4346 1405 4400 In
1437 4347 1673 4413 quinque
1703 4344 1887 4400 titulos
1927 4359 2023 4400 seu
2054 4346 2246 4401 decre-

652 4421 702 4467 ta
735 4429 922 4482 ιιι-ιιι,
951 4431 1102 4477 xux,
1137 4431 1268 4482 xxx,
1305 4432 1440 4472 χχχι
1467 4427 1520 4469 et
1553 4421 1732 4483 xxxii,
1767 4433 1796 4470 a
1823 4415 2086 4486 Dionysio
2119 4416 2245 4473 Exi-

2350 3261 2376 3299 ιλ
2407 3263 2745 3330 concubam,
2787 3279 2896 3317 non
2927 3263 3178 3331 pellicem
3219 3263 3506 3325 noverim,
3537 3261 3584 3315 si
3615 3263 3668 3314 in
3696 3261 3952 3316 omnibus

2352 3357 2368 3396 ί
2393 3359 2819 3427 bonisoperibus
2848 3358 3209 3428 vigilaverint,
3238 3372 3344 3410 non
3373 3356 3735 3425 prohibentur
3753 3355 3948 3423 hujus-

2347 3453 2491 3509 modi
2515 3453 2580 3508 ad
2606 3453 2895 3508 clericatus
2927 3462 3134 3506 sortem
3169 3451 3399 3506 assumi.
3547 3447 3678 3506 Car.
3705 3448 3954 3506 V.——lta

2347 3562 2502 3611 sane,
2539 3554 2596 3600 ut
2631 3545 2685 3600 in
2712 3560 2810 3601 eos
2855 3555 3098 3614 tempora
3127 3559 3156 3598 a
3188 3543 3486 3612 majoribus
3511 3545 3799 3598 constituta
3832 3557 3954 3597 ser-

2345 3639 2583 3710 ventur(
2623 3637 2687 3693 V.
2715 3637 2874 3693 Sirio.
2905 3638 3056 3706 epist.
3097 3637 3148 3704 l,
3196 3653 3249 3690 η.
3285 3638 3367 3700 lii,
3397 3644 3443 3689 et
3479 3634 3676 3689 Zosim.
3710 3636 3862 3706 epist.
3891 3634 3954 3703 9,

2348 3750 2403 3789 η.
2436 3733 2470 3787 5
2492 3735 2531 3800 ).
2568 3729 2676 3786 Nec
2719 3730 2828 3784 cito
2867 3728 3092 3799 quilibet
3133 3727 3327 3792 lector,
3359 3726 3468 3781 cito
3503 3727 3810 3798 acolythus,
3842 3725 3958 3781 cito

2347 3823 2748 3889 diaconus,cito
2771 3820 3030 3878 sacerdos
3051 3820 3177 3875 ﬁat:
3213 3818 3338 3890 quia
3368 3819 3422 3873 in
3454 3830 3466 3868 ι
3501 3817 3805 3874 minoribus
3834 3816 3960 3874 oili-

2426 3997 2452 4037 s
2486 3987 2599 4042 Hoc
2642 3984 2812 4040 verbo
2856 3981 3177 4053 designatur
3204 3979 3500 4034 advocatus
3521 4022 3547 4053 ,_
3577 3976 3668 4045 qui
3687 3989 3892 4053 pinnas
3918 3989 3958 4033 α

2345 4058 2628 4128 jndicibus
2658 4057 2919 4130 adversus
2956 4049 3078 4130 reos
3106 4053 3338 4130 decerni
3373 4051 3631 4130 postulat,
3655 4049 3795 4130 sicut
3821 4063 3955 4130 mox

2351 4120 2764 4183 administranti:
2796 4141 2932 4180 voce
2960 4121 3436 4201 indicaturjudcx,
3463 4120 3622 4201 cujus
3643 4129 3729 4201 est
3763 4120 3961 4201 hujus—

2353 4201 2496 4255 modi
2533 4214 2718 4267 pietas
2745 4213 2809 4253 ac
2841 4207 3109 4251 tormenta
3138 4196 3462 4259 decernere,
3495 4199 3590 4267 aut
3613 4196 3778 4267 etiam
3802 4196 3962 4267 Capi.

2351 4275 2512 4328 talem
2535 4262 2871 4325 sententiam
2916 4268 3118 4321 dicere.
3155 4267 3229 4320 De
3263 4275 3493 4332 utroque
3523 4262 3820 4331 aliquando
3843 4262 3955 4315 du-

2352 4343 2543 4398 bitavit
2615 4339 2949 4412 Essuperius
3017 4339 3321 4412 Tolosanns
3381 4335 3956 4412 epismipusuntrutn

2352 4418 2512 4468 etiam
2547 4414 2610 4467 ad
2648 4405 3088 4467 communionem
3127 4409 3450 4461 admittendi
3485 4415 3690 4459 essent.
3729 4406 3846 4471 Qua
3885 4405 3961 4458 de

650 4499 756 4554 gno
786 4476 958 4540 divisa
985 4476 1097 4542 est.
1118 4476 1329 4542 Citat'ur
1372 4506 1397 4539 ει
1444 4476 1738 4542 Cresconio
1775 4503 1881 4542 noo
1910 4476 2100 4543 se'tncl.
2137 4488 2243 4543 Exi
2275 4476 2329 4537 D
2354 4502 2411 4541 re
2442 4487 2722 4540 consultus
2745 4483 3090 4538 Innocentius
3120 4481 3282 4549 epist.
3316 4480 3371 4544 6,
3397 4495 3518 4546 cap.
3544 4477 3579 4532 3
3609 4484 3665 4531 et
3685 4476 3748 4542 5,
3783 4477 3831 4530 ei
3869 4491 3958 4530 re-

652 4563 762 4610 sutt
782 4566 837 4612 et
867 4559 920 4612 in
947 4557 1202 4624 Hispana,
1226 4570 1285 4614 ut
1317 4565 1368 4614 in
1393 4558 1581 4614 l~idori
1611 4558 1960 4613 collectione.

724 4626 752 4664 ι’
796 4628 866 4681 lta
896 4629 1066 4684 codex
1098 4627 1320 4697 Regius,
1357 4631 1443 4685 ubi
1477 4630 1530 4685 in
1559 4629 1706 4699 aliis,
1741 4629 2066 4684 Nuceriano.

728 4708 749 4736 °
777 4699 939 4765 Editi,
973 4700 1268 4770 faciendam
1308 4705 1628 4775 pronuntiet,
1671 4698 1874 4758 Omissa
1905 4698 2250 4770 eonjunctiov

657 4783 888 4842 ne,_qu:r
918 4783 1201 4827 revocatur
1229 4790 1294 4830 ex
1324 4789 1455 4830 mss.

728 4839 754 4877 ἀ
782 4839 921 4914 lteg.
953 4859 1080 4908 tus.,
1105 4846 1254 4900 labia
1282 4846 1478 4914 aliqua.

732 4912 839 4988 “in
867 4915 1058 4988 eodem
1089 4917 1298 4988 codice,
1333 4912 1571 4971 voluntas
1597 4925 1670 4972 est
1698 4932 1813 4988 qua:
1839 4914 1938 4970 sibi
1959 4931 2106 4988 pausa
2137 4918 2252 4985 fue-

659 4982 725 5035 rit
755 4982 950 5060 ferrum
987 4986 1234 5053 incidere,
1260 4991 1483 5060 omisso
1522 4982 1799 5060 judicata;
1828 4986 1972 5055 quod
2020 4982 2249 5060 Verbum

663 5057 887 5128 perinde
927 5068 1008 5111 est
1037 5069 1196 5126 atque
1239 5057 1536 5125 damnata,‘
1565 5067 1750 5128 utpote
1785 5060 1870 5114 cui
1904 5075 2027 5114 mox
2053 5058 2251 5112 veniam

662 5127 846 5200 meruit
871 5130 1184 5200 apponitur.
1219 5129 1414 5185 .Indtcii
1460 5127 1638 5185 autem
1669 5130 1828 5200 hujus
1863 5146 1928 5186 ea
1960 5129 2253 5198 subjicitur

661 5199 824 5259 ratio,
859 5199 1000 5266 quod
1031 5200 1074 5252 is
1095 5199 1371 5268 judiratnr
1395 5219 1498 5256 non
1532 5199 1876 5256 dubitaturos
1909 5201 2010 5254 hoc
2035 5203 2088 5254 in
2111 5201 2252 5255 alios

660 5273 1034 5332 conunittere,
1066 5290 1160 5324 seu
1193 5275 1342 5327 nullo
1370 5276 1631 5342 scrupulo
1653 5273 2074 5337 cmmnissurus,
2107 5271 2252 5339 quod

663 5341 712 5413 in
743 5355 801 5396 se
828 5347 940 5410 ipse
968 5343 1353 5398 cmnmisi~set.
1379 5341 1513 5400 llinc
1533 5361 1640 5399 non
1662 5345 1836 5413 placet
1853 5345 2001 5411 quod
2019 5342 2252 5400 subinde

659 5412 713 5466 in
759 5414 1010 5483 vulgatis,
1058 5415 1305 5470 dubitari.
1350 5416 1486 5470 Tum
1535 5416 1588 5471 in
1636 5412 1739 5469 ms.
1790 5414 1950 5484 Reg.,
1996 5415 2194 5483 possint
2234 5431 2250 5472 :

658 5487 802 5550 quod
851 5485 1072 5540 verbum
1121 5487 1186 5540 ad
1236 5502 1332 5541 cos
1385 5501 1615 5557 quorum
1674 5486 2245 5557 voluntasiarguitur,

657 5570 764 5610 non
796 5558 861 5612 ad
897 5560 1067 5626 ipsam
1100 5556 1432 5613 voluntatem
1463 5559 1718 5625 relatum,
1744 5556 1957 5612 admitti
1984 5557 2062 5611 nil
2089 5571 2252 5625 rcpue

692 5640 806 5683 nul.

1015 5700 1068 5766 in
1091 5715 1193 5770 ms-
1220 5699 1378 5770 Reg"
1400 5701 1637 5774 bigamis.
1661 5702 1980 5772 Elegantius
1993 5699 2085 5755 alii
2101 5698 2247 5771 libri,

693 5786 919 5847 Iguvium

2353 4557 2605 4612 snomlet.

2384 4574 2783 4683 pgmslichllion.
2839 4624 2984 4691 quod
3035 4638 3134 4678 nec
3183 4624 3239 4680 in
3278 4619 3686 4688 exemplaribus
3729 4617 3799 4673 ab
3849 4617 3962 4691 lia-.-

2351 4699 2542 4754 driann
2584 4698 2650 4753 ad
2707 4689 2958 4752 Carolutn
3008 4696 3264 4763 Magnum
3321 4692 3502 4746 missis
3545 4700 3830 4763 mutatum.
3888 4689 3961 4744 At.

2355 4788 2487 4824 tuss.
2521 4771 2646 4826 coll.
2678 4768 2832 4838 Hisp.
2866 4778 2920 4821 et
2952 4767 3078 4822 Isid.
3103 4761 3163 4821 ut
3205 4763 3553 4838 invulgatis,
3587 4761 3956 4838 concubinam.

2350 4841 2656 4896 Notandum
2689 4833 2794 4894 est'
2819 4838 3201 4894 Innocentium
3249 4835 3332 4899 iis,
3378 4835 3469 4904 qui
3503 4850 3729 4888 uxorem
3777 4833 3960 4887 duxe-

2354 4915 2484 4975 rint,
2516 4913 2716 4966 aditum
2753 4909 2817 4963 ad
2857 4909 3068 4964 clerum
3106 4915 3174 4961 ita
3210 4909 3557 4977 permittere,
3600 4915 3654 4956 ut
3680 4919 3780 4983 eos
3807 4908 3958 4983 νιιω,

2353 5001 2415 5039 ea:
2441 5002 2540 5052 quo
2582 4983 2825 5054 boptizati
2866 4991 3020 5048 sunt,
3058 4982 3380 5035 innocenter
3411 4987 3546 5032 acta:
3581 4977 3953 5030 testimonium

2353 5057 2558 5111 habere
2590 5061 2736 5110 velit.

2435 5127 2445 5165 ί
2483 5127 2592 5181 Vox
2625 5125 2860 5180 omnibus
2891 5142 2919 5178 ιι
2957 5122 3194 5178 Crabbio
3240 5123 3473 5192 primum
3508 5125 3805 5187 expuncta,
3857 5131 3964 5173 nec

2353 5199 2612 5269 deinceps
2642 5200 2913 5269 restituta,
2949 5203 3238 5269 revocatur
3271 5210 3334 5248 ex
3369 5193 3525 5269 M‘crl.
3555 5202 3769 5269 ct‘tnss.

2427 5273 2441 5320 l
2482 5259 2772 5337 Exemplar
2797 5267 2953 5337 Reg,
2985 5269 3039 5320 in
3069 5265 3305 5321 omnibus
3334 5264 3544 5337 ofﬁciis.
3585 5262 3666 5337 Ex
3706 5259 3812 5314 hoc
3836 5259 3963 5315 loco

2356 5335 2682 5411 perspicitur
2712 5335 2900 5410 (ιιιειιιι⁷
2931 5340 3183 5392 l'rivolunt
3223 5337 3289 5390 sit
3315 5335 3468 5411 quod
3500 5335 3966 5411 scribittntperus

2353 5405 2607 5483 Scriptor,
2641 5405 3196 5484 qui-Ctllll_R01tt:l_tttls
3233 5409 3520 5484 potttiliccs
3549 5405 3962 5484 seutcltanlutl!

2357 5502 2452 5555 per
2467 5473 2674 5538 annum-
2693 5498 2877 5537 tttensc
2895 5481 3176 5555 Decembri
3201 5473 3463 5555 ordinare
3484 5477 3838 5555 consuevisse
3853 5473 3964 5530 sibi

2355 5546 2736 5627 persuasisset,
2765 5569 2864 5627 eos.
2895 5553 2986 5616 qui
3017 5552 3256 5627 ordinati
3290 5550 3529 5617 fuerant,
3559 5546 3965 5627 nulla-nisiut:-

2351 5617 2627 5683 cessitatis
2657 5617 2776 5696 lego
2802 5625 2868 5680 ad
2892 5640 3092 5678 annum
3111 5617 3963 5696 alterumeasnectaredebuisse

2355 5699 2621 5764 obtendit,
2655 5691 2802 5758 ut'ad
2823 5695 3074 5751 altiorem
3103 5693 3335 5763 gradum
3365 5691 3834 5764 proveherentur.
