4344 6174
349 199 453 258 60$

344 415 468 483 quia
522 409 967 479 comprobantur,
997 414 1054 461 ut
1082 404 1149 460 ad
1170 404 1536 459 sacerdotium
1564 413 1752 472 postea
1770 415 1951 456 emen-

344 507 420 561 sis
468 503 866 574 stipendiorum
921 501 1132 555 meritis
1183 500 1428 564 veniant,
1489 513 1590 552 nec
1638 495 1951 566 pratripiant

347 601 488 670 quod
521 602 627 655 vita
658 599 881 670 probata
913 604 1154 651 meretur
1173 595 1446 662 accipere.

420 698 474 750 7.
517 695 783 764 Quoniam
832 707 964 762 ergo
1005 703 1154 746 certa
1211 688 1526 744 definitione
1586 696 1949 741 monSIratum

348 798 454 856 est,
487 789 580 859 qui
612 786 844 843 debeant
888 783 1123 848 admitti,
1163 785 1320 852 quive
1361 778 1649 849 reprobari
1688 797 1700 831 :
1754 794 1819 831 ex
1868 778 1951 833 his

349 883 626 946 omnibus,
671 893 806 950 quos
832 877 978 932 videt
1021 876 1262 946 dignatio
1296 886 1384 930 tua
1417 891 1522 928 non
1567 889 1724 943 posse
1758 886 1950 941 repro—

351 975 492 1040 bari,
517 975 720 1043 eligere
747 970 972 1026 debebis
991 984 1129 1039 quos
1146 970 1373 1024 clericos
1398 967 1582 1022 facias.
1600 970 1650 1019 Si
1667 966 1807 1019 enim
1828 981 1953 1020 NUL-

349 1085 455 1126 ιλιι
482 1082 720 1125 ειιιιτιιιι
749 1065 1058 1120 hominibus
1086 1075 1177 1116 aut
1200 1063 1521 1118 beneficium
1541 1070 1798 1130 praestare
1824 1059 1955 1112 veli-

347 1175 487 1225 mus,
511 1160 645 1213 tales
659 1157 904 1212 invenire
920 1169 1231 1225 possumus,
1247 1154 1314 1208 de
1327 1168 1554 1224 quorum
1580 1157 1950 1219 assumptione

350 1269 450 1309 nec
483 1255 763 1308 incurrere
794 1248 1137 1313 scandalum,
1172 1263 1272 1302 nec
1296 1246 1624 1301 erubescere
1651 1245 1946 1300 valeamus.

777 1341 1118 1400 EPISTULA
1148 1351 1174 1378 ⁸
1206 1340 1500 1396 XXXVIII.

349 1439 420 1496 Ut
444 1439 512 1508 ii,
543 1439 630 1508 qui
660 1439 710 1491 in
734 1437 1056 1510 presbyterio
1088 1435 1230 1504 ﬁlios
1261 1442 1572 1508 genuerunt,
1607 1433 1856 1487 removeri
1884 1430 1948 1485 ab

928 1529 1106 1599 ofﬁc-io
1136 1528 1371 1583 debeant.

346 1625 699 1682 INNOCENTlUS
726 1624 942 1680 Mutuo
960 1635 1012 1676 et
1034 1623 1250 1678 Ssvsno
1277 1621 1548 1692 episcOpis
1575 1636 1671 1691 per
1700 1620 1943 1675 Brittios.

419 1737 931 1796 Ecclesiasticorum
963 1751 1232 1791 canonum
1263 1750 1451 1790 norma
1481 1735 1615 1789 nulli
1645 1750 1765 1790 esse
1783 1733 1948 1788 debet

346 1835 620 1904 incognita
653 1831 1000 1889 sacerdotum
1035 1849 1047 1885 :
1079 1833 1204 1900 quia
1236 1832 1428 1886 nesciri
1461 1829 1576 1884 luce
1620 1847 1647 1883 a
1693 1829 1947 1900 pontifice

346 1929 477 1983 satis
505 1936 589 1984 est
617 1925 963 1991 indecorum,
1003 1927 1237 1980 maxime
1273 1941 1395 1980 cum
1429 1941 1458 1980 a
1494 1925 1646 1980 laieis
1677 1923 1948 1995 religiosis

346 2021 475 2075 viris
497 2032 549 2075 et
583 2022 818 2084 sciatur,
852 2031 908 2074 et
939 2017 1293 2074 custodienda
1332 2032 1454 2072 esse
1483 2017 1732 2073 ducatur.
1765 2018 1948 2087 Nuper

343 2112 562 2182 quidem
599 2109 762 2183 (Dist.
805 2111 865 2166 8i
898 2152 914 2175 ,
945 2128 990 2164 c.
1031 2109 1111 2181 6).
1146 2109 1541 2166 Illaximilianus
1573 2111 1716 2166 filius
1761 2124 1949 2166 n05ter

344 2219 514 2275 agens
546 2205 600 2257 in
633 2203 796 2258 rebus
831 2203 857 2241 δ
902 2203 1210 2273 cuiusmodi
1242 2203 1517 2273 querelam
1549 2203 1842 2272 detulerit,
1877 2205 1946 2260 li-

346 2295 477 2351 belli
507 2299 626 2361 eius
667 2296 837 2351 series
879 2311 1088 2350 annexa
1131 2296 1392 2350 declarat.
1440 2297 1540 2364 Qui
1571 2299 1689 2352 zelo
1721 2297 1842 2352 tidei
1884 2313 1948 2353 ac

346 2387 650 2459 diseiplinze
679 2388 875 2443 ductus
899 2432 913 2454 ,
957 2406 1062 2442 non
1099 2389 1304 2458 patitur
1335 2390 1635 2446 Ecclesiam
1674 2391 1840 2460 pollui
1880 2391 1947 2446 ab

346 2481 582 2552 indignis
605 2481 963 2553 presbyteris,
999 2497 1135 2552 quos
1168 2483 1220 2536 in
1260 2483 1598 2554 presbyterio
1635 2483 1772 2538 tilios
1802 2500 1950 2540 asse-

346 2575 420 2631 rit
472 2590 815 2646 procreasse.
861 2575 1016 2646 Quod
1067 2593 1171 2631 non
1225 2576 1390 2633 licere
1434 2593 1786 2646 eXponerem,
1845 2580 1947 2633 nisi

350 2685 564 2727 nossem
597 2683 834 2727 vestram
869 2671 1207 2743 prudentiam
1231 2672 1365 2744 legis
1394 2674 1558 2728 totius
1585 2674 1782 2728 habere
1811 2677 1952 2730 noti-

351 2767 502 2819 tiam.
527 2764 597 2820 Et
627 2764 768 2832 ideo,
805 2765 1002 2820 fratres
1032 2765 1364 2831 charissimi,
1397 2767 1594 2833 libelli,
1622 2769 1710 2837 qui
1737 2768 1950 2836 subjec-

351 2867 553 2926 tnscst,
601 2871 787 2916 tenore
832 2871 1138 2932 perspecto,
1182 2877 1276 2916 eos
1311 2863 1401 2931 qui
1437 2863 1562 2916 talia
1605 2873 1950 2933 perpetrasse

352 2952 605 3008 dicuntur
634 2999 647 3020 ,
674 2952 933 3022 jubebitis
966 2955 1016 3006 in
1051 2953 1232 3008 medio
1262 2953 1552 3019 collocari;
1584 2955 1950 3024 dlSCUSSleqlle

353 3045 782 3116 objectionibns,
837 3063 955 3110 tune
995 3047 1132 3116 ipsis
1169 3048 1501 3120 presbyteris
1551 3051 1948 3121 lmpinguntnr,

1556 192 1918 253 EPlS'fOL/E
1959 192 2051 248 ΕΤ
2094 191 2436 249 DECRETA.

344 318 446 375 ciis
473 318 523 373 si
550 317 646 372 ditt
671 315 1004 386 perdurent,
1054 321 1107 367 et
1137 311 1243 366 vita
1277 325 1466 365 eorum
1499 309 1702 378 pariter
1723 319 1774 363 et
1793 308 1949 362 obse—
1977 309 2028 370 Α

3541 191 3646 250 606

2513 307 2843 366 EPISTULA
2882 318 2907 348 ο
2936 307 3182 364 XXXIX.

2057 402 2209 470 Quod
2238 411 2356 472 post
2385 403 2736 473 paenitentiam
2781 402 2957 457 uultus
3001 403 3070 456 ad
3113 401 3308 457 clerum
3354 401 3518 473 possit
3553 398 3651 454 ad-

2776 476 2932 528 mitti.

2124 566 2476 624 bvsocenrms
2521 568 2790 632 Aurem,
2824 568 3145 624 Macsoomo
3177 575 3232 622 et
3266 563 3286 606 ί
3324 565 3581 624 “tum

2604 641 2849 711 epicopis
2878 641 3091 709 Apulis.

2128 731 2293 786 Multa
2325 732 2375 784 in
2408 731 2692 801 provincia
2736 739 2924 785 contra
2965 746 3205 787 canones
3244 729 3652 788 ecclesiasticos

2055 824 2386 894 deorumque
2432 823 2697 894 majorum
2756 825 3010 894 usurpari
3046 839 3076 878 a
3104 824 3380 894 plurimis,
3409 831 3463 880 et
3499 821 3648 878 reia-

2055 918 2228 972 tiones
2272 921 2636 982 diversorum,
2664 926 2718 971 et
2747 918 3131 987 suggestiones
3175 915 3453 971 fidissinne
3501 923 3651 971 retu-

2055 1010 2236 1066 lerunt
2262 1028 2272 1063 :
2308 1027 2426 1079 (pne
2456 1011 2676 1080 quidem
2710 1020 2934 1077 possent
2964 1007 3122 1063 facile
3151 1006 3424 1069 resecari,
3452 1007 3499 1060 si
3525 1006 3652 1074 cpi-

2052 1107 2206 1175 scapi
2230 1109 2280 1160 in
2313 1108 2394 1161 bis
2422 1123 2529 1162 non
2565 1106 2946 1160 invenirentur
2971 1113 3260 1169 auctores,
3285 1103 3377 1173 qui
3399 1101 3528 1156 dum
3555 1109 3654 1157 aut

2053 1201 2242 1256 amicis
2263 1211 2354 1254 aut
2377 1198 2807 1269 obsequentibus
2831 1200 3067 1268 gratiam
3089 1206 3350 1267 praestare
3375 1195 3655 1262 nituntur,

2055 1295 2378 1365 religionem
2411 1293 2640 1358 violant,
2671 1291 3004 1360 ordinesque
3038 1297 3420 1358 corrumpunt.
3457 1284 3536 1343 Ac
3567 1284 3652 1340 sic

2053 1391 2252 1453 evenit,
2289 1397 2343 1441 ut
2366 1387 2570 1456 indigni
2605 1387 2806 1455 quique
2837 1383 3078 1440 honores
3120 1384 3427 1454 suscipiant
3462 1380 3644 1436 eccle-

2052 1480 2323 1546 siasticos,
2351 1487 2407 1534 et
2432 1479 2795 1533 admittantnr
2829 1475 2897 1531 ad
2936 1477 3172 1543 clerum,
3217 1476 3310 1547 qui
3356 1489 3458 1530 nec
3501 1475 3648 1528 inter

2054 1574 2220 1628 laicos
2252 1572 2471 1643 quidem
2515 1573 2737 1642 dignum
2788 1570 2966 1626 locum
3020 1569 3222 1625 habere
3265 1577 3649 1623 mererentur:

2051 1667 2210 1720 sicuti
2244 1665 2297 1719 in
2329 1680 2473 1720 nunc
2520 1665 2648 1719 dato
2697 1663 2855 1718 nobis
2902 1663 3091 1718 libello
3134 1671 3496 1720 monstratum
3532 1670 3649 1728 est,

2053 1759 2352 1813 Modestum
2403 1757 2694 1828 quemdam
2742 1757 2929 1810 multis
2959 1755 3280 1810 criminibus
3307 1754 3646 1820 involutum,

2052 1866 2273 1922 propter
2303 1868 2424 1920 qua:
2455 1851 2619 1905 etiam
2657 1849 3035 1918 paenitentiam
3066 1849 3245 1920 egisse
3279 1849 3500 1917 dicitur,
3537 1861 3653 1902 non

2050 1949 2224 2002 solum
2268 1947 2529 2002 clericum
2578 1947 2872 2011 ell‘eCtum,
2907 1943 3052 2014 quod
3098 1958 3205 1998 non
3259 1942 3408 2010 licet,
3454 1957 3648 1998 verum

2049 2044 2212 2098 etiam
2241 2042 2306 2097 ad
2331 2042 2676 2112 episcopatus
2708 2041 2916 2108 apicem
2965 2054 3089 2093 eum
3116 2037 3378 2103 tendere;
3404 2053 3530 2092 cum
3557 2050 3651 2092 ca-

2053 2152 2226 2192 nones
2251 2135 2392 2206 apnd
2423 2135 2663 2191 Nicaeam
2689 2131 3002 2197 constituti,
3029 2131 3356 2202 ptenitentes
3382 2129 3556 2185 etiam
3584 2128 3653 2186 ab

2050 2229 2252 2284 infimis
2297 2227 2490 2283 ofﬁciis
2535 2229 2859 2282 clericttrum
2894 2235 2919 2273 tt
2969 2225 3266 2280 excludant
3319 2221 3496 2293 (Dist.
3546 2221 3651 2290 50,

2050 2342 2096 2380 ο.
2131 2323 2232 2389 60;
2267 2321 2392 2376 Nic.
2422 2338 2568 2376 conc.
2604 2337 2651 2374 c.
2683 2317 2794 2391 10).
2827 2319 2894 2373 Ει
2915 2317 3066 2383 ideo,
3091 2316 3289 2372 fratres
3310 2312 3651 2380 charissimi,

2053 2423 2343 2487 perspecto
2375 2422 2566 2469 tenore
2594 2412 2802 2478 libelli,
2833 2426 2960 2465 eum
2989 2409 3259 2481 iubebitis
3285 2405 3648 2477 praesentari:

2052 2525 2115 2565 ac
2142 2511 2187 2564 si
2209 2523 2336 2563 vere
2359 2505 2670 2563 constiterit
2693 2507 2878 2570 talem,
2897 2505 3116 2576 qualem
3143 2503 3366 2558 libellus
3382 2502 3651 2570 affirmat,

2053 2619 2161 2658 non
2191 2603 2368 2657 solum
2401 2602 2425 2637 ιι
2457 2601 2528 2656 ab
2554 2600 2894 2666 ambitione,
2949 2597 3048 2653 sed
3087 2596 3252 2654 etiam
3291 2611 3325 2652 a
3360 2595 3653 2651 clericatus

2053 2707 2406 2754 removeatur
2434 2695 2643 2751 officio.

2585 2786 2916 2845 EPISTOLA
2956 2785 2972 2823 ί
3007 2785 3120 2841 XL.

2129 2885 2193 2940 In
2227 2885 2502 2955 parceciam
2527 2885 2753 2939 alienam
2778 2881 3043 2942 invadere,
3063 2887 3154 2933 aut
3181 2878 3466 2955 quidquam
3491 2876 3547 2930 in
3566 2890 3651 2942 ea,

2200 2952 2492 3011 inconsulto
2513 2957 2678 3028 ipsius
2703 2955 2946 3026 episcOpo
2967 2994 2978 3013 ,
3018 2967 3169 3022 agere
3197 2965 3299 3002 non
3325 2952 3502 3001 licere.

2096 3051 2448 3106 INNOCBNTIUS
2481 3048 2493 3098 i
2537 3048 2886 3103 FLonsartNo
2915 3044 3180 3114 episcopo
3211 3039 3614 3097 Tiburtinensi.

358 3151 379 3178 ο
403 3142 444 3193 si
463 3142 712 3196 convinci
737 3143 1038 3211 potuerint,
1069 3157 1097 3195 ι
1129 3141 1451 3196 sacerdotali
1472 3154 1857 3198 removeantur
1873 3143 1951 3199 of-
1978 3147 2021 3207 C
2130 3144 2246 3199 Non
2279 3143 2470 3208 semel,
2495 3142 2592 3198 sed
2618 3141 2910 3209 aliquoties
2931 3138 3134 3193 clamat
3155 3135 3440 3204 Scriptura
3467 3133 3654 3187 divina

353 3234 513 3289 licio:
545 3237 666 3304 quia
700 3235 792 3304 qui
831 3237 1002 3288 sancti
1041 3249 1146 3289 non
1179 3244 1339 3299 sunt,
1376 3247 1566 3290 sancta
1601 3246 1807 3291 tentare
1845 3253 1950 3292 non

355 3339 616 3398 possunt;
649 3337 808 3400 atque
845 3327 1006 3384 alieni
1042 3327 1350 3383 efficiantur
1385 3345 1412 3382 a
1449 3331 1776 3396 ministerio,
1808 3331 1949 3398 qttod

353 3424 586 3478 vivendo
609 3421 797 3477 illicite
816 3419 841 3459 ί¹
875 3422 1207 3495 polluerunt.
1230 3422 1489 3478 Miramur
1507 3435 1687 3478 autem
1718 3423 1833 3478 Inec
1858 3441 1952 3478 eo-

352 3533 472 3572 rum
502 3516 844 3572 dissimulare
871 3517 1176 3585 episcopos,
1208 3525 1264 3570 ut
1285 3515 1708 3583 autcomiivere,
1737 3528 1826 3569 aut
1857 3530 1948 3570 ne-

352 3611 491 3664 scire
519 3621 641 3663 esse
666 3607 850 3663 illicita
871 3607 1197 3675 iudicentur.

425 3754 450 3782 ι
482 3745 539 3799 In
567 3745 698 3801 edit.
745 3743 955 3800 Concll.
989 3743 1216 3816 5.,H:ec
1257 3744 1487 3814 epistola
1536 3746 1587 3798 in
1626 3745 1952 3816 Dionysiaua

351 3818 724 3887 collectione,
774 3816 919 3870 unde
951 3816 1005 3870 in
1062 3815 1296 3884 Hispana
1351 3826 1404 3871 et
1453 3815 1951 3871 Isitloriana’tran-

353 3891 576 3958 scripta,
610 3891 790 3944 locum
827 3889 1060 3954 obtinet,
1097 3889 1524 3958 inseribilurque
1554 3887 1856 3943 Innocentii
1890 3890 1954 3945 ti-

355 3962 500 4015 tulus
529 3976 626 4016 seu
657 3965 935 4015 decretum
964 3974 1159 4013 ιιι-ιιι.

425 4031 767 4106 δνΕάιιίξςιιηι
794 4045 924 4085 mss.
952 4031 1082 4106 coll.
1111 4031 1268 4106 llisp.‘
1288 4039 1342 4083 et
1366 4029 1493 4084 Isid.
1517 4033 1568 4084 in
1597 4031 1746 4106 rebus
1774 4033 1954 4106 hujus-

355 4105 498 4176 ntodi
543 4105 749 4174 qualem
795 4103 1102 4176 querelam:
1137 4103 1471 4172 castigantur
1523 4119 1589 4159 ex
1643 4103 1867 4176 Dionys.
1903 4115 1959 4160 et

357 4175 618 4230 Hadrian.
652 4174 1076 4244 exemplaribus.

431 4257 452 4286 ⁸
480 4246 558 4301 Ita
589 4264 723 4300 mss.
754 4247 881 4300 coll.
919 4245 1077 4300 Dion.
1110 4253 1164 4300 et
1195 4244 1362 4300 Hadr.
1396 4245 1498 4299 Alii
1529 4262 1661 4300 vero
1682 4263 1805 4300 eum
1839 4249 1955 4301 vul-

352 4323 517 4386 gatis,
552 4320 596 4371 si
619 4319 836 4372 convicti
865 4316 1086 4387 fuerint;
1114 4325 1172 4387 et
1201 4332 1325 4371 mox
1351 4327 1595 4385 tractare,
1618 4333 1714 4387 pro
1738 4327 1952 4374 tentare.

355 4385 471 4444 Non
498 4403 583 4444 me
615 4389 748 4460 fugit
777 4385 919 4458 quod
951 4389 1064 4442 Arri
1096 4385 1232 4442 Cod.
1284 4404 1406 4443 can.
1451 4392 1586 4443 eccl.
1619 4385 1678 4442 Ἇ
1693 4390 1755 4442 fr.
1804 4405 1852 4445 c.
1898 4395 1955 4458 4,

355 4461 700 4524 sancientes,
732 4472 787 4513 ut
820 4461 1111 4530 episcopus,
1155 4460 1438 4531 presbyter,
1483 4471 1530 4513 et
1571 4461 1846 4528 diaconos,
1881 4464 1958 4517 vel

357 4533 445 4599 qni
474 4541 794 4585 sacramenta
843 4543 1252 4595 conrnscnar,
1308 4532 1572 4601 pudicitiae
1617 4538 1848 4587 custodes
1892 4537 1956 4589 ab

357 4601 607 4656 uxoribus
635 4620 688 4657 se
724 4602 1034 4667 abstineant,
1075 4613 1369 4671 postrema:
1415 4602 1636 4657 lectioni
1670 4605 1848 4659 favere
1879 4607 1958 4660 vi-

355 4675 603 4728 deantur.
632 4675 702 4729 At
727 4689 1070 4741 nequaquam
1093 4675 1464 4728 recedendum
1490 4675 1741 4728 duximus
1766 4694 1793 4729 a
1821 4693 1953 4730 mss.

353 4759 491 4870 quos
521 4748 731 4815 experti
764 4760 951 4798 sumus
991 4746 1360 4800 sinceriores:
1410 4749 1644 4801 maxime
1695 4763 1817 4800 cum
1871 4746 1956 4802 hic

393 4834 423 4870 e
453 4817 582 4870 solis
613 4816 951 4870 m'esbvteris
979 4819 1046 4868 sit
1079 4831 1282 4870 sermo.
1318 4833 1378 4869 ac
1409 4818 1628 4870 nomine
1660 4830 1953 4870 sanctorum

393 4834 423 4871 e
453 4817 582 4870 solis
613 4816 951 4887 presbyteris
979 4819 1046 4868 sit
1079 4831 1282 4884 sermo,
1318 4833 1378 4869 ac
1409 4818 1628 4871 nomine
1660 4830 1953 4873 sanctormn

356 4901 466 4942 non
497 4904 602 4940 una
631 4890 876 4957 corporis
906 4898 956 4939 et
1000 4889 1282 4956 sanguinis
1331 4887 1538 4942 Christi
1586 4901 1951 4955 sacramenta,

354 4960 451 5031 sed
479 4974 835 5028 quaecumque
866 4957 930 5011 ad
963 4958 1418 5031 presbyterorum
1439 4959 1799 5014 ministerium
1832 4979 1956 5031 per-

355 5029 556 5096 tinent,
593 5031 982 5101 intelligantur.
1014 5029 1279 5103 Quocirca
1311 5030 1536 5103 verbum
1570 5041 1798 5095 tentare,
1832 5029 1954 5103 ⁷(ιιιο

354 5103 664 5172 generalius
713 5115 824 5169 est,
873 5116 940 5156 eo
997 5103 1159 5156 etiam
1208 5101 1276 5156 ad
1321 5102 1373 5156 id
1425 5105 1820 5158 enuntiandum
1866 5101 1954 5159 est

359 5175 560 5242 aptius.

428 5242 455 5279 ⁸³
491 5246 622 5314 Reg.
653 5260 779 5303 ms.,
815 5245 1082 5316 polluant.

432 5325 454 5352 θ
489 5316 542 5370 In
567 5317 701 5371 edit.
727 5315 935 5372 Cuticil.
963 5320 1018 5372 6.
1049 5315 1366 5370 (Iolleclioni
1398 5317 1648 5387 IIispanzc
1677 5327 1729 5373 cl
1761 5317 1954 5374 Isitlori

355 5385 564 5441 inserta
597 5402 679 5441 est
706 5388 1001 5442 secundum
1037 5387 1351 5456 Dionysium
1391 5385 1676 5455 Exiguum,
1714 5393 1801 5456 qui
1831 5404 1952 5445 eam

359 5457 466 5529 sub
493 5461 653 5529 titulo
684 5476 842 5514 xxxiv
875 5460 1218 5514 decretorum
1254 5459 1553 5516 Innocetnii
1590 5462 1842 5529 subjecit.

437 5526 459 5604 ἦ
490 5527 826 5604 In_vttlgatis,
862 5530 1163 5598 Mauriano,
1197 5531 1329 5604 Reg.
1362 5550 1492 5600 tns.,
1543 5526 1793 5587 Martiae.
1837 5532 1955 5587 Cte-

355 5602 485 5667 teri,
515 5599 774 5655 Mariano.

433 5680 458 5718 ε
488 5673 602 5726 Non
655 5675 939 5744 conceptis
989 5675 1206 5743 quidem
1244 5677 1445 5742 verbis,
1497 5676 1591 5733 sed
1643 5677 1769 5745 quia
1823 5676 1955 5732 illud

352 5745 608 5810 sanciunt
662 5745 822 5818 bnjus
870 5747 1086 5801 concilii
1131 5761 1333 5822 patres,
1390 5752 1530 5810 unde
1574 5749 1716 5808 istud
1763 5763 1957 5806 conse-

1985 4425 2038 4486 D

2055 3238 2337 3296 transferri
2391 3253 2499 3292 non
2539 3245 2797 3304 oportere
2842 3232 3109 3288 terminos
3138 3246 3168 3284 δ
3221 3229 3470 3298 patribus
3516 3241 3654 3282 con-

2054 3336 2276 3388 stitutos
2303 3349 2315 3385 :
2344 3331 2470 3401 quia
2501 3330 2658 3385 nefas
2687 3338 2803 3394 est,
2837 3327 2882 3382 si
2915 3325 3059 3396 quod
3093 3324 3234 3379 alter
3261 3337 3481 3393 semper
3523 3335 3651 3390 pos-

2055 3423 2284 3490 sederit,
2315 3425 2452 3480 alter
2486 3421 2743 3489 invadat,
2785 3420 2930 3488 quod
2976 3429 3124 3474 tuam
3158 3416 3456 3472 bonitatem
3490 3415 3658 3470 frater

2057 3531 2111 3576 et
2136 3520 2492 3590 coepiscopus
2511 3529 2696 3574 noster
2715 3517 2895 3574 Ursus
2915 3518 3111 3572 asserit
3129 3524 3500 3586 perpetrasse.
3520 3510 3656 3567 Nam

2059 3612 2458 3667 Nomentanam
2483 3613 2596 3666 sive
2620 3609 2646 3647 ¹ί
2667 3609 3031 3664 Feliciensem
3057 3607 3377 3678 parteciam,
3410 3605 3474 3659 ad
3501 3617 3655 3660 suam

2055 3763 2228 3818 quens
2259 3764 2381 3803 esse
2409 3746 2755 3818 intelligitur.
2790 3746 2960 3800 Immo
2998 3761 3124 3818 cum
3159 3759 3279 3798 ean.
3320 3743 3385 3818 ιο
3415 3740 3568 3818 sequi
3595 3754 3657 3796 se

2053 3811 2384 3890 profitentur
2422 3811 2854 3874 ecclesiasticam
2885 3833 2945 3871 ea
2977 3817 3045 3890 de
3087 3829 3145 3870 re
3183 3813 3427 3890 regulam
3450 3855 3464 3879 ,
3518 3811 3657 3866 banc

2049 3886 2159 3960 jam
2192 3901 2318 3945 ante
2341 3894 2691 3945 constitutam
2724 3897 2954 3958 ponunt.
2990 3889 3049 3942 Et
3077 3901 3208 3942 vero
3231 3886 3296 3939 ad
3323 3901 3416 3960 eos
3440 3897 3653 3960 omnes,

2059 3956 2148 4030 qui
2176 3964 2358 4032 aliqua
2390 3965 2572 4032 gravis
2617 3956 2828 4031 peccati
2872 3960 3079 4015 macula
3116 3956 3467 4032 contaminati
3498 3965 3660 4032 sunt,

2061 4026 2252 4089 attinet
2272 4026 2345 4087 ὀτι
2376 4026 2534 4098 ratio,
2570 4026 2672 4104 qua
2697 4033 3026 4103 Cyprianus,
3056 4029 3413 4104 epismlaji,
3439 4041 3536 4080 eos
3565 4026 3657 4093 qui

2061 4110 2129 4158 ab
2156 4107 2354 4160 Ineresi
2382 4107 2465 4159 vel
2487 4099 2868 4160 schismatead
2899 4103 3198 4157 Ecclesium
3222 4099 3485 4161 redirent,
3511 4112 3660 4151 com-

2063 4179 2210 4231 muni
2259 4175 2484 4230 fratrum
2524 4192 2796 4232 consensu
2826 4191 2855 4228 a
2888 4176 3041 4228 clero
3076 4182 3225 4228 arcet
3273 4187 3336 4224 ac
3381 4179 3656 4222 removet:

2066 4247 2279 4319 Oportet
2310 4249 2443 4302 enim
2466 4247 2756 4302 sacerdotes
2785 4263 2845 4300 ac
2874 4245 3162 4319 ministros,
3188 4243 3276 4314 qui
3301 4242 3456 4319 altari
3485 4249 3533 4294 et
3569 4256 3660 4294 sa-

2063 4312 2274 4389 criﬁciis
2320 4320 2625 4384 deserviunt,
2677 4319 2906 4388 integros
2949 4326 3102 4386 atque
3145 4312 3656 4389 immaculatoaease.

2069 4383 2152 4443 ICo'
2183 4407 2315 4446 sane
2363 4383 2681 4461 conSpirant
2725 4383 2858 4460 quas
2906 4383 3162 4461 Ecclesia
3200 4384 3377 4440 sanxit
3409 4384 3476 4461 ab
3504 4383 3658 4461 initio

2064 4463 2232 4532 leges,
2289 4473 2344 4515 nt
2393 4456 2529 4517 nulli
2562 4456 2988 4532 promoveantur
3018 4459 3082 4532 ad
3115 4458 3344 4532 clerum,
3373 4456 3594 4532 nisiqui
3615 4469 3656 4532 _a

2060 4525 2327 4603 bavptismo
2355 4525 2630 4590 innoxiam
2657 4544 2819 4603 atque
2843 4534 2910 4585 ab
2929 4530 3078 4603 omni
3100 4527 3394 4603 cujuslibet
3415 4525 3660 4603 criminis

2058 4596 2178 4659 labe
2209 4623 2392 4674 puram
2442 4605 2603 4659 vitam
2651 4596 2973 4674 ditiissent.
3009 4601 3063 4655 Si
3113 4596 3267 4669 cujus
3307 4611 3439 4674 vero
3484 4596 3658 4674 latens

2061 4667 2294 4745 primum
2340 4677 2528 4746 Culpa,
2566 4675 2914 4746 postmodum
2948 4667 3324 4746 tletegeretur,
3363 4667 3518 4746 hunc
3536 4672 3658 4718 tan-

2060 4737 2183 4802 dem
2214 4737 2525 4802 convictum
2553 4737 2754 4817 deponi
2786 4745 3005 4817 Nico-ni
3025 4737 3265 4817 canones
3293 4739 3329 4792 2
3357 4745 3415 4794 et
3454 4737 3523 4792 10
3561 4751 3657 4790 vo-

2061 4819 2198 4873 lunt.
2229 4819 2367 4874 Vide
2392 4834 2554 4888 supra
2585 4815 2743 4887 epist.
2774 4817 2863 4880 16,
2894 4833 2947 4868 ιι.
2988 4815 3074 4888 'Il‘.

2131 4888 2158 4926 ²¹
2187 4888 2350 4944 Crab.
2382 4881 2542 4960 atque
2580 4881 2671 4944 alii
2715 4889 2974 4960 deinceps
3001 4884 3166 4946 editi,
3214 4881 3660 4960 abAepiscOpams

2059 4963 2369 5026 ambitione;
2397 4951 2544 5014 non.
2570 4968 2735 5030 atque
2763 4951 3018 5013 omnibus
3051 4971 3182 5010 mss.
3226 4951 3654 5030 refragantibus.

2059 5034 2246 5100 Neque
2279 5023 2409 5086 vero
2438 5023 2659 5086 tantum.
2678 5033 2744 5084 ab
2765 5033 3082 5102 episc0patu
3109 5034 3328 5080 arcetur
3355 5023 3658 5102 Modestus,

2059 5096 2168 5157 sed
2206 5121 2234 5157 a
2287 5103 2531 5173 quolibet
2583 5104 2744 5158 etiam
2792 5096 3000 5172 gradu,
3048 5115 3221 5173 quem
3257 5096 3502 5173 nonduin
3542 5103 3664 5173 erat

2058 5167 2317 5242 adeptus,
2345 5187 2397 5227 et
2428 5191 2490 5229 ex
2525 5191 2630 5243 quo
2659 5177 2723 5227 ad
2757 5167 3104 5243 episcoiiatus
3135 5169 3348 5243 apicem
3376 5167 3656 5243 tendebat.

2137 5237 2246 5300 i'ln
2300 5237 2435 5302 edit.
2487 5237 2698 5301 Ct'tticil.
2751 5237 2805 5300 8:
2853 5243 2910 5298 In
2952 5237 3384 5298 collectionibus
3431 5237 3658 5302 lsnlori,

2059 5318 2294 5386 Ilispann
2327 5330 2380 5372 et
2415 5318 2657 5390 Dionysii
2681 5317 2989 5371 exhibetur.
3014 5313 3171 5386 Apud
3199 5313 3343 5367 hunc
3374 5309 3656 5364 decretum

2059 5406 2216 5444 xxxvi
2251 5391 2550 5445 Innocentii
2583 5392 2912 5457 appellatur.
3060 5458 3092 5460 Α
3157 5457 3167 5460 _
3359 5451 3396 5460 _.
3571 5449 3584 5460 .

2134 5461 2146 5511 i
2189 5462 2265 5516 [tu
2298 5473 2515 5517 veteres
2558 5449 2687 5518 coll.
2746 5460 2907 5516 DtOn.
2960 5466 3015 5515 et
3056 5457 3225 5514 Iiadr.
3273 5451 3521 5509 codices.
3557 5449 3664 5505 Alii

2058 5544 2262 5601 autem,
2293 5531 2588 5588 Florentio.

2132 5604 2154 5642 κ
2190 5593 2447 5676 ΙιιῚὶυεὶο
2481 5620 2584 5659 ms.
2612 5602 2985 5676 Faciliemrm.
3005 5599 3221 5676 Deinde.
3241 5593 3478 5676 paracia:
3504 5605 3665 5676 voca-

2064 5677 2252 5731 bulum
2277 5723 2290 5747 ,
2318 5664 2425 5732 non
2458 5677 2815 5732 ceclesiarum
2855 5675 3086 5747 plurium
3121 5664 3500 5747 colIéCIioinetn
3550 5664 3672 5747 epl-

2063 5764 2234 5823 scopo
2260 5737 2589 5826 subiectam,
2612 5762 2719 5822 quo
2742 5737 2906 5804 sensu
2928 5745 3121 5818 priscis
3148 5737 3491 5814 temporibus
3513 5737 3674 5821 vulgo
