4206 6174
607 224 716 288 607

1882 227 1943 285 5.
1988 224 2382 284 INNOCENTII
2420 226 2441 283 Ι
2480 226 2688 284 PAPA'J

3798 229 3905 290 608

607 350 633 379 ³
664 343 943 403 ditecesim
969 360 998 401 a
1031 346 1328 417 majoribus
1350 343 1752 413 pertinentem,
1807 341 2081 397 invasisse
2113 350 2203 409 te,
2234 341 2287 404 Α
2312 351 2373 396 ιιι
2418 341 2509 411 qui
2553 341 2831 397 Christum
2880 341 3052 398 Deum
3101 357 3168 399 ex
3221 343 3402 400 Patris
3440 346 3746 403 substantia
3778 356 3911 407 ante

605 444 772 508 atque
825 438 938 494 illic
985 439 1168 494 divina
1211 436 1529 493 celebrasse
1570 435 1849 509 mysteria.
1900 435 2211 490 inconsulto

605 532 797 587 eodem
822 545 885 586 ac
913 533 1218 601 nesciente,
1247 546 1356 586 non
1377 532 1500 586 sine
1520 530 1717 586 dolore
1741 539 2077 600 conquestus
2103 538 2207 585 est.

606 624 765 693 Quod
794 626 838 681 si
869 642 1061 681 verum
1096 637 1202 695 est,
1257 642 1365 682 non
1400 626 1603 682 leviter
1633 635 1688 681 te
1715 624 1743 664 δ
1775 626 2072 681 incurrisse
2114 642 2210 681 co-

606 732 862 787 gnoscas.
914 719 1069 776 Unde
1094 722 1137 774 si
1162 721 1440 775 declinare
1461 721 1620 789 cupis
1649 728 1812 774 tanta:
1840 719 2212 788 usurpationis

610 809 915 879 invidiam,
964 814 1169 869 nostris
1214 813 1413 868 litteris
1466 812 1803 868 admonitum
1855 823 1906 867 te
1957 813 2213 868 convenit

607 901 911 959 absdnere.
955 904 1117 961 Certe
1143 906 1189 961 si
1213 906 1420 977 aliquid
1453 906 1548 960 tibi
1580 906 1759 960 credis
1778 905 2006 975 justitite
2022 907 2214 961 suifra-

608 996 747 1067 gari,
784 996 1010 1067 integris
1036 998 1317 1066 omnibus,
1344 1008 1400 1053 et
1429 998 1482 1053 in
1512 999 1746 1068 pristino
1774 1007 1916 1053 statu
1942 999 2212 1053 manenti-

607 1091 732 1158 bus,
761 1101 885 1161 post
912 1090 1033 1147 dies
1063 1093 1412 1149 venerabiles
1445 1093 1671 1148 Paschae
1714 1092 1916 1147 adesse
1942 1091 2171 1147 debebis
2192 1135 2206 1158 ,

607 1190 665 1236 ut
690 1193 711 1221 ο
746 1184 1033 1240 memorati
1054 1186 1234 1254 possis
1260 1183 1661 1240 intentionibus
1688 1183 2060 1253 respondere:
2085 1198 2211 1253 par-

604 1275 858 1345 tiliusqne
917 1278 969 1332 in
1026 1276 1211 1333 medio
1259 1277 1581 1346 collocatis,
1621 1276 1753 1348 quid
1795 1277 2091 1346 antiquitas
2119 1284 2211 1331 aut

607 1368 814 1424 veritas
850 1369 1069 1439 habeat,
1098 1371 1466 1441 requiramus.
1698 1430 1705 1443 τ

1132 1462 1474 1521 EPISTOLA
1503 1462 1530 1503 (ί
1558 1464 1694 1520 λιι.

614 1554 683 1613 Ut
705 1556 1017 1614 Laurentius
1043 1558 1314 1615 hatreticos
1341 1559 1558 1614 Phatini
1582 1575 1777 1617 venena
1798 1567 2051 1615 sectantes
2068 1569 2211 1614 curet

1299 1631 1514 1704 expelli.

739 1747 1092 1805 INNOCENTIUS
1116 1748 1430 1805 LAURENTIO
1458 1750 1719 1819 episcopo
1751 1759 1774 1786 ο
1805 1747 2086 1804 Seniensi.

686 1839 785 1895 Diu
819 1842 999 1896 mirati
1027 1858 1217 1897 sumus
1238 1884 1252 1909 ,
1282 1843 1599 1898 dilectionis
1640 1853 1747 1898 tua:
1797 1843 2002 1898 litteris
2033 1841 2217 1907 lectis,

612 1930 905 1989 hatreticos
951 1933 1173 1989 Photini
1233 1950 1445 1990 venena
1495 1944 1773 1990 sectantes
1838 1934 1890 1988 in
1940 1934 2222 1989 territorio

615 2024 927 2080 dilectionis
958 2036 1063 2081 tute
1092 2042 1200 2082 non
1250 2029 1426 2082 solum
1467 2041 1591 2083 esse
1612 2071 1626 2095 ,
1660 2027 1752 2082 sed
1785 2036 1840 2081 et
1866 2025 2086 2097 publice
2116 2026 2220 2081 sibi

616 2118 999 2173 conventicula
1022 2119 1074 2173 in
1097 2120 1405 2190 aliquorum
1426 2119 1871 2189 possessionibus
1885 2133 2216 2189 praeparare;

619 2220 743 2263 cum
789 2208 857 2264 de
892 2219 1008 2265 toto
1049 2225 1188 2281 pene
1215 2211 1349 2267 orbe
1383 2227 1649 2282 nusquam
1681 2223 1791 2267 tam
1824 2212 2007 2281 multi,
2057 2227 2217 2280 quam

623 2302 767 2371 apud
813 2317 947 2368 vos,
991 2303 1300 2375 delegerint
1345 2303 1617 2361 habitare.
1668 2306 1909 2373 Quorum
1958 2305 2224 2360 doctrina:

614 2393 847 2451 nefariae
893 2407 1086 2452 auctor
1127 2397 1375 2466 Marcus,
1436 2398 1643 2453 dudum
1691 2398 1759 2455 de
1812 2399 1960 2456 Urbe
2006 2401 2220 2469 pulsus,

618 2489 945 2542 temeritatis
982 2496 1149 2544 tanta:
1190 2488 1387 2544 ductus
1434 2499 1520 2545 est
1565 2489 1823 2558 audacia,
1876 2499 1937 2545 ut
1986 2492 2223 2561 primum

619 2577 727 2634 sibi
769 2580 910 2634 inter
951 2595 1050 2635 eos
1097 2580 1339 2636 vindicet
1368 2581 1571 2637 locum.
1602 2582 1709 2638 Sed
1740 2598 1808 2637 ne
1848 2584 2079 2638 ulterius
2126 2582 2224 2637 de-

612 2671 915 2727 bacchandi
941 2671 1175 2727 habeant
1193 2672 1532 2740 facultatem,
1565 2682 1623 2729 et
1645 2676 1858 2730 animas
1882 2676 2219 2745 simplicium

615 2780 681 2821 ac
714 2766 733 2803 τ
769 2767 1168 2821 rusticanorum
1199 2782 1382 2822 secum
1406 2766 1461 2821 in
1490 2767 1826 2839 gehennam,
1857 2769 1944 2823 cui
1969 2768 2223 2822 destinati

617 2870 764 2927 sunt,
801 2861 1040 2928 trahant,
1074 2873 1253 2917 actum
1303 2871 1389 2918 est
1427 2863 1692 2919 adversus
1722 2880 1820 2919 eos
1852 2881 1879 2917 a
1910 2874 1935 2911 ε
1962 2863 2218 2919 defenso-

615 2952 766 3008 ribus
796 2953 1057 3011 Ecclesiae
1088 2966 1322 3022 nostrzc,
1351 2970 1459 3027 quo
1502 2970 1599 3013 eos
1642 2957 1856 3027 possint
1899 2956 2175 3028 expellere
2204 2975 2214 3010 :

2313 434 2515 489 Saecula
2546 445 2745 505 negant
2774 435 3051 505 genitum,
3104 435 3158 490 hi
3206 451 3329 492 cum
3375 437 3604 506 Judreis,
3653 442 3741 511 qui
3790 443 3913 509 ejus

2314 524 2571 582 deitatem
2603 541 2961 597 negaverunt,
2992 538 3046 584 et
3073 545 3220 586 nunc
3244 546 3415 600 usque
3439 542 3662 603 negant.
3688 534 3912 603 partici-

2312 617 2461 686 pium
2490 619 2729 674 habeant
2758 619 3147 675 damnationis.
3180 622 3352 677 Tnum
3385 636 3490 689 eSI,
3518 627 3687 679 lrater
3706 626 3913 682 charis-

2315 710 2470 775 sitne,
2506 726 2626 781 quae
2665 722 2938 783 prtecepta
2989 723 3146 780 sunt,
3195 731 3303 770 non
3356 719 3578 787 segnius
3609 735 3811 787 agere:
3844 734 3914 777 ne

2315 801 2525 871 plebem
2576 805 2667 858 tibi
2717 806 2979 861 creditam
3030 807 3466 866 dissimulatione
3508 810 3800 883 deperdas,
3856 822 3915 872 et

2315 895 2541 967 incipias
2576 898 2683 954 Deo
2714 900 2783 955 dc
2803 902 3035 971 perditis
3067 902 3301 960 reddere
3333 906 3627 963 rationem.

2851 1015 3189 1074 EPISTOLA
3218 1018 3381 1073 XLII.

2316 1117 2416 1158 εει]
2471 1120 2815 1163 ιΙΤΤΕΒΑΒυΜ
2881 1124 3094 1164 PFLAGII
3147 1127 3215 1165 AD
3283 1126 3458 1167 PAPAII
3522 1128 3915 1184 ιΝΝοεεκτιυη,

2387 1190 2517 1229 POS'I‘
2549 1192 2765 1231 HORTEM
2795 1195 2946 1243 Eius,
2982 1197 3079 1235 SED
3108 1197 3215 1237 CUI!
3249 1198 3355 1237 εωι
3386 1200 3704 1242 DEFUNCTUH
3733 1202 3919 1243 NESCI-v

2386 1263 2509 1315 ιιεΤ,
2542 1264 2875 1304 ΒΟΒΙΡΤΑΒυΗ
2906 1268 3249 1308 FRAGMENTA.

2390 1362 2440 1416 i.
2472 1360 2541 1415 In
2569 1363 2671 1430 Itis,
2706 1372 2831 1418 teste
2858 1364 3151 1438 Augustino
3176 1368 3192 1435 (
3216 1365 3425 1422 Lib.'de
3454 1367 3639 1424 Gratia
3683 1368 3917 1440 Christi,

2313 1470 2361 1508 c.
2408 1454 2525 1527 50),
2572 1455 2822 1529 Pelagius
2846 1456 3007 1525 dicit,
3041 1473 3164 1515 esse
3193 1460 3260 1515 de
3290 1462 3485 1531 quibus
3512 1480 3633 1519 eum
3663 1464 3922 1523 li0mioes

2316 1548 2582 1606 infamare
2635 1562 2960 1607 conantur:
3010 1569 3217 1622 unum,
3267 1556 3411 1626 quod
3464 1565 3627 1628 neget
3678 1559 3924 1627 parvulis

2316 1643 2568 1714 baptismi
2626 1655 3062 1710 sacramentum,
3142 1658 3199 1703 et
3268 1651 3475 1720 absque
3543 1649 3924 1720 redemptione

2248 1740 2294 1800 B
2321 1736 2529 1791 Christi
2572 1738 2844 1806 aliquibus
2886 1743 3151 1797 cmlorum
3183 1757 3345 1813 regna
3389 1744 3674 1814 promittat
3702 1762 3714 1797 :
3748 1745 3920 1813 aliud,

2323 1828 2468 1898 quod
2515 1830 2586 1885 ita
2633 1831 2776 1885 dicat
2824 1847 2985 1902 posse
3016 1833 3297 1890 hominem
3326 1835 3500 1890 vitare
3526 1844 3828 1905 peccatum.
3860 1844 3925 1892 ut

2324 1922 2420 1978 Dei
2473 1923 3031 1991 excludatauxilium,
3067 1938 3124 1983 et
3154 1929 3206 1984 in
3243 1938 3450 1984 tantum
3480 1929 3657 1985 libero
3682 1928 3923 1987 confidat

2323 2014 2573 2084 arbitrio,
2611 2026 2668 2070 nt
2698 2019 2888 2087 gratia:
2918 2020 3164 2089 repudiet
3196 2020 3553 2089 adjutorium.

2394 2106 2450 2162 2.
2489 2106 2827 2180 Prosequitur
2865 2111 3187 2183 Augustinus
3212 2111 3411 2185 (Ibid.,
3451 2129 3498 2168 ε.
3526 2114 3619 2183 51)
3641 2134 3656 2171 :
3680 2114 3777 2170 His
3799 2132 3924 2171 cunt

2328 2201 2606 2256 invidiosus
2635 2205 2697 2257 de
2730 2205 2957 2258 inimicis
3006 2206 3112 2259 suis
3157 2207 3513 2262 admiscuisset
3554 2209 3811 2275 querelas,
3855 2208 3927 2266 ad

2325 2312 2436 2349 rem
2466 2297 2537 2349 ita
2562 2297 2729 2351 venit:
2755 2297 2896 2352 Ecce
2925 2299 3065 2367 apud
3090 2298 3480 2355 beatitudinem
3516 2311 3661 2357 tuam
3692 2302 3928 2373 epistula

2330 2390 2431 2445 ista
2479 2406 2565 2445 me
2615 2401 2842 2460 purget,
2877 2392 2928 2445 in
2960 2408 3064 2463 qua
3097 2409 3234 2463 pure
3281 2405 3443 2464 atque
3487 2395 3808 2465 simpliciter
3856 2394 3927 2451 ad

2331 2483 2659 2553 peccandum
2694 2492 2747 2537 et
2778 2483 2842 2537 ad
2877 2500 2984 2539 non
3018 2487 3353 2554 peccandum
3385 2488 3659 2558 integrum
3689 2489 3923 2544 liberum

2328 2578 2612 2634 arbitrium
2666 2579 2868 2635 habere
2917 2596 3017 2634 nos
3066 2580 3334 2649 dicimus,
3381 2583 3523 2651 quod
3574 2585 3625 2638 iit
3672 2585 3927 2640 omnibus

2329 2672 2487 2728 bonis
2518 2673 2776 2743 operibus
2808 2673 2991 2728 divino
3018 2673 3308 2743 adjuvatur
3331 2691 3552 2747 semper
3578 2679 3809 2733 auxilio.

2397 2767 2451 2822 ’5.
2489 2765 2710 2831 Deinde,
2736 2767 2903 2837 inquit
2933 2765 3255 2840 Augustinus
3288 2766 3501 2841 (Ibid.),
3526 2787 3641 2823 cum
3666 2770 3731 2824 de
3753 2769 3923 2823 homi-

2327 2861 2406 2914 nis
2432 2860 2746 2922 ronditione,
2782 2868 2829 2913 et
2856 2858 2925 2911 ad
2951 2861 3267 2928 peccandum
3295 2872 3448 2932 atque
3473 2877 3577 2915 non
3604 2862 3931 2930 peccandum

2325 2950 2557 3006 naturali
2578 2954 2690 3025 ejus
2718 2948 3061 3025 possibilitate
3089 2952 3332 3023 quaedam
3364 2953 3787 3026 interposuisset,
3827 2955 3930 3007 ad-

615 3134 914 3207 accipitnr,
948 3135 1043 3190 sed
1072 3136 1360 3192 ecclesiam
1393 3137 1726 3202 singularem
1759 3136 1851 3190 nni
1886 3135 2211 3207 presbytero
2240 3134 2285 3197 C
2317 3132 2547 3207 scripta,
2582 3146 2703 3207 cum
2742 3131 2797 3185 in
2830 3131 3085 3207 omnibus
3114 3147 3245 3207 mss.
3285 3142 3395 3188 tum
3441 3135 3493 3188 in
3543 3136 3739 3203 priscis
3784 3137 3927 3193 edit.

618 3206 1092 3279 addictamsouat.
1120 3207 1325 3262 Eodem
1360 3209 1645 3263 intellectu
1674 3218 1728 3264 et
1748 3223 1911 3279 supra
1933 3206 2095 3278 epist.
2117 3207 2209 3273 ‘25,

620 3292 674 3329 ιι.
709 3276 769 3349 8,
797 3279 867 3329 ab
896 3277 1211 3349 Innocentio
1242 3280 1361 3349 ipso
1389 3290 1708 3349 usurpatur.

688 3356 713 3383 α
748 3347 939 3401 Pasch.
971 3347 1297 3415 Qucsnellus
1324 3351 1375 3404 in
1399 3366 1415 3404 t
1436 3347 1638 3406 Leonis
1659 3351 1971 3418 epistolam,
2004 3357 2118 3405 not.
2155 3348 2210 3413 4,

622 3433 722 3485 pro
752 3430 902 3474 certo
923 3434 1130 3488 ponens
1152 3436 1340 3476 vocem
1368 3437 1627 3476 ntmcssts
1650 3425 1734 3477 vix
1762 3423 1869 3476 illis
1895 3433 1993 3475 tem
2004 3422 2215 3486 poribus

568 3556 569 3559 η
618 3488 869 3560 (Leonis)
902 3507 1007 3545 esse
1058 3491 1317 3556 prolatam
1362 3510 1393 3544 a
1436 3493 1690 3547 Romanis
1737 3492 1814 3546 uel
1861 3492 2215 3547 Orientalium

616 3562 845 3632 partium
875 3562 1130 3635 episcopis
1170 3580 1263 3635 pro
1300 3563 1548 3631 parocltia
1580 3563 1887 3629 provinciali
1918 3565 2075 3618 alicui
2103 3568 2213 3634 epi-

618 3647 772 3705 scopo
800 3636 1031 3705 subjecta
1052 3676 1067 3698 ,
1102 3633 1248 3688 hunc
1278 3636 1384 3690 sibi
1418 3636 1608 3700 obiicit
1651 3635 1953 3691 Innocentii
1999 3633 2175 3690 locum
2197 3681 2211 3703 ,

619 3701 1012 3777 in_‘et_tq_ue'silti
1064 3705 1235 3777 videri
1282 3708 1389 3769 ait,
1434 3721 1607 3760 uocent
1649 3708 1883 3762 diwcesis
1933 3709 2072 3760 sumi
2121 3701 2215 3777 pro

617 3774 1082 3835 administratione.
1131 3776 1257 3830 licet
1301 3776 1440 3832 hanc
1487 3794 1575 3841 eo,
1623 3794 1730 3847 quo
1775 3794 1917 3834 nunc
1960 3774 2218 3844 frequens

616 3854 859 3920 est,q_u_su
888 3858 942 3900 et
976 3861 1103 3920 tunc
1129 3847 1296 3909 Afris,
1322 3858 1378 3903 et
1406 3859 1527 3920 post
1546 3850 1746 3904 Leonis
1778 3862 2024 3919 tempora
2048 3848 2218 3904 Gallis

619 3915 946 3989 familiarem
979 3917 1146 3989 fuisse
1180 3915 1435 3974 lateatur'.
1471 3927 1536 3974 At
1572 3936 1694 3975 cum
1722 3915 2022 3989 dimceses,
2059 3932 2219 3988 prout

621 3984 740 4061 [nec
783 4002 883 4042 vox
930 3988 1461 4044 administrationem
1514 4003 1693 4061 sonat,
1743 3992 1864 4045 duae
1910 3984 2116 4045 taniu'in
2164 3993 2216 4046 in

619 4054 770 4110 Italia
804 4067 931 4112 tunc
959 4069 1178 4127 essent,
1224 4063 1465 4116 liomana
1514 4054 1757 4122 scilicet.
1805 4065 1890 4117 cui
1936 4063 2219 4117 Romanus

626 4141 862 4197 planet-at
891 4134 1142 4194 antistes,
1172 4140 1227 4186 et
1248 4131 1466 4198 Italica,
1498 4149 1619 4199 qua:
1664 4133 2059 4189 Mediolanensi
2105 4135 2220 4201 epi-

616 4214 783 4272 scuno
806 4204 1059 4269 suberat,
1093 4220 1157 4257 eo
1192 4204 1474 4258 intellectu
1504 4203 1843 4258 Nomentana
1880 4205 2117 4272 partecia
2150 4205 2218 4257 ad

622 4267 853 4326 Romani
898 4267 1185 4334 antistitis,
1232 4290 1340 4329 non
1368 4275 1433 4328 ad
1467 4274 1589 4329 Ursi
1622 4284 1716 4329 aut
1743 4267 2043 4330 Florentini
2077 4275 2217 4329 dioe-

621 4346 789 4397 cesitn
845 4343 1173 4407 pertinebat.
1222 4346 1327 4400 Sed
1377 4356 1427 4399 et
1478 4346 1734 4401 dimcesis
1762 4349 2086 4401 vocabulum
2122 4363 2221 4416 pro

622 4416 902 4486 territorio
934 4416 1230 4483 episcopali
1271 4418 1338 4470 ab
1385 4416 1570 4471 Hilaro
1616 4417 1816 4472 Leonis
1863 4432 2216 4486 successore,

623 4495 679 4556 ut
703 4496 752 4538 et
785 4503 813 4537 a
835 4485 1076 4551 Gelasio,
1094 4486 1320 4556 Vigilio,
1338 4499 1808 4555 etc.,usurpatum
1826 4489 1992 4543 visuri
2011 4504 2218 4542 smnus.

621 4553 770 4630 Idem
802 4558 920 4623 ejus
951 4573 1080 4630 usus
1119 4553 1204 4611 est
1253 4570 1364 4612 ttttn
1414 4557 1468 4612 in
1518 4553 1804 4630 Augustini
1835 4560 2068 4630 epistola
2094 4560 2219 4624 20‘),

624 4642 679 4680 η.
715 4627 769 4686 8.
807 4640 918 4681 tum
948 4631 1001 4683 in
1033 4629 1115 4683 bis
1137 4630 1356 4685 concilii
1386 4627 1631 4685 Toletani
1666 4647 1704 4685 ι.
1737 4647 1858 4685 can.
1882 4630 1982 4685 20:
2015 4629 2223 4683 Placuit

624 4713 688 4752 ea:
713 4697 812 4774 hac
850 4699 933 4753 die
965 4702 1166 4755 nullum
1215 4702 1414 4767 alium,
1456 4703 1566 4774 nisi
1611 4704 1943 4774 episcOpum,
1998 4702 2223 4756 chrisma

625 4770 900 4843 con/icere,
934 4780 981 4826 et
1008 4789 1097 4843 per
1126 4788 1396 4829 DKECESIM
1429 4773 1710 4827 destinare.

698 4839 726 4877 δ
753 4839 1020 4897 Crahbins
1062 4844 1130 4897 de
1178 4862 1277 4898 suo
1316 4844 1405 4899 hic
1434 4845 1644 4899 addidit
1688 4845 2075 4911 culpatiuqnm
2121 4859 2225 4898 vox

630 4924 971 4985 nequaquam
1002 4932 1104 4968 non
1135 4915 1340 4985 leviter,
1383 4917 1479 4971 sed
1530 4933 1633 4969 non
1681 4917 1839 4970 levem
1890 4916 2222 4984 postulabat.

630 4979 1023 5057 Net'itie‘tameo
1056 4997 1243 5053 postea
1266 4979 1563 5057 castigatus
1593 4988 1710 5042 fuit.
1756 4979 1927 5042 Porro
1960 4990 2224 5042 incurrere

632 5061 686 5105 et
716 5050 976 5130 o/l‘cntlere
998 5050 1179 5111 Tullio
1208 5050 1508 5130 synnnyina
1537 5070 1684 5114 sunt.

708 5132 729 5160 ε
767 5124 936 5190 Editi,
973 5139 1092 5195 post
1122 5124 1310 5199 (irain,
1345 5124 1661 5184 memoratis.
1693 5128 2029 5183 Concinuitts
2068 5128 2223 5182 Merl.

632 5202 688 5248 et
716 5210 847 5250 mss.
881 5203 1184 5265 memorati,
1241 5202 1362 5256 scil.
1408 5201 1550 5257 Ursi.
1610 5200 1816 5256 Deinde
1860 5199 2226 5255 intentionibus

632 5266 683 5321 id
712 5275 797 5321 est
826 5271 970 5338 quod
996 5274 1449 5339 extiostnlationi.
1499 5274 1708 5341 Quippe
1740 5273 1979 5339 antiquis
2013 5272 2228 5324 intentio

629 5353 731 5415 pro
759 5346 1135 5415 controversia
1165 5354 1221 5399 et
1246 5344 1690 5415 expostulatione
1739 5358 1838 5397 seu
1887 5343 1981 5398 lite
2024 5344 2228 5415 intenta

630 5410 915 5467 familiaris
940 5423 1045 5469 est.

703 5482 730 5518 ά
761 5485 816 5538 Iit
847 5486 979 5540 edit.
1013 5486 1224 5542 Concil.
1253 5485 1341 5541 ΞΟ.
1388 5485 1572 5539 Trium
1606 5500 1702 5539 seu
1745 5493 1981 5553 quatuor
2025 5483 2229 5538 collec-

632 5554 841 5629 tionum
873 5559 1072 5629 sa-pins
1114 5559 1516 5611 naminatarnm
1562 5571 1667 5629 ope
1713 5557 1780 5607 ad
1823 5569 1921 5608 nos
1954 5558 2224 5629 pervenit.

630 5627 787 5691 Apud
849 5626 1161 5699 Ilionysiutn
1223 5635 1557 5699 pra-nutritur
1596 5626 1895 5681 Innocentii
1938 5627 2223 5699 decretum

630 5710 754 5767 itus
783 5700 845 5750 de
860 5695 1187 5764 Bonosiacis,
1208 5695 1346 5767 quod
1363 5695 1565 5751 Judteis
1587 5699 1689 5752 sint
1713 5698 2068 5761 comparandi.
2092 5698 2225 5764 Qui:

626 5762 839 5821 intuma
868 5770 1067 5826 exinde
1090 5770 1158 5826 ab
1176 5762 1306 5827 aliis
1337 5768 1607 5828 canonum
1641 5770 2088 5839 compilatoribus
2118 5762 2219 5822 se

2249 4525 2303 4585 D

2316 3203 2533 3260 Concil.
2566 3217 2629 3255 ac
2672 3204 2828 3256 Rom.
2875 3204 3132 3256 obtinuit.
3180 3204 3350 3261 Immo
3390 3223 3456 3262 ex
3489 3206 3590 3261 hac
3616 3224 3829 3263 summa
3880 3218 3936 3264 et

2317 3276 2490 3331 altera
2516 3276 2820 3337 superioris
2848 3276 3094 3341 epislolm
3120 3275 3186 3329 16
3211 3278 3372 3330 simul
3399 3280 3673 3343 cepulatis
3700 3284 3937 3335 tit-esco-

2319 3348 2444 3402 niUs
2485 3345 2741 3400 bresiatii
2789 3347 2871 3399 sui
2905 3346 3203 3413 Capitulum
3255 3349 3323 3403 58
3374 3350 3630 3403 conﬂavit
3682 3352 3735 3405 in
3786 3353 3937 3406 hunc

2319 3417 2540 3474 modum
2567 3435 2579 3470 :
2615 3418 2688 3470 De
2715 3414 3021 3489 B_onosiacis
3066 3416 3359 3483 Iuvreticis,
3411 3424 3549 3489 quod
3579 3419 3782 3476 Judtvis
3830 3425 3937 3477 sint

2319 3490 2679 3561 comparandi.
2729 3486 2799 3540 Et
2851 3488 2916 3540 de
2960 3490 3305 3559 suscipiendis
3349 3486 3576 3553 clericis,
3619 3510 3747 3558 quos
3792 3496 3937 3547 idem

2321 3559 2557 3614 Bonosus
2584 3569 2862 3629 antequam
2891 3561 3227 3613 damnaretur
3257 3564 3536 3616 ordinavit.
3585 3563 3666 3618 Ea:
3709 3567 3938 3619 derretis

2321 3649 2472 3701 papa:
2505 3630 2797 3683 Innocentii
2824 3634 2903 3683 tit.
2935 3647 3061 3685 rtth
3092 3643 3145 3684 et
3174 3649 3225 3686 L.
3270 3631 3407 3689 Hinc
3438 3637 3660 3697 factum,
3704 3651 3755 3690 nt
3795 3637 3940 3692 Mer-

2321 3704 2463 3757 Iinus
2493 3707 2768 3769 geminum
2810 3701 2960 3754 illiilli
2995 3703 3210 3755 titulum
3244 3706 3490 3771 eiii-tolu-
3524 3709 3647 3759 linii-
3681 3713 3939 3774 praemit-

2323 3785 2465 3851 tens,
2499 3778 2839 3851 superiorem
2869 3775 3150 3851 epislolam
3180 3774 3268 3851 176,
3296 3786 3574 3851 tamquam
3604 3778 3764 3846 hujus
3790 3780 3944 3851 rapi-

2324 3845 2493 3899 tulum
2514 3845 2815 3916 secundum
2843 3845 2897 3916 ei
2938 3846 3256 3910 subjecrrit.
3295 3845 3491 3901 Bantisi
3521 3845 3742 3916 quidem
3782 3845 3941 3903 Plio-

2323 3919 2547 3986 tibique.
2576 3925 2635 3968 ut
2658 3914 2858 3983 praevio
2886 3914 2936 3968 iit
2962 3917 3245 3983 (‘pISlHIﬂlll
3274 3919 3306 3972 9
3328 3918 3506 3973 Sirieii
3542 3914 3743 3973 Illonito
3770 3938 3833 3974 ιι.
3884 3922 3939 3984 7,

2323 3987 2751 4047 obsiet-variatus,
2788 3986 2983 4039 al'lines
3031 4001 3186 4040 erant
3240 3989 3515 4053 hau-eses;
3563 3991 3700 4045 nihil
3743 4004 3940 4045 tamen

2323 4070 2405 4114 est
2434 4074 2528 4110 enr
2555 4074 2585 4111 a
2613 4058 2787 4131 littera
2820 4059 3169 4131 discedamus
3195 4062 3442 4128 ρρῑειοιιυ
3470 4073 3696 4127 ηοςιιεεν,
3734 4063 3792 4117 in
3831 4078 3941 4131 qua

2323 4140 2657 4183 sectatorum
2690 4129 2928 4191 I’ltotini,
2967 4146 3070 4181 non
3127 4130 3325 4184 Bonosi
3349 4172 3365 4194 ,
3416 4135 3622 4188 mentio
3661 4129 3941 4189 occ-irrit.

2323 4200 2495 4255 Immo
2520 4203 2564 4252 si
2596 4200 2663 4251 ad
2700 4199 3019 4254 Senieusem
3052 4200 3104 4253 in
3136 4202 3379 4269 Croatia,
3410 4218 3506 4257 seu
3532 4245 3547 4268 ,
3581 4216 3637 4258 ut
3666 4207 3807 4259 olim
3847 4221 3945 4257 vo.

2323 4273 2541 4337 cubant,
2574 4272 2627 4326 in
2651 4271 2934 4333 Liburnia,
2969 4286 3073 4325 non
3114 4272 3178 4324 ad
3218 4273 3516 4329 Senenseut
3571 4277 3622 4328 in
3672 4276 3942 4331 lletrnria

2325 4345 2640 4410 episcopum
2674 4342 2791 4396 Inec
2839 4343 3068 4410 epistola
3120 4346 3326 4411 scripta
3364 4357 3466 4403 est.
3522 4346 3772 4408 Pbotini,
3832 4362 3945 4402 non

2328 4413 2780 4468 Bonosiassei-las
2807 4414 2857 4465 iit
2885 4432 2945 4466 ea
2973 4416 3146 4466 notari
3169 4425 3321 4467 extra
3342 4417 3780 4473 controversiam
3809 4421 3942 4473 erit.

2328 4485 2603 4538 Praucrca
2652 4482 2981 4549 Pbotiunm,
3034 4500 3155 4538 cum
3202 4484 3385 4540 Sirtuii
3420 4490 3470 4540 in
3503 4489 3819 4548 Pannonia.
3856 4488 3946 4542 cui

2329 4555 2585 4628 Liburnia
2613 4556 2789 4608 vicina
2823 4566 2927 4622 est,
2961 4556 3251 4628 episcopus
3279 4569 3448 4621 esset,
3472 4562 3791 4628 provincias
3818 4560 3942 4613 illas

2330 4627 2556 4680 Ineresis
2583 4642 2694 4678 sum
2726 4642 2937 4679 veneno
2967 4627 3221 4680 inIccisse
3246 4644 3410 4683 nemo
3439 4627 3676 4694 ignorat.
3699 4631 3944 4684 Domum

2328 4698 2649 4775 Innocentio
2690 4697 2759 4775 de
2794 4699 2983 4775 haeresi
3034 4712 3216 4775 seruio
3256 4711 3371 4775 est,
3427 4718 3588 4775 titiam
3642 4712 3767 4775 toto
3812 4716 3945 4775 pene

2331 4771 2450 4821 orbe
2476 4769 2885 4822 disseminatum
2912 4770 3106 4833 innuit,
3132 4772 3278 4837 quod
3313 4786 3447 4825 sane
3475 4774 3525 4824 in
3548 4769 3944 4827 Photiniaiiam

2331 4841 2524 4909 magis,
2554 4856 2713 4907 quam
2750 4840 2801 4892 in
2838 4839 3193 4894 lionusiac;tm
3220 4858 3410 4896 recens
3448 4843 3697 4899 obortam
3729 4860 3945 4899 conve-

2332 4915 2429 4965 nit.
2481 4912 2823 4986 Ejusantem
2860 4912 3103 4976 haeresis,
3136 4928 3207 4979 qu
3229 4931 3297 4965 IIII
3320 4913 3680 4986 Innocentius
3712 4915 3942 4986 arguit,

2328 4991 2507 5037 auctor
2531 4982 2729 5036 dieitur
2752 4981 2988 5044 Marcus,
3015 4998 3121 5035 non
3145 4985 3270 5052 quia
3297 4985 3440 5037 illam
3470 4981 3817 5054 excogitarit'.
3844 4988 3944 5040 sed

2327 5055 2791 5127 quittscdttlioretii
2807 5056 2857 5105 in
2871 5070 2932 5107 ea
2953 5056 3293 5127 propaganda
3306 5072 3529 5121 Operam
3545 5074 3657 5127 pru‘
3670 5075 3729 5110 se
3745 5057 3941 5111 ferret.

2404 5136 2427 5199 εξ
2460 5125 2513 5199 I_n
2532 5127 2751 5199 aliquot
2778 5142 2936 5189 mss.,
2966 5125 3229 5199 Siniensi.
3258 5128 3413 5190 Apud
3437 5125 3593 5182 Meri.
3615 5170 3629 5185 .
3664 5128 3943 5199 Symensi.

2408 5195 2426 5234 ί
2464 5196 2610 5252 Edit.
2637 5197 2820 5258 Rom.,
2845 5197 3179 5250 rnsticomm.
3217 5198 3440 5251 Rectius
3471 5199 3561 5251 alii
3594 5195 3744 5260 libri,
3779 5199 3947 5253 rusti-

2333 5284 2584 5322 canorum
2609 5284 2627 5321 :
2673 5284 2779 5335 qua
2805 5283 2938 5321 voce
2981 5282 3086 5321 n0n
3129 5270 3272 5322 ruris
3304 5269 3519 5337 incolzc,
3552 5270 3649 5324 sed
3682 5272 3943 5325 homines

2334 5341 2600 5395 doetrinae
2630 5349 2883 5405 exiiertcs
2910 5340 3288 5406 designantur.

2409 5422 2434 5459 ις
2470 5411 2828 5465 Defensoruin
2854 5409 3102 5465 ecclesiae
3133 5414 3288 5465 ltum.
3325 5426 3521 5466 nomen
3554 5427 3618 5467 ac
3658 5426 3873 5466 munus
3898 5411 3944 5465 si

2333 5483 2475 5537 bene
2498 5483 2744 5545 memini,
2775 5496 2919 5535 nunc
2947 5485 3181 5550 primum
3221 5484 3272 5535 in
3317 5486 3562 5550 epistolis
3591 5497 3946 5539 summorum

2332 5555 2652 5625 pontificum
2687 5553 3324 5625 memoratunrlegimus.
3358 5555 3463 5609 Sed
3500 5572 3605 5608 non
3630 5556 3698 5609 de
3720 5571 3796 5609 eo
3822 5571 3945 5607 mn-

2333 5623 2463 5680 tierc
2491 5637 2547 5677 ut
2571 5640 2760 5679 recens
2782 5625 3029 5679 instituto
3047 5623 3397 5679 Innocentius
3423 5628 3684 5695 loquitur.
3702 5626 3945 5680 Burnm-

2329 5696 2457 5751 dem
2492 5698 2699 5749 mentio
2730 5696 2797 5749 ad
2826 5697 3033 5751 calcem
3065 5698 3313 5765 epistola:
3337 5696 3393 5764 9,
3429 5696 3636 5754 Zosimi
3657 5698 3723 5753 ad
3759 5695 3942 5765 Hesya

2330 5767 2514 5821 citium
2548 5779 2814 5822 recurret-
