  <div class='ocr_page' id='page_1' title='image "/cluster/home/n/w/nwhite01/storage/ocr_20150623/20/hvd.32044096580469/310.png"; bbox 0 0 4190 6190; ppageno 0'>
   <div class='ocr_carea' id='block_1_1' title="bbox 357 307 464 364">
    <p class='ocr_par' dir='ltr' id='par_1_1' title="bbox 357 307 464 364">
     <span class='ocr_line' id='line_1_1' title="bbox 357 307 464 364; baseline -0.019 0"><span class='ocrx_word' id='word_1_1' title='bbox 357 307 464 364; x_wconf 82' lang='lat'><strong>609</strong></span> 
     </span>
    </p>
   </div>
   <div class='ocr_carea' id='block_1_2' title="bbox 1583 301 2448 360">
    <p class='ocr_par' dir='ltr' id='par_1_2' title="bbox 1583 301 2448 360">
     <span class='ocr_line' id='line_1_2' title="bbox 1583 301 2448 360; baseline 0 -2"><span class='ocrx_word' id='word_1_2' title='bbox 1583 303 1937 360; x_wconf 69' lang='lat' dir='ltr'><strong>EPISTOLA‘Z</strong></span> <span class='ocrx_word' id='word_1_3' title='bbox 1978 304 2066 360; x_wconf 82' lang='lat' dir='ltr'><strong>ET</strong></span> <span class='ocrx_word' id='word_1_4' title='bbox 2106 301 2448 360; x_wconf 81' lang='lat' dir='ltr'><strong>DECRETA.</strong></span> 
     </span>
    </p>
   </div>
   <div class='ocr_carea' id='block_1_3' title="bbox 3550 312 3658 371">
    <p class='ocr_par' dir='ltr' id='par_1_3' title="bbox 3550 312 3658 371">
     <span class='ocr_line' id='line_1_3' title="bbox 3550 312 3658 371; baseline 0.009 -2"><span class='ocrx_word' id='word_1_5' title='bbox 3550 312 3658 371; x_wconf 86' lang='lat' dir='ltr'><strong>6I0</strong></span> 
     </span>
    </p>
   </div>
   <div class='ocr_carea' id='block_1_4' title="bbox 346 417 3656 495">
    <p class='ocr_par' dir='ltr' id='par_1_4' title="bbox 346 417 3656 495">
     <span class='ocr_line' id='line_1_4' title="bbox 346 417 3656 495; baseline 0.002 -23"><span class='ocrx_word' id='word_1_6' title='bbox 346 418 568 494; x_wconf 71' lang='lat' dir='ltr'><strong>junxit:</strong></span> <span class='ocrx_word' id='word_1_7' title='bbox 600 417 771 485; x_wconf 87' lang='lat' dir='ltr'><strong>Quam</strong></span> <span class='ocrx_word' id='word_1_8' title='bbox 821 417 977 472; x_wconf 90' lang='lat' dir='ltr'><strong>liberi</strong></span> <span class='ocrx_word' id='word_1_9' title='bbox 1023 417 1234 472; x_wconf 81' lang='lat' dir='ltr'><strong>arbitrii</strong></span> <span class='ocrx_word' id='word_1_10' title='bbox 1279 425 1610 489; x_wconf 85' lang='lat' dir='ltr'><strong>potestatem</strong></span> <span class='ocrx_word' id='word_1_11' title='bbox 1642 421 1872 475; x_wconf 85' lang='lat' dir='ltr'><strong>dicimus</strong></span> <span class='ocrx_word' id='word_1_12' title='bbox 1905 422 1956 476; x_wconf 92' lang='lat' dir='ltr'><strong>in</strong></span> <span class='ocrx_word' id='word_1_13' title='bbox 1987 425 2036 483; x_wconf 83' lang='lat' dir='ltr'><strong>A</strong></span> <span class='ocrx_word' id='word_1_14' title='bbox 2138 421 2193 475; x_wconf 83' lang='lat'><strong>5.</strong></span> <span class='ocrx_word' id='word_1_15' title='bbox 2225 421 2332 477; x_wconf 89' lang='lat' dir='ltr'><strong>Sed</strong></span> <span class='ocrx_word' id='word_1_16' title='bbox 2358 431 2412 475; x_wconf 89' lang='lat' dir='ltr'><strong>et</strong></span> <span class='ocrx_word' id='word_1_17' title='bbox 2442 420 2512 475; x_wconf 90' lang='lat' dir='ltr'><strong>ab</strong></span> <span class='ocrx_word' id='word_1_18' title='bbox 2535 419 2831 476; x_wconf 86' lang='lat' dir='ltr'><strong>hislitlcris</strong></span> <span class='ocrx_word' id='word_1_19' title='bbox 2860 419 2925 474; x_wconf 89' lang='lat' dir='ltr'><strong>ad</strong></span> <span class='ocrx_word' id='word_1_20' title='bbox 2957 420 3080 476; x_wconf 89' lang='lat' dir='ltr'><strong>ﬁdci</strong></span> <span class='ocrx_word' id='word_1_21' title='bbox 3113 436 3224 476; x_wconf 73' lang='lat' dir='ltr'><strong>sua:</strong></span> <span class='ocrx_word' id='word_1_22' title='bbox 3249 420 3472 490; x_wconf 92' lang='lat' dir='ltr'><strong>librum,</strong></span> <span class='ocrx_word' id='word_1_23' title='bbox 3497 440 3656 495; x_wconf 87' lang='lat' dir='ltr'><strong>quem</strong></span> 
     </span>
    </p>
   </div>
   <div class='ocr_carea' id='block_1_5' title="bbox 356 510 1958 579">
    <p class='ocr_par' dir='ltr' id='par_1_5' title="bbox 356 510 1958 579">
     <span class='ocr_line' id='line_1_5' title="bbox 356 510 1958 579; baseline 0.001 -12"><span class='ocrx_word' id='word_1_24' title='bbox 356 512 613 567; x_wconf 85' lang='lat' dir='ltr'><strong>Omnibus</strong></span> <span class='ocrx_word' id='word_1_25' title='bbox 644 525 766 565; x_wconf 64' lang='lat' dir='ltr'><strong>esse</strong></span> <span class='ocrx_word' id='word_1_26' title='bbox 792 510 1145 579; x_wconf 76' lang='lat' dir='ltr'><strong>generaliter,</strong></span> <span class='ocrx_word' id='word_1_27' title='bbox 1175 513 1225 564; x_wconf 93' lang='lat' dir='ltr'><strong>in</strong></span> <span class='ocrx_word' id='word_1_28' title='bbox 1251 511 1603 577; x_wconf 72' lang='lat' dir='ltr'><strong>Christianis,</strong></span> <span class='ocrx_word' id='word_1_29' title='bbox 1650 514 1700 567; x_wconf 90' lang='lat' dir='ltr'><strong>in</strong></span> <span class='ocrx_word' id='word_1_30' title='bbox 1751 513 1958 569; x_wconf 71' lang='lat' dir='ltr'><strong>Judteis</strong></span> 
     </span>
    </p>
   </div>
   <div class='ocr_carea' id='block_1_6' title="bbox 357 601 1955 671">
    <p class='ocr_par' dir='ltr' id='par_1_6' title="bbox 357 601 1955 671">
     <span class='ocr_line' id='line_1_6' title="bbox 357 601 1955 671; baseline 0.003 -16"><span class='ocrx_word' id='word_1_31' title='bbox 357 610 519 671; x_wconf 90' lang='lat' dir='ltr'><strong>atque</strong></span> <span class='ocrx_word' id='word_1_32' title='bbox 560 601 887 656; x_wconf 68' lang='lat' dir='ltr'><strong>Gentilibus.</strong></span> <span class='ocrx_word' id='word_1_33' title='bbox 921 601 976 654; x_wconf 89' lang='lat' dir='ltr'><strong>In</strong></span> <span class='ocrx_word' id='word_1_34' title='bbox 1010 603 1263 657; x_wconf 83' lang='lat' dir='ltr'><strong>omnibus</strong></span> <span class='ocrx_word' id='word_1_35' title='bbox 1287 612 1371 659; x_wconf 78' lang='lat' dir='ltr'><strong>est</strong></span> <span class='ocrx_word' id='word_1_36' title='bbox 1400 605 1626 659; x_wconf 86' lang='lat' dir='ltr'><strong>liberum</strong></span> <span class='ocrx_word' id='word_1_37' title='bbox 1670 607 1955 660; x_wconf 89' lang='lat' dir='ltr'><strong>arbitrium</strong></span> 
     </span>
    </p>
   </div>
   <div class='ocr_carea' id='block_1_7' title="bbox 355 694 1962 768">
    <p class='ocr_par' dir='ltr' id='par_1_7' title="bbox 355 694 1962 768">
     <span class='ocr_line' id='line_1_7' title="bbox 355 694 1962 768; baseline 0.002 -18"><span class='ocrx_word' id='word_1_38' title='bbox 355 694 639 765; x_wconf 64' lang='lat' dir='ltr'><strong>aqualiter</strong></span> <span class='ocrx_word' id='word_1_39' title='bbox 681 711 780 763; x_wconf 87' lang='lat' dir='ltr'><strong>per</strong></span> <span class='ocrx_word' id='word_1_40' title='bbox 822 706 1106 750; x_wconf 88' lang='lat' dir='ltr'><strong>naturam:</strong></span> <span class='ocrx_word' id='word_1_41' title='bbox 1141 697 1234 751; x_wconf 90' lang='lat' dir='ltr'><strong>sed</strong></span> <span class='ocrx_word' id='word_1_42' title='bbox 1267 698 1319 751; x_wconf 89' lang='lat' dir='ltr'><strong>it.</strong></span> <span class='ocrx_word' id='word_1_43' title='bbox 1351 700 1483 752; x_wconf 87' lang='lat' dir='ltr'><strong>solis</strong></span> <span class='ocrx_word' id='word_1_44' title='bbox 1513 697 1841 753; x_wconf 74' lang='lat' dir='ltr'><strong>Christianis</strong></span> <span class='ocrx_word' id='word_1_45' title='bbox 1874 701 1962 768; x_wconf 90' lang='lat' dir='ltr'><strong>ju-</strong></span> 
     </span>
    </p>
   </div>
   <div class='ocr_carea' id='block_1_8' title="bbox 354 789 1960 860">
    <p class='ocr_par' dir='ltr' id='par_1_8' title="bbox 354 789 1960 860">
     <span class='ocr_line' id='line_1_8' title="bbox 354 789 1960 860; baseline 0.002 -16"><span class='ocrx_word' id='word_1_46' title='bbox 354 800 514 844; x_wconf 88' lang='lat' dir='ltr'><strong>vatur</strong></span> <span class='ocrx_word' id='word_1_47' title='bbox 543 805 572 844; x_wconf 89' lang='lat' dir='ltr'><strong>a</strong></span> <span class='ocrx_word' id='word_1_48' title='bbox 603 791 796 860; x_wconf 86' lang='lat' dir='ltr'><strong>gratia.</strong></span> <span class='ocrx_word' id='word_1_49' title='bbox 845 789 901 843; x_wconf 86' lang='lat' dir='ltr'><strong>In</strong></span> <span class='ocrx_word' id='word_1_50' title='bbox 937 790 1048 844; x_wconf 88' lang='lat' dir='ltr'><strong>illis</strong></span> <span class='ocrx_word' id='word_1_51' title='bbox 1074 793 1275 845; x_wconf 89' lang='lat' dir='ltr'><strong>nudum</strong></span> <span class='ocrx_word' id='word_1_52' title='bbox 1311 803 1366 846; x_wconf 90' lang='lat' dir='ltr'><strong>et</strong></span> <span class='ocrx_word' id='word_1_53' title='bbox 1399 792 1607 847; x_wconf 81' lang='lat' dir='ltr'><strong>inerme</strong></span> <span class='ocrx_word' id='word_1_54' title='bbox 1651 802 1738 848; x_wconf 91' lang='lat' dir='ltr'><strong>cst</strong></span> <span class='ocrx_word' id='word_1_55' title='bbox 1767 793 1960 847; x_wconf 79' lang='lat' dir='ltr'><strong>condi-</strong></span> 
     </span>
    </p>
   </div>
   <div class='ocr_carea' id='block_1_9' title="bbox 357 884 1964 956">
    <p class='ocr_par' dir='ltr' id='par_1_9' title="bbox 357 884 1964 956">
     <span class='ocr_line' id='line_1_9' title="bbox 357 884 1964 956; baseline 0 -16"><span class='ocrx_word' id='word_1_56' title='bbox 357 885 521 940; x_wconf 87' lang='lat' dir='ltr'><strong>ti0nis</strong></span> <span class='ocrx_word' id='word_1_57' title='bbox 553 884 788 938; x_wconf 91' lang='lat' dir='ltr'><strong>bonum:</strong></span> <span class='ocrx_word' id='word_1_58' title='bbox 824 884 874 937; x_wconf 93' lang='lat' dir='ltr'><strong>in</strong></span> <span class='ocrx_word' id='word_1_59' title='bbox 912 884 995 938; x_wconf 90' lang='lat' dir='ltr'><strong>his</strong></span> <span class='ocrx_word' id='word_1_60' title='bbox 1037 901 1168 940; x_wconf 90' lang='lat' dir='ltr'><strong>vero</strong></span> <span class='ocrx_word' id='word_1_61' title='bbox 1215 886 1304 954; x_wconf 88' lang='lat' dir='ltr'><strong>qui</strong></span> <span class='ocrx_word' id='word_1_62' title='bbox 1345 886 1412 940; x_wconf 89' lang='lat' dir='ltr'><strong>ad</strong></span> <span class='ocrx_word' id='word_1_63' title='bbox 1460 885 1738 941; x_wconf 88' lang='lat' dir='ltr'><strong>Christum</strong></span> <span class='ocrx_word' id='word_1_64' title='bbox 1795 887 1964 956; x_wconf 87' lang='lat' dir='ltr'><strong>perti-</strong></span> 
     </span>
    </p>
   </div>
   <div class='ocr_carea' id='block_1_10' title="bbox 357 977 1960 1049">
    <p class='ocr_par' dir='ltr' id='par_1_10' title="bbox 357 977 1960 1049">
     <span class='ocr_line' id='line_1_10' title="bbox 357 977 1960 1049; baseline -0.001 -15"><span class='ocrx_word' id='word_1_65' title='bbox 357 987 524 1043; x_wconf 84' lang='lat' dir='ltr'><strong>nent,</strong></span> <span class='ocrx_word' id='word_1_66' title='bbox 578 977 778 1030; x_wconf 72' lang='lat' dir='ltr'><strong>(lhristi</strong></span> <span class='ocrx_word' id='word_1_67' title='bbox 825 978 1071 1031; x_wconf 89' lang='lat' dir='ltr'><strong>munitur</strong></span> <span class='ocrx_word' id='word_1_68' title='bbox 1116 978 1365 1037; x_wconf 81' lang='lat' dir='ltr'><strong>attxilio.,</strong></span> <span class='ocrx_word' id='word_1_69' title='bbox 1394 978 1474 1032; x_wconf 88' lang='lat' dir='ltr'><strong>Illi</strong></span> <span class='ocrx_word' id='word_1_70' title='bbox 1522 979 1644 1033; x_wconf 90' lang='lat' dir='ltr'><strong>ideo</strong></span> <span class='ocrx_word' id='word_1_71' title='bbox 1682 978 1960 1049; x_wconf 87' lang='lat' dir='ltr'><strong>jttdicandi</strong></span> 
     </span>
    </p>
   </div>
   <div class='ocr_carea' id='block_1_11' title="bbox 360 1067 1960 1139">
    <p class='ocr_par' dir='ltr' id='par_1_11' title="bbox 360 1067 1960 1139">
     <span class='ocr_line' id='line_1_11' title="bbox 360 1067 1960 1139; baseline 0 -14"><span class='ocrx_word' id='word_1_72' title='bbox 360 1080 522 1139; x_wconf 85' lang='lat' dir='ltr'><strong>atque</strong></span> <span class='ocrx_word' id='word_1_73' title='bbox 553 1067 848 1122; x_wconf 89' lang='lat' dir='ltr'><strong>damnandi</strong></span> <span class='ocrx_word' id='word_1_74' title='bbox 899 1078 1054 1134; x_wconf 89' lang='lat' dir='ltr'><strong>sunt,</strong></span> <span class='ocrx_word' id='word_1_75' title='bbox 1107 1070 1230 1139; x_wconf 88' lang='lat' dir='ltr'><strong>quia</strong></span> <span class='ocrx_word' id='word_1_76' title='bbox 1275 1086 1396 1123; x_wconf 92' lang='lat' dir='ltr'><strong>cum</strong></span> <span class='ocrx_word' id='word_1_77' title='bbox 1445 1070 1680 1126; x_wconf 85' lang='lat' dir='ltr'><strong>habeant</strong></span> <span class='ocrx_word' id='word_1_78' title='bbox 1727 1072 1960 1125; x_wconf 88' lang='lat' dir='ltr'><strong>liberum</strong></span> 
     </span>
    </p>
   </div>
   <div class='ocr_carea' id='block_1_12' title="bbox 361 1162 1961 1233">
    <p class='ocr_par' dir='ltr' id='par_1_12' title="bbox 361 1162 1961 1233">
     <span class='ocr_line' id='line_1_12' title="bbox 361 1162 1961 1233; baseline -0.001 -14"><span class='ocrx_word' id='word_1_79' title='bbox 361 1164 670 1221; x_wconf 79' lang='lat' dir='ltr'><strong>arbitrium.</strong></span> <span class='ocrx_word' id='word_1_80' title='bbox 701 1177 799 1232; x_wconf 89' lang='lat' dir='ltr'><strong>per</strong></span> <span class='ocrx_word' id='word_1_81' title='bbox 821 1162 962 1231; x_wconf 90' lang='lat' dir='ltr'><strong>quod</strong></span> <span class='ocrx_word' id='word_1_82' title='bbox 995 1163 1060 1216; x_wconf 88' lang='lat' dir='ltr'><strong>ad</strong></span> <span class='ocrx_word' id='word_1_83' title='bbox 1088 1162 1247 1217; x_wconf 85' lang='lat' dir='ltr'><strong>ﬁdem</strong></span> <span class='ocrx_word' id='word_1_84' title='bbox 1276 1165 1465 1218; x_wconf 79' lang='lat' dir='ltr'><strong>venire</strong></span> <span class='ocrx_word' id='word_1_85' title='bbox 1496 1173 1742 1233; x_wconf 87' lang='lat' dir='ltr'><strong>possent,</strong></span> <span class='ocrx_word' id='word_1_86' title='bbox 1783 1173 1840 1218; x_wconf 89' lang='lat' dir='ltr'><strong>et</strong></span> <span class='ocrx_word' id='word_1_87' title='bbox 1869 1164 1961 1220; x_wconf 85' lang='lat' dir='ltr'><strong>Dei</strong></span> 
     </span>
    </p>
   </div>
   <div class='ocr_carea' id='block_1_13' title="bbox 360 1256 1962 1329">
    <p class='ocr_par' dir='ltr' id='par_1_13' title="bbox 360 1256 1962 1329">
     <span class='ocr_line' id='line_1_13' title="bbox 360 1256 1962 1329; baseline 0.001 -17"><span class='ocrx_word' id='word_1_88' title='bbox 360 1261 590 1329; x_wconf 89' lang='lat' dir='ltr'><strong>gratiam</strong></span> <span class='ocrx_word' id='word_1_89' title='bbox 609 1267 633 1293; x_wconf 66' lang='grc' dir='ltr'><strong>τι</strong></span> <span class='ocrx_word' id='word_1_90' title='bbox 654 1256 972 1326; x_wconf 91' lang='lat' dir='ltr'><strong>promereri,</strong></span> <span class='ocrx_word' id='word_1_91' title='bbox 993 1256 1136 1311; x_wconf 89' lang='lat' dir='ltr'><strong>male</strong></span> <span class='ocrx_word' id='word_1_92' title='bbox 1159 1266 1382 1310; x_wconf 90' lang='lat' dir='ltr'><strong>utuntur</strong></span> <span class='ocrx_word' id='word_1_93' title='bbox 1406 1257 1656 1312; x_wconf 88' lang='lat' dir='ltr'><strong>libertate</strong></span> <span class='ocrx_word' id='word_1_94' title='bbox 1676 1273 1962 1313; x_wconf 85' lang='lat' dir='ltr'><strong>concessa.</strong></span> 
     </span>
    </p>
   </div>
   <div class='ocr_carea' id='block_1_14' title="bbox 362 1349 1962 1420">
    <p class='ocr_par' dir='ltr' id='par_1_14' title="bbox 362 1349 1962 1420">
     <span class='ocr_line' id='line_1_14' title="bbox 362 1349 1962 1420; baseline -0.001 -12"><span class='ocrx_word' id='word_1_95' title='bbox 362 1351 431 1408; x_wconf 79' lang='lat' dir='ltr'><strong>lli</strong></span> <span class='ocrx_word' id='word_1_96' title='bbox 459 1369 591 1408; x_wconf 85' lang='lat' dir='ltr'><strong>vero</strong></span> <span class='ocrx_word' id='word_1_97' title='bbox 620 1349 1004 1406; x_wconf 87' lang='lat' dir='ltr'><strong>remunerandi</strong></span> <span class='ocrx_word' id='word_1_98' title='bbox 1037 1359 1187 1417; x_wconf 80' lang='lat' dir='ltr'><strong>Sunt,</strong></span> <span class='ocrx_word' id='word_1_99' title='bbox 1225 1351 1314 1420; x_wconf 89' lang='lat' dir='ltr'><strong>qui</strong></span> <span class='ocrx_word' id='word_1_100' title='bbox 1368 1351 1504 1405; x_wconf 89' lang='lat' dir='ltr'><strong>bene</strong></span> <span class='ocrx_word' id='word_1_101' title='bbox 1544 1351 1716 1404; x_wconf 89' lang='lat' dir='ltr'><strong>libero</strong></span> <span class='ocrx_word' id='word_1_102' title='bbox 1750 1360 1962 1407; x_wconf 82' lang='lat' dir='ltr'><strong>utentes</strong></span> 
     </span>
    </p>
   </div>
   <div class='ocr_carea' id='block_1_15' title="bbox 361 1445 1963 1516">
    <p class='ocr_par' dir='ltr' id='par_1_15' title="bbox 361 1445 1963 1516">
     <span class='ocr_line' id='line_1_15' title="bbox 361 1445 1963 1516; baseline -0.001 -15"><span class='ocrx_word' id='word_1_103' title='bbox 361 1447 609 1509; x_wconf 84' lang='lat' dir='ltr'><strong>arbitrio,</strong></span> <span class='ocrx_word' id='word_1_104' title='bbox 644 1455 921 1501; x_wconf 79' lang='lat' dir='ltr'><strong>merentur</strong></span> <span class='ocrx_word' id='word_1_105' title='bbox 953 1445 1169 1500; x_wconf 89' lang='lat' dir='ltr'><strong>Domini</strong></span> <span class='ocrx_word' id='word_1_106' title='bbox 1203 1446 1457 1514; x_wconf 80' lang='lat' dir='ltr'><strong>gratiam,</strong></span> <span class='ocrx_word' id='word_1_107' title='bbox 1495 1455 1549 1500; x_wconf 91' lang='lat' dir='ltr'><strong>et</strong></span> <span class='ocrx_word' id='word_1_108' title='bbox 1571 1445 1688 1516; x_wconf 87' lang='lat' dir='ltr'><strong>ejus</strong></span> <span class='ocrx_word' id='word_1_109' title='bbox 1710 1445 1963 1500; x_wconf 84' lang='lat' dir='ltr'><strong>mandata</strong></span> 
     </span>
    </p>
   </div>
   <div class='ocr_carea' id='block_1_16' title="bbox 363 1537 696 1594">
    <p class='ocr_par' dir='ltr' id='par_1_16' title="bbox 363 1537 696 1594">
     <span class='ocr_line' id='line_1_16' title="bbox 363 1537 696 1594; baseline -0.009 0"><span class='ocrx_word' id='word_1_110' title='bbox 363 1537 696 1594; x_wconf 84' lang='lat' dir='ltr'><strong>custodiunt.</strong></span> 
     </span>
    </p>
   </div>
   <div class='ocr_carea' id='block_1_17' title="bbox 435 1627 1964 1697">
    <p class='ocr_par' dir='ltr' id='par_1_17' title="bbox 435 1627 1964 1697">
     <span class='ocr_line' id='line_1_17' title="bbox 435 1627 1964 1697; baseline -0.001 -13"><span class='ocrx_word' id='word_1_111' title='bbox 435 1632 489 1685; x_wconf 69' lang='grc'><strong>4.</strong></span> <span class='ocrx_word' id='word_1_112' title='bbox 547 1630 678 1683; x_wconf 88' lang='lat' dir='ltr'><strong>Itetn</strong></span> <span class='ocrx_word' id='word_1_113' title='bbox 730 1628 1076 1684; x_wconf 85' lang='lat' dir='ltr'><strong>adversarios</strong></span> <span class='ocrx_word' id='word_1_114' title='bbox 1104 1644 1237 1683; x_wconf 82' lang='lat' dir='ltr'><strong>suos</strong></span> <span class='ocrx_word' id='word_1_115' title='bbox 1267 1629 1332 1682; x_wconf 90' lang='lat' dir='ltr'><strong>ad</strong></span> <span class='ocrx_word' id='word_1_116' title='bbox 1355 1629 1644 1694; x_wconf 90' lang='lat' dir='ltr'><strong>librorum,</strong></span> <span class='ocrx_word' id='word_1_117' title='bbox 1679 1643 1815 1697; x_wconf 89' lang='lat' dir='ltr'><strong>quos</strong></span> <span class='ocrx_word' id='word_1_118' title='bbox 1848 1627 1964 1694; x_wconf 81' lang='lat' dir='ltr'><strong>pri-</strong></span> 
     </span>
    </p>
   </div>
   <div class='ocr_carea' id='block_1_18' title="bbox 364 1721 1965 1792">
    <p class='ocr_par' dir='ltr' id='par_1_18' title="bbox 364 1721 1965 1792">
     <span class='ocr_line' id='line_1_18' title="bbox 364 1721 1965 1792; baseline -0.004 -11"><span class='ocrx_word' id='word_1_119' title='bbox 364 1725 484 1781; x_wconf 89' lang='lat' dir='ltr'><strong>dem</strong></span> <span class='ocrx_word' id='word_1_120' title='bbox 514 1725 938 1792; x_wconf 70' lang='lat' dir='ltr'><strong>conscripserat,</strong></span> <span class='ocrx_word' id='word_1_121' title='bbox 967 1723 1261 1777; x_wconf 90' lang='lat' dir='ltr'><strong>lectionem</strong></span> <span class='ocrx_word' id='word_1_122' title='bbox 1299 1723 1634 1792; x_wconf 88' lang='lat' dir='ltr'><strong>provocabat</strong></span> <span class='ocrx_word' id='word_1_123' title='bbox 1669 1722 1754 1776; x_wconf 87' lang='lat' dir='ltr'><strong>his</strong></span> <span class='ocrx_word' id='word_1_124' title='bbox 1787 1721 1965 1776; x_wconf 86' lang='lat' dir='ltr'><strong>verbis</strong></span> 
     </span>
    </p>
   </div>
   <div class='ocr_carea' id='block_1_19' title="bbox 2064 511 3656 589">
    <p class='ocr_par' dir='ltr' id='par_1_19' title="bbox 2064 511 3656 589">
     <span class='ocr_line' id='line_1_19' title="bbox 2064 511 3656 589; baseline 0.006 -25"><span class='ocrx_word' id='word_1_125' title='bbox 2064 511 2129 565; x_wconf 87' lang='lat' dir='ltr'><strong>iis</strong></span> <span class='ocrx_word' id='word_1_126' title='bbox 2151 512 2536 579; x_wconf 79' lang='lat' dir='ltr'><strong>subnexucrat,</strong></span> <span class='ocrx_word' id='word_1_127' title='bbox 2559 513 2677 568; x_wconf 90' lang='lat' dir='ltr'><strong>vult</strong></span> <span class='ocrx_word' id='word_1_128' title='bbox 2709 514 2942 568; x_wconf 90' lang='lat' dir='ltr'><strong>transire</strong></span> <span class='ocrx_word' id='word_1_129' title='bbox 2968 515 3229 568; x_wconf 87' lang='lat' dir='ltr'><strong>lectorem</strong></span> <span class='ocrx_word' id='word_1_130' title='bbox 3261 513 3450 580; x_wconf 86' lang='lat' dir='ltr'><strong>(Ibid.,</strong></span> <span class='ocrx_word' id='word_1_131' title='bbox 3471 533 3517 570; x_wconf 77' lang='grc' dir='ltr'><strong>ε.</strong></span> <span class='ocrx_word' id='word_1_132' title='bbox 3539 517 3656 589; x_wconf 76' lang='lat'><strong>52).</strong></span> 
     </span>
    </p>
   </div>
   <div class='ocr_carea' id='block_1_20' title="bbox 2062 604 3660 671">
    <p class='ocr_par' dir='ltr' id='par_1_20' title="bbox 2062 604 3660 671">
     <span class='ocr_line' id='line_1_20' title="bbox 2062 604 3660 671; baseline 0.004 -13"><span class='ocrx_word' id='word_1_133' title='bbox 2062 604 2113 658; x_wconf 90' lang='lat' dir='ltr'><strong>Is</strong></span> <span class='ocrx_word' id='word_1_134' title='bbox 2146 620 2307 671; x_wconf 89' lang='lat' dir='ltr'><strong>porro</strong></span> <span class='ocrx_word' id='word_1_135' title='bbox 2337 605 2459 660; x_wconf 91' lang='lat' dir='ltr'><strong>ﬁdei</strong></span> <span class='ocrx_word' id='word_1_136' title='bbox 2493 605 2634 660; x_wconf 90' lang='lat' dir='ltr'><strong>liber</strong></span> <span class='ocrx_word' id='word_1_137' title='bbox 2665 616 2811 660; x_wconf 89' lang='lat' dir='ltr'><strong>t0tus</strong></span> <span class='ocrx_word' id='word_1_138' title='bbox 2841 607 3080 660; x_wconf 90' lang='lat' dir='ltr'><strong>insertus</strong></span> <span class='ocrx_word' id='word_1_139' title='bbox 3106 607 3362 661; x_wconf 87' lang='lat' dir='ltr'><strong>Sertnoui</strong></span> <span class='ocrx_word' id='word_1_140' title='bbox 3390 609 3524 662; x_wconf 86' lang='lat' dir='ltr'><strong>alias</strong></span> <span class='ocrx_word' id='word_1_141' title='bbox 3551 613 3660 665; x_wconf 85' lang='lat' dir='ltr'><strong>Au-</strong></span> 
     </span>
    </p>
   </div>
   <div class='ocr_carea' id='block_1_21' title="bbox 2062 698 3665 770">
    <p class='ocr_par' dir='ltr' id='par_1_21' title="bbox 2062 698 3665 770">
     <span class='ocr_line' id='line_1_21' title="bbox 2062 698 3665 770; baseline 0.006 -22"><span class='ocrx_word' id='word_1_142' title='bbox 2062 698 2262 765; x_wconf 77' lang='lat' dir='ltr'><strong>gusdni</strong></span> <span class='ocrx_word' id='word_1_143' title='bbox 2293 698 2363 752; x_wconf 93' lang='lat' dir='ltr'><strong>de</strong></span> <span class='ocrx_word' id='word_1_144' title='bbox 2386 699 2656 768; x_wconf 83' lang='lat' dir='ltr'><strong>Tempore</strong></span> <span class='ocrx_word' id='word_1_145' title='bbox 2691 699 2815 763; x_wconf 83' lang='lat' dir='ltr'><strong>I91,</strong></span> <span class='ocrx_word' id='word_1_146' title='bbox 2846 714 2990 754; x_wconf 92' lang='lat' dir='ltr'><strong>nunc</strong></span> <span class='ocrx_word' id='word_1_147' title='bbox 3027 699 3262 770; x_wconf 83' lang='lat' dir='ltr'><strong>append.</strong></span> <span class='ocrx_word' id='word_1_148' title='bbox 3295 700 3421 763; x_wconf 72' lang='lat'><strong>236,</strong></span> <span class='ocrx_word' id='word_1_149' title='bbox 3464 718 3516 754; x_wconf 92' lang='grc' dir='ltr'><strong>ιι.</strong></span> <span class='ocrx_word' id='word_1_150' title='bbox 3545 701 3581 754; x_wconf 74' lang='lat'><strong>2</strong></span> <span class='ocrx_word' id='word_1_151' title='bbox 3608 709 3665 758; x_wconf 92' lang='lat' dir='ltr'><strong>et</strong></span> 
     </span>
    </p>
   </div>
   <div class='ocr_carea' id='block_1_22' title="bbox 2063 793 3668 863">
    <p class='ocr_par' dir='ltr' id='par_1_22' title="bbox 2063 793 3668 863">
     <span class='ocr_line' id='line_1_22' title="bbox 2063 793 3668 863; baseline 0.006 -21"><span class='ocrx_word' id='word_1_152' title='bbox 2063 803 2216 860; x_wconf 84' lang='lat' dir='ltr'><strong>seqq.</strong></span> <span class='ocrx_word' id='word_1_153' title='bbox 2253 806 2316 843; x_wconf 90' lang='lat' dir='ltr'><strong>ac</strong></span> <span class='ocrx_word' id='word_1_154' title='bbox 2341 801 2611 859; x_wconf 73' lang='lat' dir='ltr'><strong>prmterea</strong></span> <span class='ocrx_word' id='word_1_155' title='bbox 2659 793 2890 846; x_wconf 85' lang='lat' dir='ltr'><strong>seorsim</strong></span> <span class='ocrx_word' id='word_1_156' title='bbox 2940 793 3120 847; x_wconf 91' lang='lat' dir='ltr'><strong>editus</strong></span> <span class='ocrx_word' id='word_1_157' title='bbox 3160 803 3242 848; x_wconf 89' lang='lat' dir='ltr'><strong>est</strong></span> <span class='ocrx_word' id='word_1_158' title='bbox 3283 794 3334 848; x_wconf 93' lang='lat' dir='ltr'><strong>in</strong></span> <span class='ocrx_word' id='word_1_159' title='bbox 3366 797 3668 863; x_wconf 87' lang='lat' dir='ltr'><strong>appendiee</strong></span> 
     </span>
    </p>
   </div>
   <div class='ocr_carea' id='block_1_23' title="bbox 2063 884 3669 956">
    <p class='ocr_par' dir='ltr' id='par_1_23' title="bbox 2063 884 3669 956">
     <span class='ocr_line' id='line_1_23' title="bbox 2063 884 3669 956; baseline 0.004 -18"><span class='ocrx_word' id='word_1_160' title='bbox 2063 891 2140 938; x_wconf 91' lang='lat' dir='ltr'><strong>to.</strong></span> <span class='ocrx_word' id='word_1_161' title='bbox 2169 899 2201 936; x_wconf 81' lang='lat' dir='ltr'><strong>x</strong></span> <span class='ocrx_word' id='word_1_162' title='bbox 2230 899 2384 937; x_wconf 72' lang='lat' dir='ltr'><strong>nova:</strong></span> <span class='ocrx_word' id='word_1_163' title='bbox 2435 884 2692 939; x_wconf 87' lang='lat' dir='ltr'><strong>editionis</strong></span> <span class='ocrx_word' id='word_1_164' title='bbox 2734 884 2983 953; x_wconf 87' lang='lat' dir='ltr'><strong>ejusdem</strong></span> <span class='ocrx_word' id='word_1_165' title='bbox 3019 885 3210 947; x_wconf 84' lang='lat' dir='ltr'><strong>sancti.</strong></span> <span class='ocrx_word' id='word_1_166' title='bbox 3247 902 3371 956; x_wconf 83' lang='lat' dir='ltr'><strong>pag.</strong></span> <span class='ocrx_word' id='word_1_167' title='bbox 3406 887 3499 954; x_wconf 87' lang='lat'><strong>96,</strong></span> <span class='ocrx_word' id='word_1_168' title='bbox 3525 888 3669 944; x_wconf 82' lang='lat' dir='ltr'><strong>sicut</strong></span> 
     </span>
    </p>
   </div>
   <div class='ocr_carea' id='block_1_24' title="bbox 2063 975 3546 1048">
    <p class='ocr_par' dir='ltr' id='par_1_24' title="bbox 2063 975 3546 1048">
     <span class='ocr_line' id='line_1_24' title="bbox 2063 975 3546 1048; baseline 0.005 -20"><span class='ocrx_word' id='word_1_169' title='bbox 2063 975 2282 1043; x_wconf 89' lang='lat' dir='ltr'><strong>etapud</strong></span> <span class='ocrx_word' id='word_1_170' title='bbox 2316 976 2728 1048; x_wconf 86' lang='lat' dir='ltr'><strong>Hieronymum,</strong></span> <span class='ocrx_word' id='word_1_171' title='bbox 2762 978 2849 1031; x_wconf 90' lang='lat' dir='ltr'><strong>cui</strong></span> <span class='ocrx_word' id='word_1_172' title='bbox 2878 977 3007 1031; x_wconf 91' lang='lat' dir='ltr'><strong>olim</strong></span> <span class='ocrx_word' id='word_1_173' title='bbox 3051 979 3321 1046; x_wconf 87' lang='lat' dir='ltr'><strong>ascriptus</strong></span> <span class='ocrx_word' id='word_1_174' title='bbox 3350 979 3546 1036; x_wconf 78' lang='lat' dir='ltr'><strong>fuerat.</strong></span> 
     </span>
    </p>
   </div>
   <div class='ocr_carea' id='block_1_25' title="bbox 2135 1068 3669 1144">
    <p class='ocr_par' dir='ltr' id='par_1_25' title="bbox 2135 1068 3669 1144">
     <span class='ocr_line' id='line_1_25' title="bbox 2135 1068 3669 1144; baseline 0.005 -22"><span class='ocrx_word' id='word_1_175' title='bbox 2135 1068 2188 1122; x_wconf 87' lang='grc'>6.</span> <span class='ocrx_word' id='word_1_176' title='bbox 2225 1069 2494 1124; x_wconf 73' lang='lat' dir='ltr'><strong>Praeterea</strong></span> <span class='ocrx_word' id='word_1_177' title='bbox 2525 1069 2580 1124; x_wconf 92' lang='lat' dir='ltr'><strong>in</strong></span> <span class='ocrx_word' id='word_1_178' title='bbox 2614 1070 2816 1124; x_wconf 89' lang='lat' dir='ltr'><strong>litteris</strong></span> <span class='ocrx_word' id='word_1_179' title='bbox 2843 1069 2978 1135; x_wconf 93' lang='lat' dir='ltr'><strong>illis,</strong></span> <span class='ocrx_word' id='word_1_180' title='bbox 3003 1089 3021 1120; x_wconf 72' lang='grc' dir='ltr'><strong>ι</strong></span> <span class='ocrx_word' id='word_1_181' title='bbox 3047 1085 3208 1140; x_wconf 83' lang='lat' dir='ltr'><strong>quas,</strong></span> <span class='ocrx_word' id='word_1_182' title='bbox 3235 1091 3252 1123; x_wconf 74' lang='grc' dir='ltr'><strong>ι</strong></span> <span class='ocrx_word' id='word_1_183' title='bbox 3280 1072 3455 1139; x_wconf 83' lang='lat' dir='ltr'><strong>inquit</strong></span> <span class='ocrx_word' id='word_1_184' title='bbox 3487 1075 3669 1144; x_wconf 89' lang='lat' dir='ltr'><strong>Augu-</strong></span> 
     </span>
    </p>
   </div>
   <div class='ocr_carea' id='block_1_26' title="bbox 2064 1161 3670 1237">
    <p class='ocr_par' dir='ltr' id='par_1_26' title="bbox 2064 1161 3670 1237">
     <span class='ocr_line' id='line_1_26' title="bbox 2064 1161 3670 1237; baseline 0.003 -22"><span class='ocrx_word' id='word_1_185' title='bbox 2064 1161 2239 1215; x_wconf 89' lang='lat' dir='ltr'><strong>stinus</strong></span> <span class='ocrx_word' id='word_1_186' title='bbox 2295 1163 2408 1234; x_wconf 81' lang='lat' dir='ltr'><strong>(lib.</strong></span> <span class='ocrx_word' id='word_1_187' title='bbox 2443 1165 2504 1216; x_wconf 88' lang='lat' dir='ltr'><strong>de</strong></span> <span class='ocrx_word' id='word_1_188' title='bbox 2560 1161 2783 1216; x_wconf 87' lang='lat' dir='ltr'><strong>Peccato</strong></span> <span class='ocrx_word' id='word_1_189' title='bbox 2839 1163 3055 1232; x_wconf 80' lang='lat' dir='ltr'><strong>origin.,</strong></span> <span class='ocrx_word' id='word_1_190' title='bbox 3090 1180 3143 1216; x_wconf 81' lang='grc' dir='ltr'><strong>η.</strong></span> <span class='ocrx_word' id='word_1_191' title='bbox 3181 1164 3280 1230; x_wconf 82' lang='grc'><strong>19,</strong></span> <span class='ocrx_word' id='word_1_192' title='bbox 3330 1165 3401 1219; x_wconf 72' lang='lat'><strong>9.0</strong></span> <span class='ocrx_word' id='word_1_193' title='bbox 3443 1176 3490 1219; x_wconf 86' lang='lat' dir='ltr'><strong>ct</strong></span> <span class='ocrx_word' id='word_1_194' title='bbox 3539 1167 3670 1237; x_wconf 75' lang='grc'><strong>21),</strong></span> 
     </span>
    </p>
   </div>
   <div class='ocr_carea' id='block_1_27' title="bbox 2069 1254 3670 1326">
    <p class='ocr_par' dir='ltr' id='par_1_27' title="bbox 2069 1254 3670 1326">
     <span class='ocr_line' id='line_1_27' title="bbox 2069 1254 3670 1326; baseline -0.001 -19"><span class='ocrx_word' id='word_1_195' title='bbox 2069 1272 2090 1305; x_wconf 74' lang='grc' dir='ltr'><strong>ι</strong></span> <span class='ocrx_word' id='word_1_196' title='bbox 2140 1254 2370 1309; x_wconf 78' lang='lat' dir='ltr'><strong>Romam</strong></span> <span class='ocrx_word' id='word_1_197' title='bbox 2395 1256 2544 1309; x_wconf 89' lang='lat' dir='ltr'><strong>misit</strong></span> <span class='ocrx_word' id='word_1_198' title='bbox 2573 1255 2641 1309; x_wconf 89' lang='lat' dir='ltr'><strong>ad</strong></span> <span class='ocrx_word' id='word_1_199' title='bbox 2670 1256 2843 1310; x_wconf 65' lang='lat' dir='ltr'><strong>beatae</strong></span> <span class='ocrx_word' id='word_1_200' title='bbox 2870 1257 3151 1310; x_wconf 73' lang='lat' dir='ltr'><strong>memorite</strong></span> <span class='ocrx_word' id='word_1_201' title='bbox 3178 1272 3370 1326; x_wconf 84' lang='lat' dir='ltr'><strong>papam</strong></span> <span class='ocrx_word' id='word_1_202' title='bbox 3408 1257 3670 1315; x_wconf 70' lang='lat' dir='ltr'><strong>Innocen—</strong></span> 
     </span>
    </p>
   </div>
   <div class='ocr_carea' id='block_1_28' title="bbox 2072 1345 3667 1418">
    <p class='ocr_par' dir='ltr' id='par_1_28' title="bbox 2072 1345 3667 1418">
     <span class='ocr_line' id='line_1_28' title="bbox 2072 1345 3667 1418; baseline 0.007 -21"><span class='ocrx_word' id='word_1_203' title='bbox 2072 1363 2091 1396; x_wconf 70' lang='grc' dir='ltr'><strong>ι</strong></span> <span class='ocrx_word' id='word_1_204' title='bbox 2129 1345 2281 1413; x_wconf 88' lang='lat' dir='ltr'><strong>tium,</strong></span> <span class='ocrx_word' id='word_1_205' title='bbox 2317 1355 2370 1401; x_wconf 92' lang='lat' dir='ltr'><strong>et</strong></span> <span class='ocrx_word' id='word_1_206' title='bbox 2394 1348 2652 1417; x_wconf 90' lang='lat' dir='ltr'><strong>quoniam</strong></span> <span class='ocrx_word' id='word_1_207' title='bbox 2679 1348 2731 1401; x_wconf 92' lang='lat' dir='ltr'><strong>in</strong></span> <span class='ocrx_word' id='word_1_208' title='bbox 2757 1362 2992 1415; x_wconf 92' lang='lat' dir='ltr'><strong>corpore</strong></span> <span class='ocrx_word' id='word_1_209' title='bbox 3021 1364 3145 1403; x_wconf 89' lang='lat' dir='ltr'><strong>eum</strong></span> <span class='ocrx_word' id='word_1_210' title='bbox 3175 1365 3284 1404; x_wconf 90' lang='lat' dir='ltr'><strong>non</strong></span> <span class='ocrx_word' id='word_1_211' title='bbox 3316 1352 3667 1418; x_wconf 89' lang='lat' dir='ltr'><strong>invenerunt,</strong></span> 
     </span>
    </p>
   </div>
   <div class='ocr_carea' id='block_1_29' title="bbox 2072 1438 3666 1510">
    <p class='ocr_par' dir='ltr' id='par_1_29' title="bbox 2072 1438 3666 1510">
     <span class='ocr_line' id='line_1_29' title="bbox 2072 1438 3666 1510; baseline 0.008 -22"><span class='ocrx_word' id='word_1_212' title='bbox 2072 1455 2092 1488; x_wconf 87' lang='grc'><em>‹</em></span> <span class='ocrx_word' id='word_1_213' title='bbox 2129 1449 2320 1492; x_wconf 92' lang='lat' dir='ltr'><strong>saneto</strong></span> <span class='ocrx_word' id='word_1_214' title='bbox 2353 1454 2506 1508; x_wconf 79' lang='lat' dir='ltr'><strong>papae</strong></span> <span class='ocrx_word' id='word_1_215' title='bbox 2542 1438 2759 1494; x_wconf 79' lang='lat' dir='ltr'><strong>Zosimo</strong></span> <span class='ocrx_word' id='word_1_216' title='bbox 2791 1439 2935 1494; x_wconf 71' lang='lat' dir='ltr'><strong>data:</strong></span> <span class='ocrx_word' id='word_1_217' title='bbox 2963 1447 3110 1504; x_wconf 87' lang='lat' dir='ltr'><strong>sunt,</strong></span> <span class='ocrx_word' id='word_1_218' title='bbox 3139 1453 3194 1496; x_wconf 88' lang='lat' dir='ltr'><strong>et</strong></span> <span class='ocrx_word' id='word_1_219' title='bbox 3216 1441 3281 1495; x_wconf 89' lang='lat' dir='ltr'><strong>ad</strong></span> <span class='ocrx_word' id='word_1_220' title='bbox 3309 1459 3394 1496; x_wconf 90' lang='lat' dir='ltr'><strong>me</strong></span> <span class='ocrx_word' id='word_1_221' title='bbox 3418 1443 3666 1510; x_wconf 84' lang='lat' dir='ltr'><strong>directae,</strong></span> 
     </span>
    </p>
   </div>
   <div class='ocr_carea' id='block_1_30' title="bbox 2073 1530 3670 1605">
    <p class='ocr_par' dir='ltr' id='par_1_30' title="bbox 2073 1530 3670 1605">
     <span class='ocr_line' id='line_1_30' title="bbox 2073 1530 3670 1605; baseline 0.008 -23"><span class='ocrx_word' id='word_1_222' title='bbox 2073 1549 2093 1582; x_wconf 78' lang='grc' dir='ltr'>ς</span> <span class='ocrx_word' id='word_1_223' title='bbox 2129 1530 2230 1584; x_wconf 92' lang='lat' dir='ltr'><strong>hoc</strong></span> <span class='ocrx_word' id='word_1_224' title='bbox 2284 1542 2367 1585; x_wconf 89' lang='lat' dir='ltr'><strong>est</strong></span> <span class='ocrx_word' id='word_1_225' title='bbox 2414 1532 2469 1585; x_wconf 88' lang='lat' dir='ltr'><strong>in</strong></span> <span class='ocrx_word' id='word_1_226' title='bbox 2520 1533 2710 1588; x_wconf 87' lang='lat' dir='ltr'><strong>eadem</strong></span> <span class='ocrx_word' id='word_1_227' title='bbox 2758 1533 3036 1601; x_wconf 87' lang='lat' dir='ltr'><strong>epistola,</strong></span> <span class='ocrx_word' id='word_1_228' title='bbox 3089 1535 3423 1605; x_wconf 88' lang='lat' dir='ltr'><strong>querebatur</strong></span> <span class='ocrx_word' id='word_1_229' title='bbox 3462 1557 3481 1590; x_wconf 78' lang='grc' dir='ltr'><strong>ι</strong></span> <span class='ocrx_word' id='word_1_230' title='bbox 3515 1553 3573 1593; x_wconf 88' lang='lat' dir='ltr'><strong>se</strong></span> <span class='ocrx_word' id='word_1_231' title='bbox 3601 1539 3670 1594; x_wconf 91' lang='lat' dir='ltr'><strong>ab</strong></span> 
     </span>
    </p>
   </div>
   <div class='ocr_carea' id='block_1_31' title="bbox 2067 1622 3672 1703">
    <p class='ocr_par' dir='ltr' id='par_1_31' title="bbox 2067 1622 3672 1703">
     <span class='ocr_line' id='line_1_31' title="bbox 2067 1622 3672 1703; baseline 0.008 -28"><span class='ocrx_word' id='word_1_232' title='bbox 2067 1622 2380 1678; x_wconf 90' lang='lat' dir='ltr'><strong>hominibus</strong></span> <span class='ocrx_word' id='word_1_233' title='bbox 2406 1622 2425 1661; x_wconf 73' lang='grc' dir='ltr'>ί</span> <span class='ocrx_word' id='word_1_234' title='bbox 2461 1623 2733 1689; x_wconf 81' lang='lat' dir='ltr'><strong>infamari,</strong></span> <span class='ocrx_word' id='word_1_235' title='bbox 2768 1626 2911 1694; x_wconf 93' lang='lat' dir='ltr'><strong>quod</strong></span> <span class='ocrx_word' id='word_1_236' title='bbox 2942 1638 3099 1695; x_wconf 81' lang='lat' dir='ltr'><strong>neget</strong></span> <span class='ocrx_word' id='word_1_237' title='bbox 3141 1631 3383 1698; x_wconf 76' lang='lat' dir='ltr'><strong>parvulis</strong></span> <span class='ocrx_word' id='word_1_238' title='bbox 3410 1631 3672 1703; x_wconf 87' lang='lat' dir='ltr'><strong>baptismi</strong></span> 
     </span>
    </p>
   </div>
   <div class='ocr_carea' id='block_1_32' title="bbox 2068 1719 3673 1796">
    <p class='ocr_par' dir='ltr' id='par_1_32' title="bbox 2068 1719 3673 1796">
     <span class='ocr_line' id='line_1_32' title="bbox 2068 1719 3673 1796; baseline 0.006 -24"><span class='ocrx_word' id='word_1_239' title='bbox 2068 1729 2494 1784; x_wconf 87' lang='lat' dir='ltr'><strong>sacramentum,</strong></span> <span class='ocrx_word' id='word_1_240' title='bbox 2529 1727 2584 1774; x_wconf 91' lang='lat' dir='ltr'><strong>et</strong></span> <span class='ocrx_word' id='word_1_241' title='bbox 2604 1719 2808 1789; x_wconf 89' lang='lat' dir='ltr'><strong>absque</strong></span> <span class='ocrx_word' id='word_1_242' title='bbox 2833 1721 3208 1790; x_wconf 89' lang='lat' dir='ltr'><strong>redemptione</strong></span> <span class='ocrx_word' id='word_1_243' title='bbox 3234 1721 3443 1778; x_wconf 82' lang='lat' dir='ltr'><strong>Christi</strong></span> <span class='ocrx_word' id='word_1_244' title='bbox 3477 1727 3673 1796; x_wconf 86' lang='lat' dir='ltr'><strong>aliqui—</strong></span> 
     </span>
    </p>
   </div>
   <div class='ocr_carea' id='block_1_33' title="bbox 364 1809 3670 1892">
    <p class='ocr_par' dir='ltr' id='par_1_33' title="bbox 364 1809 3670 1892">
     <span class='ocr_line' id='line_1_33' title="bbox 364 1809 3670 1892; baseline 0.001 -20"><span class='ocrx_word' id='word_1_245' title='bbox 364 1817 557 1892; x_wconf 85' lang='lat' dir='ltr'><strong>(Ibid.,</strong></span> <span class='ocrx_word' id='word_1_246' title='bbox 587 1833 636 1872; x_wconf 90' lang='lat' dir='ltr'><strong>c.</strong></span> <span class='ocrx_word' id='word_1_247' title='bbox 669 1817 762 1884; x_wconf 80' lang='grc'><strong>55)</strong></span> <span class='ocrx_word' id='word_1_248' title='bbox 792 1835 804 1870; x_wconf 93' lang='lat'>:</span> <span class='ocrx_word' id='word_1_249' title='bbox 836 1836 854 1867; x_wconf 75' lang='grc' dir='ltr'><strong>ι</strong></span> <span class='ocrx_word' id='word_1_250' title='bbox 891 1815 1098 1885; x_wconf 80' lang='lat' dir='ltr'><strong>Legant</strong></span> <span class='ocrx_word' id='word_1_251' title='bbox 1128 1817 1274 1869; x_wconf 88' lang='lat' dir='ltr'><strong>illam</strong></span> <span class='ocrx_word' id='word_1_252' title='bbox 1307 1816 1598 1885; x_wconf 81' lang='lat' dir='ltr'><strong>epistolam</strong></span> <span class='ocrx_word' id='word_1_253' title='bbox 1625 1813 1676 1878; x_wconf 68' lang='grc' dir='ltr'><strong>δ,</strong></span> <span class='ocrx_word' id='word_1_254' title='bbox 1705 1829 1864 1883; x_wconf 91' lang='lat' dir='ltr'><strong>quam</strong></span> <span class='ocrx_word' id='word_1_255' title='bbox 1897 1811 1966 1866; x_wconf 88' lang='lat' dir='ltr'><strong>ad</strong></span> <span class='ocrx_word' id='word_1_256' title='bbox 1997 1809 2045 1868; x_wconf 88' lang='lat' dir='ltr'><strong>B</strong></span> <span class='ocrx_word' id='word_1_257' title='bbox 2074 1809 2175 1864; x_wconf 86' lang='lat' dir='ltr'><strong>bus</strong></span> <span class='ocrx_word' id='word_1_258' title='bbox 2211 1811 2480 1865; x_wconf 63' lang='lat' dir='ltr'><strong>caelorum</strong></span> <span class='ocrx_word' id='word_1_259' title='bbox 2525 1827 2689 1882; x_wconf 87' lang='lat' dir='ltr'><strong>regna</strong></span> <span class='ocrx_word' id='word_1_260' title='bbox 2725 1814 3025 1882; x_wconf 88' lang='lat' dir='ltr'><strong>promittat.</strong></span> <span class='ocrx_word' id='word_1_261' title='bbox 3064 1833 3083 1865; x_wconf 88' lang='grc'><strong>›</strong></span> <span class='ocrx_word' id='word_1_262' title='bbox 3130 1815 3201 1869; x_wconf 78' lang='lat' dir='ltr'><strong>Et</strong></span> <span class='ocrx_word' id='word_1_263' title='bbox 3247 1831 3369 1871; x_wconf 89' lang='lat' dir='ltr'><strong>cum</strong></span> <span class='ocrx_word' id='word_1_264' title='bbox 3418 1819 3670 1889; x_wconf 76' lang='lat' dir='ltr'><strong>dixisset,</strong></span> 
     </span>
    </p>
   </div>
   <div class='ocr_carea' id='block_1_34' title="bbox 364 1907 1963 1981">
    <p class='ocr_par' dir='ltr' id='par_1_34' title="bbox 364 1907 1963 1981">
     <span class='ocr_line' id='line_1_34' title="bbox 364 1907 1963 1981; baseline -0.005 -12"><span class='ocrx_word' id='word_1_265' title='bbox 364 1921 612 1969; x_wconf 86' lang='lat' dir='ltr'><strong>sanctum</strong></span> <span class='ocrx_word' id='word_1_266' title='bbox 640 1910 819 1964; x_wconf 81' lang='lat' dir='ltr'><strong>virum</strong></span> <span class='ocrx_word' id='word_1_267' title='bbox 854 1910 1137 1964; x_wconf 86' lang='lat' dir='ltr'><strong>Paulinum</strong></span> <span class='ocrx_word' id='word_1_268' title='bbox 1168 1911 1484 1981; x_wconf 87' lang='lat' dir='ltr'><strong>epise0pnm</strong></span> <span class='ocrx_word' id='word_1_269' title='bbox 1518 1917 1644 1962; x_wconf 85' lang='lat' dir='ltr'><strong>ante</strong></span> <span class='ocrx_word' id='word_1_270' title='bbox 1673 1907 1963 1962; x_wconf 88' lang='lat' dir='ltr'><strong>duodecim</strong></span> 
     </span>
    </p>
   </div>
   <div class='ocr_carea' id='block_1_35' title="bbox 363 1999 1965 2072">
    <p class='ocr_par' dir='ltr' id='par_1_35' title="bbox 363 1999 1965 2072">
     <span class='ocr_line' id='line_1_35' title="bbox 363 1999 1965 2072; baseline -0.004 -12"><span class='ocrx_word' id='word_1_271' title='bbox 363 2004 478 2060; x_wconf 79' lang='lat' dir='ltr'><strong>fere</strong></span> <span class='ocrx_word' id='word_1_272' title='bbox 510 2021 682 2057; x_wconf 84' lang='lat' dir='ltr'><strong>annos</strong></span> <span class='ocrx_word' id='word_1_273' title='bbox 726 2004 1069 2072; x_wconf 87' lang='lat' dir='ltr'><strong>scripsimus,</strong></span> <span class='ocrx_word' id='word_1_274' title='bbox 1102 2018 1223 2070; x_wconf 71' lang='lat' dir='ltr'><strong>qum</strong></span> <span class='ocrx_word' id='word_1_275' title='bbox 1257 2003 1517 2056; x_wconf 90' lang='lat' dir='ltr'><strong>trecentis</strong></span> <span class='ocrx_word' id='word_1_276' title='bbox 1549 2001 1689 2054; x_wconf 83' lang='lat' dir='ltr'><strong>ferte</strong></span> <span class='ocrx_word' id='word_1_277' title='bbox 1717 1999 1965 2054; x_wconf 81' lang='lat' dir='ltr'><strong>versibus</strong></span> 
     </span>
    </p>
   </div>
   <div class='ocr_carea' id='block_1_36' title="bbox 364 2093 1963 2162">
    <p class='ocr_par' dir='ltr' id='par_1_36' title="bbox 364 2093 1963 2162">
     <span class='ocr_line' id='line_1_36' title="bbox 364 2093 1963 2162; baseline -0.004 -9"><span class='ocrx_word' id='word_1_278' title='bbox 364 2096 500 2153; x_wconf 89' lang='lat' dir='ltr'><strong>nihil</strong></span> <span class='ocrx_word' id='word_1_279' title='bbox 523 2095 666 2150; x_wconf 85' lang='lat' dir='ltr'><strong>aliud</strong></span> <span class='ocrx_word' id='word_1_280' title='bbox 693 2111 851 2162; x_wconf 87' lang='lat' dir='ltr'><strong>quam</strong></span> <span class='ocrx_word' id='word_1_281' title='bbox 883 2095 975 2149; x_wconf 91' lang='lat' dir='ltr'><strong>Dei</strong></span> <span class='ocrx_word' id='word_1_282' title='bbox 1001 2093 1230 2162; x_wconf 89' lang='lat' dir='ltr'><strong>gratiun</strong></span> <span class='ocrx_word' id='word_1_283' title='bbox 1264 2105 1320 2147; x_wconf 93' lang='lat' dir='ltr'><strong>et</strong></span> <span class='ocrx_word' id='word_1_284' title='bbox 1346 2093 1613 2147; x_wconf 75' lang='lat' dir='ltr'><strong>auxilium</strong></span> <span class='ocrx_word' id='word_1_285' title='bbox 1643 2095 1963 2157; x_wconf 87' lang='lat' dir='ltr'><strong>conlitetur,</strong></span> 
     </span>
    </p>
   </div>
   <div class='ocr_carea' id='block_1_37' title="bbox 363 2184 1966 2258">
    <p class='ocr_par' dir='ltr' id='par_1_37' title="bbox 363 2184 1966 2258">
     <span class='ocr_line' id='line_1_37' title="bbox 363 2184 1966 2258; baseline -0.005 -12"><span class='ocrx_word' id='word_1_286' title='bbox 363 2205 576 2258; x_wconf 87' lang='lat' dir='ltr'><strong>nosque</strong></span> <span class='ocrx_word' id='word_1_287' title='bbox 608 2189 741 2242; x_wconf 91' lang='lat' dir='ltr'><strong>nihil</strong></span> <span class='ocrx_word' id='word_1_288' title='bbox 764 2188 988 2241; x_wconf 92' lang='lat' dir='ltr'><strong>omnino</strong></span> <span class='ocrx_word' id='word_1_289' title='bbox 1011 2187 1137 2241; x_wconf 91' lang='lat' dir='ltr'><strong>boni</strong></span> <span class='ocrx_word' id='word_1_290' title='bbox 1171 2186 1350 2240; x_wconf 82' lang='lat' dir='ltr'><strong>facere</strong></span> <span class='ocrx_word' id='word_1_291' title='bbox 1383 2201 1543 2255; x_wconf 86' lang='lat' dir='ltr'><strong>posse</strong></span> <span class='ocrx_word' id='word_1_292' title='bbox 1571 2189 1689 2240; x_wconf 85' lang='lat' dir='ltr'><strong>sine</strong></span> <span class='ocrx_word' id='word_1_293' title='bbox 1713 2185 1845 2238; x_wconf 89' lang='lat' dir='ltr'><strong>Deo.</strong></span> <span class='ocrx_word' id='word_1_294' title='bbox 1865 2184 1966 2238; x_wconf 83' lang='lat' dir='ltr'><strong>Le-</strong></span> 
     </span>
    </p>
   </div>
   <div class='ocr_carea' id='block_1_38' title="bbox 364 2280 1962 2355">
    <p class='ocr_par' dir='ltr' id='par_1_38' title="bbox 364 2280 1962 2355">
     <span class='ocr_line' id='line_1_38' title="bbox 364 2280 1962 2355; baseline -0.005 -16"><span class='ocrx_word' id='word_1_295' title='bbox 364 2297 492 2355; x_wconf 89' lang='lat' dir='ltr'><strong>gant</strong></span> <span class='ocrx_word' id='word_1_296' title='bbox 544 2283 707 2338; x_wconf 80' lang='lat' dir='ltr'><strong>etiam</strong></span> <span class='ocrx_word' id='word_1_297' title='bbox 755 2283 1045 2349; x_wconf 87' lang='lat' dir='ltr'><strong>epistolam</strong></span> <span class='ocrx_word' id='word_1_298' title='bbox 1089 2293 1112 2320; x_wconf 75' lang='grc' dir='ltr'><strong>ο</strong></span> <span class='ocrx_word' id='word_1_299' title='bbox 1168 2281 1234 2335; x_wconf 90' lang='lat' dir='ltr'><strong>ad</strong></span> <span class='ocrx_word' id='word_1_300' title='bbox 1294 2290 1542 2336; x_wconf 87' lang='lat' dir='ltr'><strong>sanetum</strong></span> <span class='ocrx_word' id='word_1_301' title='bbox 1584 2280 1962 2334; x_wconf 89' lang='lat' dir='ltr'><strong>Constantium</strong></span> 
     </span>
    </p>
   </div>
   <div class='ocr_carea' id='block_1_39' title="bbox 365 2371 1965 2449">
    <p class='ocr_par' dir='ltr' id='par_1_39' title="bbox 365 2371 1965 2449">
     <span class='ocr_line' id='line_1_39' title="bbox 365 2371 1965 2449; baseline -0.006 -15"><span class='ocrx_word' id='word_1_302' title='bbox 365 2379 686 2449; x_wconf 83' lang='lat' dir='ltr'><strong>episcopum</strong></span> <span class='ocrx_word' id='word_1_303' title='bbox 723 2377 912 2440; x_wconf 83' lang='lat' dir='ltr'><strong>(lbid.,</strong></span> <span class='ocrx_word' id='word_1_304' title='bbox 943 2391 992 2430; x_wconf 91' lang='lat' dir='ltr'><strong>e.</strong></span> <span class='ocrx_word' id='word_1_305' title='bbox 1027 2373 1146 2444; x_wconf 81' lang='grc'><strong>56),</strong></span> <span class='ocrx_word' id='word_1_306' title='bbox 1196 2374 1282 2426; x_wconf 92' lang='lat' dir='ltr'><strong>ubi</strong></span> <span class='ocrx_word' id='word_1_307' title='bbox 1318 2373 1565 2428; x_wconf 86' lang='lat' dir='ltr'><strong>breviter</strong></span> <span class='ocrx_word' id='word_1_308' title='bbox 1595 2373 1836 2443; x_wconf 88' lang='lat' dir='ltr'><strong>quidem,</strong></span> <span class='ocrx_word' id='word_1_309' title='bbox 1871 2371 1965 2425; x_wconf 87' lang='lat' dir='ltr'><strong>sed</strong></span> 
     </span>
    </p>
   </div>
   <div class='ocr_carea' id='block_1_40' title="bbox 366 2466 1966 2543">
    <p class='ocr_par' dir='ltr' id='par_1_40' title="bbox 366 2466 1966 2543">
     <span class='ocr_line' id='line_1_40' title="bbox 366 2466 1966 2543; baseline -0.004 -17"><span class='ocrx_word' id='word_1_310' title='bbox 366 2473 529 2543; x_wconf 85' lang='lat' dir='ltr'><strong>plane</strong></span> <span class='ocrx_word' id='word_1_311' title='bbox 560 2472 732 2525; x_wconf 88' lang='lat' dir='ltr'><strong>libero</strong></span> <span class='ocrx_word' id='word_1_312' title='bbox 765 2469 995 2523; x_wconf 82' lang='lat' dir='ltr'><strong>hominis</strong></span> <span class='ocrx_word' id='word_1_313' title='bbox 1022 2468 1253 2522; x_wconf 90' lang='lat' dir='ltr'><strong>arbitrio</strong></span> <span class='ocrx_word' id='word_1_314' title='bbox 1289 2467 1381 2521; x_wconf 88' lang='lat' dir='ltr'><strong>Dei</strong></span> <span class='ocrx_word' id='word_1_315' title='bbox 1412 2468 1644 2533; x_wconf 78' lang='lat' dir='ltr'><strong>gratiam</strong></span> <span class='ocrx_word' id='word_1_316' title='bbox 1672 2466 1966 2519; x_wconf 81' lang='lat' dir='ltr'><strong>auxilium-</strong></span> 
     </span>
    </p>
   </div>
   <div class='ocr_carea' id='block_1_41' title="bbox 368 2561 1966 2638">
    <p class='ocr_par' dir='ltr' id='par_1_41' title="bbox 368 2561 1966 2638">
     <span class='ocr_line' id='line_1_41' title="bbox 368 2561 1966 2638; baseline -0.001 -22"><span class='ocrx_word' id='word_1_317' title='bbox 368 2583 476 2638; x_wconf 84' lang='lat' dir='ltr'><strong>qne</strong></span> <span class='ocrx_word' id='word_1_318' title='bbox 499 2566 773 2633; x_wconf 74' lang='lat' dir='ltr'><strong>ronjunxi.</strong></span> <span class='ocrx_word' id='word_1_319' title='bbox 798 2564 1006 2634; x_wconf 80' lang='lat' dir='ltr'><strong>chant</strong></span> <span class='ocrx_word' id='word_1_320' title='bbox 1025 2565 1186 2616; x_wconf 82' lang='lat' dir='ltr'><strong>etiam</strong></span> <span class='ocrx_word' id='word_1_321' title='bbox 1205 2578 1363 2633; x_wconf 90' lang='lat' dir='ltr'><strong>quam</strong></span> <span class='ocrx_word' id='word_1_322' title='bbox 1388 2561 1413 2597; x_wconf 73' lang='grc' dir='ltr'>ἀ</span> <span class='ocrx_word' id='word_1_323' title='bbox 1440 2562 1506 2616; x_wconf 90' lang='lat' dir='ltr'><strong>ad</strong></span> <span class='ocrx_word' id='word_1_324' title='bbox 1531 2561 1966 2615; x_wconf 85' lang='lat' dir='ltr'><strong>sacramChristi</strong></span> 
     </span>
    </p>
   </div>
   <div class='ocr_carea' id='block_1_42' title="bbox 369 2654 1968 2729">
    <p class='ocr_par' dir='ltr' id='par_1_42' title="bbox 369 2654 1968 2729">
     <span class='ocr_line' id='line_1_42' title="bbox 369 2654 1968 2729; baseline -0.005 -14"><span class='ocrx_word' id='word_1_325' title='bbox 369 2660 632 2729; x_wconf 82' lang='lat' dir='ltr'><strong>virginem</strong></span> <span class='ocrx_word' id='word_1_326' title='bbox 685 2657 1089 2712; x_wconf 86' lang='lat' dir='ltr'><strong>Demetriadem</strong></span> <span class='ocrx_word' id='word_1_327' title='bbox 1151 2657 1204 2709; x_wconf 94' lang='lat' dir='ltr'><strong>in</strong></span> <span class='ocrx_word' id='word_1_328' title='bbox 1257 2654 1482 2710; x_wconf 89' lang='lat' dir='ltr'><strong>Oriente</strong></span> <span class='ocrx_word' id='word_1_329' title='bbox 1541 2655 1968 2721; x_wconf 83' lang='lat' dir='ltr'><strong>conscripsimus</strong></span> 
     </span>
    </p>
   </div>
   <div class='ocr_carea' id='block_1_43' title="bbox 374 2748 1968 2823">
    <p class='ocr_par' dir='ltr' id='par_1_43' title="bbox 374 2748 1968 2823">
     <span class='ocr_line' id='line_1_43' title="bbox 374 2748 1968 2823; baseline -0.006 -17"><span class='ocrx_word' id='word_1_330' title='bbox 374 2752 563 2823; x_wconf 82' lang='lat' dir='ltr'><strong>(lbid.,</strong></span> <span class='ocrx_word' id='word_1_331' title='bbox 595 2768 642 2806; x_wconf 92' lang='lat' dir='ltr'><strong>c.</strong></span> <span class='ocrx_word' id='word_1_332' title='bbox 675 2750 766 2822; x_wconf 78' lang='grc'><strong>57)</strong></span> <span class='ocrx_word' id='word_1_333' title='bbox 801 2761 890 2805; x_wconf 88' lang='lat' dir='ltr'><strong>:el</strong></span> <span class='ocrx_word' id='word_1_334' title='bbox 925 2749 1206 2804; x_wconf 78' lang='lat' dir='ltr'><strong>invenient</strong></span> <span class='ocrx_word' id='word_1_335' title='bbox 1238 2763 1336 2802; x_wconf 90' lang='lat' dir='ltr'><strong>nos</strong></span> <span class='ocrx_word' id='word_1_336' title='bbox 1367 2750 1436 2802; x_wconf 89' lang='lat' dir='ltr'><strong>ita</strong></span> <span class='ocrx_word' id='word_1_337' title='bbox 1465 2748 1704 2802; x_wconf 77' lang='lat' dir='ltr'><strong>hominis</strong></span> <span class='ocrx_word' id='word_1_338' title='bbox 1748 2748 1968 2803; x_wconf 80' lang='lat' dir='ltr'><strong>laudare</strong></span> 
     </span>
    </p>
   </div>
   <div class='ocr_carea' id='block_1_44' title="bbox 372 2839 1967 2911">
    <p class='ocr_par' dir='ltr' id='par_1_44' title="bbox 372 2839 1967 2911">
     <span class='ocr_line' id='line_1_44' title="bbox 372 2839 1967 2911; baseline -0.004 -11"><span class='ocrx_word' id='word_1_339' title='bbox 372 2857 648 2908; x_wconf 87' lang='lat' dir='ltr'><strong>naturam,</strong></span> <span class='ocrx_word' id='word_1_340' title='bbox 701 2851 756 2896; x_wconf 90' lang='lat' dir='ltr'><strong>ut</strong></span> <span class='ocrx_word' id='word_1_341' title='bbox 801 2843 890 2896; x_wconf 73' lang='lat' dir='ltr'><strong>Dei</strong></span> <span class='ocrx_word' id='word_1_342' title='bbox 916 2857 1132 2911; x_wconf 82' lang='lat' dir='ltr'><strong>semper</strong></span> <span class='ocrx_word' id='word_1_343' title='bbox 1159 2840 1349 2908; x_wconf 75' lang='lat' dir='ltr'><strong>gratia:</strong></span> <span class='ocrx_word' id='word_1_344' title='bbox 1377 2839 1644 2893; x_wconf 87' lang='lat' dir='ltr'><strong>addamus</strong></span> <span class='ocrx_word' id='word_1_345' title='bbox 1671 2839 1967 2894; x_wconf 83' lang='lat' dir='ltr'><strong>auxilium.</strong></span> 
     </span>
    </p>
   </div>
   <div class='ocr_carea' id='block_1_45' title="bbox 374 2930 1966 3005">
    <p class='ocr_par' dir='ltr' id='par_1_45' title="bbox 374 2930 1966 3005">
     <span class='ocr_line' id='line_1_45' title="bbox 374 2930 1966 3005; baseline -0.005 -13"><span class='ocrx_word' id='word_1_346' title='bbox 374 2937 581 3005; x_wconf 86' lang='lat' dir='ltr'><strong>Legant</strong></span> <span class='ocrx_word' id='word_1_347' title='bbox 627 2936 790 2991; x_wconf 90' lang='lat' dir='ltr'><strong>etiam</strong></span> <span class='ocrx_word' id='word_1_348' title='bbox 845 2949 1042 2989; x_wconf 87' lang='lat' dir='ltr'><strong>recens</strong></span> <span class='ocrx_word' id='word_1_349' title='bbox 1095 2949 1272 2986; x_wconf 81' lang='lat' dir='ltr'><strong>meum</strong></span> <span class='ocrx_word' id='word_1_350' title='bbox 1325 2943 1348 2970; x_wconf 77' lang='grc' dir='ltr'>θ</span> <span class='ocrx_word' id='word_1_351' title='bbox 1403 2931 1723 3000; x_wconf 84' lang='lat' dir='ltr'><strong>Opusculum</strong></span> <span class='ocrx_word' id='word_1_352' title='bbox 1777 2930 1966 3002; x_wconf 86' lang='lat' dir='ltr'><strong>(lbid.,</strong></span> 
     </span>
    </p>
   </div>
   <div class='ocr_carea' id='block_1_46' title="bbox 373 3023 1970 3096">
    <p class='ocr_par' dir='ltr' id='par_1_46' title="bbox 373 3023 1970 3096">
     <span class='ocr_line' id='line_1_46' title="bbox 373 3023 1970 3096; baseline -0.004 -13"><span class='ocrx_word' id='word_1_353' title='bbox 373 3044 425 3083; x_wconf 89' lang='lat' dir='ltr'><strong>c.</strong></span> <span class='ocrx_word' id='word_1_354' title='bbox 469 3028 586 3096; x_wconf 60' lang='lat' dir='ltr'><strong>AI),</strong></span> <span class='ocrx_word' id='word_1_355' title='bbox 638 3027 781 3096; x_wconf 89' lang='lat' dir='ltr'><strong>quod</strong></span> <span class='ocrx_word' id='word_1_356' title='bbox 819 3042 917 3096; x_wconf 87' lang='lat' dir='ltr'><strong>pro</strong></span> <span class='ocrx_word' id='word_1_357' title='bbox 968 3026 1140 3079; x_wconf 87' lang='lat' dir='ltr'><strong>libero</strong></span> <span class='ocrx_word' id='word_1_358' title='bbox 1174 3041 1346 3093; x_wconf 88' lang='lat' dir='ltr'><strong>nuper</strong></span> <span class='ocrx_word' id='word_1_359' title='bbox 1374 3024 1604 3078; x_wconf 86' lang='lat' dir='ltr'><strong>arbitrio</strong></span> <span class='ocrx_word' id='word_1_360' title='bbox 1637 3023 1801 3078; x_wconf 88' lang='lat' dir='ltr'><strong>cdere</strong></span> <span class='ocrx_word' id='word_1_361' title='bbox 1820 3039 1970 3078; x_wconf 87' lang='lat' dir='ltr'><strong>com-</strong></span> 
     </span>
    </p>
   </div>
   <div class='ocr_carea' id='block_1_47' title="bbox 376 3117 1970 3191">
    <p class='ocr_par' dir='ltr' id='par_1_47' title="bbox 376 3117 1970 3191">
     <span class='ocr_line' id='line_1_47' title="bbox 376 3117 1970 3191; baseline -0.003 -16"><span class='ocrx_word' id='word_1_362' title='bbox 376 3120 518 3191; x_wconf 81' lang='lat' dir='ltr'><strong>pulsi</strong></span> <span class='ocrx_word' id='word_1_363' title='bbox 552 3135 740 3172; x_wconf 88' lang='lat' dir='ltr'><strong>snmus</strong></span> <span class='ocrx_word' id='word_1_364' title='bbox 783 3135 796 3170; x_wconf 88' lang='lat'><strong>:</strong></span> <span class='ocrx_word' id='word_1_365' title='bbox 831 3129 885 3172; x_wconf 91' lang='lat' dir='ltr'><strong>et</strong></span> <span class='ocrx_word' id='word_1_366' title='bbox 937 3125 1245 3187; x_wconf 85' lang='lat' dir='ltr'><strong>agnoscent</strong></span> <span class='ocrx_word' id='word_1_367' title='bbox 1269 3133 1428 3187; x_wconf 88' lang='lat' dir='ltr'><strong>quam</strong></span> <span class='ocrx_word' id='word_1_368' title='bbox 1457 3117 1639 3185; x_wconf 91' lang='lat' dir='ltr'><strong>inique</strong></span> <span class='ocrx_word' id='word_1_369' title='bbox 1672 3133 1772 3171; x_wconf 87' lang='lat' dir='ltr'><strong>nos</strong></span> <span class='ocrx_word' id='word_1_370' title='bbox 1804 3131 1970 3186; x_wconf 86' lang='lat' dir='ltr'><strong>nega-</strong></span> 
     </span>
    </p>
   </div>
   <div class='ocr_carea' id='block_1_48' title="bbox 2076 1904 3670 1975">
    <p class='ocr_par' dir='ltr' id='par_1_48' title="bbox 2076 1904 3670 1975">
     <span class='ocr_line' id='line_1_48' title="bbox 2076 1904 3670 1975; baseline 0.008 -20"><span class='ocrx_word' id='word_1_371' title='bbox 2076 1922 2094 1954; x_wconf 88' lang='grc'><strong>‹</strong></span> <span class='ocrx_word' id='word_1_372' title='bbox 2135 1920 2428 1974; x_wconf 84' lang='lat' dir='ltr'><strong>numquam</strong></span> <span class='ocrx_word' id='word_1_373' title='bbox 2474 1919 2534 1959; x_wconf 91' lang='lat' dir='ltr'><strong>se</strong></span> <span class='ocrx_word' id='word_1_374' title='bbox 2564 1904 2647 1958; x_wconf 90' lang='lat' dir='ltr'><strong>vel</strong></span> <span class='ocrx_word' id='word_1_375' title='bbox 2677 1906 2903 1974; x_wconf 91' lang='lat' dir='ltr'><strong>impium</strong></span> <span class='ocrx_word' id='word_1_376' title='bbox 2933 1907 3172 1975; x_wconf 89' lang='lat' dir='ltr'><strong>aliquem</strong></span> <span class='ocrx_word' id='word_1_377' title='bbox 3214 1911 3531 1964; x_wconf 74' lang='lat' dir='ltr'><strong>hmreticum</strong></span> <span class='ocrx_word' id='word_1_378' title='bbox 3573 1929 3670 1967; x_wconf 84' lang='lat' dir='ltr'><strong>au-</strong></span> 
     </span>
    </p>
   </div>
   <div class='ocr_carea' id='block_1_49' title="bbox 2070 1984 3668 2072">
    <p class='ocr_par' dir='ltr' id='par_1_49' title="bbox 2070 1984 3668 2072">
     <span class='ocr_line' id='line_1_49' title="bbox 2070 1984 3668 2072; baseline 0.005 -20"><span class='ocrx_word' id='word_1_379' title='bbox 2070 1998 2239 2060; x_wconf 86' lang='lat' dir='ltr'><strong>disse.</strong></span> <span class='ocrx_word' id='word_1_380' title='bbox 2292 1999 2382 2066; x_wconf 90' lang='lat' dir='ltr'><strong>qui</strong></span> <span class='ocrx_word' id='word_1_381' title='bbox 2432 1998 2534 2052; x_wconf 90' lang='lat' dir='ltr'><strong>hoc</strong></span> <span class='ocrx_word' id='word_1_382' title='bbox 2562 1998 2630 2053; x_wconf 91' lang='lat' dir='ltr'><strong>de</strong></span> <span class='ocrx_word' id='word_1_383' title='bbox 2661 2000 2910 2068; x_wconf 89' lang='lat' dir='ltr'><strong>parvulis</strong></span> <span class='ocrx_word' id='word_1_384' title='bbox 2955 1984 3194 2066; x_wconf 78' lang='lat' dir='ltr'><strong>diceret,</strong></span> <span class='ocrx_word' id='word_1_385' title='bbox 3242 2021 3261 2055; x_wconf 74' lang='grc' dir='ltr'><strong>ι</strong></span> <span class='ocrx_word' id='word_1_386' title='bbox 3297 2003 3668 2072; x_wconf 88' lang='lat' dir='ltr'><strong>subjiciebat:</strong></span> 
     </span>
    </p>
   </div>
   <div class='ocr_carea' id='block_1_50' title="bbox 2077 2089 3670 2165">
    <p class='ocr_par' dir='ltr' id='par_1_50' title="bbox 2077 2089 3670 2165">
     <span class='ocr_line' id='line_1_50' title="bbox 2077 2089 3670 2165; baseline 0.006 -23"><span class='ocrx_word' id='word_1_387' title='bbox 2077 2111 2095 2142; x_wconf 84' lang='grc'><strong><em>‹</em></strong></span> <span class='ocrx_word' id='word_1_388' title='bbox 2133 2089 2266 2158; x_wconf 87' lang='lat' dir='ltr'><strong>Quis</strong></span> <span class='ocrx_word' id='word_1_389' title='bbox 2313 2091 2456 2144; x_wconf 90' lang='lat' dir='ltr'><strong>enim</strong></span> <span class='ocrx_word' id='word_1_390' title='bbox 2507 2091 2580 2144; x_wconf 87' lang='lat' dir='ltr'><strong>ita</strong></span> <span class='ocrx_word' id='word_1_391' title='bbox 2616 2093 2946 2161; x_wconf 70' lang='lat' dir='ltr'><strong>evangelicae</strong></span> <span class='ocrx_word' id='word_1_392' title='bbox 2977 2092 3237 2148; x_wconf 90' lang='lat' dir='ltr'><strong>lectionis</strong></span> <span class='ocrx_word' id='word_1_393' title='bbox 3292 2096 3513 2165; x_wconf 84' lang='lat' dir='ltr'><strong>ignarus</strong></span> <span class='ocrx_word' id='word_1_394' title='bbox 3565 2105 3670 2164; x_wconf 91' lang='lat' dir='ltr'><strong>est,</strong></span> 
     </span>
    </p>
   </div>
   <div class='ocr_carea' id='block_1_51' title="bbox 2071 2182 3674 2257">
    <p class='ocr_par' dir='ltr' id='par_1_51' title="bbox 2071 2182 3674 2257">
     <span class='ocr_line' id='line_1_51' title="bbox 2071 2182 3674 2257; baseline 0.004 -20"><span class='ocrx_word' id='word_1_395' title='bbox 2071 2184 2164 2254; x_wconf 91' lang='lat' dir='ltr'><strong>qui</strong></span> <span class='ocrx_word' id='word_1_396' title='bbox 2195 2184 2294 2238; x_wconf 92' lang='lat' dir='ltr'><strong>hoc</strong></span> <span class='ocrx_word' id='word_1_397' title='bbox 2319 2200 2426 2238; x_wconf 92' lang='lat' dir='ltr'><strong>non</strong></span> <span class='ocrx_word' id='word_1_398' title='bbox 2455 2183 2620 2238; x_wconf 91' lang='lat' dir='ltr'><strong>modo</strong></span> <span class='ocrx_word' id='word_1_399' title='bbox 2647 2182 2924 2239; x_wconf 81' lang='lat' dir='ltr'><strong>afﬁrmare</strong></span> <span class='ocrx_word' id='word_1_400' title='bbox 2951 2195 3202 2252; x_wconf 89' lang='lat' dir='ltr'><strong>conetur,</strong></span> <span class='ocrx_word' id='word_1_401' title='bbox 3237 2186 3332 2242; x_wconf 89' lang='lat' dir='ltr'><strong>sed</strong></span> <span class='ocrx_word' id='word_1_402' title='bbox 3361 2189 3453 2257; x_wconf 92' lang='lat' dir='ltr'><strong>qui</strong></span> <span class='ocrx_word' id='word_1_403' title='bbox 3479 2189 3560 2243; x_wconf 85' lang='lat' dir='ltr'><strong>vel</strong></span> <span class='ocrx_word' id='word_1_404' title='bbox 3592 2189 3674 2244; x_wconf 90' lang='lat' dir='ltr'><strong>le-</strong></span> 
     </span>
    </p>
   </div>
   <div class='ocr_carea' id='block_1_52' title="bbox 2070 2277 3672 2353">
    <p class='ocr_par' dir='ltr' id='par_1_52' title="bbox 2070 2277 3672 2353">
     <span class='ocr_line' id='line_1_52' title="bbox 2070 2277 3672 2353; baseline 0.004 -22"><span class='ocrx_word' id='word_1_405' title='bbox 2070 2277 2209 2332; x_wconf 89' lang='lat' dir='ltr'><strong>viter</strong></span> <span class='ocrx_word' id='word_1_406' title='bbox 2246 2278 2433 2333; x_wconf 90' lang='lat' dir='ltr'><strong>dicere</strong></span> <span class='ocrx_word' id='word_1_407' title='bbox 2477 2287 2571 2331; x_wconf 89' lang='lat' dir='ltr'><strong>aut</strong></span> <span class='ocrx_word' id='word_1_408' title='bbox 2597 2278 2762 2331; x_wconf 90' lang='lat' dir='ltr'><strong>etiam</strong></span> <span class='ocrx_word' id='word_1_409' title='bbox 2807 2279 3016 2333; x_wconf 86' lang='lat' dir='ltr'><strong>sentire</strong></span> <span class='ocrx_word' id='word_1_410' title='bbox 3046 2280 3255 2348; x_wconf 87' lang='lat' dir='ltr'><strong>possit?</strong></span> <span class='ocrx_word' id='word_1_411' title='bbox 3295 2280 3502 2337; x_wconf 91' lang='lat' dir='ltr'><strong>Deinde</strong></span> <span class='ocrx_word' id='word_1_412' title='bbox 3546 2284 3672 2353; x_wconf 86' lang='lat' dir='ltr'><strong>quis</strong></span> 
     </span>
    </p>
   </div>
   <div class='ocr_carea' id='block_1_53' title="bbox 2073 2370 3670 2442">
    <p class='ocr_par' dir='ltr' id='par_1_53' title="bbox 2073 2370 3670 2442">
     <span class='ocr_line' id='line_1_53' title="bbox 2073 2370 3670 2442; baseline 0.004 -18"><span class='ocrx_word' id='word_1_413' title='bbox 2073 2379 2180 2425; x_wconf 85' lang='lat' dir='ltr'><strong>tam</strong></span> <span class='ocrx_word' id='word_1_414' title='bbox 2229 2371 2448 2440; x_wconf 88' lang='lat' dir='ltr'><strong>impius,</strong></span> <span class='ocrx_word' id='word_1_415' title='bbox 2494 2371 2583 2440; x_wconf 89' lang='lat' dir='ltr'><strong>qui</strong></span> <span class='ocrx_word' id='word_1_416' title='bbox 2619 2370 2872 2440; x_wconf 84' lang='lat' dir='ltr'><strong>parvulos</strong></span> <span class='ocrx_word' id='word_1_417' title='bbox 2918 2381 3163 2427; x_wconf 85' lang='lat' dir='ltr'><strong>exsortes</strong></span> <span class='ocrx_word' id='word_1_418' title='bbox 3209 2373 3360 2442; x_wconf 83' lang='lat' dir='ltr'><strong>regni</strong></span> <span class='ocrx_word' id='word_1_419' title='bbox 3403 2375 3670 2431; x_wconf 74' lang='lat' dir='ltr'><strong>cmlorum</strong></span> 
     </span>
    </p>
   </div>
   <div class='ocr_carea' id='block_1_54' title="bbox 2073 2465 3670 2535">
    <p class='ocr_par' dir='ltr' id='par_1_54' title="bbox 2073 2465 3670 2535">
     <span class='ocr_line' id='line_1_54' title="bbox 2073 2465 3670 2535; baseline 0.003 -15"><span class='ocrx_word' id='word_1_420' title='bbox 2073 2480 2195 2520; x_wconf 82' lang='lat' dir='ltr'><strong>esse</strong></span> <span class='ocrx_word' id='word_1_421' title='bbox 2226 2465 2379 2531; x_wconf 86' lang='lat' dir='ltr'><strong>velit,</strong></span> <span class='ocrx_word' id='word_1_422' title='bbox 2411 2465 2539 2518; x_wconf 90' lang='lat' dir='ltr'><strong>dum</strong></span> <span class='ocrx_word' id='word_1_423' title='bbox 2583 2479 2678 2519; x_wconf 91' lang='lat' dir='ltr'><strong>eos</strong></span> <span class='ocrx_word' id='word_1_424' title='bbox 2728 2465 2993 2535; x_wconf 88' lang='lat' dir='ltr'><strong>baptizari</strong></span> <span class='ocrx_word' id='word_1_425' title='bbox 3041 2467 3168 2520; x_wconf 89' lang='lat' dir='ltr'><strong>etin</strong></span> <span class='ocrx_word' id='word_1_426' title='bbox 3201 2465 3421 2521; x_wconf 84' lang='lat' dir='ltr'><strong>Christo</strong></span> <span class='ocrx_word' id='word_1_427' title='bbox 3453 2469 3670 2524; x_wconf 88' lang='lat' dir='ltr'><strong>renasci</strong></span> 
     </span>
    </p>
   </div>
   <div class='ocr_carea' id='block_1_55' title="bbox 2076 2557 3673 2628">
    <p class='ocr_par' dir='ltr' id='par_1_55' title="bbox 2076 2557 3673 2628">
     <span class='ocr_line' id='line_1_55' title="bbox 2076 2557 3673 2628; baseline 0.009 -24"><span class='ocrx_word' id='word_1_428' title='bbox 2076 2567 2100 2604; x_wconf 74' lang='grc' dir='ltr'><strong>ις</strong></span> <span class='ocrx_word' id='word_1_429' title='bbox 2133 2566 2280 2611; x_wconf 85' lang='lat' dir='ltr'><strong>vetat</strong></span> <span class='ocrx_word' id='word_1_430' title='bbox 2305 2599 2321 2622; x_wconf 93' lang='lat'><strong>,</strong></span> <span class='ocrx_word' id='word_1_431' title='bbox 2354 2566 2406 2610; x_wconf 92' lang='lat' dir='ltr'><strong>et</strong></span> <span class='ocrx_word' id='word_1_432' title='bbox 2440 2557 2491 2609; x_wconf 91' lang='lat' dir='ltr'><strong>in</strong></span> <span class='ocrx_word' id='word_1_433' title='bbox 2545 2567 2864 2625; x_wconf 88' lang='lat' dir='ltr'><strong>perpetuam</strong></span> <span class='ocrx_word' id='word_1_434' title='bbox 2898 2569 3215 2628; x_wconf 86' lang='lat' dir='ltr'><strong>certamque</strong></span> <span class='ocrx_word' id='word_1_435' title='bbox 3247 2561 3416 2615; x_wconf 88' lang='lat' dir='ltr'><strong>vitam</strong></span> <span class='ocrx_word' id='word_1_436' title='bbox 3459 2563 3673 2619; x_wconf 88' lang='lat' dir='ltr'><strong>renasci</strong></span> 
     </span>
    </p>
   </div>
   <div class='ocr_carea' id='block_1_56' title="bbox 2075 2650 3349 2719">
    <p class='ocr_par' dir='ltr' id='par_1_56' title="bbox 2075 2650 3349 2719">
     <span class='ocr_line' id='line_1_56' title="bbox 2075 2650 3349 2719; baseline 0.003 -14"><span class='ocrx_word' id='word_1_437' title='bbox 2075 2650 2102 2687; x_wconf 65' lang='grc' dir='ltr'>δ</span> <span class='ocrx_word' id='word_1_438' title='bbox 2129 2661 2280 2706; x_wconf 85' lang='lat' dir='ltr'><strong>vetet</strong></span> <span class='ocrx_word' id='word_1_439' title='bbox 2310 2668 2460 2715; x_wconf 86' lang='lat' dir='ltr'><strong>eum,</strong></span> <span class='ocrx_word' id='word_1_440' title='bbox 2490 2651 2582 2719; x_wconf 93' lang='lat' dir='ltr'><strong>qui</strong></span> <span class='ocrx_word' id='word_1_441' title='bbox 2609 2663 2765 2705; x_wconf 91' lang='lat' dir='ltr'><strong>natus</strong></span> <span class='ocrx_word' id='word_1_442' title='bbox 2802 2651 2872 2705; x_wconf 87' lang='lat' dir='ltr'><strong>sit</strong></span> <span class='ocrx_word' id='word_1_443' title='bbox 2903 2653 2970 2706; x_wconf 91' lang='lat' dir='ltr'><strong>ad</strong></span> <span class='ocrx_word' id='word_1_444' title='bbox 3004 2653 3291 2709; x_wconf 88' lang='lat' dir='ltr'><strong>incertam.</strong></span> <span class='ocrx_word' id='word_1_445' title='bbox 3330 2676 3349 2708; x_wconf 82' lang='lat'><strong>)</strong></span> 
     </span>
    </p>
   </div>
   <div class='ocr_carea' id='block_1_57' title="bbox 2148 2745 3673 2817">
    <p class='ocr_par' dir='ltr' id='par_1_57' title="bbox 2148 2745 3673 2817">
     <span class='ocr_line' id='line_1_57' title="bbox 2148 2745 3673 2817; baseline 0.008 -18"><span class='ocrx_word' id='word_1_446' title='bbox 2148 2748 2200 2800; x_wconf 88' lang='lat'><strong>7.</strong></span> <span class='ocrx_word' id='word_1_447' title='bbox 2245 2746 2415 2800; x_wconf 90' lang='lat' dir='ltr'><strong>Simul</strong></span> <span class='ocrx_word' id='word_1_448' title='bbox 2446 2761 2567 2800; x_wconf 91' lang='lat' dir='ltr'><strong>cum</strong></span> <span class='ocrx_word' id='word_1_449' title='bbox 2607 2745 2807 2816; x_wconf 81' lang='lat' dir='ltr'><strong>Pelagii</strong></span> <span class='ocrx_word' id='word_1_450' title='bbox 2842 2747 3118 2817; x_wconf 75' lang='lat' dir='ltr'><strong>praedictis</strong></span> <span class='ocrx_word' id='word_1_451' title='bbox 3156 2749 3349 2804; x_wconf 88' lang='lat' dir='ltr'><strong>litteris</strong></span> <span class='ocrx_word' id='word_1_452' title='bbox 3391 2766 3454 2807; x_wconf 88' lang='lat' dir='ltr'><strong>ac</strong></span> <span class='ocrx_word' id='word_1_453' title='bbox 3486 2752 3673 2811; x_wconf 91' lang='lat' dir='ltr'><strong>libello</strong></span> 
     </span>
    </p>
   </div>
   <div class='ocr_carea' id='block_1_58' title="bbox 2076 2838 3674 2913">
    <p class='ocr_par' dir='ltr' id='par_1_58' title="bbox 2076 2838 3674 2913">
     <span class='ocr_line' id='line_1_58' title="bbox 2076 2838 3674 2913; baseline 0.008 -20"><span class='ocrx_word' id='word_1_454' title='bbox 2076 2839 2200 2894; x_wconf 91' lang='lat' dir='ltr'><strong>ﬁdei</strong></span> <span class='ocrx_word' id='word_1_455' title='bbox 2231 2841 2296 2893; x_wconf 89' lang='lat' dir='ltr'><strong>ad</strong></span> <span class='ocrx_word' id='word_1_456' title='bbox 2331 2838 2707 2893; x_wconf 89' lang='lat' dir='ltr'><strong>Innocentium</strong></span> <span class='ocrx_word' id='word_1_457' title='bbox 2737 2841 2900 2893; x_wconf 87' lang='lat' dir='ltr'><strong>missa</strong></span> <span class='ocrx_word' id='word_1_458' title='bbox 2933 2852 3040 2907; x_wconf 89' lang='lat' dir='ltr'><strong>est,</strong></span> <span class='ocrx_word' id='word_1_459' title='bbox 3075 2841 3344 2913; x_wconf 90' lang='lat' dir='ltr'><strong>simulque</strong></span> <span class='ocrx_word' id='word_1_460' title='bbox 3372 2845 3674 2905; x_wconf 87' lang='lat' dir='ltr'><strong>Innocentii</strong></span> 
     </span>
    </p>
   </div>
   <div class='ocr_carea' id='block_1_59' title="bbox 2075 2929 3675 3013">
    <p class='ocr_par' dir='ltr' id='par_1_59' title="bbox 2075 2929 3675 3013">
     <span class='ocr_line' id='line_1_59' title="bbox 2075 2929 3675 3013; baseline 0.006 -28"><span class='ocrx_word' id='word_1_461' title='bbox 2075 2933 2379 2985; x_wconf 85' lang='lat' dir='ltr'><strong>successori</strong></span> <span class='ocrx_word' id='word_1_462' title='bbox 2401 2929 2618 2985; x_wconf 89' lang='lat' dir='ltr'><strong>Zosimo</strong></span> <span class='ocrx_word' id='word_1_463' title='bbox 2641 2931 2857 2985; x_wconf 86' lang='lat' dir='ltr'><strong>reddita</strong></span> <span class='ocrx_word' id='word_1_464' title='bbox 2881 2933 3111 3002; x_wconf 88' lang='lat' dir='ltr'><strong>epistola</strong></span> <span class='ocrx_word' id='word_1_465' title='bbox 3139 2934 3341 3006; x_wconf 86' lang='lat' dir='ltr'><strong>Praylii</strong></span> <span class='ocrx_word' id='word_1_466' title='bbox 3363 2938 3675 3013; x_wconf 84' lang='lat' dir='ltr'><strong>IlieroSoly-</strong></span> 
     </span>
    </p>
   </div>
   <div class='ocr_carea' id='block_1_60' title="bbox 2075 3023 3676 3095">
    <p class='ocr_par' dir='ltr' id='par_1_60' title="bbox 2075 3023 3676 3095">
     <span class='ocr_line' id='line_1_60' title="bbox 2075 3023 3676 3095; baseline 0.006 -17"><span class='ocrx_word' id='word_1_467' title='bbox 2075 3025 2262 3078; x_wconf 90' lang='lat' dir='ltr'><strong>mitani</strong></span> <span class='ocrx_word' id='word_1_468' title='bbox 2307 3023 2571 3093; x_wconf 78' lang='lat' dir='ltr'><strong>episcopi,</strong></span> <span class='ocrx_word' id='word_1_469' title='bbox 2617 3024 2686 3079; x_wconf 90' lang='lat' dir='ltr'><strong>de</strong></span> <span class='ocrx_word' id='word_1_470' title='bbox 2732 3040 2838 3095; x_wconf 86' lang='lat' dir='ltr'><strong>qua</strong></span> <span class='ocrx_word' id='word_1_471' title='bbox 2869 3025 2975 3080; x_wconf 91' lang='lat' dir='ltr'><strong>hoc</strong></span> <span class='ocrx_word' id='word_1_472' title='bbox 3009 3042 3174 3081; x_wconf 91' lang='lat' dir='ltr'><strong>unum</strong></span> <span class='ocrx_word' id='word_1_473' title='bbox 3205 3042 3233 3081; x_wconf 91' lang='lat' dir='ltr'><strong>a</strong></span> <span class='ocrx_word' id='word_1_474' title='bbox 3267 3027 3676 3088; x_wconf 86' lang='lat' dir='ltr'><strong>Zosimodisci-</strong></span> 
     </span>
    </p>
   </div>
   <div class='ocr_carea' id='block_1_61' title="bbox 2079 3117 3678 3189">
    <p class='ocr_par' dir='ltr' id='par_1_61' title="bbox 2079 3117 3678 3189">
     <span class='ocr_line' id='line_1_61' title="bbox 2079 3117 3678 3189; baseline 0.006 -19"><span class='ocrx_word' id='word_1_475' title='bbox 2079 3132 2219 3183; x_wconf 88' lang='lat' dir='ltr'><strong>mus,</strong></span> <span class='ocrx_word' id='word_1_476' title='bbox 2251 3117 2399 3187; x_wconf 90' lang='lat' dir='ltr'><strong>quod</strong></span> <span class='ocrx_word' id='word_1_477' title='bbox 2433 3118 2483 3170; x_wconf 95' lang='lat' dir='ltr'><strong>in</strong></span> <span class='ocrx_word' id='word_1_478' title='bbox 2527 3132 2588 3171; x_wconf 89' lang='lat' dir='ltr'><strong>ea</strong></span> <span class='ocrx_word' id='word_1_479' title='bbox 2618 3117 2874 3189; x_wconf 84' lang='lat' dir='ltr'><strong>Praylius</strong></span> <span class='ocrx_word' id='word_1_480' title='bbox 2910 3118 3140 3173; x_wconf 88' lang='lat' dir='ltr'><strong>Joannis</strong></span> <span class='ocrx_word' id='word_1_481' title='bbox 3185 3135 3473 3177; x_wconf 82' lang='lat' dir='ltr'><strong>successor</strong></span> <span class='ocrx_word' id='word_1_482' title='bbox 3499 3140 3678 3183; x_wconf 58' lang='lat' dir='ltr'><strong>causa</strong></span> 
     </span>
    </p>
   </div>
   <div class='ocr_carea' id='block_1_62' title="bbox 375 3209 3674 3289">
    <p class='ocr_par' dir='ltr' id='par_1_62' title="bbox 375 3209 3674 3289">
     <span class='ocr_line' id='line_1_62' title="bbox 375 3209 3674 3289; baseline 0.002 -23"><span class='ocrx_word' id='word_1_483' title='bbox 375 3213 523 3266; x_wconf 87' lang='lat' dir='ltr'><strong>tione</strong></span> <span class='ocrx_word' id='word_1_484' title='bbox 547 3211 736 3281; x_wconf 70' lang='lat' dir='ltr'><strong>gratia:</strong></span> <span class='ocrx_word' id='word_1_485' title='bbox 767 3210 1032 3263; x_wconf 82' lang='lat' dir='ltr'><strong>infamare</strong></span> <span class='ocrx_word' id='word_1_486' title='bbox 1061 3209 1369 3276; x_wconf 83' lang='lat' dir='ltr'><strong>gestierint,</strong></span> <span class='ocrx_word' id='word_1_487' title='bbox 1400 3209 1491 3279; x_wconf 88' lang='lat' dir='ltr'><strong>qui</strong></span> <span class='ocrx_word' id='word_1_488' title='bbox 1519 3225 1613 3278; x_wconf 90' lang='lat' dir='ltr'><strong>per</strong></span> <span class='ocrx_word' id='word_1_489' title='bbox 1644 3219 1812 3262; x_wconf 91' lang='lat' dir='ltr'><strong>totum</strong></span> <span class='ocrx_word' id='word_1_490' title='bbox 1842 3223 1979 3276; x_wconf 87' lang='lat' dir='ltr'><strong>pene</strong></span> <span class='ocrx_word' id='word_1_491' title='bbox 2006 3209 2049 3272; x_wconf 90' lang='lat' dir='ltr'>C</span> <span class='ocrx_word' id='word_1_492' title='bbox 2083 3209 2286 3280; x_wconf 81' lang='lat' dir='ltr'><strong>Pelagii</strong></span> <span class='ocrx_word' id='word_1_493' title='bbox 2328 3209 2542 3264; x_wconf 83' lang='lat' dir='ltr'><strong>enixius</strong></span> <span class='ocrx_word' id='word_1_494' title='bbox 2598 3210 2963 3280; x_wconf 90' lang='lat' dir='ltr'><strong>adstipulator</strong></span> <span class='ocrx_word' id='word_1_495' title='bbox 3012 3211 3312 3268; x_wconf 85' lang='lat' dir='ltr'><strong>intervenit</strong></span> <span class='ocrx_word' id='word_1_496' title='bbox 3345 3213 3550 3287; x_wconf 79' lang='lat' dir='ltr'><strong>(Epist.</strong></span> <span class='ocrx_word' id='word_1_497' title='bbox 3599 3220 3633 3274; x_wconf 81' lang='lat'><strong>3</strong></span> <span class='ocrx_word' id='word_1_498' title='bbox 3659 3259 3674 3289; x_wconf 95' lang='lat'><strong>,</strong></span> 
     </span>
    </p>
   </div>
   <div class='ocr_carea' id='block_1_63' title="bbox 376 3301 1970 3373">
    <p class='ocr_par' dir='ltr' id='par_1_63' title="bbox 376 3301 1970 3373">
     <span class='ocr_line' id='line_1_63' title="bbox 376 3301 1970 3373; baseline -0.003 -13"><span class='ocrx_word' id='word_1_499' title='bbox 376 3302 550 3373; x_wconf 85' lang='lat' dir='ltr'><strong>ipsius</strong></span> <span class='ocrx_word' id='word_1_500' title='bbox 574 3313 778 3356; x_wconf 80' lang='lat' dir='ltr'><strong>textum</strong></span> <span class='ocrx_word' id='word_1_501' title='bbox 801 3302 984 3371; x_wconf 88' lang='lat' dir='ltr'><strong>operis</strong></span> <span class='ocrx_word' id='word_1_502' title='bbox 1000 3301 1242 3371; x_wconf 83' lang='lat' dir='ltr'><strong>perfecte</strong></span> <span class='ocrx_word' id='word_1_503' title='bbox 1257 3311 1420 3372; x_wconf 88' lang='lat' dir='ltr'><strong>atque</strong></span> <span class='ocrx_word' id='word_1_504' title='bbox 1439 3304 1648 3373; x_wconf 85' lang='lat' dir='ltr'><strong>integre</strong></span> <span class='ocrx_word' id='word_1_505' title='bbox 1661 3315 1717 3356; x_wconf 89' lang='lat' dir='ltr'><strong>et</strong></span> <span class='ocrx_word' id='word_1_506' title='bbox 1740 3301 1970 3357; x_wconf 88' lang='lat' dir='ltr'><strong>liberum</strong></span> 
     </span>
    </p>
   </div>
   <div class='ocr_carea' id='block_1_64' title="bbox 379 3396 1422 3468">
    <p class='ocr_par' dir='ltr' id='par_1_64' title="bbox 379 3396 1422 3468">
     <span class='ocr_line' id='line_1_64' title="bbox 379 3396 1422 3468; baseline -0.003 -15"><span class='ocrx_word' id='word_1_507' title='bbox 379 3399 661 3453; x_wconf 85' lang='lat' dir='ltr'><strong>arbitrium</strong></span> <span class='ocrx_word' id='word_1_508' title='bbox 686 3396 1012 3452; x_wconf 89' lang='lat' dir='ltr'><strong>conﬁtemur</strong></span> <span class='ocrx_word' id='word_1_509' title='bbox 1037 3407 1088 3451; x_wconf 88' lang='lat' dir='ltr'><strong>et</strong></span> <span class='ocrx_word' id='word_1_510' title='bbox 1111 3398 1363 3468; x_wconf 81' lang='lat' dir='ltr'><strong>gratiam.</strong></span> <span class='ocrx_word' id='word_1_511' title='bbox 1403 3416 1422 3450; x_wconf 72' lang='grc' dir='ltr'><strong>ι</strong></span> 
     </span>
    </p>
   </div>
   <div class='ocr_carea' id='block_1_65' title="bbox 459 3558 1978 3633">
    <p class='ocr_par' dir='ltr' id='par_1_65' title="bbox 459 3558 1978 3633">
     <span class='ocr_line' id='line_1_65' title="bbox 459 3558 1978 3633; baseline -0.005 -14"><span class='ocrx_word' id='word_1_512' title='bbox 459 3573 485 3601; x_wconf 75' lang='grc' dir='ltr'><strong>ιι</strong></span> <span class='ocrx_word' id='word_1_513' title='bbox 512 3564 568 3618; x_wconf 89' lang='lat' dir='ltr'><strong>In</strong></span> <span class='ocrx_word' id='word_1_514' title='bbox 602 3565 720 3619; x_wconf 59' lang='lat' dir='ltr'><strong>hate</strong></span> <span class='ocrx_word' id='word_1_515' title='bbox 746 3563 911 3618; x_wconf 89' lang='lat' dir='ltr'><strong>verba</strong></span> <span class='ocrx_word' id='word_1_516' title='bbox 944 3558 1318 3633; x_wconf 72' lang='lat' dir='ltr'><strong>Augustinus&quot;:</strong></span> <span class='ocrx_word' id='word_1_517' title='bbox 1346 3579 1364 3610; x_wconf 88' lang='grc'><strong><em>‹</em></strong></span> <span class='ocrx_word' id='word_1_518' title='bbox 1394 3558 1620 3626; x_wconf 81' lang='lat' dir='ltr'><strong>Nempe.</strong></span> <span class='ocrx_word' id='word_1_519' title='bbox 1640 3559 1839 3633; x_wconf 82' lang='lat' dir='ltr'><strong>inquit,</strong></span> <span class='ocrx_word' id='word_1_520' title='bbox 1865 3574 1978 3612; x_wconf 86' lang='lat' dir='ltr'><strong>ma-</strong></span> 
     </span>
    </p>
   </div>
   <div class='ocr_carea' id='block_1_66' title="bbox 383 3631 1976 3702">
    <p class='ocr_par' dir='ltr' id='par_1_66' title="bbox 383 3631 1976 3702">
     <span class='ocr_line' id='line_1_66' title="bbox 383 3631 1976 3702; baseline -0.004 -11"><span class='ocrx_word' id='word_1_521' title='bbox 383 3635 639 3691; x_wconf 78' lang='lat' dir='ltr'><strong>nifestum</strong></span> <span class='ocrx_word' id='word_1_522' title='bbox 673 3645 776 3696; x_wconf 85' lang='lat' dir='ltr'><strong>est,</strong></span> <span class='ocrx_word' id='word_1_523' title='bbox 810 3653 932 3689; x_wconf 90' lang='lat' dir='ltr'><strong>eum</strong></span> <span class='ocrx_word' id='word_1_524' title='bbox 973 3631 1157 3689; x_wconf 67' lang='lat' dir='ltr'><strong>dicere</strong></span> <span class='ocrx_word' id='word_1_525' title='bbox 1187 3635 1420 3702; x_wconf 75' lang='lat' dir='ltr'><strong>gratiam</strong></span> <span class='ocrx_word' id='word_1_526' title='bbox 1444 3631 1746 3685; x_wconf 84' lang='lat' dir='ltr'><strong>secundum</strong></span> <span class='ocrx_word' id='word_1_527' title='bbox 1783 3633 1976 3685; x_wconf 85' lang='lat' dir='ltr'><strong>merita</strong></span> 
     </span>
    </p>
   </div>
   <div class='ocr_carea' id='block_1_67' title="bbox 384 3702 1976 3774">
    <p class='ocr_par' dir='ltr' id='par_1_67' title="bbox 384 3702 1976 3774">
     <span class='ocr_line' id='line_1_67' title="bbox 384 3702 1976 3774; baseline -0.004 -12"><span class='ocrx_word' id='word_1_528' title='bbox 384 3708 527 3770; x_wconf 86' lang='lat' dir='ltr'><strong>dari,</strong></span> <span class='ocrx_word' id='word_1_529' title='bbox 550 3709 843 3774; x_wconf 88' lang='lat' dir='ltr'><strong>quamlibet</strong></span> <span class='ocrx_word' id='word_1_530' title='bbox 868 3724 988 3760; x_wconf 90' lang='lat' dir='ltr'><strong>eam</strong></span> <span class='ocrx_word' id='word_1_531' title='bbox 1012 3707 1094 3762; x_wconf 82' lang='lat' dir='ltr'><strong>vel</strong></span> <span class='ocrx_word' id='word_1_532' title='bbox 1121 3703 1475 3774; x_wconf 85' lang='lat' dir='ltr'><strong>qualetnlibet</strong></span> <span class='ocrx_word' id='word_1_533' title='bbox 1500 3702 1765 3772; x_wconf 78' lang='lat' dir='ltr'><strong>signiticet</strong></span> <span class='ocrx_word' id='word_1_534' title='bbox 1786 3718 1799 3766; x_wconf 90' lang='lat'><strong>;</strong></span> <span class='ocrx_word' id='word_1_535' title='bbox 1817 3719 1976 3771; x_wconf 89' lang='lat' dir='ltr'><strong>quam</strong></span> 
     </span>
    </p>
   </div>
   <div class='ocr_carea' id='block_1_68' title="bbox 384 3777 1284 3850">
    <p class='ocr_par' dir='ltr' id='par_1_68' title="bbox 384 3777 1284 3850">
     <span class='ocr_line' id='line_1_68' title="bbox 384 3777 1284 3850; baseline -0.008 -17"><span class='ocrx_word' id='word_1_536' title='bbox 384 3787 567 3850; x_wconf 75' lang='lat' dir='ltr'><strong>tamen</strong></span> <span class='ocrx_word' id='word_1_537' title='bbox 596 3789 785 3850; x_wconf 77' lang='lat' dir='ltr'><strong>aperte</strong></span> <span class='ocrx_word' id='word_1_538' title='bbox 815 3795 919 3833; x_wconf 88' lang='lat' dir='ltr'><strong>non</strong></span> <span class='ocrx_word' id='word_1_539' title='bbox 947 3777 1222 3850; x_wconf 78' lang='lat' dir='ltr'><strong>exuritnit.</strong></span> <span class='ocrx_word' id='word_1_540' title='bbox 1265 3795 1284 3826; x_wconf 83' lang='grc'><strong>›</strong></span> 
     </span>
    </p>
   </div>
   <div class='ocr_carea' id='block_1_69' title="bbox 459 3844 1977 3914">
    <p class='ocr_par' dir='ltr' id='par_1_69' title="bbox 459 3844 1977 3914">
     <span class='ocr_line' id='line_1_69' title="bbox 459 3844 1977 3914; baseline -0.003 -12"><span class='ocrx_word' id='word_1_541' title='bbox 459 3848 488 3887; x_wconf 75' lang='lat' dir='ltr'><strong>b</strong></span> <span class='ocrx_word' id='word_1_542' title='bbox 521 3844 871 3904; x_wconf 45' lang='lat' dir='ltr'><strong>llis&#39;rttrsum</strong></span> <span class='ocrx_word' id='word_1_543' title='bbox 924 3849 1108 3902; x_wconf 82' lang='lat' dir='ltr'><strong>Subdit</strong></span> <span class='ocrx_word' id='word_1_544' title='bbox 1168 3844 1504 3914; x_wconf 83' lang='lat' dir='ltr'><strong>Augustinus</strong></span> <span class='ocrx_word' id='word_1_545' title='bbox 1557 3861 1572 3897; x_wconf 88' lang='lat'><strong>:</strong></span> <span class='ocrx_word' id='word_1_546' title='bbox 1629 3863 1646 3895; x_wconf 88' lang='grc'>‹</span> <span class='ocrx_word' id='word_1_547' title='bbox 1685 3844 1832 3898; x_wconf 79' lang='lat' dir='ltr'><strong>lianc</strong></span> <span class='ocrx_word' id='word_1_548' title='bbox 1875 3859 1977 3914; x_wconf 86' lang='lat' dir='ltr'><strong>ego</strong></span> 
     </span>
    </p>
   </div>
   <div class='ocr_carea' id='block_1_70' title="bbox 385 3917 1978 3988">
    <p class='ocr_par' dir='ltr' id='par_1_70' title="bbox 385 3917 1978 3988">
     <span class='ocr_line' id='line_1_70' title="bbox 385 3917 1978 3988; baseline -0.004 -11"><span class='ocrx_word' id='word_1_549' title='bbox 385 3921 534 3986; x_wconf 73' lang='lat' dir='ltr'><strong>legi;</strong></span> <span class='ocrx_word' id='word_1_550' title='bbox 582 3932 638 3974; x_wconf 89' lang='lat' dir='ltr'><strong>et</strong></span> <span class='ocrx_word' id='word_1_551' title='bbox 689 3922 867 3973; x_wconf 86' lang='lat' dir='ltr'><strong>inveni</strong></span> <span class='ocrx_word' id='word_1_552' title='bbox 907 3936 1029 3976; x_wconf 89' lang='lat' dir='ltr'><strong>eum</strong></span> <span class='ocrx_word' id='word_1_553' title='bbox 1063 3934 1200 3988; x_wconf 72' lang='lat' dir='ltr'><strong>pene</strong></span> <span class='ocrx_word' id='word_1_554' title='bbox 1233 3934 1326 3981; x_wconf 87' lang='lat' dir='ltr'><strong>per</strong></span> <span class='ocrx_word' id='word_1_555' title='bbox 1357 3925 1524 3969; x_wconf 90' lang='lat' dir='ltr'><strong>totam</strong></span> <span class='ocrx_word' id='word_1_556' title='bbox 1558 3932 1664 3968; x_wconf 93' lang='lat' dir='ltr'><strong>non</strong></span> <span class='ocrx_word' id='word_1_557' title='bbox 1699 3917 1978 3970; x_wconf 79' lang='lat' dir='ltr'><strong>immorari</strong></span> 
     </span>
    </p>
   </div>
   <div class='ocr_carea' id='block_1_71' title="bbox 387 3988 1977 4058">
    <p class='ocr_par' dir='ltr' id='par_1_71' title="bbox 387 3988 1977 4058">
     <span class='ocr_line' id='line_1_71' title="bbox 387 3988 1977 4058; baseline -0.005 -10"><span class='ocrx_word' id='word_1_558' title='bbox 387 3992 493 4048; x_wconf 86' lang='lat' dir='ltr'><strong>nisi</strong></span> <span class='ocrx_word' id='word_1_559' title='bbox 543 3997 593 4046; x_wconf 93' lang='lat' dir='ltr'><strong>in</strong></span> <span class='ocrx_word' id='word_1_560' title='bbox 629 3995 884 4047; x_wconf 78' lang='lat' dir='ltr'><strong>facultate</strong></span> <span class='ocrx_word' id='word_1_561' title='bbox 916 4003 966 4044; x_wconf 87' lang='lat' dir='ltr'><strong>et</strong></span> <span class='ocrx_word' id='word_1_562' title='bbox 998 3990 1356 4058; x_wconf 88' lang='lat' dir='ltr'><strong>possibilitate</strong></span> <span class='ocrx_word' id='word_1_563' title='bbox 1390 3997 1618 4045; x_wconf 87' lang='lat' dir='ltr'><strong>natur:e.</strong></span> <span class='ocrx_word' id='word_1_564' title='bbox 1661 3996 1714 4039; x_wconf 90' lang='lat' dir='ltr'><strong>et</strong></span> <span class='ocrx_word' id='word_1_565' title='bbox 1744 4002 1878 4052; x_wconf 91' lang='lat' dir='ltr'><strong>pene</strong></span> <span class='ocrx_word' id='word_1_566' title='bbox 1907 3988 1977 4040; x_wconf 92' lang='lat' dir='ltr'><strong>ibi</strong></span> 
     </span>
    </p>
   </div>
   <div class='ocr_carea' id='block_1_72' title="bbox 391 4059 1981 4132">
    <p class='ocr_par' dir='ltr' id='par_1_72' title="bbox 391 4059 1981 4132">
     <span class='ocr_line' id='line_1_72' title="bbox 391 4059 1981 4132; baseline -0.004 -14"><span class='ocrx_word' id='word_1_567' title='bbox 391 4073 601 4118; x_wconf 82' lang='lat' dir='ltr'><strong>tantum</strong></span> <span class='ocrx_word' id='word_1_568' title='bbox 659 4065 749 4115; x_wconf 81' lang='lat' dir='ltr'><strong>Dei</strong></span> <span class='ocrx_word' id='word_1_569' title='bbox 801 4064 1027 4132; x_wconf 79' lang='lat' dir='ltr'><strong>gratiam</strong></span> <span class='ocrx_word' id='word_1_570' title='bbox 1061 4064 1417 4132; x_wconf 82' lang='lat' dir='ltr'><strong>constituere.</strong></span> <span class='ocrx_word' id='word_1_571' title='bbox 1460 4059 1822 4132; x_wconf 69' lang='lat' dir='ltr'><strong>Cltri~tianatn</strong></span> <span class='ocrx_word' id='word_1_572' title='bbox 1853 4075 1981 4132; x_wconf 77' lang='lat' dir='ltr'><strong>vero</strong></span> 
     </span>
    </p>
   </div>
   <div class='ocr_carea' id='block_1_73' title="bbox 388 4130 1981 4204">
    <p class='ocr_par' dir='ltr' id='par_1_73' title="bbox 388 4130 1981 4204">
     <span class='ocr_line' id='line_1_73' title="bbox 388 4130 1981 4204; baseline 0.001 -22"><span class='ocrx_word' id='word_1_573' title='bbox 388 4147 619 4204; x_wconf 71' lang='lat' dir='ltr'><strong>gratiam</strong></span> <span class='ocrx_word' id='word_1_574' title='bbox 655 4130 1095 4188; x_wconf 48' lang='lat' dir='ltr'><strong>tanta&#39;brevitate</strong></span> <span class='ocrx_word' id='word_1_575' title='bbox 1124 4131 1460 4204; x_wconf 60' lang='lat' dir='ltr'><strong>perstringit,</strong></span> <span class='ocrx_word' id='word_1_576' title='bbox 1493 4140 1547 4183; x_wconf 90' lang='lat' dir='ltr'><strong>ut</strong></span> <span class='ocrx_word' id='word_1_577' title='bbox 1573 4131 1708 4183; x_wconf 87' lang='lat' dir='ltr'><strong>nihil</strong></span> <span class='ocrx_word' id='word_1_578' title='bbox 1739 4130 1882 4184; x_wconf 86' lang='lat' dir='ltr'><strong>aliud</strong></span> <span class='ocrx_word' id='word_1_579' title='bbox 1904 4131 1981 4184; x_wconf 91' lang='lat' dir='ltr'><strong>vi-</strong></span> 
     </span>
    </p>
   </div>
   <div class='ocr_carea' id='block_1_74' title="bbox 391 4201 1508 4277">
    <p class='ocr_par' dir='ltr' id='par_1_74' title="bbox 391 4201 1508 4277">
     <span class='ocr_line' id='line_1_74' title="bbox 391 4201 1508 4277; baseline -0.007 -16"><span class='ocrx_word' id='word_1_580' title='bbox 391 4201 605 4268; x_wconf 69' lang='lat' dir='ltr'><strong>deatur,</strong></span> <span class='ocrx_word' id='word_1_581' title='bbox 635 4223 792 4277; x_wconf 87' lang='lat' dir='ltr'><strong>qualn</strong></span> <span class='ocrx_word' id='word_1_582' title='bbox 823 4223 941 4259; x_wconf 83' lang='lat' dir='ltr'><strong>earn</strong></span> <span class='ocrx_word' id='word_1_583' title='bbox 977 4216 1155 4258; x_wconf 82' lang='lat' dir='ltr'><strong>tacere</strong></span> <span class='ocrx_word' id='word_1_584' title='bbox 1188 4201 1508 4277; x_wconf 48' lang='lat' dir='ltr'><strong>timuisse.)</strong></span> 
     </span>
    </p>
   </div>
   <div class='ocr_carea' id='block_1_75' title="bbox 467 4273 1983 4344">
    <p class='ocr_par' dir='ltr' id='par_1_75' title="bbox 467 4273 1983 4344">
     <span class='ocr_line' id='line_1_75' title="bbox 467 4273 1983 4344; baseline -0.003 -12"><span class='ocrx_word' id='word_1_585' title='bbox 467 4289 487 4316; x_wconf 76' lang='grc' dir='ltr'><strong>ο</strong></span> <span class='ocrx_word' id='word_1_586' title='bbox 515 4273 666 4332; x_wconf 74' lang='lat' dir='ltr'><strong>[Iane</strong></span> <span class='ocrx_word' id='word_1_587' title='bbox 698 4279 939 4344; x_wconf 71' lang='lat' dir='ltr'><strong>reperire</strong></span> <span class='ocrx_word' id='word_1_588' title='bbox 963 4292 1023 4330; x_wconf 82' lang='lat' dir='ltr'><strong>se</strong></span> <span class='ocrx_word' id='word_1_589' title='bbox 1044 4292 1152 4328; x_wconf 88' lang='lat' dir='ltr'><strong>non</strong></span> <span class='ocrx_word' id='word_1_590' title='bbox 1181 4274 1426 4343; x_wconf 80' lang='lat' dir='ltr'><strong>pomissc</strong></span> <span class='ocrx_word' id='word_1_591' title='bbox 1449 4273 1781 4337; x_wconf 69' lang='lat' dir='ltr'><strong>Augustinus</strong></span> <span class='ocrx_word' id='word_1_592' title='bbox 1811 4281 1983 4327; x_wconf 76' lang='lat' dir='ltr'><strong>testa-</strong></span> 
     </span>
    </p>
   </div>
   <div class='ocr_carea' id='block_1_76' title="bbox 392 4344 1980 4414">
    <p class='ocr_par' dir='ltr' id='par_1_76' title="bbox 392 4344 1980 4414">
     <span class='ocr_line' id='line_1_76' title="bbox 392 4344 1980 4414; baseline -0.001 -14"><span class='ocrx_word' id='word_1_593' title='bbox 392 4359 502 4403; x_wconf 82' lang='lat' dir='ltr'><strong>tur.</strong></span> <span class='ocrx_word' id='word_1_594' title='bbox 535 4367 552 4399; x_wconf 70' lang='grc' dir='ltr'><strong>ι</strong></span> <span class='ocrx_word' id='word_1_595' title='bbox 594 4349 697 4400; x_wconf 62' lang='lat' dir='ltr'><strong>Sed</strong></span> <span class='ocrx_word' id='word_1_596' title='bbox 725 4351 793 4409; x_wconf 68' lang='lat' dir='ltr'><strong>si,</strong></span> <span class='ocrx_word' id='word_1_597' title='bbox 829 4349 1028 4414; x_wconf 80' lang='lat' dir='ltr'><strong>inquit,</strong></span> <span class='ocrx_word' id='word_1_598' title='bbox 1064 4363 1168 4401; x_wconf 84' lang='lat' dir='ltr'><strong>IIOII</strong></span> <span class='ocrx_word' id='word_1_599' title='bbox 1191 4355 1272 4397; x_wconf 70' lang='lat' dir='ltr'><strong>est</strong></span> <span class='ocrx_word' id='word_1_600' title='bbox 1295 4344 1577 4397; x_wconf 67' lang='lat' dir='ltr'><strong>dissimilis</strong></span> <span class='ocrx_word' id='word_1_601' title='bbox 1603 4346 1839 4410; x_wconf 74' lang='lat' dir='ltr'><strong>cwteris,</strong></span> <span class='ocrx_word' id='word_1_602' title='bbox 1875 4359 1980 4398; x_wconf 91' lang='lat' dir='ltr'><strong>non</strong></span> 
     </span>
    </p>
   </div>
   <div class='ocr_carea' id='block_1_77' title="bbox 392 4419 1465 4488">
    <p class='ocr_par' dir='ltr' id='par_1_77' title="bbox 392 4419 1465 4488">
     <span class='ocr_line' id='line_1_77' title="bbox 392 4419 1465 4488; baseline -0.01 -12"><span class='ocrx_word' id='word_1_603' title='bbox 392 4419 558 4476; x_wconf 73' lang='lat' dir='ltr'><strong>habet</strong></span> <span class='ocrx_word' id='word_1_604' title='bbox 586 4422 746 4471; x_wconf 71' lang='lat' dir='ltr'><strong>etiam</strong></span> <span class='ocrx_word' id='word_1_605' title='bbox 773 4421 887 4488; x_wconf 81' lang='lat' dir='ltr'><strong>ipSa</strong></span> <span class='ocrx_word' id='word_1_606' title='bbox 919 4419 1056 4485; x_wconf 89' lang='lat' dir='ltr'><strong>quod</strong></span> <span class='ocrx_word' id='word_1_607' title='bbox 1086 4419 1428 4488; x_wconf 60' lang='lat' dir='ltr'><strong>quaerimus._</strong></span> <span class='ocrx_word' id='word_1_608' title='bbox 1448 4433 1465 4465; x_wconf 82' lang='grc' dir='ltr'><strong>ι</strong></span> 
     </span>
    </p>
   </div>
   <div class='ocr_carea' id='block_1_78' title="bbox 469 4486 2068 4576">
    <p class='ocr_par' dir='ltr' id='par_1_78' title="bbox 469 4486 2068 4576">
     <span class='ocr_line' id='line_1_78' title="bbox 469 4486 2068 4576; baseline -0.003 -31"><span class='ocrx_word' id='word_1_609' title='bbox 469 4489 496 4574; x_wconf 61' lang='grc' dir='ltr'><strong>(ξ</strong></span> <span class='ocrx_word' id='word_1_610' title='bbox 528 4494 726 4574; x_wconf 68' lang='lat' dir='ltr'><strong>Deliae</strong></span> <span class='ocrx_word' id='word_1_611' title='bbox 770 4486 838 4544; x_wconf 76' lang='lat' dir='ltr'><strong>ita</strong></span> <span class='ocrx_word' id='word_1_612' title='bbox 880 4491 1021 4542; x_wconf 83' lang='lat' dir='ltr'><strong>idem</strong></span> <span class='ocrx_word' id='word_1_613' title='bbox 1061 4491 1258 4541; x_wconf 78' lang='lat' dir='ltr'><strong>lloctnr</strong></span> <span class='ocrx_word' id='word_1_614' title='bbox 1289 4486 1526 4576; x_wconf 71' lang='lat' dir='ltr'><strong>loquitur</strong></span> <span class='ocrx_word' id='word_1_615' title='bbox 1557 4501 1624 4576; x_wconf 55' lang='lat' dir='ltr'><strong>tut</strong></span> <span class='ocrx_word' id='word_1_616' title='bbox 1662 4486 1819 4539; x_wconf 87' lang='lat' dir='ltr'><strong>Istam</strong></span> <span class='ocrx_word' id='word_1_617' title='bbox 1852 4500 1985 4567; x_wconf 81' lang='lat' dir='ltr'><strong>sane</strong></span> <span class='ocrx_word' id='word_1_618' title='bbox 2015 4516 2068 4576; x_wconf 82' lang='lat' dir='ltr'><strong>D</strong></span> 
     </span>
    </p>
   </div>
   <div class='ocr_carea' id='block_1_79' title="bbox 395 4557 1984 4631">
    <p class='ocr_par' dir='ltr' id='par_1_79' title="bbox 395 4557 1984 4631">
     <span class='ocr_line' id='line_1_79' title="bbox 395 4557 1984 4631; baseline -0.004 -14"><span class='ocrx_word' id='word_1_619' title='bbox 395 4563 522 4631; x_wconf 78' lang='lat' dir='ltr'><strong>legi,</strong></span> <span class='ocrx_word' id='word_1_620' title='bbox 559 4563 798 4630; x_wconf 90' lang='lat' dir='ltr'><strong>mihique</strong></span> <span class='ocrx_word' id='word_1_621' title='bbox 833 4578 968 4628; x_wconf 78' lang='lat' dir='ltr'><strong>pene</strong></span> <span class='ocrx_word' id='word_1_622' title='bbox 993 4569 1366 4631; x_wconf 80' lang='lat' dir='ltr'><strong>persuaserat,</strong></span> <span class='ocrx_word' id='word_1_623' title='bbox 1392 4557 1534 4631; x_wconf 75' lang='lat' dir='ltr'><strong>haue</strong></span> <span class='ocrx_word' id='word_1_624' title='bbox 1560 4557 1705 4631; x_wconf 86' lang='lat' dir='ltr'><strong>illum</strong></span> <span class='ocrx_word' id='word_1_625' title='bbox 1731 4560 1984 4627; x_wconf 81' lang='lat' dir='ltr'><strong>gratiam,</strong></span> 
     </span>
    </p>
   </div>
   <div class='ocr_carea' id='block_1_80' title="bbox 397 4628 1989 4704">
    <p class='ocr_par' dir='ltr' id='par_1_80' title="bbox 397 4628 1989 4704">
     <span class='ocr_line' id='line_1_80' title="bbox 397 4628 1989 4704; baseline -0.004 -15"><span class='ocrx_word' id='word_1_626' title='bbox 397 4628 467 4689; x_wconf 87' lang='lat' dir='ltr'><strong>de</strong></span> <span class='ocrx_word' id='word_1_627' title='bbox 514 4651 619 4704; x_wconf 89' lang='lat' dir='ltr'><strong>qua</strong></span> <span class='ocrx_word' id='word_1_628' title='bbox 663 4628 1027 4700; x_wconf 21' lang='lat' dir='ltr'><strong>qt‘tzustioest&#39;,</strong></span> <span class='ocrx_word' id='word_1_629' title='bbox 1057 4631 1326 4686; x_wconf 76' lang='lat' dir='ltr'><strong>confiteri.</strong></span> <span class='ocrx_word' id='word_1_630' title='bbox 1385 4628 1489 4683; x_wconf 86' lang='lat' dir='ltr'><strong>Sed</strong></span> <span class='ocrx_word' id='word_1_631' title='bbox 1525 4644 1649 4704; x_wconf 86' lang='lat' dir='ltr'><strong>cunt</strong></span> <span class='ocrx_word' id='word_1_632' title='bbox 1697 4629 1748 4704; x_wconf 81' lang='lat' dir='ltr'><strong>in</strong></span> <span class='ocrx_word' id='word_1_633' title='bbox 1799 4644 1989 4704; x_wconf 88' lang='lat' dir='ltr'><strong>manus</strong></span> 
     </span>
    </p>
   </div>
   <div class='ocr_carea' id='block_1_81' title="bbox 397 4700 1989 4769">
    <p class='ocr_par' dir='ltr' id='par_1_81' title="bbox 397 4700 1989 4769">
     <span class='ocr_line' id='line_1_81' title="bbox 397 4700 1989 4769; baseline -0.003 -9"><span class='ocrx_word' id='word_1_634' title='bbox 397 4700 550 4760; x_wconf 78' lang='lat' dir='ltr'><strong>ineas</strong></span> <span class='ocrx_word' id='word_1_635' title='bbox 597 4715 651 4758; x_wconf 88' lang='lat' dir='ltr'><strong>et</strong></span> <span class='ocrx_word' id='word_1_636' title='bbox 699 4705 800 4758; x_wconf 87' lang='lat' dir='ltr'><strong>alia</strong></span> <span class='ocrx_word' id='word_1_637' title='bbox 848 4706 1159 4763; x_wconf 75' lang='lat' dir='ltr'><strong>venissent,</strong></span> <span class='ocrx_word' id='word_1_638' title='bbox 1219 4715 1340 4769; x_wconf 76' lang='lat' dir='ltr'><strong>qua:</strong></span> <span class='ocrx_word' id='word_1_639' title='bbox 1398 4702 1665 4766; x_wconf 53' lang='lat' dir='ltr'><strong>posterius</strong></span> <span class='ocrx_word' id='word_1_640' title='bbox 1722 4700 1989 4761; x_wconf 86' lang='lat' dir='ltr'><strong>latiusque</strong></span> 
     </span>
    </p>
   </div>
   <div class='ocr_carea' id='block_1_82' title="bbox 400 4772 1991 4845">
    <p class='ocr_par' dir='ltr' id='par_1_82' title="bbox 400 4772 1991 4845">
     <span class='ocr_line' id='line_1_82' title="bbox 400 4772 1991 4845; baseline -0.006 -14"><span class='ocrx_word' id='word_1_641' title='bbox 400 4776 752 4845; x_wconf 57' lang='lat' dir='ltr'><strong>conscripsit,</strong></span> <span class='ocrx_word' id='word_1_642' title='bbox 786 4777 891 4826; x_wconf 82' lang='lat' dir='ltr'><strong>vidi</strong></span> <span class='ocrx_word' id='word_1_643' title='bbox 928 4775 1390 4845; x_wconf 81' lang='lat' dir='ltr'><strong>quemadmodum</strong></span> <span class='ocrx_word' id='word_1_644' title='bbox 1420 4772 1850 4845; x_wconf 68' lang='lat' dir='ltr'><strong>potueritetiam</strong></span> <span class='ocrx_word' id='word_1_645' title='bbox 1884 4773 1991 4845; x_wconf 76' lang='lat' dir='ltr'><strong>illic</strong></span> 
     </span>
    </p>
   </div>
   <div class='ocr_carea' id='block_1_83' title="bbox 399 4842 1990 4918">
    <p class='ocr_par' dir='ltr' id='par_1_83' title="bbox 399 4842 1990 4918">
     <span class='ocr_line' id='line_1_83' title="bbox 399 4842 1990 4918; baseline -0.002 -19"><span class='ocrx_word' id='word_1_646' title='bbox 399 4842 638 4918; x_wconf 39' lang='lat' dir='ltr'><strong>gratiatn&#39;</strong></span> <span class='ocrx_word' id='word_1_647' title='bbox 668 4842 970 4905; x_wconf 57' lang='lat' dir='ltr'><strong>nominare,</strong></span> <span class='ocrx_word' id='word_1_648' title='bbox 1020 4848 1120 4899; x_wconf 81' lang='lat' dir='ltr'><strong>sub</strong></span> <span class='ocrx_word' id='word_1_649' title='bbox 1162 4843 1409 4918; x_wconf 82' lang='lat' dir='ltr'><strong>anthigUa</strong></span> <span class='ocrx_word' id='word_1_650' title='bbox 1459 4842 1818 4918; x_wconf 76' lang='lat' dir='ltr'><strong>generalitate</strong></span> <span class='ocrx_word' id='word_1_651' title='bbox 1855 4842 1990 4918; x_wconf 72' lang='lat' dir='ltr'><strong>quid</strong></span> 
     </span>
    </p>
   </div>
   <div class='ocr_carea' id='block_1_84' title="bbox 399 4913 1994 4986">
    <p class='ocr_par' dir='ltr' id='par_1_84' title="bbox 399 4913 1994 4986">
     <span class='ocr_line' id='line_1_84' title="bbox 399 4913 1994 4986; baseline -0.004 -13"><span class='ocrx_word' id='word_1_652' title='bbox 399 4913 628 4974; x_wconf 66' lang='grc' dir='ltr'><strong>ἑνιιιὶιΌι</strong></span> <span class='ocrx_word' id='word_1_653' title='bbox 683 4919 1046 4981; x_wconf 70' lang='lat' dir='ltr'><strong>ahsCOutIens,</strong></span> <span class='ocrx_word' id='word_1_654' title='bbox 1098 4916 1287 4986; x_wconf 74' lang='lat' dir='ltr'><strong>gratia:</strong></span> <span class='ocrx_word' id='word_1_655' title='bbox 1327 4927 1504 4966; x_wconf 78' lang='lat' dir='ltr'><strong>tamen</strong></span> <span class='ocrx_word' id='word_1_656' title='bbox 1547 4914 1815 4986; x_wconf 73' lang='lat' dir='ltr'><strong>voeabulo</strong></span> <span class='ocrx_word' id='word_1_657' title='bbox 1848 4913 1994 4966; x_wconf 78' lang='lat' dir='ltr'><strong>fran-</strong></span> 
     </span>
    </p>
   </div>
   <div class='ocr_carea' id='block_1_85' title="bbox 400 4983 1995 5059">
    <p class='ocr_par' dir='ltr' id='par_1_85' title="bbox 400 4983 1995 5059">
     <span class='ocr_line' id='line_1_85' title="bbox 400 4983 1995 5059; baseline -0.003 -16"><span class='ocrx_word' id='word_1_658' title='bbox 400 5007 528 5059; x_wconf 71' lang='lat' dir='ltr'><strong>gens</strong></span> <span class='ocrx_word' id='word_1_659' title='bbox 575 4991 830 5043; x_wconf 78' lang='lat' dir='ltr'><strong>invidiam</strong></span> <span class='ocrx_word' id='word_1_660' title='bbox 880 4983 1351 5048; x_wconf 47' lang='lat' dir='ltr'><strong>nll&#39;ensio&#39;nemque</strong></span> <span class='ocrx_word' id='word_1_661' title='bbox 1390 4985 1695 5038; x_wconf 84' lang='lat' dir='ltr'><strong>declinans.</strong></span> <span class='ocrx_word' id='word_1_662' title='bbox 1734 5004 1750 5035; x_wconf 83' lang='grc' dir='ltr'><strong>ι</strong></span> <span class='ocrx_word' id='word_1_663' title='bbox 1790 4983 1845 5036; x_wconf 92' lang='lat' dir='ltr'><strong>In</strong></span> <span class='ocrx_word' id='word_1_664' title='bbox 1873 4987 1995 5059; x_wconf 84' lang='lat' dir='ltr'><strong>hoc</strong></span> 
     </span>
    </p>
   </div>
   <div class='ocr_carea' id='block_1_86' title="bbox 402 5057 1994 5130">
    <p class='ocr_par' dir='ltr' id='par_1_86' title="bbox 402 5057 1994 5130">
     <span class='ocr_line' id='line_1_86' title="bbox 402 5057 1994 5130; baseline -0.003 -18"><span class='ocrx_word' id='word_1_665' title='bbox 402 5057 582 5115; x_wconf 76' lang='lat' dir='ltr'><strong>autem</strong></span> <span class='ocrx_word' id='word_1_666' title='bbox 600 5062 804 5130; x_wconf 78' lang='lat' dir='ltr'><strong>Pelagii</strong></span> <span class='ocrx_word' id='word_1_667' title='bbox 838 5077 1004 5126; x_wconf 80' lang='lat' dir='ltr'><strong>Opere</strong></span> <span class='ocrx_word' id='word_1_668' title='bbox 1034 5061 1182 5109; x_wconf 82' lang='lat' dir='ltr'><strong>virus</strong></span> <span class='ocrx_word' id='word_1_669' title='bbox 1213 5060 1387 5130; x_wconf 73' lang='lat' dir='ltr'><strong>latens</strong></span> <span class='ocrx_word' id='word_1_670' title='bbox 1411 5059 1607 5121; x_wconf 78' lang='lat' dir='ltr'><strong>retegit</strong></span> <span class='ocrx_word' id='word_1_671' title='bbox 1655 5057 1994 5130; x_wconf 54' lang='lat' dir='ltr'><strong>Augustinus</strong></span> 
     </span>
    </p>
   </div>
   <div class='ocr_carea' id='block_1_87' title="bbox 401 5126 1996 5196">
    <p class='ocr_par' dir='ltr' id='par_1_87' title="bbox 401 5126 1996 5196">
     <span class='ocr_line' id='line_1_87' title="bbox 401 5126 1996 5196; baseline -0.003 -14"><span class='ocrx_word' id='word_1_672' title='bbox 401 5133 562 5196; x_wconf 76' lang='lat' dir='ltr'><strong>epist.</strong></span> <span class='ocrx_word' id='word_1_673' title='bbox 592 5126 880 5194; x_wconf 42' lang='lat' dir='ltr'><strong>oliui—I45,</strong></span> <span class='ocrx_word' id='word_1_674' title='bbox 904 5147 1046 5186; x_wconf 89' lang='lat' dir='ltr'><strong>nunc</strong></span> <span class='ocrx_word' id='word_1_675' title='bbox 1081 5129 1196 5191; x_wconf 80' lang='grc'><strong>188,</strong></span> <span class='ocrx_word' id='word_1_676' title='bbox 1217 5128 1282 5180; x_wconf 89' lang='lat' dir='ltr'><strong>ad</strong></span> <span class='ocrx_word' id='word_1_677' title='bbox 1303 5126 1592 5187; x_wconf 84' lang='lat' dir='ltr'><strong>Julianani,</strong></span> <span class='ocrx_word' id='word_1_678' title='bbox 1611 5126 1678 5177; x_wconf 89' lang='lat' dir='ltr'><strong>ad</strong></span> <span class='ocrx_word' id='word_1_679' title='bbox 1703 5126 1858 5192; x_wconf 77' lang='lat' dir='ltr'><strong>cujus</strong></span> <span class='ocrx_word' id='word_1_680' title='bbox 1883 5127 1996 5189; x_wconf 83' lang='lat' dir='ltr'><strong>epi-</strong></span> 
     </span>
    </p>
   </div>
   <div class='ocr_carea' id='block_1_88' title="bbox 401 5197 1996 5268">
    <p class='ocr_par' dir='ltr' id='par_1_88' title="bbox 401 5197 1996 5268">
     <span class='ocr_line' id='line_1_88' title="bbox 401 5197 1996 5268; baseline -0.005 -12"><span class='ocrx_word' id='word_1_681' title='bbox 401 5206 559 5259; x_wconf 72' lang='lat' dir='ltr'><strong>stola:</strong></span> <span class='ocrx_word' id='word_1_682' title='bbox 608 5206 814 5256; x_wconf 82' lang='lat' dir='ltr'><strong>calcem</strong></span> <span class='ocrx_word' id='word_1_683' title='bbox 864 5206 1001 5256; x_wconf 90' lang='lat' dir='ltr'><strong>hanc</strong></span> <span class='ocrx_word' id='word_1_684' title='bbox 1045 5199 1245 5268; x_wconf 83' lang='lat' dir='ltr'><strong>Pelagii</strong></span> <span class='ocrx_word' id='word_1_685' title='bbox 1293 5199 1357 5249; x_wconf 90' lang='lat' dir='ltr'><strong>ad</strong></span> <span class='ocrx_word' id='word_1_686' title='bbox 1393 5197 1794 5255; x_wconf 84' lang='lat' dir='ltr'><strong>Innocentium.</strong></span> <span class='ocrx_word' id='word_1_687' title='bbox 1828 5198 1996 5249; x_wconf 89' lang='lat' dir='ltr'><strong>immo</strong></span> 
     </span>
    </p>
   </div>
   <div class='ocr_carea' id='block_1_89' title="bbox 402 5268 1995 5337">
    <p class='ocr_par' dir='ltr' id='par_1_89' title="bbox 402 5268 1995 5337">
     <span class='ocr_line' id='line_1_89' title="bbox 402 5268 1995 5337; baseline -0.008 -6"><span class='ocrx_word' id='word_1_688' title='bbox 402 5275 631 5331; x_wconf 90' lang='lat' dir='ltr'><strong>ethunc</strong></span> <span class='ocrx_word' id='word_1_689' title='bbox 673 5275 846 5337; x_wconf 65' lang='lat' dir='ltr'><strong>ipsum</strong></span> <span class='ocrx_word' id='word_1_690' title='bbox 882 5275 1056 5328; x_wconf 87' lang='lat' dir='ltr'><strong>locum</strong></span> <span class='ocrx_word' id='word_1_691' title='bbox 1104 5286 1209 5323; x_wconf 86' lang='lat' dir='ltr'><strong>n0u</strong></span> <span class='ocrx_word' id='word_1_692' title='bbox 1259 5271 1493 5320; x_wconf 83' lang='lat' dir='ltr'><strong>obscure</strong></span> <span class='ocrx_word' id='word_1_693' title='bbox 1535 5279 1684 5320; x_wconf 84' lang='lat' dir='ltr'><strong>notat</strong></span> <span class='ocrx_word' id='word_1_694' title='bbox 1735 5268 1823 5320; x_wconf 90' lang='lat' dir='ltr'><strong>ubi</strong></span> <span class='ocrx_word' id='word_1_695' title='bbox 1878 5268 1995 5320; x_wconf 89' lang='lat' dir='ltr'><strong>ait:</strong></span> 
     </span>
    </p>
   </div>
   <div class='ocr_carea' id='block_1_90' title="bbox 409 5337 1998 5416">
    <p class='ocr_par' dir='ltr' id='par_1_90' title="bbox 409 5337 1998 5416">
     <span class='ocr_line' id='line_1_90' title="bbox 409 5337 1998 5416; baseline -0.006 -16"><span class='ocrx_word' id='word_1_696' title='bbox 409 5366 429 5400; x_wconf 70' lang='grc' dir='ltr'><strong>ι</strong></span> <span class='ocrx_word' id='word_1_697' title='bbox 462 5346 517 5399; x_wconf 86' lang='lat' dir='ltr'><strong>lit</strong></span> <span class='ocrx_word' id='word_1_698' title='bbox 569 5348 801 5416; x_wconf 84' lang='lat' dir='ltr'><strong>quadam</strong></span> <span class='ocrx_word' id='word_1_699' title='bbox 835 5361 963 5398; x_wconf 75' lang='lat' dir='ltr'><strong>vi-ro</strong></span> <span class='ocrx_word' id='word_1_700' title='bbox 996 5344 1226 5416; x_wconf 75' lang='lat' dir='ltr'><strong>epistola</strong></span> <span class='ocrx_word' id='word_1_701' title='bbox 1254 5355 1348 5391; x_wconf 86' lang='lat' dir='ltr'><strong>sua</strong></span> <span class='ocrx_word' id='word_1_702' title='bbox 1383 5340 1522 5416; x_wconf 86' lang='lat' dir='ltr'><strong>idem</strong></span> <span class='ocrx_word' id='word_1_703' title='bbox 1569 5337 1819 5407; x_wconf 74' lang='lat' dir='ltr'><strong>Pelagius</strong></span> <span class='ocrx_word' id='word_1_704' title='bbox 1846 5381 1860 5399; x_wconf 87' lang='lat'><strong>,</strong></span> <span class='ocrx_word' id='word_1_705' title='bbox 1907 5337 1998 5392; x_wconf 84' lang='lat' dir='ltr'><strong>tibi</strong></span> 
     </span>
    </p>
   </div>
   <div class='ocr_carea' id='block_1_91' title="bbox 405 5413 1998 5478">
    <p class='ocr_par' dir='ltr' id='par_1_91' title="bbox 405 5413 1998 5478">
     <span class='ocr_line' id='line_1_91' title="bbox 405 5413 1998 5478; baseline -0.008 -4"><span class='ocrx_word' id='word_1_706' title='bbox 405 5428 461 5474; x_wconf 87' lang='lat' dir='ltr'><strong>et</strong></span> <span class='ocrx_word' id='word_1_707' title='bbox 491 5413 687 5470; x_wconf 82' lang='lat' dir='ltr'><strong>nomen</strong></span> <span class='ocrx_word' id='word_1_708' title='bbox 718 5433 874 5471; x_wconf 86' lang='lat' dir='ltr'><strong>suum</strong></span> <span class='ocrx_word' id='word_1_709' title='bbox 901 5415 1248 5476; x_wconf 68' lang='lat' dir='ltr'><strong>:II‘CI&#39;II‘SIIIIO</strong></span> <span class='ocrx_word' id='word_1_710' title='bbox 1275 5413 1444 5478; x_wconf 86' lang='lat' dir='ltr'><strong>ponit.</strong></span> <span class='ocrx_word' id='word_1_711' title='bbox 1480 5424 1576 5464; x_wconf 86' lang='lat' dir='ltr'><strong>m-e</strong></span> <span class='ocrx_word' id='word_1_712' title='bbox 1601 5426 1794 5461; x_wconf 74' lang='lat' dir='ltr'><strong>nomen</strong></span> <span class='ocrx_word' id='word_1_713' title='bbox 1826 5424 1998 5463; x_wconf 75' lang='lat' dir='ltr'><strong>Saerte</strong></span> 
     </span>
    </p>
   </div>
   <div class='ocr_carea' id='block_1_92' title="bbox 406 5481 1996 5559">
    <p class='ocr_par' dir='ltr' id='par_1_92' title="bbox 406 5481 1996 5559">
     <span class='ocr_line' id='line_1_92' title="bbox 406 5481 1996 5559; baseline -0.006 -17"><span class='ocrx_word' id='word_1_714' title='bbox 406 5491 634 5559; x_wconf 84' lang='lat' dir='ltr'><strong>virginis</strong></span> <span class='ocrx_word' id='word_1_715' title='bbox 659 5499 822 5554; x_wconf 83' lang='lat' dir='ltr'><strong>tacet,</strong></span> <span class='ocrx_word' id='word_1_716' title='bbox 859 5489 986 5540; x_wconf 73' lang='lat' dir='ltr'><strong>dii-it</strong></span> <span class='ocrx_word' id='word_1_717' title='bbox 1014 5488 1078 5539; x_wconf 86' lang='lat' dir='ltr'><strong>ad</strong></span> <span class='ocrx_word' id='word_1_718' title='bbox 1113 5497 1315 5559; x_wconf 74' lang='lat' dir='ltr'><strong>cumse</strong></span> <span class='ocrx_word' id='word_1_719' title='bbox 1344 5481 1652 5559; x_wconf 60' lang='lat' dir='ltr'><strong>scripsisse,</strong></span> <span class='ocrx_word' id='word_1_720' title='bbox 1678 5490 1736 5534; x_wconf 90' lang='lat' dir='ltr'><strong>et</strong></span> <span class='ocrx_word' id='word_1_721' title='bbox 1756 5482 1996 5559; x_wconf 79' lang='lat' dir='ltr'><strong>ejusdem</strong></span> 
     </span>
    </p>
   </div>
   <div class='ocr_carea' id='block_1_93' title="bbox 406 5551 1998 5629">
    <p class='ocr_par' dir='ltr' id='par_1_93' title="bbox 406 5551 1998 5629">
     <span class='ocr_line' id='line_1_93' title="bbox 406 5551 1998 5629; baseline -0.005 -17"><span class='ocrx_word' id='word_1_722' title='bbox 406 5551 716 5629; x_wconf 51' lang='lat' dir='ltr'><strong>sui&#39;operis</strong></span> <span class='ocrx_word' id='word_1_723' title='bbox 766 5551 1079 5613; x_wconf 78' lang='lat' dir='ltr'><strong>te-tiniunio</strong></span> <span class='ocrx_word' id='word_1_724' title='bbox 1127 5555 1358 5624; x_wconf 82' lang='lat' dir='ltr'><strong>probare</strong></span> <span class='ocrx_word' id='word_1_725' title='bbox 1418 5551 1627 5629; x_wconf 69' lang='lat' dir='ltr'><strong>nititur,</strong></span> <span class='ocrx_word' id='word_1_726' title='bbox 1661 5569 1718 5606; x_wconf 86' lang='lat' dir='ltr'><strong>se</strong></span> <span class='ocrx_word' id='word_1_727' title='bbox 1769 5553 1998 5629; x_wconf 80' lang='lat' dir='ltr'><strong>gratiam</strong></span> 
     </span>
    </p>
   </div>
   <div class='ocr_carea' id='block_1_94' title="bbox 409 5623 2001 5698">
    <p class='ocr_par' dir='ltr' id='par_1_94' title="bbox 409 5623 2001 5698">
     <span class='ocr_line' id='line_1_94' title="bbox 409 5623 2001 5698; baseline -0.004 -16"><span class='ocrx_word' id='word_1_728' title='bbox 409 5631 528 5693; x_wconf 77' lang='lat' dir='ltr'><strong>Dei,</strong></span> <span class='ocrx_word' id='word_1_729' title='bbox 572 5623 736 5698; x_wconf 76' lang='lat' dir='ltr'><strong>quam</strong></span> <span class='ocrx_word' id='word_1_730' title='bbox 764 5632 848 5684; x_wconf 87' lang='lat' dir='ltr'><strong>vel</strong></span> <span class='ocrx_word' id='word_1_731' title='bbox 899 5644 1078 5686; x_wconf 85' lang='lat' dir='ltr'><strong>tacere</strong></span> <span class='ocrx_word' id='word_1_732' title='bbox 1109 5623 1191 5682; x_wconf 85' lang='lat' dir='ltr'><strong>vel</strong></span> <span class='ocrx_word' id='word_1_733' title='bbox 1225 5639 1424 5695; x_wconf 78' lang='lat' dir='ltr'><strong>negare</strong></span> <span class='ocrx_word' id='word_1_734' title='bbox 1456 5623 1742 5688; x_wconf 84' lang='lat' dir='ltr'><strong>asseritur,</strong></span> <span class='ocrx_word' id='word_1_735' title='bbox 1765 5624 2001 5693; x_wconf 87' lang='lat' dir='ltr'><strong>apertis-</strong></span> 
     </span>
    </p>
   </div>
   <div class='ocr_carea' id='block_1_95' title="bbox 409 5705 904 5757">
    <p class='ocr_par' dir='ltr' id='par_1_95' title="bbox 409 5705 904 5757">
     <span class='ocr_line' id='line_1_95' title="bbox 409 5705 904 5757; baseline -0.002 0"><span class='ocrx_word' id='word_1_736' title='bbox 409 5705 547 5757; x_wconf 85' lang='lat' dir='ltr'><strong>sime</strong></span> <span class='ocrx_word' id='word_1_737' title='bbox 578 5705 850 5757; x_wconf 74' lang='lat' dir='ltr'><strong>Cottliteri.</strong></span> <span class='ocrx_word' id='word_1_738' title='bbox 886 5723 904 5755; x_wconf 79' lang='grc' dir='ltr'><strong>ι</strong></span> 
     </span>
    </p>
   </div>
   <div class='ocr_carea' id='block_1_96' title="bbox 487 5763 2004 5843">
    <p class='ocr_par' dir='ltr' id='par_1_96' title="bbox 487 5763 2004 5843">
     <span class='ocr_line' id='line_1_96' title="bbox 487 5763 2004 5843; baseline -0.007 -15"><span class='ocrx_word' id='word_1_739' title='bbox 487 5783 510 5812; x_wconf 75' lang='grc' dir='ltr'><strong>ο</strong></span> <span class='ocrx_word' id='word_1_740' title='bbox 531 5773 604 5828; x_wconf 90' lang='lat' dir='ltr'><strong>De</strong></span> <span class='ocrx_word' id='word_1_741' title='bbox 627 5775 891 5843; x_wconf 88' lang='lat' dir='ltr'><strong>opusculo</strong></span> <span class='ocrx_word' id='word_1_742' title='bbox 916 5775 1016 5827; x_wconf 89' lang='lat' dir='ltr'><strong>hoc</strong></span> <span class='ocrx_word' id='word_1_743' title='bbox 1032 5787 1092 5825; x_wconf 88' lang='lat' dir='ltr'><strong>ea</strong></span> <span class='ocrx_word' id='word_1_744' title='bbox 1120 5780 1206 5826; x_wconf 90' lang='lat' dir='ltr'><strong>est</strong></span> <span class='ocrx_word' id='word_1_745' title='bbox 1227 5766 1511 5843; x_wconf 70' lang='lat' dir='ltr'><strong>Augustini</strong></span> <span class='ocrx_word' id='word_1_746' title='bbox 1536 5779 1834 5843; x_wconf 29' lang='lat' dir='ltr'><strong>censurazt</strong></span> <span class='ocrx_word' id='word_1_747' title='bbox 1861 5763 2004 5843; x_wconf 78' lang='lat' dir='ltr'><strong>Qua-</strong></span> 
     </span>
    </p>
   </div>
   <div class='ocr_carea' id='block_1_97' title="bbox 414 5837 2000 5918">
    <p class='ocr_par' dir='ltr' id='par_1_97' title="bbox 414 5837 2000 5918">
     <span class='ocr_line' id='line_1_97' title="bbox 414 5837 2000 5918; baseline -0.011 -10"><span class='ocrx_word' id='word_1_748' title='bbox 414 5854 539 5908; x_wconf 85' lang='lat' dir='ltr'><strong>tuor</strong></span> <span class='ocrx_word' id='word_1_749' title='bbox 569 5837 700 5903; x_wconf 46' lang='lat' dir='ltr'><strong>suu&#39;t</strong></span> <span class='ocrx_word' id='word_1_750' title='bbox 731 5847 854 5901; x_wconf 87' lang='lat' dir='ltr'><strong>hbri</strong></span> <span class='ocrx_word' id='word_1_751' title='bbox 899 5846 1082 5918; x_wconf 89' lang='lat' dir='ltr'><strong>operis</strong></span> <span class='ocrx_word' id='word_1_752' title='bbox 1113 5844 1294 5913; x_wconf 89' lang='lat' dir='ltr'><strong>hujus,</strong></span> <span class='ocrx_word' id='word_1_753' title='bbox 1316 5837 1385 5897; x_wconf 11' lang='lat' dir='ltr'><strong>iet</strong></span> <span class='ocrx_word' id='word_1_754' title='bbox 1439 5841 1539 5895; x_wconf 87' lang='lat' dir='ltr'><strong>hos</strong></span> <span class='ocrx_word' id='word_1_755' title='bbox 1568 5839 1744 5910; x_wconf 84' lang='lat' dir='ltr'><strong>legi...</strong></span> <span class='ocrx_word' id='word_1_756' title='bbox 1781 5837 1890 5894; x_wconf 89' lang='lat' dir='ltr'><strong>Sed</strong></span> <span class='ocrx_word' id='word_1_757' title='bbox 1948 5838 2000 5890; x_wconf 91' lang='lat' dir='ltr'><strong>in</strong></span> 
     </span>
    </p>
   </div>
   <div class='ocr_carea' id='block_1_98' title="bbox 2082 3303 2255 3374">
    <p class='ocr_par' dir='ltr' id='par_1_98' title="bbox 2082 3303 2255 3374">
     <span class='ocr_line' id='line_1_98' title="bbox 2082 3303 2255 3374; baseline -0.012 -16"><span class='ocrx_word' id='word_1_758' title='bbox 2082 3320 2137 3358; x_wconf 89' lang='grc' dir='ltr'><strong>ιι.</strong></span> <span class='ocrx_word' id='word_1_759' title='bbox 2173 3303 2255 3374; x_wconf 76' lang='lat'><strong>9.).</strong></span> 
     </span>
    </p>
   </div>
   <div class='ocr_carea' id='block_1_99' title="bbox 2152 3397 3685 3478">
    <p class='ocr_par' dir='ltr' id='par_1_99' title="bbox 2152 3397 3685 3478">
     <span class='ocr_line' id='line_1_99' title="bbox 2152 3397 3685 3478; baseline 0.008 -26"><span class='ocrx_word' id='word_1_760' title='bbox 2152 3397 2205 3452; x_wconf 89' lang='lat'><strong>8.</strong></span> <span class='ocrx_word' id='word_1_761' title='bbox 2232 3397 2330 3465; x_wconf 87' lang='lat' dir='ltr'><strong>Qui</strong></span> <span class='ocrx_word' id='word_1_762' title='bbox 2367 3407 2546 3454; x_wconf 89' lang='lat' dir='ltr'><strong>autem</strong></span> <span class='ocrx_word' id='word_1_763' title='bbox 2588 3398 2855 3469; x_wconf 65' lang='lat' dir='ltr'><strong>prazdicta</strong></span> <span class='ocrx_word' id='word_1_764' title='bbox 2885 3398 3096 3472; x_wconf 70' lang='lat' dir='ltr'><strong>legerit</strong></span> <span class='ocrx_word' id='word_1_765' title='bbox 3135 3400 3440 3458; x_wconf 88' lang='lat' dir='ltr'><strong>litterarum</strong></span> <span class='ocrx_word' id='word_1_766' title='bbox 3478 3404 3685 3478; x_wconf 82' lang='lat' dir='ltr'><strong>Pelagii</strong></span> 
     </span>
    </p>
   </div>
   <div class='ocr_carea' id='block_1_100' title="bbox 2083 3557 3678 3634">
    <p class='ocr_par' dir='ltr' id='par_1_100' title="bbox 2083 3557 3678 3634">
     <span class='ocr_line' id='line_1_100' title="bbox 2083 3557 3678 3634; baseline 0 -22"><span class='ocrx_word' id='word_1_767' title='bbox 2083 3557 2170 3634; x_wconf 86' lang='lat' dir='ltr'><strong>his</strong></span> <span class='ocrx_word' id='word_1_768' title='bbox 2215 3558 2379 3634; x_wconf 80' lang='lat' dir='ltr'><strong>etiam</strong></span> <span class='ocrx_word' id='word_1_769' title='bbox 2421 3558 2843 3634; x_wconf 77' lang='lat' dir='ltr'><strong>quatuorlibris</strong></span> <span class='ocrx_word' id='word_1_770' title='bbox 2875 3575 3238 3634; x_wconf 67' lang='lat' dir='ltr'><strong>qumcmpque</strong></span> <span class='ocrx_word' id='word_1_771' title='bbox 3269 3578 3369 3633; x_wconf 92' lang='lat' dir='ltr'><strong>pro</strong></span> <span class='ocrx_word' id='word_1_772' title='bbox 3399 3568 3571 3634; x_wconf 87' lang='lat' dir='ltr'><strong>gratia</strong></span> <span class='ocrx_word' id='word_1_773' title='bbox 3598 3566 3678 3624; x_wconf 83' lang='lat' dir='ltr'><strong>vi.</strong></span> 
     </span>
    </p>
   </div>
   <div class='ocr_carea' id='block_1_101' title="bbox 2082 3629 3684 3698">
    <p class='ocr_par' dir='ltr' id='par_1_101' title="bbox 2082 3629 3684 3698">
     <span class='ocr_line' id='line_1_101' title="bbox 2082 3629 3684 3698; baseline 0.007 -15"><span class='ocrx_word' id='word_1_774' title='bbox 2082 3629 2240 3683; x_wconf 88' lang='lat' dir='ltr'><strong>detur</strong></span> <span class='ocrx_word' id='word_1_775' title='bbox 2265 3629 2471 3690; x_wconf 86' lang='lat' dir='ltr'><strong>dicere,</strong></span> <span class='ocrx_word' id='word_1_776' title='bbox 2512 3645 2618 3697; x_wconf 85' lang='lat' dir='ltr'><strong>qua</strong></span> <span class='ocrx_word' id='word_1_777' title='bbox 2663 3630 2922 3695; x_wconf 89' lang='lat' dir='ltr'><strong>juvatnur</strong></span> <span class='ocrx_word' id='word_1_778' title='bbox 2961 3641 3020 3684; x_wconf 88' lang='grc' dir='ltr'><strong>ιιι</strong></span> <span class='ocrx_word' id='word_1_779' title='bbox 3077 3629 3426 3690; x_wconf 67' lang='lat' dir='ltr'><strong>declinemus</strong></span> <span class='ocrx_word' id='word_1_780' title='bbox 3462 3654 3490 3690; x_wconf 89' lang='lat' dir='ltr'><strong>a</strong></span> <span class='ocrx_word' id='word_1_781' title='bbox 3541 3641 3684 3698; x_wconf 88' lang='lat' dir='ltr'><strong>malo</strong></span> 
     </span>
    </p>
   </div>
   <div class='ocr_carea' id='block_1_102' title="bbox 2083 3699 3682 3769">
    <p class='ocr_par' dir='ltr' id='par_1_102' title="bbox 2083 3699 3682 3769">
     <span class='ocr_line' id='line_1_102' title="bbox 2083 3699 3682 3769; baseline 0 -17"><span class='ocrx_word' id='word_1_782' title='bbox 2083 3701 2403 3769; x_wconf 87' lang='lat' dir='ltr'><strong>bonumque</strong></span> <span class='ocrx_word' id='word_1_783' title='bbox 2434 3699 2716 3760; x_wconf 79' lang='lat' dir='ltr'><strong>faciamus.</strong></span> <span class='ocrx_word' id='word_1_784' title='bbox 2752 3700 2821 3753; x_wconf 91' lang='lat' dir='ltr'><strong>ita</strong></span> <span class='ocrx_word' id='word_1_785' title='bbox 2857 3701 3012 3766; x_wconf 90' lang='lat' dir='ltr'><strong>dicit,</strong></span> <span class='ocrx_word' id='word_1_786' title='bbox 3041 3714 3096 3755; x_wconf 92' lang='lat' dir='ltr'><strong>ut</strong></span> <span class='ocrx_word' id='word_1_787' title='bbox 3131 3707 3278 3758; x_wconf 89' lang='lat' dir='ltr'><strong>nullo</strong></span> <span class='ocrx_word' id='word_1_788' title='bbox 3304 3710 3468 3761; x_wconf 88' lang='lat' dir='ltr'><strong>modo</strong></span> <span class='ocrx_word' id='word_1_789' title='bbox 3496 3726 3523 3762; x_wconf 89' lang='lat' dir='ltr'><strong>a</strong></span> <span class='ocrx_word' id='word_1_790' title='bbox 3555 3727 3682 3766; x_wconf 89' lang='lat' dir='ltr'><strong>ver.</strong></span> 
     </span>
    </p>
   </div>
   <div class='ocr_carea' id='block_1_103' title="bbox 2086 3771 3680 3845">
    <p class='ocr_par' dir='ltr' id='par_1_103' title="bbox 2086 3771 3680 3845">
     <span class='ocr_line' id='line_1_103' title="bbox 2086 3771 3680 3845; baseline 0.008 -21"><span class='ocrx_word' id='word_1_791' title='bbox 2086 3771 2282 3825; x_wconf 88' lang='lat' dir='ltr'><strong>horum</strong></span> <span class='ocrx_word' id='word_1_792' title='bbox 2339 3771 2693 3838; x_wconf 87' lang='lat' dir='ltr'><strong>ambiguitate</strong></span> <span class='ocrx_word' id='word_1_793' title='bbox 2745 3771 2989 3845; x_wconf 77' lang='lat' dir='ltr'><strong>disi-edat</strong></span> <span class='ocrx_word' id='word_1_794' title='bbox 3035 3789 3196 3840; x_wconf 89' lang='lat' dir='ltr'><strong>quam</strong></span> <span class='ocrx_word' id='word_1_795' title='bbox 3251 3777 3534 3845; x_wconf 75' lang='lat' dir='ltr'><strong>discipulis</strong></span> <span class='ocrx_word' id='word_1_796' title='bbox 3601 3783 3680 3840; x_wconf 90' lang='lat' dir='ltr'><strong>sic</strong></span> 
     </span>
    </p>
   </div>
   <div class='ocr_carea' id='block_1_104' title="bbox 2084 3843 3678 3922">
    <p class='ocr_par' dir='ltr' id='par_1_104' title="bbox 2084 3843 3678 3922">
     <span class='ocr_line' id='line_1_104' title="bbox 2084 3843 3678 3922; baseline 0.008 -32"><span class='ocrx_word' id='word_1_797' title='bbox 2084 3845 2262 3910; x_wconf 83' lang='lat' dir='ltr'><strong>possit</strong></span> <span class='ocrx_word' id='word_1_798' title='bbox 2283 3857 2582 3909; x_wconf 87' lang='lat' dir='ltr'><strong>exponere,</strong></span> <span class='ocrx_word' id='word_1_799' title='bbox 2603 3843 2914 3922; x_wconf 30' lang='lat' dir='ltr'><strong>&#39;lII-ll-Illlllln-I-</strong></span> <span class='ocrx_word' id='word_1_800' title='bbox 2930 3844 3195 3898; x_wconf 82' lang='lat' dir='ltr'><strong>auxilium</strong></span> <span class='ocrx_word' id='word_1_801' title='bbox 3214 3843 3404 3922; x_wconf 50' lang='lat' dir='ltr'><strong>gratia}</strong></span> <span class='ocrx_word' id='word_1_802' title='bbox 3427 3852 3678 3922; x_wconf 74' lang='lat' dir='ltr'><strong>eri-dant,</strong></span> 
     </span>
    </p>
   </div>
   <div class='ocr_carea' id='block_1_105' title="bbox 2085 3913 3683 3992">
    <p class='ocr_par' dir='ltr' id='par_1_105' title="bbox 2085 3913 3683 3992">
     <span class='ocr_line' id='line_1_105' title="bbox 2085 3913 3683 3992; baseline 0.004 -28"><span class='ocrx_word' id='word_1_803' title='bbox 2085 3930 2186 3992; x_wconf 83' lang='lat' dir='ltr'><strong>qua</strong></span> <span class='ocrx_word' id='word_1_804' title='bbox 2225 3927 2431 3992; x_wconf 58' lang='lat' dir='ltr'><strong>naturae</strong></span> <span class='ocrx_word' id='word_1_805' title='bbox 2453 3913 2800 3992; x_wconf 67' lang='lat' dir='ltr'><strong>possibilitas</strong></span> <span class='ocrx_word' id='word_1_806' title='bbox 2829 3914 3139 3992; x_wconf 77' lang='lat' dir='ltr'><strong>adjuvetur,</strong></span> <span class='ocrx_word' id='word_1_807' title='bbox 3175 3919 3354 3992; x_wconf 71' lang='lat' dir='ltr'><strong>ttisiiti</strong></span> <span class='ocrx_word' id='word_1_808' title='bbox 3380 3921 3496 3992; x_wconf 80' lang='lat' dir='ltr'><strong>lege</strong></span> <span class='ocrx_word' id='word_1_809' title='bbox 3521 3913 3683 3992; x_wconf 71' lang='lat' dir='ltr'><strong>atqué</strong></span> 
     </span>
    </p>
   </div>
   <div class='ocr_carea' id='block_1_106' title="bbox 2087 3984 3682 4064">
    <p class='ocr_par' dir='ltr' id='par_1_106' title="bbox 2087 3984 3682 4064">
     <span class='ocr_line' id='line_1_106' title="bbox 2087 3984 3682 4064; baseline 0.012 -31"><span class='ocrx_word' id='word_1_810' title='bbox 2087 3985 2354 4064; x_wconf 69' lang='lat' dir='ltr'><strong>doctrina.</strong></span> <span class='ocrx_word' id='word_1_811' title='bbox 2399 4002 2416 4064; x_wconf 64' lang='grc' dir='ltr'><strong>ι</strong></span> <span class='ocrx_word' id='word_1_812' title='bbox 2453 3984 2519 4037; x_wconf 83' lang='grc' dir='ltr'><strong>Ει</strong></span> <span class='ocrx_word' id='word_1_813' title='bbox 2548 3984 2730 4064; x_wconf 77' lang='lat' dir='ltr'><strong>paucis</strong></span> <span class='ocrx_word' id='word_1_814' title='bbox 2773 3985 3099 4064; x_wconf 70' lang='lat' dir='ltr'><strong>intermissis</strong></span> <span class='ocrx_word' id='word_1_815' title='bbox 3135 4005 3146 4039; x_wconf 89' lang='lat'><strong>:</strong></span> <span class='ocrx_word' id='word_1_816' title='bbox 3185 4005 3204 4038; x_wconf 84' lang='grc'><em>‹</em></span> <span class='ocrx_word' id='word_1_817' title='bbox 3251 3989 3356 4064; x_wconf 85' lang='lat' dir='ltr'><strong>Sed</strong></span> <span class='ocrx_word' id='word_1_818' title='bbox 3388 3984 3495 4064; x_wconf 72' lang='lat' dir='ltr'><strong>hoc</strong></span> <span class='ocrx_word' id='word_1_819' title='bbox 3522 3984 3682 4064; x_wconf 80' lang='lat' dir='ltr'><strong>adju-</strong></span> 
     </span>
    </p>
   </div>
   <div class='ocr_carea' id='block_1_107' title="bbox 2091 4055 3682 4128">
    <p class='ocr_par' dir='ltr' id='par_1_107' title="bbox 2091 4055 3682 4128">
     <span class='ocr_line' id='line_1_107' title="bbox 2091 4055 3682 4128; baseline 0.006 -19"><span class='ocrx_word' id='word_1_820' title='bbox 2091 4058 2288 4109; x_wconf 84' lang='lat' dir='ltr'><strong>toriuut</strong></span> <span class='ocrx_word' id='word_1_821' title='bbox 2313 4057 2443 4128; x_wconf 79' lang='lat' dir='ltr'><strong>legis</strong></span> <span class='ocrx_word' id='word_1_822' title='bbox 2465 4065 2628 4128; x_wconf 84' lang='lat' dir='ltr'><strong>atque</strong></span> <span class='ocrx_word' id='word_1_823' title='bbox 2657 4055 2922 4128; x_wconf 75' lang='lat' dir='ltr'><strong>doctrina:</strong></span> <span class='ocrx_word' id='word_1_824' title='bbox 2952 4057 3119 4110; x_wconf 84' lang='lat' dir='ltr'><strong>etiam</strong></span> <span class='ocrx_word' id='word_1_825' title='bbox 3149 4061 3482 4128; x_wconf 82' lang='lat' dir='ltr'><strong>propheticis</strong></span> <span class='ocrx_word' id='word_1_826' title='bbox 3515 4055 3682 4124; x_wconf 72' lang='lat' dir='ltr'><strong>luisse</strong></span> 
     </span>
    </p>
   </div>
   <div class='ocr_carea' id='block_1_108' title="bbox 2095 4126 3688 4206">
    <p class='ocr_par' dir='ltr' id='par_1_108' title="bbox 2095 4126 3688 4206">
     <span class='ocr_line' id='line_1_108' title="bbox 2095 4126 3688 4206; baseline 0.002 -26"><span class='ocrx_word' id='word_1_827' title='bbox 2095 4127 2451 4206; x_wconf 82' lang='lat' dir='ltr'><strong>temporibus,</strong></span> <span class='ocrx_word' id='word_1_828' title='bbox 2486 4126 3030 4206; x_wconf 52' lang='lat' dir='ltr'><strong>atljntnriunrautem</strong></span> <span class='ocrx_word' id='word_1_829' title='bbox 3061 4126 3285 4206; x_wconf 60' lang='lat' dir='ltr'><strong>gratim,</strong></span> <span class='ocrx_word' id='word_1_830' title='bbox 3310 4148 3430 4198; x_wconf 73' lang='lat' dir='ltr'><strong>qua:</strong></span> <span class='ocrx_word' id='word_1_831' title='bbox 3470 4141 3688 4206; x_wconf 72' lang='grc' dir='ltr'><strong>ιιι-υιιτίθ</strong></span> 
     </span>
    </p>
   </div>
   <div class='ocr_carea' id='block_1_109' title="bbox 2089 4197 3685 4268">
    <p class='ocr_par' dir='ltr' id='par_1_109' title="bbox 2089 4197 3685 4268">
     <span class='ocr_line' id='line_1_109' title="bbox 2089 4197 3685 4268; baseline 0.002 -19"><span class='ocrx_word' id='word_1_832' title='bbox 2089 4203 2260 4268; x_wconf 86' lang='lat' dir='ltr'><strong>gratia</strong></span> <span class='ocrx_word' id='word_1_833' title='bbox 2296 4209 2661 4260; x_wconf 82' lang='lat' dir='ltr'><strong>nuncupatur,</strong></span> <span class='ocrx_word' id='word_1_834' title='bbox 2695 4198 2746 4249; x_wconf 93' lang='lat' dir='ltr'><strong>in</strong></span> <span class='ocrx_word' id='word_1_835' title='bbox 2775 4197 2977 4251; x_wconf 78' lang='lat' dir='ltr'><strong>Christi</strong></span> <span class='ocrx_word' id='word_1_836' title='bbox 3011 4197 3133 4252; x_wconf 80' lang='lat' dir='ltr'><strong>esSe</strong></span> <span class='ocrx_word' id='word_1_837' title='bbox 3173 4197 3685 4263; x_wconf 38' lang='lat' dir='ltr'><strong>arbilt&#39;atttr&#39;exem-</strong></span> 
     </span>
    </p>
   </div>
   <div class='ocr_carea' id='block_1_110' title="bbox 2090 4268 3688 4349">
    <p class='ocr_par' dir='ltr' id='par_1_110' title="bbox 2090 4268 3688 4349">
     <span class='ocr_line' id='line_1_110' title="bbox 2090 4268 3688 4349; baseline 0.015 -36"><span class='ocrx_word' id='word_1_838' title='bbox 2090 4271 2180 4349; x_wconf 62' lang='lat' dir='ltr'><strong>plu</strong></span> <span class='ocrx_word' id='word_1_839' title='bbox 2202 4285 2220 4348; x_wconf 74' lang='lat'><strong>;_</strong></span> <span class='ocrx_word' id='word_1_840' title='bbox 2244 4269 2386 4349; x_wconf 85' lang='lat' dir='ltr'><strong>quod</strong></span> <span class='ocrx_word' id='word_1_841' title='bbox 2419 4268 2783 4349; x_wconf 79' lang='lat' dir='ltr'><strong>nihilominus</strong></span> <span class='ocrx_word' id='word_1_842' title='bbox 2810 4268 2874 4321; x_wconf 92' lang='lat' dir='ltr'><strong>ad</strong></span> <span class='ocrx_word' id='word_1_843' title='bbox 2917 4269 3226 4349; x_wconf 67' lang='lat' dir='ltr'><strong>doctrinam</strong></span> <span class='ocrx_word' id='word_1_844' title='bbox 3263 4277 3534 4340; x_wconf 88' lang='lat' dir='ltr'><strong>pertinere</strong></span> <span class='ocrx_word' id='word_1_845' title='bbox 3565 4296 3688 4349; x_wconf 88' lang='lat' dir='ltr'><strong>per-</strong></span> 
     </span>
    </p>
   </div>
   <div class='ocr_carea' id='block_1_111' title="bbox 2089 4340 3455 4409">
    <p class='ocr_par' dir='ltr' id='par_1_111' title="bbox 2089 4340 3455 4409">
     <span class='ocr_line' id='line_1_111' title="bbox 2089 4340 3455 4409; baseline 0.003 -14"><span class='ocrx_word' id='word_1_846' title='bbox 2089 4342 2321 4409; x_wconf 73' lang='lat' dir='ltr'><strong>spicitis,</strong></span> <span class='ocrx_word' id='word_1_847' title='bbox 2358 4355 2478 4408; x_wconf 62' lang='lat' dir='ltr'><strong>quae</strong></span> <span class='ocrx_word' id='word_1_848' title='bbox 2510 4341 2667 4392; x_wconf 91' lang='lat' dir='ltr'><strong>nobis</strong></span> <span class='ocrx_word' id='word_1_849' title='bbox 2704 4340 3014 4408; x_wconf 82' lang='lat' dir='ltr'><strong>evangeliea</strong></span> <span class='ocrx_word' id='word_1_850' title='bbox 3047 4345 3391 4408; x_wconf 79' lang='lat' dir='ltr'><strong>pt&#39;:rtlicatur.</strong></span> <span class='ocrx_word' id='word_1_851' title='bbox 3436 4367 3455 4399; x_wconf 73' lang='grc' dir='ltr'><strong>ι</strong></span> 
     </span>
    </p>
   </div>
   <div class='ocr_carea' id='block_1_112' title="bbox 2168 4409 3686 4481">
    <p class='ocr_par' dir='ltr' id='par_1_112' title="bbox 2168 4409 3686 4481">
     <span class='ocr_line' id='line_1_112' title="bbox 2168 4409 3686 4481; baseline 0.011 -18"><span class='ocrx_word' id='word_1_852' title='bbox 2168 4409 2185 4448; x_wconf 73' lang='grc' dir='ltr'><strong>ί</strong></span> <span class='ocrx_word' id='word_1_853' title='bbox 2221 4410 2301 4464; x_wconf 83' lang='lat' dir='ltr'><strong>Ad</strong></span> <span class='ocrx_word' id='word_1_854' title='bbox 2338 4413 2453 4463; x_wconf 80' lang='lat' dir='ltr'><strong>lta-e</strong></span> <span class='ocrx_word' id='word_1_855' title='bbox 2487 4410 2827 4480; x_wconf 87' lang='lat' dir='ltr'><strong>Augustinus</strong></span> <span class='ocrx_word' id='word_1_856' title='bbox 2855 4413 2978 4464; x_wconf 91' lang='lat' dir='ltr'><strong>loco</strong></span> <span class='ocrx_word' id='word_1_857' title='bbox 3014 4414 3181 4468; x_wconf 91' lang='lat' dir='ltr'><strong>citato</strong></span> <span class='ocrx_word' id='word_1_858' title='bbox 3215 4432 3228 4469; x_wconf 91' lang='lat'><strong>:</strong></span> <span class='ocrx_word' id='word_1_859' title='bbox 3271 4433 3288 4466; x_wconf 78' lang='grc' dir='ltr'><strong>ι</strong></span> <span class='ocrx_word' id='word_1_860' title='bbox 3328 4416 3444 4472; x_wconf 85' lang='lat' dir='ltr'><strong>Non</strong></span> <span class='ocrx_word' id='word_1_861' title='bbox 3474 4422 3552 4476; x_wconf 80' lang='lat' dir='ltr'><strong>sic</strong></span> <span class='ocrx_word' id='word_1_862' title='bbox 3581 4422 3686 4481; x_wconf 88' lang='lat' dir='ltr'><strong>illis</strong></span> 
     </span>
    </p>
   </div>
   <div class='ocr_carea' id='block_1_113' title="bbox 2094 4481 3688 4556">
    <p class='ocr_par' dir='ltr' id='par_1_113' title="bbox 2094 4481 3688 4556">
     <span class='ocr_line' id='line_1_113' title="bbox 2094 4481 3688 4556; baseline 0.002 -22"><span class='ocrx_word' id='word_1_863' title='bbox 2094 4484 2209 4537; x_wconf 65' lang='lat' dir='ltr'><strong>hinc</strong></span> <span class='ocrx_word' id='word_1_864' title='bbox 2243 4482 2600 4556; x_wconf 75' lang='lat' dir='ltr'><strong>objiciuntur,</strong></span> <span class='ocrx_word' id='word_1_865' title='bbox 2628 4492 2682 4534; x_wconf 93' lang='lat' dir='ltr'><strong>ut</strong></span> <span class='ocrx_word' id='word_1_866' title='bbox 2725 4483 2925 4549; x_wconf 89' lang='lat' dir='ltr'><strong>posuit.</strong></span> <span class='ocrx_word' id='word_1_867' title='bbox 2949 4481 3083 4537; x_wconf 88' lang='lat' dir='ltr'><strong>Nam</strong></span> <span class='ocrx_word' id='word_1_868' title='bbox 3116 4502 3287 4554; x_wconf 87' lang='lat' dir='ltr'><strong>neque</strong></span> <span class='ocrx_word' id='word_1_869' title='bbox 3329 4493 3566 4556; x_wconf 69' lang='lat' dir='ltr'><strong>parvulis</strong></span> <span class='ocrx_word' id='word_1_870' title='bbox 3595 4513 3688 4551; x_wconf 76' lang='lat' dir='ltr'><strong>ne-</strong></span> 
     </span>
    </p>
   </div>
   <div class='ocr_carea' id='block_1_114' title="bbox 2094 4551 3690 4631">
    <p class='ocr_par' dir='ltr' id='par_1_114' title="bbox 2094 4551 3690 4631">
     <span class='ocr_line' id='line_1_114' title="bbox 2094 4551 3690 4631; baseline 0.007 -27"><span class='ocrx_word' id='word_1_871' title='bbox 2094 4565 2224 4631; x_wconf 71' lang='lat' dir='ltr'><strong>gant</strong></span> <span class='ocrx_word' id='word_1_872' title='bbox 2257 4556 2316 4631; x_wconf 88' lang='lat' dir='ltr'><strong>ha</strong></span> <span class='ocrx_word' id='word_1_873' title='bbox 2329 4551 2512 4631; x_wconf 59' lang='lat' dir='ltr'><strong>ptissai</strong></span> <span class='ocrx_word' id='word_1_874' title='bbox 2534 4566 2963 4631; x_wconf 83' lang='lat' dir='ltr'><strong>sacramentum,</strong></span> <span class='ocrx_word' id='word_1_875' title='bbox 2983 4570 3084 4607; x_wconf 88' lang='lat' dir='ltr'><strong>nee</strong></span> <span class='ocrx_word' id='word_1_876' title='bbox 3099 4551 3300 4631; x_wconf 71' lang='lat' dir='ltr'><strong>absque</strong></span> <span class='ocrx_word' id='word_1_877' title='bbox 3318 4551 3690 4631; x_wconf 76' lang='lat' dir='ltr'><strong>redemptione</strong></span> 
     </span>
    </p>
   </div>
   <div class='ocr_carea' id='block_1_115' title="bbox 2094 4624 3695 4706">
    <p class='ocr_par' dir='ltr' id='par_1_115' title="bbox 2094 4624 3695 4706">
     <span class='ocr_line' id='line_1_115' title="bbox 2094 4624 3695 4706; baseline 0.011 -31"><span class='ocrx_word' id='word_1_878' title='bbox 2094 4625 2296 4706; x_wconf 76' lang='lat' dir='ltr'><strong>Christi</strong></span> <span class='ocrx_word' id='word_1_879' title='bbox 2321 4624 2599 4706; x_wconf 73' lang='lat' dir='ltr'><strong>aliquibus</strong></span> <span class='ocrx_word' id='word_1_880' title='bbox 2623 4625 2886 4706; x_wconf 79' lang='lat' dir='ltr'><strong>ccelnrnm</strong></span> <span class='ocrx_word' id='word_1_881' title='bbox 2918 4639 3082 4706; x_wconf 68' lang='lat' dir='ltr'><strong>regna</strong></span> <span class='ocrx_word' id='word_1_882' title='bbox 3108 4624 3519 4706; x_wconf 53' lang='lat' dir='ltr'><strong>promittunt...</strong></span> <span class='ocrx_word' id='word_1_883' title='bbox 3540 4639 3695 4706; x_wconf 81' lang='lat' dir='ltr'><strong>Ubji-</strong></span> 
     </span>
    </p>
   </div>
   <div class='ocr_carea' id='block_1_116' title="bbox 2095 4695 3691 4767">
    <p class='ocr_par' dir='ltr' id='par_1_116' title="bbox 2095 4695 3691 4767">
     <span class='ocr_line' id='line_1_116' title="bbox 2095 4695 3691 4767; baseline -0.007 -11"><span class='ocrx_word' id='word_1_884' title='bbox 2095 4700 2237 4751; x_wconf 85' lang='lat' dir='ltr'><strong>citur</strong></span> <span class='ocrx_word' id='word_1_885' title='bbox 2275 4710 2454 4748; x_wconf 81' lang='lat' dir='ltr'><strong>autem</strong></span> <span class='ocrx_word' id='word_1_886' title='bbox 2489 4696 2616 4750; x_wconf 87' lang='lat' dir='ltr'><strong>illis.</strong></span> <span class='ocrx_word' id='word_1_887' title='bbox 2645 4699 2788 4764; x_wconf 84' lang='lat' dir='ltr'><strong>quod</strong></span> <span class='ocrx_word' id='word_1_888' title='bbox 2826 4712 2929 4748; x_wconf 90' lang='lat' dir='ltr'><strong>non</strong></span> <span class='ocrx_word' id='word_1_889' title='bbox 2971 4695 3276 4765; x_wconf 81' lang='lat' dir='ltr'><strong>baptizatos</strong></span> <span class='ocrx_word' id='word_1_890' title='bbox 3314 4704 3568 4767; x_wconf 63' lang='lat' dir='ltr'><strong>parvulus</strong></span> <span class='ocrx_word' id='word_1_891' title='bbox 3592 4695 3691 4762; x_wconf 74' lang='grc' dir='ltr'><strong>,ιὀ,</strong></span> 
     </span>
    </p>
   </div>
   <div class='ocr_carea' id='block_1_117' title="bbox 2096 4766 3685 4836">
    <p class='ocr_par' dir='ltr' id='par_1_117' title="bbox 2096 4766 3685 4836">
     <span class='ocr_line' id='line_1_117' title="bbox 2096 4766 3685 4836; baseline -0.002 -14"><span class='ocrx_word' id='word_1_892' title='bbox 2096 4769 2214 4823; x_wconf 84' lang='grc' dir='ltr'><strong>Ιιιηι</strong></span> <span class='ocrx_word' id='word_1_893' title='bbox 2239 4768 2572 4820; x_wconf 84' lang='lat' dir='ltr'><strong>damnationi</strong></span> <span class='ocrx_word' id='word_1_894' title='bbox 2604 4768 2762 4836; x_wconf 87' lang='lat' dir='ltr'><strong>prttui</strong></span> <span class='ocrx_word' id='word_1_895' title='bbox 2787 4766 3025 4821; x_wconf 84' lang='lat' dir='ltr'><strong>hominis</strong></span> <span class='ocrx_word' id='word_1_896' title='bbox 3053 4766 3324 4826; x_wconf 76' lang='lat' dir='ltr'><strong>obnoxios</strong></span> <span class='ocrx_word' id='word_1_897' title='bbox 3357 4775 3630 4834; x_wconf 50' lang='lat' dir='ltr'><strong>conﬁteri.</strong></span> <span class='ocrx_word' id='word_1_898' title='bbox 3665 4799 3685 4832; x_wconf 62' lang='grc' dir='ltr'><strong>ι</strong></span> 
     </span>
    </p>
   </div>
   <div class='ocr_carea' id='block_1_118' title="bbox 2174 4837 3691 4909">
    <p class='ocr_par' dir='ltr' id='par_1_118' title="bbox 2174 4837 3691 4909">
     <span class='ocr_line' id='line_1_118' title="bbox 2174 4837 3691 4909; baseline 0.002 -20"><span class='ocrx_word' id='word_1_899' title='bbox 2174 4850 2196 4884; x_wconf 69' lang='lat' dir='ltr'><strong>b&#39;</strong></span> <span class='ocrx_word' id='word_1_900' title='bbox 2226 4841 2328 4894; x_wconf 74' lang='lat' dir='ltr'><strong>l-ta</strong></span> <span class='ocrx_word' id='word_1_901' title='bbox 2378 4837 2582 4902; x_wconf 77' lang='lat' dir='ltr'><strong>Pelagii</strong></span> <span class='ocrx_word' id='word_1_902' title='bbox 2637 4838 2802 4890; x_wconf 90' lang='lat' dir='ltr'><strong>verba</strong></span> <span class='ocrx_word' id='word_1_903' title='bbox 2844 4839 2894 4890; x_wconf 90' lang='lat' dir='ltr'><strong>in</strong></span> <span class='ocrx_word' id='word_1_904' title='bbox 2940 4838 3174 4892; x_wconf 86' lang='lat' dir='ltr'><strong>medium</strong></span> <span class='ocrx_word' id='word_1_905' title='bbox 3219 4843 3534 4909; x_wconf 89' lang='lat' dir='ltr'><strong>prolaturus</strong></span> <span class='ocrx_word' id='word_1_906' title='bbox 3579 4850 3691 4904; x_wconf 84' lang='grc' dir='ltr'><strong>Αιι-</strong></span> 
     </span>
    </p>
   </div>
   <div class='ocr_carea' id='block_1_119' title="bbox 2097 4909 3690 4982">
    <p class='ocr_par' dir='ltr' id='par_1_119' title="bbox 2097 4909 3690 4982">
     <span class='ocr_line' id='line_1_119' title="bbox 2097 4909 3690 4982; baseline 0.005 -21"><span class='ocrx_word' id='word_1_907' title='bbox 2097 4912 2368 4982; x_wconf 83' lang='lat' dir='ltr'><strong>gustinns,</strong></span> <span class='ocrx_word' id='word_1_908' title='bbox 2404 4910 2681 4975; x_wconf 84' lang='lat' dir='ltr'><strong>pra-mittit</strong></span> <span class='ocrx_word' id='word_1_909' title='bbox 2709 4925 2721 4960; x_wconf 91' lang='lat'>:</span> <span class='ocrx_word' id='word_1_910' title='bbox 2762 4926 2806 4982; x_wconf 69' lang='lat' dir='ltr'><strong>t_</strong></span> <span class='ocrx_word' id='word_1_911' title='bbox 2829 4909 3021 4963; x_wconf 82' lang='lat' dir='ltr'><strong>Videte</strong></span> <span class='ocrx_word' id='word_1_912' title='bbox 3051 4911 3282 4982; x_wconf 75' lang='lat' dir='ltr'><strong>latebras</strong></span> <span class='ocrx_word' id='word_1_913' title='bbox 3313 4915 3690 4982; x_wconf 79' lang='lat' dir='ltr'><strong>ambiguitatis</strong></span> 
     </span>
    </p>
   </div>
   <div class='ocr_carea' id='block_1_120' title="bbox 2099 4980 3690 5058">
    <p class='ocr_par' dir='ltr' id='par_1_120' title="bbox 2099 4980 3690 5058">
     <span class='ocr_line' id='line_1_120' title="bbox 2099 4980 3690 5058; baseline 0.003 -24"><span class='ocrx_word' id='word_1_914' title='bbox 2099 4981 2318 5058; x_wconf 75' lang='lat' dir='ltr'><strong>falsitati</strong></span> <span class='ocrx_word' id='word_1_915' title='bbox 2371 4994 2682 5058; x_wconf 75' lang='lat' dir='ltr'><strong>prmparare</strong></span> <span class='ocrx_word' id='word_1_916' title='bbox 2725 4980 2950 5047; x_wconf 81' lang='lat' dir='ltr'><strong>reingia.</strong></span> <span class='ocrx_word' id='word_1_917' title='bbox 3005 4980 3338 5058; x_wconf 69' lang='lat' dir='ltr'><strong>offutidendo</strong></span> <span class='ocrx_word' id='word_1_918' title='bbox 3400 4980 3690 5058; x_wconf 62' lang='lat' dir='ltr'><strong>caliginem</strong></span> 
     </span>
    </p>
   </div>
   <div class='ocr_carea' id='block_1_121' title="bbox 2098 5049 3692 5133">
    <p class='ocr_par' dir='ltr' id='par_1_121' title="bbox 2098 5049 3692 5133">
     <span class='ocr_line' id='line_1_121' title="bbox 2098 5049 3692 5133; baseline 0.009 -29"><span class='ocrx_word' id='word_1_919' title='bbox 2098 5053 2317 5104; x_wconf 57' lang='lat' dir='ltr'><strong>veritati</strong></span> <span class='ocrx_word' id='word_1_920' title='bbox 2345 5065 2363 5133; x_wconf 56' lang='grc' dir='ltr'>ξ</span> <span class='ocrx_word' id='word_1_921' title='bbox 2392 5051 2545 5101; x_wconf 87' lang='lat' dir='ltr'><strong>itaut</strong></span> <span class='ocrx_word' id='word_1_922' title='bbox 2575 5049 2736 5102; x_wconf 88' lang='lat' dir='ltr'><strong>etiam</strong></span> <span class='ocrx_word' id='word_1_923' title='bbox 2770 5067 2891 5115; x_wconf 89' lang='lat' dir='ltr'><strong>nos,</strong></span> <span class='ocrx_word' id='word_1_924' title='bbox 2924 5068 3046 5133; x_wconf 77' lang='lat' dir='ltr'><strong>cum</strong></span> <span class='ocrx_word' id='word_1_925' title='bbox 3079 5055 3310 5133; x_wconf 84' lang='lat' dir='ltr'><strong>primum</strong></span> <span class='ocrx_word' id='word_1_926' title='bbox 3343 5074 3404 5112; x_wconf 90' lang='lat' dir='ltr'><strong>ea</strong></span> <span class='ocrx_word' id='word_1_927' title='bbox 3438 5049 3692 5133; x_wconf 74' lang='lat' dir='ltr'><strong>legimus,</strong></span> 
     </span>
    </p>
   </div>
   <div class='ocr_carea' id='block_1_122' title="bbox 2103 5123 3694 5195">
    <p class='ocr_par' dir='ltr' id='par_1_122' title="bbox 2103 5123 3694 5195">
     <span class='ocr_line' id='line_1_122' title="bbox 2103 5123 3694 5195; baseline 0.008 -20"><span class='ocrx_word' id='word_1_928' title='bbox 2103 5132 2244 5195; x_wconf 79' lang='lat' dir='ltr'><strong>recta</strong></span> <span class='ocrx_word' id='word_1_929' title='bbox 2285 5123 2366 5174; x_wconf 88' lang='lat' dir='ltr'><strong>vel</strong></span> <span class='ocrx_word' id='word_1_930' title='bbox 2397 5131 2677 5195; x_wconf 81' lang='lat' dir='ltr'><strong>_corr_ecta_</strong></span> <span class='ocrx_word' id='word_1_931' title='bbox 2707 5125 3103 5188; x_wconf 73' lang='grc' dir='ltr'><strong>ιιι-οιιριιιιιᾱιιιιι</strong></span> <span class='ocrx_word' id='word_1_932' title='bbox 3150 5123 3542 5195; x_wconf 68' lang='lat' dir='ltr'><strong>gauderemus.</strong></span> <span class='ocrx_word' id='word_1_933' title='bbox 3585 5123 3694 5193; x_wconf 87' lang='lat' dir='ltr'><strong>Sed</strong></span> 
     </span>
    </p>
   </div>
   <div class='ocr_carea' id='block_1_123' title="bbox 2101 5190 3695 5265">
    <p class='ocr_par' dir='ltr' id='par_1_123' title="bbox 2101 5190 3695 5265">
     <span class='ocr_line' id='line_1_123' title="bbox 2101 5190 3695 5265; baseline 0.006 -18"><span class='ocrx_word' id='word_1_934' title='bbox 2101 5190 2592 5265; x_wconf 14' lang='lat' dir='ltr'><strong>latiores,5inquit,</strong></span> <span class='ocrx_word' id='word_1_935' title='bbox 2627 5191 3025 5265; x_wconf 80' lang='lat' dir='ltr'><strong>disputatmnes</strong></span> <span class='ocrx_word' id='word_1_936' title='bbox 3054 5190 3175 5263; x_wconf 71' lang='lat' dir='ltr'><strong>ejus</strong></span> <span class='ocrx_word' id='word_1_937' title='bbox 3210 5199 3259 5250; x_wconf 90' lang='lat' dir='ltr'><strong>in</strong></span> <span class='ocrx_word' id='word_1_938' title='bbox 3297 5202 3472 5265; x_wconf 86' lang='lat' dir='ltr'><strong>libris.</strong></span> <span class='ocrx_word' id='word_1_939' title='bbox 3519 5190 3613 5262; x_wconf 78' lang='lat' dir='ltr'><strong>ubi</strong></span> <span class='ocrx_word' id='word_1_940' title='bbox 3633 5190 3695 5264; x_wconf 62' lang='lat' dir='ltr'><strong>se</strong></span> 
     </span>
    </p>
   </div>
   <div class='ocr_carea' id='block_1_124' title="bbox 2101 5261 3698 5344">
    <p class='ocr_par' dir='ltr' id='par_1_124' title="bbox 2101 5261 3698 5344">
     <span class='ocr_line' id='line_1_124' title="bbox 2101 5261 3698 5344; baseline 0.003 -28"><span class='ocrx_word' id='word_1_941' title='bbox 2101 5261 2508 5344; x_wconf 65' lang='lat' dir='ltr'><strong>quantumlibet</strong></span> <span class='ocrx_word' id='word_1_942' title='bbox 2547 5261 3137 5344; x_wconf 26' lang='lat' dir='ltr'><strong>operiathplerumque</strong></span> <span class='ocrx_word' id='word_1_943' title='bbox 3164 5273 3379 5338; x_wconf 81' lang='lat' dir='ltr'><strong>aperire</strong></span> <span class='ocrx_word' id='word_1_944' title='bbox 3416 5261 3698 5344; x_wconf 57' lang='lat' dir='ltr'><strong>eotttpelii;</strong></span> 
     </span>
    </p>
   </div>
   <div class='ocr_carea' id='block_1_125' title="bbox 2106 5333 3696 5408">
    <p class='ocr_par' dir='ltr' id='par_1_125' title="bbox 2106 5333 3696 5408">
     <span class='ocr_line' id='line_1_125' title="bbox 2106 5333 3696 5408; baseline 0.017 -29"><span class='ocrx_word' id='word_1_945' title='bbox 2106 5345 2213 5400; x_wconf 74' lang='lat' dir='ltr'><strong>tur,</strong></span> <span class='ocrx_word' id='word_1_946' title='bbox 2248 5333 2494 5408; x_wconf 69' lang='lat' dir='ltr'><strong>fecerunt</strong></span> <span class='ocrx_word' id='word_1_947' title='bbox 2518 5333 2679 5408; x_wconf 79' lang='lat' dir='ltr'><strong>nobis</strong></span> <span class='ocrx_word' id='word_1_948' title='bbox 2715 5345 2767 5387; x_wconf 87' lang='lat' dir='ltr'><strong>et</strong></span> <span class='ocrx_word' id='word_1_949' title='bbox 2798 5335 2902 5408; x_wconf 80' lang='lat' dir='ltr'><strong>ista</strong></span> <span class='ocrx_word' id='word_1_950' title='bbox 2929 5333 3214 5408; x_wconf 49' lang='lat' dir='ltr'><strong>suspecta;</strong></span> <span class='ocrx_word' id='word_1_951' title='bbox 3236 5351 3296 5395; x_wconf 90' lang='lat' dir='ltr'><strong>ut</strong></span> <span class='ocrx_word' id='word_1_952' title='bbox 3323 5333 3587 5403; x_wconf 77' lang='lat' dir='ltr'><strong>attentius</strong></span> <span class='ocrx_word' id='word_1_953' title='bbox 3613 5352 3696 5404; x_wconf 84' lang='lat' dir='ltr'><strong>in-</strong></span> 
     </span>
    </p>
   </div>
   <div class='ocr_carea' id='block_1_126' title="bbox 2106 5403 3083 5477">
    <p class='ocr_par' dir='ltr' id='par_1_126' title="bbox 2106 5403 3083 5477">
     <span class='ocr_line' id='line_1_126' title="bbox 2106 5403 3083 5477; baseline 0.001 -18"><span class='ocrx_word' id='word_1_954' title='bbox 2106 5416 2317 5477; x_wconf 71' lang='lat' dir='ltr'><strong>tuentes</strong></span> <span class='ocrx_word' id='word_1_955' title='bbox 2349 5403 2719 5458; x_wconf 86' lang='lat' dir='ltr'><strong>inveniremus</strong></span> <span class='ocrx_word' id='word_1_956' title='bbox 2747 5403 3041 5477; x_wconf 49' lang='lat' dir='ltr'><strong>ambigua:</strong></span> <span class='ocrx_word' id='word_1_957' title='bbox 3066 5429 3083 5460; x_wconf 76' lang='grc' dir='ltr'><strong>ι</strong></span> 
     </span>
    </p>
   </div>
   <div class='ocr_carea' id='block_1_127' title="bbox 2178 5475 3700 5558">
    <p class='ocr_par' dir='ltr' id='par_1_127' title="bbox 2178 5475 3700 5558">
     <span class='ocr_line' id='line_1_127' title="bbox 2178 5475 3700 5558; baseline 0.009 -32"><span class='ocrx_word' id='word_1_958' title='bbox 2178 5475 2204 5513; x_wconf 72' lang='grc' dir='ltr'><strong>ιι</strong></span> <span class='ocrx_word' id='word_1_959' title='bbox 2230 5478 2383 5558; x_wconf 46' lang='grc' dir='ltr'><strong>Ωιι-ιιι</strong></span> <span class='ocrx_word' id='word_1_960' title='bbox 2417 5479 2630 5558; x_wconf 42' lang='lat' dir='ltr'><strong>horum.</strong></span> <span class='ocrx_word' id='word_1_961' title='bbox 2657 5475 2947 5558; x_wconf 73' lang='lat' dir='ltr'><strong>verborqu</strong></span> <span class='ocrx_word' id='word_1_962' title='bbox 2978 5479 3394 5558; x_wconf 78' lang='lat' dir='ltr'><strong>intelligentiam</strong></span> <span class='ocrx_word' id='word_1_963' title='bbox 3435 5500 3700 5558; x_wconf 83' lang='lat' dir='ltr'><strong>quantum</strong></span> 
     </span>
    </p>
   </div>
   <div class='ocr_carea' id='block_1_128' title="bbox 2107 5548 3700 5622">
    <p class='ocr_par' dir='ltr' id='par_1_128' title="bbox 2107 5548 3700 5622">
     <span class='ocr_line' id='line_1_128' title="bbox 2107 5548 3700 5622; baseline 0.011 -20"><span class='ocrx_word' id='word_1_964' title='bbox 2107 5548 2376 5622; x_wconf 84' lang='lat' dir='ltr'><strong>laborarit</strong></span> <span class='ocrx_word' id='word_1_965' title='bbox 2405 5548 2740 5615; x_wconf 69' lang='lat' dir='ltr'><strong>Augustinus</strong></span> <span class='ocrx_word' id='word_1_966' title='bbox 2767 5550 2856 5602; x_wconf 92' lang='lat' dir='ltr'><strong>ubi</strong></span> <span class='ocrx_word' id='word_1_967' title='bbox 2904 5548 3197 5618; x_wconf 69' lang='lat' dir='ltr'><strong>exliliCuit.</strong></span> <span class='ocrx_word' id='word_1_968' title='bbox 3247 5548 3480 5622; x_wconf 49' lang='lat' dir='ltr'><strong>adjicit}</strong></span> <span class='ocrx_word' id='word_1_969' title='bbox 3518 5579 3536 5612; x_wconf 73' lang='grc' dir='ltr'><strong>ι</strong></span> <span class='ocrx_word' id='word_1_970' title='bbox 3566 5548 3700 5619; x_wconf 84' lang='lat' dir='ltr'><strong>Tam</strong></span> 
     </span>
    </p>
   </div>
   <div class='ocr_carea' id='block_1_129' title="bbox 2106 5621 3703 5700">
    <p class='ocr_par' dir='ltr' id='par_1_129' title="bbox 2106 5621 3703 5700">
     <span class='ocr_line' id='line_1_129' title="bbox 2106 5621 3703 5700; baseline 0.011 -33"><span class='ocrx_word' id='word_1_971' title='bbox 2106 5628 2233 5700; x_wconf 63' lang='lat' dir='ltr'><strong>sunt</strong></span> <span class='ocrx_word' id='word_1_972' title='bbox 2262 5621 2533 5700; x_wconf 73' lang='lat' dir='ltr'><strong>ambigua,</strong></span> <span class='ocrx_word' id='word_1_973' title='bbox 2568 5629 2627 5672; x_wconf 92' lang='lat' dir='ltr'><strong>ut</strong></span> <span class='ocrx_word' id='word_1_974' title='bbox 2653 5623 2880 5700; x_wconf 62' lang='lat' dir='ltr'><strong>possint</strong></span> <span class='ocrx_word' id='word_1_975' title='bbox 2924 5639 3111 5700; x_wconf 80' lang='lat' dir='ltr'><strong>eorum</strong></span> <span class='ocrx_word' id='word_1_976' title='bbox 3161 5623 3424 5700; x_wconf 73' lang='lat' dir='ltr'><strong>dogmati</strong></span> <span class='ocrx_word' id='word_1_977' title='bbox 3453 5633 3703 5700; x_wconf 76' lang='lat' dir='ltr'><strong>pra-bere</strong></span> 
     </span>
    </p>
   </div>
   <div class='ocr_carea' id='block_1_130' title="bbox 2107 5691 3704 5768">
    <p class='ocr_par' dir='ltr' id='par_1_130' title="bbox 2107 5691 3704 5768">
     <span class='ocr_line' id='line_1_130' title="bbox 2107 5691 3704 5768; baseline 0.011 -24"><span class='ocrx_word' id='word_1_978' title='bbox 2107 5691 2328 5744; x_wconf 71' lang='lat' dir='ltr'><strong>latibula</strong></span> <span class='ocrx_word' id='word_1_979' title='bbox 2356 5732 2372 5756; x_wconf 92' lang='lat'><strong>,</strong></span> <span class='ocrx_word' id='word_1_980' title='bbox 2428 5693 2571 5745; x_wconf 87' lang='lat' dir='ltr'><strong>unde</strong></span> <span class='ocrx_word' id='word_1_981' title='bbox 2599 5691 2669 5745; x_wconf 89' lang='lat' dir='ltr'><strong>ad</strong></span> <span class='ocrx_word' id='word_1_982' title='bbox 2714 5692 3079 5749; x_wconf 86' lang='lat' dir='ltr'><strong>insidiandum</strong></span> <span class='ocrx_word' id='word_1_983' title='bbox 3128 5691 3374 5764; x_wconf 74' lang='lat' dir='ltr'><strong>proSiliat</strong></span> <span class='ocrx_word' id='word_1_984' title='bbox 3411 5691 3704 5768; x_wconf 67' lang='lat' dir='ltr'><strong>bierelicus</strong></span> 
     </span>
    </p>
   </div>
   <div class='ocr_carea' id='block_1_131' title="bbox 2109 5778 2385 5817">
    <p class='ocr_par' dir='ltr' id='par_1_131' title="bbox 2109 5778 2385 5817">
     <span class='ocr_line' id='line_1_131' title="bbox 2109 5778 2385 5817; baseline 0 -2"><span class='ocrx_word' id='word_1_985' title='bbox 2109 5778 2324 5817; x_wconf 74' lang='lat' dir='ltr'><strong>SCIISUS.</strong></span> <span class='ocrx_word' id='word_1_986' title='bbox 2365 5782 2385 5815; x_wconf 70' lang='grc' dir='ltr'><strong>ι</strong></span> 
     </span>
    </p>
   </div>
  </div>
