4206 6174
303 228 415 294 615

1092 206 1378 286 NOTlTiA
1421 222 1920 284 EPlSTOl.AttUM
1952 220 2097 279 non
2137 206 2614 289 EXSTANTIUII,
2655 208 2809 279 aro.

3500 212 3606 279 sit

300 348 624 405 Innocentio
654 346 883 402 redditae
915 355 1066 412 sunt,
1095 345 1271 415 inquit
1304 344 1605 411 Palladius,
1638 360 1760 413 pag.
1784 344 1816 398 9
1846 350 1903 398 et
1933 346 1979 404 Α
2011 342 2159 398 venit
2182 343 2473 415 presbyter
2498 340 3126 410 Constantinopolitanae
3143 340 3403 395 Ecclesiae
3432 340 3616 397 Theo-

308 442 395 507 10,
430 460 448 492 ι
484 450 720 507 quatuor
760 439 1004 508 episcopi
1042 453 1074 493 e
1105 438 1351 507 partibus
1381 437 1607 493 Joannis
1637 437 1739 490 viri
1785 436 1914 490 reli-

303 536 464 605 giosi,
493 532 841 598 PaIISOplIllIS
867 530 1102 593 Pisidiae,
1139 529 1356 597 Pappus
1389 528 1583 599 Syriae,
1604 526 1914 582 l)emetrius

306 626 537 682 Galatiae
580 624 860 689 secundm,
897 622 1175 693 Ettgenius
1205 621 1457 691 Phrygiae
1501 629 1611 674 tres
1649 620 1917 689 epistolas

310 716 679 791 (Innocentio)
735 707 1104 780 tradiderunt,
1161 730 1321 768 nomn
1375 712 1602 769 Joannis
1649 711 1914 782 episcopi,

310 810 544 866 alteram
578 808 646 865 i0
698 810 1086 878 episcoporum
1132 806 1201 861 de
1226 806 1624 859 communione
1662 803 1915 867 Joannis,

314 905 535 957 tertiam
567 899 701 954 cieri
727 897 979 964 Joannis,
1005 911 1199 951 omnes
1230 896 1373 951 inter
1402 911 1461 949 se
1489 895 1918 957 consentientes,

315 1004 375 1052 et
403 993 931 1063 iudiscipltnatorum
981 989 1339 1060 quorumdam
1372 989 1661 1042 tumultum
1712 986 1919 1055 signiti-

320 1099 527 1145 cantes.
563 1105 582 1137 ι
618 1086 656 1139 Ε
697 1085 872 1139 tribus
922 1084 1031 1138 illis
1062 1083 1307 1153 epistolis
1339 1083 1451 1135 sola
1477 1081 1725 1144 Joannis,
1762 1079 1812 1133 id
1841 1086 1926 1133 est

321 1184 574 1254 superior
619 1190 838 1252 quarta,
888 1178 953 1233 ad
1010 1192 1107 1232 nos
1160 1177 1432 1247 pervenit.
1486 1174 1545 1231 Si
1583 1184 1765 1228 autem
1815 1184 1927 1227 tres

323 1277 470 1333 inter
499 1291 556 1330 se
580 1270 1025 1338 eonseoticbant,
1058 1286 1126 1326 ex
1155 1284 1222 1324 eo
1249 1268 1393 1340 quod
1426 1267 1477 1321 in
1506 1266 1735 1335 cpistola
1764 1263 1929 1319 Joan-

326 1374 414 1429 nis
464 1371 761 1425 etiatnnnm
807 1367 1079 1437 legimus.
1126 1380 1231 1419 non
1276 1365 1408 1419 latet
1444 1363 1668 1417 omnino
1700 1359 1830 1430 quid
1876 1358 1926 1412 iti

328 1462 453 1519 aliis
479 1463 690 1517 duabus
713 1458 1066 1515 efferebatur.

404 1558 457 1611 3.
488 1556 636 1609 Anno
666 1552 794 1621 404,
820 1554 959 1607 circa
985 1549 1227 1605 Iunium.
1262 1548 1560 1603 Innocentii
1587 1546 1936 1601 communica-

336 1652 481 1705 toriw
525 1649 711 1702 littera:
748 1647 815 1699 ad
843 1656 1116 1713 utramque
1147 1653 1367 1713 partem.
1397 1672 1467 1686 -——
1490 1642 1642 1696 Tunc
1670 1641 1937 1695 Innocen-

2020 446 2214 490 tecous
2271 435 2511 501 nomine,
2570 435 2805 489 reddens
2850 434 3114 503 epistohs
3162 434 3357 503 synodi
3387 433 3615 488 Joannis

2020 531 2214 601 viginti
2239 530 2480 599 quinque
2505 527 2886 598 episcoporum
2919 541 3011 581 ant
3051 527 3211 596 paulo
3240 527 3381 594 plus,
3415 527 3610 594 quibus

2021 621 2294 677 docebant
2320 621 2662 677 etJoannem
2693 620 2915 675 militari
2942 634 3103 673 manu
3138 620 3277 675 urbe
3308 618 3619 686 espulsum,

2024 726 2077 771 et
2106 716 2374 769 Cucusutn
2407 717 2458 768 in
2491 716 2750 769 exsilium
2779 728 2900 768 esse
2930 714 3182 777 missum,
3208 720 3370 780 atque
3394 727 3627 767 succen-

2026 823 2139 862 sam
2189 823 2313 863 esse
2360 808 2672 862 ecclesiam.
2705 826 2725 859 ι
2779 806 2952 861 Porro
2996 805 3100 860 hoc
3140 806 3453 860 incendium
3484 818 3629 858 anno

2028 902 2156 966 404,
2184 902 2326 957 Junii
2356 903 2426 957 20
2449 902 2556 966 die,
2587 901 2891 971 contigisse
2912 910 3274 955 memoratur.
3304 899 3382 953 Ex
3414 915 3521 968 quo
3545 914 3631 953 se-

2031 996 2232 1064 quitur,
2269 1005 2326 1049 ut
2371 995 2565 1049 eodem
2621 1009 2810 1048 mense
2848 1002 3089 1048 exeunte
3126 994 3326 1048 litteris
3364 993 3472 1047 illte
3502 1008 3629 1046 eon-

2033 1091 2253 1158 scriptte
2292 1090 2519 1144 fuerint.
2572 1088 2626 1141 lu
2648 1087 2853 1141 Codice
2900 1086 3110 1142 Theod.
3166 1086 3261 1141 lib.
3316 1101 3428 1152 xu,
3464 1087 3545 1138 tit.
3575 1086 3633 1151 Ξ,

2035 1182 2123 1236 lex
2150 1183 2219 1235 57
2242 1190 2444 1245 exstat,
2491 1179 2699 1235 mensis
2725 1180 2955 1249 Augusti
2981 1181 3050 1235 99
3081 1180 3171 1233 die
3207 1180 3357 1245 data,
3384 1196 3485 1248 qua
3506 1193 3632 1233 cum

2027 1272 2256 1344 plurimi
2272 1274 2500 1329 Joannis
2519 1273 2707 1328 clerici
2736 1272 2894 1340 hujus
2922 1272 3162 1327 incendii
3186 1287 3245 1326 ea
3257 1286 3350 1326 usa
3374 1272 3637 1326 custodite

2038 1367 2220 1421 traditi
2267 1366 2524 1429 fuissent,
2566 1378 2730 1433 atque
2762 1365 3121 1435 inquisitione
3158 1365 3302 1419 facta
3339 1366 3521 1421 nullus
3555 1370 3635 1419 in-

2040 1468 2233 1514 ventus
2250 1468 2398 1514 esset
2420 1474 2569 1523 reus,
2604 1458 2729 1512 illos
2752 1459 3021 1512 Arcadius
3051 1456 3300 1513 relaxari
3322 1458 3509 1528 jussit.

2113 1552 2165 1606 6.
2210 1550 2406 1605 Eodem
2430 1563 2676 1619 tempore,
2708 1550 2931 1604 Joannis
2964 1553 3252 1605 odrersarii
3295 1552 3544 1605 scribunt.
3572 1583 3639 1593 --

2045 1643 2210 1698 Paulo
2262 1654 2380 1712 post
2439 1641 2643 1703 Aeacii,
2698 1642 2873 1708 Pauli,
2918 1642 3197 1705 Antiochi,
3254 1644 3530 1697 Severiani
3580 1658 3642 1697 ac

334 1743 446 1799 tius
480 1741 597 1811 paci
631 1738 1070 1810 prospiciendum
1099 1749 1273 1801 ratus,
1307 1738 1480 1791 donec
1511 1736 1628 1803 ejus
1662 1732 1941 1786 ﬁrmanda:
1974 1734 2019 1798 Β
2044 1751 2339 1807 paucorum
2386 1736 2615 1789 aliorum
2666 1736 2876 1789 litteras
2918 1735 3151 1803 (Pallad.
3200 1754 3323 1806 pag.
3359 1736 3476 1806 23;"),
3533 1754 3554 1787 ι
3588 1737 3638 1788 iit

336 1843 555 1903 tempus
603 1833 919 1903 allulgeret,
964 1832 1100 1885 duas
1154 1831 1375 1900 scripsit
1422 1828 1718 1899 epistolas,
1773 1841 1933 1879 unatn

340 1926 648 1995 Theophilo
678 1926 836 1995 eique
866 1923 1293 1988 adltterentibus,
1332 1932 1387 1976 et
1410 1922 1638 1975 alteram
1663 1918 1856 1973 Joanni
1876 1931 1941 1971 ac

342 2018 507 2074 sociis
529 2018 728 2086 quibus
750 2017 966 2085 quidem
989 2016 1192 2069 litteris
1216 2015 1430 2083 utrique
1452 2013 1590 2085 parti
1609 2009 1945 2066 communio-

344 2126 469 2166 nem
493 2126 645 2163 snam
668 2108 1033 2180 impertiebat.
1055 2110 1127 2163 lie
1154 2108 1261 2161 illis
1293 2107 1589 2169 Palladius,
1606 2121 1725 2175 cap.
1743 2104 1798 2169 5,
1814 2119 1941 2174 pag.

342 2201 417 2258 22
445 2214 499 2257 et
522 2201 616 2268 ‘23,
649 2202 751 2255 hoc
774 2211 983 2256 tantum
1015 2202 1293 2256 memoriae
1324 2200 1727 2254 commendavit
1759 2215 1771 2251 :
1814 2204 1832 2247 ι
1864 2195 1945 2251 Ad

348 2295 470 2352 haec
496 2297 692 2351 beatus
721 2296 1071 2351 Innocentius
1103 2296 1316 2365 utrique
1347 2294 1489 2362 parti
1530 2308 1686 2364 pares
1740 2293 1949 2345 litteras

350 2388 755 2446 communionis
807 2388 989 2452 misit,
1046 2388 1362 2457 improbans
1406 2386 1671 2455 judicium
1717 2383 1859 2455 quod
1918 2398 1950 2437 a

350 2482 661 2551 'l‘lteophilo
706 2481 907 2536 factum
954 2480 1265 2544 videbatur,
1310 2478 1499 2533 dicens
1544 2478 1746 2531 debere
1791 2474 1949 2528 aliam

356 2576 476 2646 cogi
523 2574 793 2647 synodum
846 2573 1379 2643 irreprehensihilem
1432 2570 1860 2627 Occidentalium
1902 2575 1958 2623 et

359 2669 759 2734 Orientalium;
808 2668 1044 2738 primum
1099 2667 1315 2737 quidem
1359 2662 1743 2720 secedentibus
1769 2660 1958 2716 abillo

361 2780 623 2821 consessu
652 2764 860 2827 amicis,
890 2763 1090 2819 deinde
1123 2775 1175 2818 et
1207 2761 1480 2827 inimicis;
1519 2776 1550 2815 a
1575 2759 1784 2816 neutris
1809 2758 1958 2813 enim

364 2869 423 2915 ut
444 2863 734 2930 plurimum
762 2871 968 2914 rectum
989 2856 1259 2929 proﬁcisci
1278 2855 1567 2925 judicium.
1591 2872 1610 2906 ›
1633 2854 1764 2920 Qute
1781 2859 1961 2904 autem

367 2951 435 3007 ad
468 2961 647 3021 partes
669 2952 893 3007 Joannis
916 2952 1276 3021 scriptaerat,
1303 2965 1332 3003 a
1362 2947 1639 3003 Demetrio
1668 2945 1965 3000 Pisinuntis

370 3044 423 3099 in
456 3044 669 3099 Galatia
701 3044 937 3099 secunda
973 3042 1396 3110 metropolitano
1436 3039 1713 3108 episeopo,
1748 3036 1840 3108 qui
1872 3052 1968 3090 no-

2039 1830 2240 1899 quibus
2284 1828 2762 1883 calutnniabaulur
2806 1827 3095 1883 Joannem.
3149 1834 3301 1898 quasi
3348 1828 3640 1883 ecclesiam

2042 1924 2396 1989 incendisset,
2422 1923 2492 1977 ad
2518 1923 2889 1977 Innocentium
2927 1942 2946 1974 ι
2974 1924 3200 1991 pertulit
3228 1923 3520 1976 homuncio
3546 1923 3645 1976 Pa-

2046 2026 2232 2072 ternus
2256 2016 2496 2079 nomine,
2527 2015 2676 2069 omni
2708 2016 3042 2070 Contumelia
3070 2014 3264 2084 dignus
3286 2055 3301 2079 ,
3335 2028 3433 2068 nec
3461 2015 3526 2067 ad
3554 2029 3648 2068 eas

2047 2110 2394 2165 Innocentius
2422 2107 2754 2175 respondere
2793 2107 3049 2176 dignatus
3076 2118 3181 2162 est.

2122 2206 2174 2258 7.
2216 2203 2417 2257 Eodem
2454 2212 2711 2269 tempore,
2757 2199 2875 2270 Afri
2930 2197 3239 2253 Innocentio
3283 2200 3481 2269 legatos
3528 2215 3649 2252 suos

2051 2296 2426 2352 commendant.
2464 2325 2535 2334 —
2564 2295 2645 2348 Ad
2679 2295 2820 2348 idem
2851 2301 3066 2360 tempus
3095 2294 3329 2346 attint-ut
3368 2291 3652 2361 Carthagi-

2055 2394 2238 2447 nensis
2276 2388 2516 2453 concilii,
2551 2405 2694 2443 anno
2722 2386 2854 2451 ιοι,
2886 2403 2935 2441 Vt
2968 2386 3227 2441 kalendas
3254 2385 3449 2452 Julias,
3487 2386 3653 2439 habiti

2056 2485 2123 2539 ad
2183 2483 2557 2539 Innocentium
2616 2497 2808 2550 papam
2871 2480 3101 2543 litteraz,
3151 2476 3289 2534 Cod.
3340 2495 3467 2533 can.
3520 2480 3654 2533 eccl.

2060 2577 2227 2634 Afric.
2258 2578 2359 2632 sub
2387 2577 2547 2631 finem
2584 2591 2706 2643 cap.
2751 2575 2822 2630 93
2867 2584 3203 2628 menurratat.
3248 2573 3349 2628 Ubi
3378 2576 3523 2628 enitn
3554 2573 3661 2627 huc

2056 2669 2347 2726 concilium
2376 2669 2697 2739 legationem
2732 2666 2983 2722 decrevit
3018 2667 3084 2721 ad
3131 2666 3493 2736 imperatores
3532 2667 3661 2719 mit-

2064 2764 2303 2829 tendam,
2356 2779 2463 2833 qua
2506 2762 2659 2832 leges
2702 2762 2770 2816 ad
2816 2760 3221 2830 reprimendum
3257 2762 3659 2815 Donatisrarum

2062 2857 2419 2929 petulantiam
2470 2866 2815 2924 rogarentur,
2883 2856 3065 2907 statim
3125 2855 3321 2907 addit:
3378 2874 3396 2905 ι
3449 2854 3665 2907 Litterae

2066 2950 2229 3006 etiam
2257 2949 2322 3005 ad
2373 2949 2687 3018 episcopum
2730 2948 2993 3003 Romamn
3042 2947 3301 3002 Ecclesiae
3328 2961 3428 3016 pro
3460 2946 3667 3014 legato-

2072 3061 2191 3101 rum
2213 3043 2688 3099 commendatione
2722 3040 3034 3097 mittendae.
3076 3060 3097 3092 ι
3133 3039 3269 3095 Tum
3306 3040 3474 3108 leguli
3504 3040 3670 3093 desti-

370 3138 598 3192 vissime
639 3150 761 3191 cum
788 3134 1121 3205 PansOphio,
1165 3132 1351 3204 Pappo
1382 3142 1437 3186 et
1466 3129 1712 3200 Eugenio
1741 3128 1968 3181 Romam

2074 3140 2187 3194 nati
2217 3138 2479 3194 'l‘hoasius
2514 3145 2573 3193 et
2603 3136 2862 3203 Evodius,
2897 3137 3068 3206 iisque
3108 3134 3249 3189 data:
3294 3146 3525 3204 quatuor
3552 3135 3670 3205 epi-

376 3239 625 3295 venerat,
656 3228 867 3299 perlata
898 3238 1002 3282 est.
1034 3225 1335 3295 Eugenium
1369 3239 1501 3278 vero
1544 3223 1643 3275 hac
1685 3221 1971 3275 occasione

375 3321 654 3378 Orientem
689 3320 1047 3392 percurrisse,
1095 3329 1260 3388 atque
1315 3317 1435 3371 istis
1481 3313 1781 3369 Innocentii
1818 3326 1974 3382 papa:

377 3416 582 3471 litteris
627 3417 864 3470 ostensis
898 3412 1272 3467 Romanorum
1307 3424 1431 3464 cum
1474 3407 1689 3462 Joanne
1721 3406 1975 3474 episc0po

380 3511 816 3566 communionem
868 3509 1128 3579 probasse
1167 3505 1469 3569 Palladius,
1503 3518 1628 3574 pag.
1660 3502 1750 3568 ‘27,
1788 3500 1972 3554 tradit.

380 3604 479 3663 Hie
511 3604 706 3658 littera:
733 3602 1142 3656 ablnnocentio
1176 3600 1324 3654 brevi
1369 3596 1656 3652 intervallo
1689 3604 1976 3664 postquam

382 3698 702 3768 superiores
726 3712 823 3751 seu
853 3693 1169 3764 Theophili,
1212 3708 1307 3747 seu
1354 3689 1582 3747 Joannis
1612 3688 1840 3758 ejusque
1861 3701 1976 3757 par-

383 3790 521 3845 tium
550 3789 783 3858 accepit,
810 3786 1142 3841 transmissae
1171 3790 1321 3839 sunt.

458 3882 514 3935 4.
576 3881 726 3935 Circa
780 3882 917 3933 idem
971 3890 1171 3947 tempus
1235 3877 1419 3930 littera:
1474 3872 1751 3944 TlteOpItili
1806 3880 1985 3925 contra

389 3975 665 4030 Joannem.
698 4007 770 4016 —
812 3975 1019 4029 Exinde
1049 3972 1368 4027 Innocentio
1395 3970 1619 4025 redditae
1646 3978 1775 4024 sunt
1820 3970 1987 4023 itera-

388 4076 462 4123 ta:
494 4067 779 4137 Theophili
807 4066 1173 4123 Alexandrini
1198 4066 1443 4135 episcopi
1468 4063 1773 4129 littertc,de
1795 4064 1991 4134 quibus

391 4160 667 4216 Palladius
696 4161 813 4215 haec
854 4160 1022 4215 habet
1052 4177 1064 4212 :
1096 4158 1288 4214 Paucis
1320 4168 1441 4228 post
1474 4157 1689 4223 diebus,
1720 4173 1877 4226 quam
1908 4157 1990 4210 ln-

398 4254 687 4308 n0centins
722 4254 966 4323 proxime
993 4250 1168 4307 dictas
1198 4253 1461 4322 epistolas
1485 4250 1820 4319 scripsisset,
1852 4268 1871 4301 ι
1898 4247 1996 4303 ad—

400 4350 547 4403 venit
580 4348 802 4418 quidam
834 4340 1128 4417 Theophili
1153 4347 1438 4418 presbyter
1456 4346 1659 4402 Petrus
1699 4361 1821 4400 cum
1855 4346 1997 4400 Mar-

402 4443 542 4514 Iyrio
560 4444 809 4497 ecclesia:
830 4441 932 4497 CP.
958 4441 1207 4508 diacono,
1227 4442 1317 4512 qui
1343 4440 1997 4510 reddideruntTheophili

2074 3236 2264 3299 stolae,
2297 3250 2434 3305 quas
2465 3233 2746 3289 Possidius
2792 3233 2845 3287 in
2880 3232 3134 3303 catalogo
3173 3232 3530 3302 epistularum
3573 3230 3679 3286 Au-

2074 3330 2273 3399 gustini
2323 3330 2401 3384 sic
2442 3329 2697 3383 continua
2744 3328 2890 3383 serie
2932 3336 3231 3383 recenset:
3282 3347 3304 3380 ε
3352 3327 3680 3384 Innocentio

2079 3424 2357 3491 episcopo,
2388 3420 2839 3490 imperatoribus,
2891 3420 3199 3486 Stilichooi,
3249 3422 3527 3490 praefectis
3576 3420 3686 3475 Ita-

2080 3512 2185 3565 lim.
2227 3530 2245 3564 ι
2281 3510 2436 3566 Unde
2464 3510 2681 3567 litteras
2725 3511 2848 3566 illas
2891 3510 2961 3564 ab
3005 3510 3309 3582 Augustino
3342 3512 3684 3581 conscriptas

2084 3618 2205 3659 esse
2227 3604 2524 3673 colligitur.

2157 3697 2211 3751 8.
2253 3694 2404 3750 Circa
2452 3711 2673 3748 mensem
2722 3695 3011 3766 Augustum
3057 3695 3295 3749 rescribit
3345 3694 3687 3750 Innocentius

2086 3789 2340 3861 episcopis
2361 3788 2549 3859 synodi
2571 3786 2820 3843 Joannis.
2856 3818 2924 3829 -—
2966 3787 3318 3842 Innocentius
3350 3789 3686 3853 Tltcoteono,

2090 3882 2179 3952 qui
2212 3883 2590 3951 episcoporum
2630 3881 2824 3953 synodi
2868 3880 3095 3937 Joannis
3124 3881 3384 3951 epistulas
3422 3883 3522 3952 ipsi
3550 3891 3693 3938 attu-

2092 3976 2249 4042 lerat,
2300 3976 2506 4032 litteras
2535 3976 2603 4030 ad
2642 3975 2909 4031 Joannem
2940 3992 3001 4030 ac
3038 3986 3269 4031 caeteros
3297 3978 3696 4033 communionis

2093 4072 2210 4142 ejus
2233 4072 2409 4128 socios
2428 4070 2689 4138 reddidit,
2716 4071 2915 4141 quibus
2936 4090 2960 4122 ς
2991 4086 3085 4126 eos
3109 4087 3234 4126 cum
3271 4071 3524 4142 lacrymis
3552 4071 3697 4127 bono

2096 4168 2279 4219 animo
2308 4180 2431 4220 esse
2465 4164 2819 4219 hortabatur:
2864 4164 3135 4233 siquidem
3186 4178 3345 4234 Opem
3391 4165 3498 4218 illis
3524 4164 3693 4228 ferre,

2099 4260 2222 4329 quia
2262 4264 2515 4329 potentes
2544 4257 2613 4312 ad
2662 4256 2864 4311 malum
2906 4259 3220 4323 obstarent,
3278 4274 3384 4311 non
3432 4266 3635 4325 posset.
3673 4273 3694 4310 ι

2103 4353 2192 4410 Sic
2230 4367 2396 4420 porro
2438 4352 2762 4419 loquebatur
2812 4351 3193 4415 Innocentius,
3242 4352 3367 4419 quia
3419 4350 3703 4405 manifesta

2107 4441 2327 4499 Honorii
2357 4452 2411 4498 et
2444 4441 2660 4498 Arcadii
2698 4442 2923 4497 dissidia
2955 4443 3345 4512 impedimento
3365 4452 3545 4504 erant.
3574 4460 3707 4510 quo-

404 4535 619 4590 Iitteras
649 4552 770 4591 cum
802 4536 1127 4606 quibusdam
1158 4537 1346 4605 gestis,
1394 4534 1446 4589 in
1485 4534 1679 4605 quibus
1704 4532 1942 4589 Jo:ttmes
1970 4547 1999 4586 a
2028 4514 2082 4575 D
2108 4536 2287 4591 minus
2312 4533 2640 4601 concilium,
2670 4533 2725 4589 in
2767 4550 2876 4600 quo
2914 4535 3072 4589 malis
3100 4535 3361 4590 Ecclesiae
3400 4536 3705 4591 remedium

407 4627 626 4698 triginta
658 4642 754 4682 sex
784 4628 1077 4697 episcopis,
1111 4641 1345 4696 quorum
1375 4626 1563 4697 viginti
1595 4641 1789 4680 novem
1832 4623 2002 4695 Egy-

405 4721 528 4793 ptii,
580 4732 634 4776 et
685 4724 912 4775 aliarum
957 4723 1243 4791 regionum
1275 4730 1483 4789 septem
1536 4729 1713 4787 erant,
1748 4718 2007 4773 condem-

409 4824 575 4869 natus
606 4812 909 4869 videbatur.
948 4833 965 4865 )
1002 4812 1095 4868 His
1125 4823 1306 4867 autem
1334 4811 1470 4866 actis
1500 4812 1779 4882 perlectis,
1813 4810 2004 4864 eodem

411 4905 658 4962 Palladio
702 4916 867 4975 teste,
919 4926 937 4959 ‹
988 4906 1167 4960 nullas
1200 4920 1395 4975 graves
1437 4920 1559 4958 csse
1609 4904 2007 4971 accusationes,

413 5016 594 5069 neque
642 4999 906 5054 Joannem
966 4998 1231 5065 adfuisse,
1286 5012 1461 5065 neque
1492 5012 1673 5051 curant
1709 4994 2009 5063 reprehen-

413 5107 535 5147 sunt
567 5106 689 5146 esse
724 5110 742 5143 ι
772 5091 1119 5146 Ιηῐιυορῐιῑῖυε
1156 5092 1446 5155 Comperit.
1478 5082 1705 5143 Litteris
1740 5085 1847 5140 illis
1886 5087 2012 5154 quid

410 5185 763 5253 rescripserit
794 5187 837 5238 is
870 5200 1027 5254 papa,
1058 5187 1108 5235 iit
1135 5183 1254 5250 ejus
1283 5181 1512 5250 epistola
1542 5182 1575 5235 5
1600 5179 1785 5247 legere
1814 5188 1917 5232 est.

491 5280 546 5336 5.
576 5279 725 5332 Anno
751 5277 877 5346 ἀοι,
910 5295 1080 5331 mense
1117 5274 1298 5329 Junio.
1330 5274 1539 5328 Litterae
1570 5291 1663 5342 pro
1694 5271 1921 5326 Joanne.
1947 5302 2016 5314 ο-

419 5372 525 5429 Vix
557 5373 840 5427 dimiserat
873 5373 1223 5427 Innocentius
1248 5372 1464 5424 Petrum
1489 5367 1897 5439 etiiIat-lytintn,
1927 5369 2016 5438 qui

424 5469 727 5538 proximam
772 5466 1060 5535 Theophili
1093 5464 1380 5535 epistolam
1422 5463 1743 5523 attulerant,
1776 5478 1897 5515 cum
1940 5463 2021 5515 vi-

428 5561 562 5633 ginti
586 5562 825 5633 quinque
856 5562 1240 5633 episcoporum
1270 5574 1333 5614 ac
1364 5558 1526 5629 paulo
1547 5556 1807 5627 amplius,
1835 5553 1925 5626 qui
1956 5555 2024 5612 de

432 5653 659 5712 Joannis
702 5658 912 5727 synodo
955 5664 1142 5722 erant,
1175 5656 1385 5712 litteras
1415 5654 1645 5728 accepit.
1677 5654 1908 5728 Quippe,
1945 5656 2027 5711 in-

436 5750 555 5823 quit
579 5748 874 5816 Palladius,
905 5762 1023 5819 pag.
1063 5746 1155 5819 9.5,
1191 5768 1209 5802 ι
1251 5750 1465 5810 modico
1504 5756 1629 5825 post
1661 5758 1907 5821 tempore
1934 5749 2022 5807 ad-

2107 4627 2460 4699 qumrendum
2506 4637 2643 4693 erat,
2678 4638 3099 4683 convocaretttr.
3147 4627 3493 4683 Theotecnus
3524 4635 3703 4682 autem

2107 4721 2491 4791 episcoporum
2536 4720 2728 4791 synodi
2765 4718 2993 4774 Joannis
3038 4720 3299 4789 epistolas
3338 4719 3404 4773 ad
3447 4719 3713 4774 innocen-

2112 4814 2245 4869 titttn
2276 4813 2604 4883 perlaturus,
2639 4821 2756 4881 post
2784 4812 3083 4866 illnensis
3108 4811 3257 4867 Junii
3282 4812 3425 4867 diem
3454 4810 3715 4868 Constan-

2113 4905 2341 4976 tinopoli
2372 4905 2597 4959 Romam
2630 4906 2902 4974 prolectus
2928 4906 3141 4961 fuerat:
3173 4907 3419 4977 adeoque
3443 4922 3543 4961 nec
3566 4907 3711 4976 quod

2114 4998 2222 5053 illis
2277 4998 2559 5065 rescripsit
2608 4995 2981 5063 Innocentius,
3016 4998 3180 5053 citius
3236 5015 3422 5055 mense
3472 5001 3715 5071 Augusto

2116 5091 2481 5161 subsequente
2507 5088 2647 5144 tradi
2678 5090 2855 5146 cidem
2882 5091 3082 5160 potuit.

2192 5182 2244 5238 9.
2288 5183 2436 5237 Anno
2456 5181 2583 5248 άοι,
2615 5182 2753 5236 circa
2782 5180 3062 5249 Novemb.,
3107 5182 3395 5255 Porphyrii
3438 5187 3509 5237 ad
3549 5183 3714 5237 Inno-

2121 5278 2343 5332 centium
2371 5277 2577 5333 littertc.
2605 5308 2677 5319 —
2700 5275 2838 5332 Cum
2874 5279 2926 5332 in
2955 5278 3215 5334 Armenia
3249 5281 3524 5334 exsularet
3553 5278 3717 5331 Joan-

2125 5385 2223 5426 nes
2251 5368 2701 5441 Chrysostomus.
2734 5372 2935 5425 accidit
2964 5382 3023 5425 ut
3065 5371 3357 5426 Flavianus
3386 5368 3722 5424 Antiochen-

2125 5466 2200 5520 sis
2239 5465 2525 5533 epiSCOjtus
2574 5472 2875 5518 moreretur
2928 5463 3164 5531 (Pallad.
3223 5480 3343 5533 pag.
3396 5460 3541 5530 144).
3585 5461 3720 5515 Tum

2128 5556 2461 5629 Porphyrius
2492 5556 2542 5610 in
2584 5557 2702 5627 ejus
2750 5556 2925 5612 locum
2969 5556 3036 5612 ab
3067 5556 3283 5621 Aetii-io,
3329 5555 3626 5611 Severiano
3672 5564 3731 5610 ct

2127 5653 2402 5710 Antiocho
2428 5651 2736 5717 ordinatus,
2753 5651 2819 5707 de
2846 5651 3189 5708 ordinatione
3218 5665 3316 5706 sua
3342 5648 3729 5708 Innocentium

2134 5746 2318 5807 statim
2352 5744 2644 5804 certiorem
2673 5742 2822 5803 fecit.
2858 5743 3080 5815 Verum,
3123 5742 3368 5803 Palladio
3402 5751 3574 5816 «teste,
3600 5760 3737 5820 pag.
