4206 6174
583 286 691 343 615

1352 288 1707 346 ΑΡΡΕΝΒΙΧ
1747 290 1839 345 AD
1880 289 2258 349 EPISTOLAS
2298 289 2353 345 S.
2399 290 2792 348 INNOCENTII
2830 290 2849 346 Ι
2887 289 3116 349 ΡᾹΡᾹΞ.

3777 290 3880 348 616

586 405 709 469 Ml,
753 404 1053 460 Innocentii
1102 420 1370 475 responso
1415 407 1610 479 dignus
1652 408 1868 464 habitus
1918 426 2025 464 non
2059 409 2177 464 fuit.
2209 413 2262 473 Α
2291 410 2621 479 repellendis
2657 430 2673 462 ι
2706 410 2859 482 (Cod.
2896 408 2995 463 Th.
3030 409 3120 463 lib.
3151 423 3270 474 xvi,
3315 406 3398 461 tit.
3451 406 3505 470 4,
3540 408 3641 480 leg.
3687 405 3769 475 6),
3794 407 3881 463 vel

582 498 750 566 Quatn
783 500 1020 568 perversi
1050 499 1247 554 fuerint
1286 501 1430 556 illius
1458 518 1659 567 mores,
1695 504 1810 558 fasc
1838 505 1978 559 idem
2004 504 2179 558 Palla-

581 590 727 656 dius,
764 606 882 659 pag.
918 592 1021 645 142
1061 602 1114 646 et
1159 608 1275 662 seq.
1326 595 1567 659 exponit.
1617 595 1695 649 Ex
1738 596 1951 649 Arcadii
2002 607 2181 651 autem

580 684 995 751 constitutione,
1027 702 1146 756 quia
1170 687 1357 742 Codici
1381 689 1588 744 Tlteod.
1613 691 1708 745 lib.
1730 707 1849 755 xvi,
1876 692 1959 744 tit.
1988 695 2039 755 4,
2070 691 2177 760 leg.

581 777 635 841 6,
667 777 867 831 inserta
898 789 1002 843 est,
1036 780 1398 850 Porphyrium
1427 797 1572 835 anno
1604 782 1743 846 4L4,
1772 793 1898 836 ante
1932 784 1996 837 18
2030 797 2182 837 inen-

576 870 652 927 sis
679 870 1007 927 Novembris
1032 874 1175 928 diem
1209 875 1520 929 ordinatum
1552 875 1721 930 fuisse
1745 885 1978 930 constat.

656 966 742 1021 10.
785 967 934 1020 Anno
958 969 1086 1032 405,
1119 968 1453 1023 Innocentius
1481 970 1549 1022 ad
1573 971 1727 1041 Afros
1754 972 2017 1033 rescribit,
2043 972 2179 1040 ejus.

579 1078 677 1131 que
703 1062 888 1115 litterw
915 1062 968 1115 in
996 1063 1214 1117 concilio
1254 1064 1559 1119 recitantur.
1592 1094 1661 1105 —
1691 1066 1745 1118 In
1775 1064 2007 1119 concilio
2049 1063 2182 1118 Car-

581 1153 910 1223 thaginensi,
952 1155 1095 1225 quod
1128 1172 1271 1209 anno
1309 1156 1434 1221 405,
1466 1173 1493 1209 x
1524 1155 1781 1210 kalendas
1816 1155 2176 1225 Septembris,

578 1250 909 1304 celebratum
940 1259 1045 1315 est,
1072 1253 1315 1305 recitata:
1335 1260 1459 1304 sunt
1482 1251 1784 1305 Innocentii
1816 1250 2033 1314 litterm,
2064 1251 2182 1318 qui-

579 1342 684 1397 bus
708 1344 1008 1397 cavebatur
1038 1359 1105 1398 ne
1127 1343 1192 1397 ad
1220 1344 1581 1398 transmarina
1601 1344 1840 1412 episcopi
1872 1342 2028 1396 facile
2056 1356 2181 1410 per—

578 1446 770 1505 gerent
798 1434 955 1507 (Cod.
987 1453 1105 1489 catt.
1143 1436 1269 1490 cccl.
1330 1437 1474 1504 A{r.,
1524 1454 1568 1491 c.
1623 1436 1735 1507 94).
1786 1435 1880 1491 Ila:
1919 1436 2087 1488 Roma
2124 1436 2177 1488 in

580 1528 817 1585 Africam
850 1530 1030 1585 I‘CIIII'J.‘
1061 1529 1360 1583 creduntur
1392 1544 1490 1597 per
1515 1528 1807 1583 Theasinm
1840 1538 2000 1597 atque
2043 1528 2181 1580 Evo-

578 1622 752 1687 dinm,
786 1622 877 1692 qui
925 1639 1113 1676 mense
1143 1621 1303 1677 .Iunio
1352 1622 1477 1675 anni
1525 1621 1631 1676 404
1672 1620 1739 1675 ad
1792 1622 2176 1689 imperatorem

579 1729 702 1769 cum
730 1714 926 1769 litteris
966 1714 1034 1767 ad
1068 1712 1442 1768 Innocentium
1471 1713 1629 1782 legati
1660 1702 1895 1766 Inerant.
1927 1711 2021 1767 Ubi
2048 1727 2178 1766 vero

2284 504 2504 575 aliquod
2537 507 2828 574 posterius,
2862 506 2914 560 in
2959 520 3067 575 quo
3116 503 3280 571 priori
3326 516 3501 573 poena:
3551 501 3762 569 adjecta
3812 502 3883 557 sit

2284 600 2481 653 mulcta
2507 600 2772 669 pecnnim.
2790 598 2952 668 Atqui
2979 596 3190 652 Arcadii
3213 595 3529 651 constitutio
3554 594 3618 648 ad
3640 606 3880 650 rectores

2286 691 2693 760 provinciarum
2724 691 2847 745 data
2886 690 3083 759 legitur
3132 704 3218 743 xiv
3267 687 3528 741 kalendas
3566 685 3880 742 Decembris

2282 780 2386 836 (ΖΡ.
2421 783 2662 837 Honorio
2692 794 2747 838 et
2774 784 3101 837 Aristentcto
3128 796 3274 836 coss.
3296 823 3310 846 ,
3336 779 3440 836 hoc
3465 788 3550 834 est
3576 795 3719 833 anno
3749 778 3877 847 404,

2282 879 2487 933 mensis
2517 876 2844 932 Novembris
2880 876 3075 931 IS‘die.
3104 875 3179 930 Ex
3209 892 3316 946 quo
3347 873 3632 945 praedictas
3654 871 3882 943 quinde-

2282 972 2386 1026 cim
2416 972 2796 1041 episcoporum
2830 971 3041 1024 litteras
3066 969 3379 1024 Innocentio
3399 976 3525 1023 ante
3554 968 3763 1023 initium
3787 982 3883 1023 an-

2283 1064 2334 1117 ni
2363 1064 2466 1117 405
2498 1063 2647 1116 reddi
2695 1063 3009 1130 nequivisse
3038 1062 3345 1126 coniicitur,
3378 1060 3591 1114 tametsi
3619 1076 3712 1116 eas
3739 1061 3881 1117 exis-

2280 1156 2475 1209 timare
2503 1155 2663 1209 liceat
2688 1154 2830 1209 circa
2859 1156 3064 1210 exitum
3090 1155 3217 1208 anni
3251 1152 3355 1209 404
3386 1153 3743 1222 conscriptas.

2357 1250 2443 1303 I5.
2487 1249 2669 1319 Anysii
2718 1247 3076 1301 'I'Itessalonic.
3132 1247 3358 1318 episcopi
3408 1246 3476 1299 ad
3520 1244 3882 1300 Innocentium

2283 1342 2522 1412 cpistola.
2548 1372 2617 1381 ——
2648 1341 2793 1396 Idem
2827 1341 3084 1412 Enlysius
3111 1339 3274 1394 simul
3302 1340 3367 1392 ad
3392 1338 3764 1393 Innocentium
3798 1349 3880 1394 at-

2284 1435 2405 1489 tulit
2448 1434 2731 1505 epistolam
2764 1454 2782 1485 ι
2819 1434 3006 1506 Anysii
3034 1433 3225 1503 Optimi
3255 1432 3405 1487 senis
3436 1474 3449 1497 ,
3497 1451 3515 1484 ι
3554 1443 3612 1486 ιιι
3640 1433 3881 1502 loquitur

2283 1528 2576 1595 Palladius,
2608 1544 2728 1598 pag.
2753 1528 2844 1595 Q7,
2876 1547 2894 1579 ι
2929 1528 3018 1597 qui
3052 1527 3307 1581 Romana)
3333 1525 3586 1581 Ecclesix
3613 1527 3691 1597 (in
3716 1540 3878 1581 causa

2255 1623 2527 1692 Joannis)
2552 1623 2760 1691 judicio
2792 1632 2939 1677 stare
2965 1637 3026 1677 se
3055 1620 3349 1676 scribebat.
3390 1638 3409 1672 ›

2356 1716 2443 1771 14.
2486 1716 2728 1771 Edictum
2759 1726 2939 1769 contra
2970 1714 3184 1769 clericos
3236 1714 3324 1784 qui
3352 1730 3466 1767 cum
3496 1710 3702 1767 Joanne
3740 1730 3880 1767 cont-

578 1808 821 1861 recitatte
849 1814 979 1860 sunt
1004 1806 1275 1875 prwdictae
1311 1806 1609 1859 Innocentii
1644 1805 1863 1870 litterae,
1900 1823 1917 1855 ι
1949 1804 2049 1857 ltoc
2092 1802 2175 1873 ip-
2206 1803 2254 1862 B
2284 1811 2633 1864 inunicabant.
2663 1840 2734 1852 -—
2767 1810 2964 1880 Elapso
2989 1824 3175 1863 mense
3202 1819 3319 1878 post
3352 1810 3645 1862 adventum
3666 1806 3879 1879 Cyriaci

577 1916 723 1967 sum,
762 1920 780 1952 ›
815 1899 959 1969 qund
994 1900 1043 1952 in
1082 1900 1193 1954 illis
1228 1898 1704 1970 praescribebatur,
1745 1916 1762 1949 ι
1797 1899 2173 1967 episcoporum

580 1997 867 2051 sententiis
897 1995 1277 2049 conﬁrmatum
1328 1994 1448 2048 Ittit.
1488 2013 1506 2045 ι
1542 1993 1658 2048 Jam
1704 2004 1863 2047 antea
1911 1993 1964 2048 in
1994 1991 2178 2047 Sardi-

576 2090 725 2143 censi
758 2089 1013 2153 concilio,
1042 2102 1163 2142 can.
1194 2087 1248 2152 8,
1291 2087 1525 2140 maxime
1556 2096 1777 2155 propter
1800 2085 1959 2140 Afros
1989 2086 2177 2140 decre-

577 2190 689 2235 tutu
724 2179 920 2243 fuerat,
970 2199 987 2231 ι
1023 2196 1090 2235 ne
1127 2181 1366 2250 episcopi
1411 2180 1477 2234 ad
1525 2181 1841 2233 comitatum
1892 2181 2173 2247 accedant,

576 2273 681 2329 nisi
707 2273 848 2327 forte
882 2273 914 2326 ii
943 2273 1034 2342 qui
1065 2272 1460 2341 religiosissimi
1502 2272 1843 2341 imperatoris
1873 2273 2065 2326 litteris
2096 2272 2177 2327 in-

572 2371 722 2425 vitati
759 2371 959 2424 fuerint
988 2369 1072 2423 vel
1100 2372 1298 2435 vocati,
1334 2388 1352 2420 ι
1388 2384 1513 2423 cum
1539 2368 1796 2422 videlicet
1837 2369 2177 2438 expostulas-

573 2472 659 2518 set
688 2462 885 2518 Gratus
916 2462 1357 2532 Carthaginensis
1385 2463 1699 2531 episc0pus,
1743 2462 1885 2531 quod
1927 2478 1987 2516 ea
2020 2464 2088 2516 de
2118 2478 2175 2517 re

574 2571 670 2611 sua
724 2556 893 2623 ipsius
937 2556 1167 2609 consilia
1223 2567 1637 2626 spernerentur.
1694 2556 1771 2610 Ne
1825 2567 2001 2611 tamen
2050 2557 2174 2610 hinc

571 2663 891 2703 communes
914 2648 1271 2702 ecclesiarum
1304 2648 1562 2703 utilitates
1587 2648 1781 2718 negligi
1807 2650 2171 2719 contingeret,

571 2743 780 2797 addidit
806 2741 1000 2797 eadem
1030 2741 1295 2813 synodus,
1327 2757 1447 2795 can.
1480 2743 1535 2809 9,
1566 2753 1621 2795 ut
1650 2743 1693 2795 si
1719 2742 1961 2811 episcopi
1988 2756 2174 2810 preces

570 2852 669 2907 pro
695 2837 870 2891 viduis
899 2847 989 2890 aut
1020 2837 1242 2906 pupillis
1268 2836 1467 2891 aliisve
1500 2837 1680 2906 iniqua
1710 2838 1759 2890 vi
1789 2838 2063 2906 oppressis
2088 2835 2167 2890 of-

568 2931 822 2988 ferendas
859 2931 1146 2996 baberent,
1181 2947 1288 2985 non
1321 2929 1625 2999 perferrent
1674 2930 1774 2999 ipsi
1825 2946 1919 2999 per
1963 2944 2041 2990 se,
2078 2929 2171 2981 sed

574 3042 596 3078 ι
650 3041 748 3095 per
791 3025 1054 3079 diaconos
1103 3039 1230 3079 soos
1283 3038 1377 3077 cas
1420 3023 1780 3077 destinarent.
1832 3041 1853 3075 ι
1912 3020 2173 3089 Quocirca

572 3119 891 3189 priedictum
917 3116 1315 3183 Ct)lICIIttlm,'In
1346 3133 1453 3186 quo
1485 3118 1723 3171 recitata:
1751 3126 1876 3169 stmt
1902 3115 2170 3171 Innocen-

2280 1904 2657 1975 Synnadorum
2701 1903 2962 1975 episc0pi,
3010 1902 3234 1956 Romam
3278 1903 3405 1957 item
3443 1904 3665 1960 accessit
3699 1902 3878 1957 Palla-

2280 1996 2402 2051 dius
2450 1998 2802 2066 llelenOpolis
2872 1998 3205 2068 CpISCIIpUS,
3268 1996 3546 2052 Lausiacze
3597 1996 3873 2066 scriptor,

2280 2090 2591 2159 exemplum
2620 2091 2802 2145 ferens
2831 2089 3017 2155 edicti,
3044 2089 3187 2160 quod
3216 2089 3487 2145 Palladius
3511 2092 3647 2144 alter
3675 2090 3727 2144 in
3757 2088 3877 2144 Vita

2279 2183 2687 2255 Cltrysostomi,
2723 2200 2843 2253 pag.
2874 2185 2966 2250 27,
3014 2185 3093 2239 sic
3140 2184 3391 2255 exprimit
3426 2204 3439 2240 :
3479 2203 3498 2236 ι
3536 2171 3879 2253 Quicumque

2280 2278 2640 2333 occultaverit
2690 2278 2913 2331 omnino
2955 2276 3271 2347 episcopum
3322 2286 3415 2332 aut
3477 2277 3731 2332 clericum
3788 2277 3877 2347 qui

2279 2370 2645 2425 communicet
2673 2384 2795 2424 cum
2827 2369 3058 2435 Joanne,
3103 2370 3299 2424 donms
3328 2369 3446 2439 ejus
3488 2370 3811 2441 publicetur.
3854 2389 3873 2421 ι

2278 2466 2484 2533 Quibus
2512 2465 2692 2520 verbis
2714 2481 2833 2520 eum
2865 2475 3055 2520 notare
3082 2480 3143 2519 ac
3172 2465 3483 2519 summatim
3511 2464 3879 2534 perstringere

2280 2560 2411 2614 illttd
2445 2560 2797 2623 arbitramur,
2832 2559 2973 2630 quod
3006 2559 3295 2625 Arcadius,
3324 2574 3466 2613 anno
3495 2560 3623 2625 404,
3651 2561 3878 2628 Augusti

2277 2657 2349 2711 29
2376 2657 2463 2711 die
2492 2658 2672 2712 sanxit
2714 2658 2767 2711 in
2802 2657 2943 2712 hunc
2972 2655 3189 2711 modum
3226 2675 3239 2709 :
3270 2674 3289 2706 ι
3330 2654 3440 2710 Nec
3469 2654 3877 2725 pro.~criptionis

2279 2750 2522 2820 pericqu
2553 2750 2743 2806 domus
2770 2759 3014 2813 careant,
3046 2764 3181 2819 quas
3208 2749 3497 2817 episcopos
3534 2748 3619 2801 vel
3646 2747 3875 2801 clericos

2278 2844 2593 2912 peregrinos
2626 2852 2745 2912 post
2776 2842 3199 2911 publicationem
3240 2840 3544 2894 edictorum
3590 2846 3647 2893 et
3674 2848 3876 2891 nostra:

2277 2935 2589 2989 serenitatis
2610 2935 2805 2989 allatus
2828 2933 3143 3005 probabitur
3169 2933 3475 3002 suscepiSse
3509 2949 3522 2985 :
3560 2933 3670 3000 pari
3700 2931 3873 2985 Iorma

2278 3034 2562 3097 servanda,
2606 3032 2649 3085 si
2696 3047 2817 3100 qua:
2846 3031 3040 3084 domus
3066 3030 3214 3084 cives
3242 3029 3474 3084 clericos
3516 3043 3653 3083 nova
3694 3043 3757 3082 ac
3788 3036 3878 3081 tu-

2277 3125 2548 3180 multuosa
2588 3127 2963 3181 conventicula
2997 3136 3151 3182 extra
3193 3128 3479 3181 ecclesiam
3529 3124 3876 3180 celebrantes

567 3210 626 3265 tii
660 3210 876 3273 litterae,
917 3228 936 3259 (
978 3219 1035 3263 ιιι
1065 3222 1287 3279 propter
1314 3210 1611 3277 gratiarum
1655 3210 1931 3264 actionem
1980 3220 2035 3264 et
2078 3226 2170 3263 ex-
2200 3197 2245 3260 C
2277 3220 2617 3287 suscapcrim
2655 3239 2673 3270 ,
2714 3218 2867 3287 (οοά,
2904 3218 3004 3272 Th,
3039 3220 3131 3285 ub,
3164 3236 3278 3282 xw,
3317 3220 3396 3273 ιει,
3431 3218 3487 3282 2,
3520 3218 3618 3288 (eg,
3649 3217 3761 3277 37),

564 3301 861 3355 clusionem
886 3301 1287 3354 Donatistarum
1309 3300 1417 3354 duo
1448 3301 1631 3354 clerici
1665 3302 1914 3355 ecclesia:
1944 3300 2169 3356 Cartlta-

566 3394 806 3466 ginensis
849 3396 981 3465 (non
1024 3394 1131 3448 duo
1175 3392 1439 3463 episcopi)
1481 3392 1549 3447 ad
1591 3395 1903 3449 comitatum
1949 3397 2169 3449 mittan-

565 3496 670 3552 tur,
708 3508 726 3541 ι
758 3487 1057 3543 constituit.

642 3582 730 3636 II.
773 3580 925 3637 Circa
952 3582 1162 3635 initium
1188 3598 1312 3635 ann.
1342 3581 1471 3648 405,
1521 3581 1795 3653 Emsuperii
1828 3583 2061 3652 epistola.
2096 3612 2167 3623 ——

565 3675 648 3733 Ad
674 3678 799 3730 anni
826 3678 935 3732 605
967 3677 1116 3730 initia
1152 3679 1425 3747 pertinere
1470 3677 1683 3732 videtur
1727 3678 2012 3746 Exsuperii
2064 3677 2166 3730 To-

562 3768 735 3824 Iosani
763 3770 1001 3840 episcopi
1031 3769 1262 3836 epistola
1298 3774 1478 3825 varias
1508 3771 1885 3839 complectens
1912 3770 2166 3839 qttzestio-

564 3878 681 3925 nes,
708 3862 899 3931 quibus
930 3862 1277 3919 Innocentius
1305 3879 1397 3932 per
1426 3864 1713 3933 epistolam
1746 3866 1777 3919 6
1808 3864 2089 3918 satisfacit.

643 3955 730 4010 12.
777 3955 1087 4021 Quindecim
1127 3958 1489 4025 episcoporum
1520 3958 1590 4009 ad
1628 3955 1990 4011 Innocentium
2030 3957 2164 4008 litte-

564 4066 654 4105 ναξ.
690 4079 761 4090 -
798 4050 955 4104 Circa
984 4051 1127 4106 idem
1161 4062 1375 4118 tempus
1423 4051 1629 4118 accepit
1664 4048 2012 4102 Innocentius
2050 4047 2165 4115 epi-

560 4159 849 4210 scoporum
882 4145 1194 4215 quindecim
1220 4161 1250 4199 e
1273 4144 1482 4214 synodo
1513 4143 1738 4197 Joannis
1770 4144 2002 4206 litteras,
2027 4158 2161 4213 quas

564 4237 861 4299 Palladius,
900 4252 1020 4307 pag.
1051 4238 1141 4302 26,
1169 4246 1440 4292 memorat
1470 4237 1554 4289 bis
1579 4235 1763 4289 verbis
1794 4253 1807 4288 :
1846 4254 1863 4286 ‹
1902 4236 2029 4291 P051
2057 4237 2164 4307 Cy-

561 4328 769 4385 riacum
802 4329 1022 4383 advenit
1069 4328 1323 4399 Eulysius
1351 4330 1637 4399 episcopus
1682 4325 1935 4396 Apamem
1978 4329 2163 4398 Bithy-

561 4422 687 4487 niie,
722 4421 953 4475 reddens
986 4422 1195 4476 litteras
1237 4422 1546 4490 quindecim
1591 4422 1972 4491 episcoporum
2015 4438 2045 4475 e
2071 4438 2160 4493 sy-

562 4516 703 4569 nodo
747 4513 993 4579 Jnannis,
1045 4512 1329 4584 inquibus
1375 4522 1430 4568 et
1479 4515 1715 4584 priorem
1748 4527 1799 4569 et
1835 4524 2158 4582 praesentem

2349 3314 2438 3368 15.
2466 3313 2601 3366 Cleri
2634 3313 2745 3367 (ΣΡ.
2777 3316 2843 3368 ad
2863 3314 3229 3367 Innocentium
3262 3313 3467 3367 litterw.
3501 3343 3567 3353 —-
3594 3311 3725 3365 Post
3752 3309 3873 3364 Pal-

2272 3405 2399 3459 ladii
2446 3408 2497 3460 in
2545 3405 2743 3460 Urbem
2775 3406 3103 3477 ingressum,
3152 3406 3341 3461 eodem
3380 3406 3653 3460 devenere
3686 3423 3704 3455 ι
3739 3402 3873 3459 Ger-

2272 3515 2464 3553 manus
2495 3501 2784 3571 presbyter
2828 3510 2883 3555 et
2919 3498 3212 3554 CaSsianus
3243 3498 3341 3553 viri
3384 3497 3620 3568 religiosi
3665 3497 3874 3551 litteras

2272 3590 2435 3645 totius
2462 3591 2592 3646 cleri
2622 3590 2846 3646 Joannis
2874 3591 3242 3663 (Innocentio)
3294 3592 3585 3646 reddentes
3628 3586 3869 3661 (Pallad.

2272 3701 2392 3755 pag.
2424 3684 2539 3756 27),
2577 3685 2775 3754 quibus
2804 3685 3050 3739 scrilmnt
3089 3700 3241 3739 suam
3287 3685 3527 3753 ipsorutn
3569 3683 3869 3737 Ecclesiam

2270 3779 2556 3849 vimatque
2577 3780 2916 3850 tyrannidem
2960 3795 3273 3850 perpessam
3318 3794 3459 3841 esse.
3486 3780 3743 3849 episcopo
3770 3793 3871 3833 suo

2270 3873 2485 3927 militari
2518 3890 2675 3927 manu
2701 3874 2894 3943 t-jccto,
2931 3876 3091 3945 inque
3127 3876 3378 3929 exsilium
3406 3886 3525 3931 acto
3559 3889 3652 3943 per
3684 3874 3873 3927 factio-

2270 3984 2391 4021 ttem
2421 3969 2599 4020 Acacii
2631 3966 2837 4023 Beroea:
2862 3968 3125 4036 episcopi,
3169 3967 3456 4035 Tlteopliili
3488 3965 3867 4030 Alexztntlrini,

2267 4057 2521 4113 Antiochi
2554 4061 2921 4126 I'toletnaidis,
2951 4073 3003 4114 et
3034 4062 3311 4115 Severiani
3344 4060 3693 4115 Gabalurunt.
3727 4076 3745 4109 ι
3785 4056 3869 4112 ΑΙ)

2270 4152 2495 4206 istarum
2532 4153 2832 4207 litterarmu
2878 4154 3104 4208 exet-dio
3135 4154 3205 4224 pii
3248 4155 3322 4208 illi
3351 4153 3537 4208 clerici
3568 4154 3713 4219 plura
3746 4169 3872 4223 pro-

2266 4245 2514 4299 ferebant
2554 4246 2961 4317 Scriptttrarum
2990 4247 3321 4312 testimonia,
3357 4249 3408 4302 in
3447 4249 3641 4315 quibus
3671 4260 3869 4301 Conso-

2267 4338 2520 4395 lationem
2552 4340 2756 4396 habere
2792 4358 2851 4397 se
2892 4341 3335 4397 testil‘tcalianlur.
3368 4341 3576 4397 Deinde
3627 4342 3712 4396 ubi
3750 4342 3867 4412 epi-

2265 4446 2584 4500 scoporum,
2637 4436 2725 4503 qui
2775 4434 2971 4489 Joanni
3033 4435 3487 4499 adversabantur,
3528 4435 3867 4501 violentiam,

2267 4543 2478 4581 necnon
2510 4543 2769 4592 canones,
2802 4529 2996 4599 quibus
3030 4528 3269 4583 facinora
3298 4543 3392 4583 sua
3423 4529 3559 4583 tueri
3587 4529 3867 4583 conabano

562 4609 728 4662 t0tius
768 4608 1271 4678 Constantinopolis
1301 4609 1664 4678 direptionem
1696 4609 2102 4664 describebant.
2136 4628 2155 4660 ι

2273 4631 2378 4687 tnr,
2423 4634 2812 4691 exposuerunt,
2864 4623 2991 4694 quid
3034 4624 3101 4679 de
3140 4624 3436 4679 canonibus
3478 4622 3585 4677 illis
3625 4624 3868 4677 sentien-

559 4701 769 4770 Qntbus
813 4702 995 4756 Verbis
1045 4704 1293 4771 proxime
1347 4704 1628 4772 pra-mittit
1670 4703 1963 4765 Palladius,
2000 4702 2163 4773 Euly-

554 4794 695 4850 siutn
725 4796 1104 4865 Synnadorum
1135 4798 1453 4867 episcopum
1479 4838 1493 4861 ,
1526 4796 1701 4849 nullas
1732 4796 1950 4865 quidem
1981 4795 2160 4850 feren-

559 4894 665 4941 tem
690 4889 970 4955 epistolas,
1008 4890 1103 4943 setl
1145 4888 1213 4943 ad
1244 4904 1305 4943 ea
1345 4905 1465 4959 qua:
1494 4890 1824 4959 gerebantur
1855 4889 2156 4943 enarranda

554 4979 833 5045 idoneum,
872 4981 1098 5034 Romam
1140 4982 1474 5051 confugisse,
1524 4991 1856 5036 commotum
1904 4983 2158 5037 videlicet

556 5071 847 5135 iniquitate
885 5075 1183 5142 imperialis
1214 5076 1492 5145 pra'cepti,
1524 5093 1629 5146 quo
1658 5078 1971 5131 edicebatur
1999 5096 2012 5131 :
2051 5096 2069 5129 ι
2102 5076 2159 5132 Si

552 5165 672 5236 quis
704 5181 807 5220 non
833 5169 1202 5222 communicet
1232 5168 1561 5238 Tlteopltilo,
1590 5172 1816 5226 Arsacio
1840 5181 1893 5226 et
1917 5170 2160 5240 Porphy-

548 5259 650 5325 rio,
687 5260 777 5315 ille
805 5262 1025 5332 quidem
1067 5264 1381 5333 episCOpatu
1414 5275 1683 5329 arceatur,
1722 5281 1783 5319 ac
1814 5266 1971 5320 simul
2000 5266 2159 5319 aruit-

551 5362 807 5424 tatqttam
860 5354 1007 5410 visus
1038 5355 1202 5411 fuerit
1254 5356 1457 5411 habere
1489 5358 1852 5411 substantiam
1904 5360 2159 5426 pecunia-

546 5459 688 5501 rum.
726 5465 747 5491 ι
785 5446 937 5501 Unde
962 5457 1177 5517 tempus
1208 5449 1475 5514 eXpiscari
1507 5448 1654 5513 licet,
1689 5466 1793 5519 quo
1825 5451 2018 5503 littera:
2047 5450 2155 5504 illa:

550 5537 872 5594 Innocentio
912 5540 1139 5594 reddita:
1168 5551 1314 5593 sunt.
1350 5542 1440 5594 γει
1474 5543 1615 5595 enim
1646 5542 1718 5594 ibi
1752 5543 2019 5597 indicatur
2056 5544 2158 5599 Ar-

544 5630 683 5685 cadii
709 5640 1031 5699 praeceptum
1062 5650 1080 5683 ι
1119 5630 1190 5685 de
1220 5632 1324 5699 Itis,
1351 5633 1440 5701 qui
1469 5632 1538 5686 ab
1560 5634 1790 5701 Arsacii,
1827 5635 2150 5707 Theophili,

548 5723 832 5796 Porphyrii
865 5724 1433 5781 reverentiSsintorutn
1466 5743 1639 5783 sacrre
1676 5730 1810 5801 legis
1843 5733 2149 5788 antisﬁtum

547 5817 933 5874 communione
964 5820 1429 5893 dissentiunthab
1476 5821 1717 5881 Ecclesia
1771 5827 2151 5897 proculdubio

2267 4714 2392 4769 dum
2420 4725 2585 4779 esset,
2616 4716 2964 4785 expetebant.
3002 4716 3135 4784 Ipsis
3168 4717 3444 4786 rescripsit
3491 4716 3864 4779 Innocentius,

2266 4810 2491 4878 ejusque
2515 4809 2764 4876 epistola,
2799 4826 2992 4879 nempe
3014 4811 3268 4880 septima,
3301 4811 3368 4864 ad
3394 4824 3492 4865 nos
3519 4810 3791 4879 pervenit.

2340 4902 2425 4957 16.
2468 4900 2743 4971 Aliquanto
2775 4913 2883 4974 post
2910 4903 3095 4957 delata:
3122 4914 3228 4957 tant
3257 4905 3621 4975 episc0porum
3655 4900 3829 4957 Caria:
3849 4944 3861 4966 ,

2264 5005 2371 5048 tum
2420 4999 2829 5067 presbyterorum
2877 4998 3163 5051 Antiochia:
3208 4998 3413 5051 litterrc.
3456 5028 3528 5038 —
3561 4997 3866 5050 Demetrius

2266 5090 2575 5145 Pesimintis
2626 5092 2945 5161 episcopus,
2998 5107 3119 5145 cum
3173 5092 3450 5147 Orientem
3503 5099 3862 5161 peragrasset,

2266 5183 2491 5237 Romam
2529 5184 2706 5239 denuo
2747 5196 2868 5252 post
2906 5185 3159 5241 Germani
3201 5194 3255 5239 et
3293 5185 3536 5239 Cassiani
3566 5184 3863 5239 adventum

2264 5277 2492 5333 rediisse
2523 5293 2553 5330 a
2583 5277 2819 5332 Palladio
2852 5290 3102 5333 narratur
3132 5293 3254 5332 cum
3290 5278 3482 5332 litteris
3511 5287 3622 5331 ttnn
3650 5276 3867 5347 episeo-

2264 5384 2453 5439 pormn
2498 5369 2692 5435 Carize,
2730 5388 2748 5421 ι
2783 5372 2977 5441 quibus
3022 5370 3099 5425 illi
3147 5370 3373 5425 Joannis
3422 5370 3863 5424 communionem

2263 5465 2719 5531 complectuntur,
2756 5484 2775 5517 ι
2848 5477 2956 5520 tum
3024 5468 3466 5536 presbyterorum
3530 5466 3860 5531 Antiochia),

2267 5573 2285 5605 ι
2325 5555 2519 5623 quibus
2550 5556 2940 5623 Romanorum,
2982 5576 3000 5609 ι
3038 5558 3090 5612 ἱιι
3124 5559 3406 5613 retinenda
3438 5558 3693 5613 videlicet
3715 5559 3865 5628 ejus-

2258 5647 2382 5702 dem
2422 5648 2644 5703 Joannis
2684 5648 3098 5714 communione,
3142 5660 3447 5719 sequuntur
3484 5650 3859 5720 disciplinam,

2258 5748 2313 5793 et
2342 5740 2621 5810 Porphyrii
2670 5740 3067 5795 ordinationem
3123 5753 3309 5797 contra
3335 5744 3423 5813 jus
3469 5755 3521 5798 et
3554 5745 3631 5797 Ias
3664 5744 3861 5799 tactam

2256 5831 2544 5904 deplorant
2576 5853 2597 5888 ι
2635 5833 2870 5905 (Pallad.
2896 5850 3015 5905 pag.
3051 5835 3167 5906 28).
3202 5835 3436 5909 Nempe,
3464 5837 3541 5893 uti
3560 5836 3861 5910 Palladius,
