4190 6190
391 237 494 297 617

1177 247 1457 307 NOTITIA
1496 249 1991 311 EPISTOLARUM
2028 251 2170 310 NON
2210 253 2680 328 EXSTANTIUM,
2721 260 2876 320 ETC.

3573 272 3679 327 6I8

387 371 510 427 pag.
545 357 650 412 145
680 363 735 414 et
757 358 882 428 I46,
907 370 1111 426 narrat,
1135 362 1468 438 Porphyrius
1492 367 1672 424 missis
1702 369 1769 424 ad
1795 369 1980 423 Comi-
2009 371 2060 428 A
2088 369 2196 434 bat,
2227 370 2398 438 dedit,
2438 373 2720 430 Emilium
2759 376 2970 432 scilicet
3000 375 3296 434 Beneventi
3339 379 3680 451 episcopum,

386 459 554 505 tatnm
581 462 635 506 et
663 454 994 522 potentiores
1025 457 1310 530 episcOpos
1339 461 1584 529 pecuniis
1612 461 1890 525 eII‘ecerat,
1923 469 1981 516 ιιι

382 543 756 615 Constantius,
781 549 868 618 qui
897 548 1039 604 inter
1065 560 1295 606 creteros
1316 554 1665 624 presbyteros
1682 555 1972 621 eminebat,

382 647 656 708 tamquam
691 642 1008 712 populorum
1041 647 1389 715 perturbator
1430 649 1792 720 relegaretur.
1827 651 1977 705 Alios

382 746 511 785 vero
542 733 892 804 presbyteros
938 742 1104 805 atque
1145 737 1379 795 clericos
1418 740 1471 794 in
1499 741 1801 797 custodiam
1835 744 1977 799 mitti

379 833 684 880 curaverat.
754 825 888 881 Tum
955 830 1126 897 prima
1190 831 1280 886 die
1330 832 1664 890 celebritatis
1729 836 1974 892 ludorum

379 917 770 988 Olympiorum,
803 934 923 975 cum
955 922 1147 978 civitas
1172 925 1352 980 omnis
1370 925 1436 979 ad
1456 927 1766 984 suburbana
1797 929 1976 985 athle-

381 1022 461 1069 tas
491 1022 796 1084 spectatura
829 1017 1145 1084 transisset,
1199 1020 1250 1073 in
1279 1021 1561 1076 ecclesiam
1604 1023 1834 1092 irrupit;
1871 1024 1973 1079 ibi-

378 1122 482 1177 que
510 1122 632 1161 cum
675 1107 898 1173 Acacio,
941 1109 1241 1166 Severiano
1279 1121 1335 1166 et
1372 1113 1642 1168 Antiocho
1679 1115 1972 1186 episcopis,

376 1214 512 1270 quos
538 1200 678 1268 apud
715 1215 773 1255 se
804 1201 1185 1268 absconderat,
1221 1219 1283 1259 ac
1315 1206 1501 1272 paucis
1529 1207 1746 1261 clericis
1781 1225 1799 1258 ι
1834 1207 1970 1260 clam

377 1293 655 1349 ordinatus
687 1305 765 1348 est
787 1294 988 1348 clausis
1017 1296 1222 1363 januis,
1257 1309 1304 1352 et.
1342 1307 1488 1352 tanta
1521 1316 1640 1352 cum
1670 1299 1972 1353 festinatio-

373 1399 460 1448 ne,
497 1396 546 1437 ut
577 1400 643 1438 ne
661 1385 1024 1454 precationem
1058 1387 1272 1457 quidem
1303 1388 1369 1443 ad
1401 1389 1562 1444 ﬁnem
1599 1390 1967 1458 perduxerint,

374 1487 681 1532 metuentes
708 1492 777 1533 ne
811 1478 1376 1548 deprehenderentur.
1413 1500 1431 1533 ι

444 1571 531 1626 l7.
576 1574 722 1625 Anno
750 1572 856 1628 405
902 1575 1010 1642 iam
1059 1574 1277 1634 labente.
1313 1576 1646 1631 Innocentius
1676 1579 1743 1630 ad
1791 1578 1971 1632 Hono-

369 1664 503 1717 rium
544 1665 720 1717 scribit
751 1663 814 1717 de
843 1665 1030 1719 misero
1061 1665 1415 1722 Ecclesiorum
1443 1681 1601 1723 statu.
1635 1701 1706 1710 —
1729 1671 1970 1727 Subinde

2079 460 2398 534 Cytltegium
2427 475 2483 520 et
2504 466 2868 523 Gaudentium
2911 469 3038 524 item
3071 471 3360 543 episcopos
3382 515 3395 539 ,
3423 491 3526 530 una
3557 492 3680 531 cum

2081 553 2462 613 Valentiniano
2510 571 2565 616 et
2594 562 2876 618 Bonifacio
2923 565 3258 637 presbyteris
3282 608 3296 632 ,
3333 583 3542 624 necnon
3571 585 3680 624 uno

2082 648 2338 704 Romana:
2367 652 2627 709 Ecclesiw
2659 657 2888 711 diacono
2917 659 3072 728 cujus
3103 675 3302 717 nomen
3334 661 3557 728 siletur;
3585 664 3680 720 sed

2077 749 2130 794 et
2161 742 2450 810 epistolam
2488 747 2622 818 ipsis
2656 749 2878 806 tradidit
2906 752 2973 806 ad
3006 753 3299 810 Arcadium
3330 756 3464 826 imp.
3496 758 3678 827 perfe-

2080 833 2326 890 rendam.
2358 835 2528 893 Simul
2558 852 2889 910 acceperttut
2920 844 3083 900 iidem
3110 847 3271 918 legati
3300 863 3424 905 cum
3449 849 3678 906 Honorii

2079 928 2363 995 epistolam
2393 946 2555 1002 quam
2588 933 2890 991 etiamnum
2921 937 3207 1006 habemus,
3235 950 3347 996 tum
3380 941 3678 998 Chromatii

2077 1020 2486 1089 Aquileiensis,
2552 1025 2774 1082 Venerii
2822 1029 3286 1098 Mediolanensis,
3338 1034 3679 1106 aliorumque

2076 1109 2244 1167 Italiae
2288 1115 2668 1187 episcoporum
2699 1121 2765 1173 ad
2799 1123 3049 1177 eumdem
3100 1123 3486 1194 imperatorem
3533 1129 3676 1182 Ιίιιθο

2077 1219 2184 1258 ras.
2215 1206 2334 1273 Quo
2389 1219 2638 1278 tempore
2672 1224 2926 1283 suscepta
2958 1217 3031 1270 sit
3060 1217 3148 1270 illa
3183 1219 3379 1289 legatio
3408 1221 3678 1291 conjicere

2077 1295 2199 1350 licet
2245 1314 2309 1352 ex
2344 1302 2528 1356 verbis
2574 1304 2908 1376 legatorum,
2938 1312 3027 1380 qui
3061 1311 3149 1367 ubi
3182 1328 3240 1368 se
3268 1313 3334 1368 ad
3368 1314 3554 1369 urbem
3584 1332 3674 1370 re-

2074 1388 2216 1456 giam
2249 1395 2564 1461 appulisse,
2597 1400 2892 1472 statimque
2933 1401 2986 1457 in
3037 1406 3351 1462 suburbano
3397 1409 3674 1476 detentos,

2075 1495 2139 1534 ac
2173 1482 2348 1538 triduo
2379 1498 2498 1555 post
2527 1489 2805 1557 dimissos,
2837 1495 2890 1549 itt
2919 1498 3194 1554 maritimo
3223 1501 3474 1557 Thraciae
3495 1515 3676 1561 castro

2075 1574 2364 1630 conclusos
2434 1595 2557 1635 esse
2635 1596 2964 1652 narrarunt,
3023 1593 3268 1660 proxime
3331 1595 3674 1664 subjiciunt:

2081 1681 2099 1714 ι
2138 1663 2414 1724 Postridie
2460 1673 2727 1730 miserunt
2757 1678 2824 1732 ad
2856 1696 2974 1742 nos,
3009 1697 3076 1737 an
3109 1686 3271 1741 aulici
3304 1663 3673 1757 imperatoris,

369 1757 709 1813 Domitianus
755 1759 1040 1831 presbyter
1081 1769 1136 1815 ει
1177 1775 1496 1817 ωροηοηιηε
1541 1765 1787 1819 ecclesia,
1826 1765 1970 1819 con.
2005 1755 2048 1814 Β
2079 1768 2142 1808 an
2179 1758 2414 1823 Atticus,
2450 1764 2724 1822 nescimus
2755 1769 2894 1839 (ipse
2926 1773 3068 1828 enim
3101 1755 3395 1833 dicebatur
3415 1778 3677 1836 Ecclesia:

366 1855 742 1925 stantinOpoI.,
766 1855 1229 1927 necuonVaIlagas
1248 1857 1536 1914 Nisibenus
1552 1860 1852 1932 presbyter,
1871 1865 1959 1929 qtti

365 1956 421 2004 et
459 1948 916 2004 monasteriorum
950 1949 1353 2020 Mesopommiae
1398 1952 1748 2008 aiﬁictionem
1783 1971 1972 2008 narra-

365 2039 477 2107 bat,
508 2053 628 2096 acta
653 2041 1212 2098 traduntlunocentio
1250 2044 1429 2112 Optati
1473 2044 1737 2113 prtefeeti,
1773 2047 1968 2116 quibus

365 2134 607 2190 honesta:
650 2136 910 2192 mulieres
936 2136 1184 2191 ecclesia:
1213 2136 1324 2192 CP.
1354 2138 1677 2193 diaconissae
1709 2155 1738 2194 e
1765 2155 1969 2210 genere

361 2229 643 2284 consulum
675 2229 740 2283 ad
769 2244 892 2285 eum
917 2229 1123 2285 ducere
1145 2233 1509 2301 cogebantur,
1540 2243 1632 2286 attt
1659 2235 1960 2288 communi-

360 2337 488 2378 care
516 2338 638 2376 cum
674 2323 898 2379 Arsacio
938 2325 988 2377 in
1037 2324 1214 2379 locum
1255 2324 1481 2380 Joannis
1523 2325 1842 2397 subrogato,
1875 2337 1968 2381 aut

361 2414 500 2470 ﬁsco
541 2415 802 2471 ducentas
832 2416 946 2470 auri
980 2416 1146 2470 libras
1201 2416 1332 2471 dare
1373 2416 1616 2487 (Pallad.
1669 2435 1791 2487 pag.
1824 2419 1895 2472 28
1920 2417 1963 2490 ).

360 2505 494 2561 Tum
528 2508 894 2570 Innocentius,
921 2517 998 2562 tot
1029 2523 1090 2562 ac
1120 2517 1266 2562 tanta
1293 2509 1565 2564 sustinere
1595 2510 1827 2579 amplius
1857 2525 1964 2564 non

359 2603 543 2656 valens
589 2603 751 2668 mala,
793 2603 1080 2672 epistolam
1127 2604 1194 2659 ad
1237 2605 1536 2660 Honorium
1580 2605 1962 2674 imperatorem

359 2695 596 2764 scripsit,
628 2696 678 2748 in
706 2711 808 2761 qua
836 2697 1151 2768 singillatim
1186 2699 1314 2768 quid
1347 2698 1550 2754 ferrent
1580 2699 1797 2763 litterte,
1831 2716 1965 2770 quas

358 2785 427 2841 de
457 2788 703 2842 ecclesia:
743 2788 848 2844 (ΣΡ.
894 2790 1236 2860 aliarumque
1269 2788 1469 2846 misero
1499 2802 1642 2847 statu
1674 2808 1700 2846 a
1733 2793 1965 2847 diversis

358 2893 638 2953 acoeperat
658 2925 672 2948 ,
706 2885 979 2954 exposuit.

432 2975 515 3030 18.
557 2975 725 3030 Paulo
774 2987 886 3047 post
939 2979 1168 3050 synodus
1215 2980 1578 3050 episcOporum
1613 2979 1786 3034 Italia!
1821 2981 1963 3051 cogi-

357 3069 853 3124 tur.——Ilonoritts
915 3085 1044 3125 vero
1099 3070 1283 3126 statim
1333 3081 1392 3125 ttt
1456 3071 1596 3126 hanc
1658 3071 1959 3128 Innocentii

2079 1852 2334 1907 thronum
2388 1856 2728 1931 invasisse),
2786 1865 2877 1934 qui
2927 1867 3082 1922 nobis
3136 1871 3235 1924 tria
3290 1874 3673 1930 numismatum

2077 1947 2243 2000 millia
2289 1950 2612 2018 tradebant,
2656 1966 2877 2012 orantes
2915 1970 2972 2014 ιιι
3015 1963 3194 2018 Attico
3234 1967 3674 2024 communicare-

2075 2053 2213 2093 mtts.
2251 2060 2268 2092 ι
2300 2041 2418 2097 Jam
2454 2045 2618 2115 igitur
2655 2049 2945 2107 defunctus
2992 2063 3110 2109 erat
3151 2055 3443 2126 Arsacias,
3475 2071 3530 2115 et
3557 2062 3676 2130 ejus

2076 2129 2196 2185 loco
2262 2134 2476 2190 Atticus
2522 2139 2785 2196 snﬁ'ecms
2835 2142 3044 2209 luerat;
3087 2147 3246 2218 idque
3288 2149 3448 2221 legati
3496 2129 3676 2207 citatis

2075 2226 2260 2279 verbis
2283 2227 2515 2284 innuunt
2541 2242 2667 2287 tunc
2697 2236 2933 2306 primum
2963 2240 3151 2294 audire
3180 2257 3240 2296 se
3269 2245 3525 2314 cmpisse,
3553 2261 3672 2300 cum

2071 2319 2137 2372 ad
2184 2322 2374 2375 urbem
2429 2325 2630 2395 regiam
2680 2342 3058 2386 accesserunt.
3109 2335 3271 2405 Atqui
3305 2335 3589 2392 Arsacium
3620 2355 3674 2393 ιιι

2072 2411 2199 2469 Idus
2227 2415 2566 2484 Novembris,
2595 2420 2898 2480 Stilichone
2921 2427 3116 2481 itetum
3149 2439 3200 2483 et
3231 2429 3676 2488 Anthemiocott-

2070 2510 2302 2578 sulibus,
2341 2511 2444 2566 hoc
2472 2525 2553 2567 est
2583 2514 2905 2573 Novembris
2945 2521 2999 2574 II
3036 2521 3124 2576 d‘e
3152 2562 3165 2582 ,
3198 2538 3342 2580 anno
3369 2525 3501 2590 405,
3535 2542 3679 2581 tuor-

2073 2607 2177 2654 tem
2208 2603 2530 2670 oppetiisse,
2561 2605 2838 2675 Socrates,
2866 2610 2960 2664 lib.
2988 2628 3063 2676 \‘l,
3093 2629 3142 2667 c.
3168 2614 3260 2680 20,
3292 2627 3496 2671 narrat.
3529 2619 3674 2674 Idem

2069 2702 2126 2747 et
2156 2693 2396 2748 Atticum
2431 2697 2668 2752 Areadio
2707 2715 2756 2753 \‘I
2789 2711 2843 2754 et
2888 2702 2968 2756 Pri
2995 2704 3064 2757 bo
3099 2709 3441 2771 consulibus,
3475 2720 3526 2765 et
3559 2710 3681 2780 qui-

2067 2785 2190 2840 dem
2221 2828 2234 2850 ,
2265 2796 2321 2842 ut
2370 2789 2744 2856 Sozomenus,
2783 2794 2874 2848 lib.
2912 2811 3002 2849 \‘lll
3035 2838 3046 2859 ,
3082 2812 3131 2850 c.
3165 2799 3234 2852 9.7
3261 2842 3274 2864 ,
3314 2801 3518 2868 tradit,
3554 2819 3676 2858 cunt

2070 2878 2682 2951 Constantinopolitaua
2714 2886 2874 2939 sedes
2902 2897 3132 2956 quatuor
3157 2905 3375 2946 menses
3400 2906 3674 2960 vacasset,

2066 2968 2311 3040 adeoque
2344 2989 2533 3029 mense
2556 2974 2747 3030 Mattio
2776 2979 2903 3031 anni
2935 2978 3040 3034 406
3063 2981 3289 3036 Arsacio
3321 2984 3672 3055 subrogatum

2066 3059 2256 3127 fuisse,
2294 3064 2490 3120 ibidem
2544 3077 2795 3121 testatur.
2835 3070 2911 3124 Ex
2947 3086 3054 3141 quo
3085 3075 3362 3142 sequitur,
3393 3084 3453 3129 ιιι
3479 3087 3533 3131 et
3563 3081 3678 3148 epi-

361 3161 647 3231 epistolam
676 3162 910 3230 accepit,
947 3171 1004 3216 ut
1034 3162 1256 3216 Palladii
1285 3163 1467 3218 verbis
1501 3173 1621 3218 utar
1646 3161 1793 3235 (Pal.
1836 3182 1959 3236 pag.

2069 3153 2207 3206 stola
2242 3153 2566 3225 Innocentii,
2597 3159 2666 3212 de
2699 3177 2800 3230 qua
2834 3163 3076 3232 agimus,
3112 3180 3253 3219 etrca
3303 3168 3515 3224 initium
3546 3171 3677 3226 anni

358 3253 474 3324 29),
499 3273 515 3305 ι
538 3253 966 3310 Οειτῐίιριιιςιιὶιιηι
981 3255 1246 3326 synodum
1267 3256 1408 3325 cogi,
1433 3271 1637 3326 eosque
1654 3272 1773 3310 cum
1801 3271 1960 3310 unam

360 3348 518 3401 simul
547 3349 873 3402 sententiam
901 3348 1176 3411 tuliSsent,
1206 3347 1272 3401 ad
1297 3363 1449 3402 suam
1472 3349 1726 3417 pietatem
1757 3348 1964 3404 referre

358 3441 535 3510 jubet.
578 3459 596 3492 ι
630 3441 860 3512 Moxque
895 3460 914 3493 ι
948 3441 1192 3512 episcopi
1221 3441 1390 3496 Italia:
1427 3444 1746 3512 covvgregati
1782 3441 1958 3510 Impe—

363 3545 599 3588 ratorem
642 3542 818 3599 orant,
847 3533 1054 3589 scribat
1082 3533 1238 3587 lratri
1270 3548 1371 3587 suo
1391 3542 1445 3588 et
1470 3533 1715 3588 consorti
1750 3532 1964 3600 imperii

362 3626 618 3694 Arcadio,
648 3638 699 3680 ut
749 3627 1026 3698 prtecipiat
1066 3626 1469 3681 Thessalonicae
1513 3626 1779 3698 synodum
1818 3624 1962 3690 ﬁeri,

358 3735 466 3790 quo
496 3718 707 3775 facilius
733 3728 964 3789 utraque
995 3734 1120 3789 pars
1140 3718 1380 3773 Orientis
1409 3726 1465 3772 et
1493 3717 1803 3773 Occidentis
1835 3733 1960 3772 con-

356 3829 582 3870 currere
624 3814 824 3877 valeat,
875 3827 939 3867 ac
978 3811 1220 3884 synodus
1271 3827 1376 3866 non
1431 3821 1536 3864 tam
1581 3810 1960 3880 episcoporum

356 3921 609 3973 numero,
640 3922 800 3976 quam
835 3907 1121 3961 sententia:
1157 3905 1422 3975 gravitate
1455 3901 1715 3973 perfecta,
1749 3913 1960 3958 certum

359 4007 413 4053 et
445 3997 803 4052 indubitatum
824 3998 1086 4068 jttdtcittm
1111 3996 1267 4051 ferat.
1310 4016 1328 4049 ι
1365 3995 1516 4050 Tunc
1535 3994 1808 4048 celebrata
1837 3994 1961 4065 qui-

358 4088 481 4144 dem
516 4090 614 4144 fnit
642 4089 881 4162 synodus
907 4132 920 4156 ,
956 4088 1053 4145 sed
1083 4089 1170 4143 tibi
1205 4087 1386 4142 habita
1418 4088 1519 4150 sit,
1553 4082 1824 4140 Palladius
1853 4099 1959 4138 non

360 4185 584 4239 indicat.
604 4184 840 4239 Tantum
860 4183 1063 4240 scimus
1094 4183 1211 4252 ejus
1233 4182 1609 4237 deﬁnitionem
1639 4183 1707 4237 iis
1738 4179 1961 4235 omnino

360 4286 779 4330 conSentaneam
813 4290 957 4340 esse,
1004 4290 1122 4345 quae
1152 4275 1504 4329 Innocentius
1548 4276 1616 4328 ab
1647 4273 1800 4328 initio
1843 4286 1962 4340 per-

361 4369 683 4422 turbationis
737 4367 894 4438 hujus
934 4382 997 4421 ac
1037 4367 1329 4436 deinceps,
1381 4375 1442 4421 ttt
1488 4381 1672 4436 supra,
1723 4381 1780 4418 ιι.
1810 4364 1875 4428 5,
1907 4371 1963 4416 et

360 4460 522 4528 epist.
555 4461 586 4514 5
618 4471 669 4513 et
701 4460 730 4512 τ
753 4459 940 4514 videre
970 4469 1073 4522 est,
1107 4469 1422 4514 constanter
1457 4465 1768 4514 censuerat.
1804 4454 1959 4512 Unde

2067 3240 2174 3300 406
2197 3247 2399 3318 scripta
2427 3247 2615 3304 fuerit.

2137 3333 2226 3390 90.
2263 3335 2467 3393 Eodem
2488 3350 2737 3412 tempore,
2769 3343 3234 3402 Commonitorium
3265 3349 3448 3422 legatis
3470 3353 3670 3408 datum.

2068 3455 2138 3466 —-
2167 3427 2363 3485 Iisdem
2393 3433 2584 3504 legatis
2617 3437 2873 3492 traditum
2905 3448 2986 3492 est
3012 3438 3500 3498 Commonitorium
3549 3461 3676 3517 syn-

2067 3521 2156 3574 odi
2213 3525 2379 3580 totius
2429 3527 2738 3584 Occidentis
2791 3531 3043 3601 (Pallad.
3103 3553 3224 3606 pag.
3274 3535 3410 3608 5|),
3471 3557 3489 3588 ι
3529 3540 3672 3609 quod

2067 3615 2404 3685 continebat,
2435 3620 2704 3678 Joannem
2730 3625 2996 3692 judicium
3032 3629 3238 3695 ingredi
3288 3647 3394 3685 non
3445 3632 3668 3700 debere,

2069 3711 2170 3768 nisi
2220 3711 2372 3779 prius
2414 3711 2514 3782 ipsi
2560 3716 2809 3769 restituta
2862 3717 3054 3772 fuisset
3083 3731 3136 3774 ct
3169 3723 3401 3777 ecclesia
3437 3736 3489 3778 ct
3520 3741 3673 3780 com-

2069 3805 2295 3859 munio:
2336 3813 2394 3858 ιιι
2437 3806 2649 3861 sublata
2703 3824 2863 3863 causa
2908 3809 3248 3866 detrectandi
3290 3814 3480 3883 judicii
3509 3858 3525 3882 ,
3575 3831 3668 3872 sua

2067 3905 2263 3966 sponte
2300 3910 2617 3952 consessum
2654 3899 2835 3954 iniret.
2874 3919 2892 3951 ›
2929 3899 3316 3970 Lampsacenar
3344 3907 3539 3977 synodi
3572 3909 3672 3965 sub

2068 3989 2302 4043 Damaso
2351 3989 2548 4044 habitze
2577 3992 2718 4060 apttd
2750 3990 3118 4049 Sozomenum
3146 4037 3161 4062 ,
3194 3997 3282 4052 Iib.
3324 4014 3395 4064 ιι,
3427 4016 3477 4054 c.
3510 4001 3563 4066 τ,
3595 4002 3670 4055 si-

2069 4080 2196 4134 tnile
2235 4081 2504 4151 quoddam
2550 4092 2633 4136 est
2678 4085 3032 4140 constitutum
3060 4128 3075 4152 ,
3107 4088 3359 4144 nimirum
3391 4109 3410 4142 ι
3446 4101 3503 4146 ιιι
3551 4094 3668 4163 epi-

2065 4173 2239 4244 scopi,
2274 4177 2362 4246 qui
2394 4175 2628 4246 depositi
2658 4176 2871 4233 fuerant
2899 4180 2969 4235 ab
2998 4181 3062 4234 iis
3089 4183 3178 4251 qui
3209 4184 3532 4242 dissimilem
3560 4187 3664 4244 Pa-

2068 4265 2132 4319 tri
2165 4265 2359 4319 Filium
2407 4267 2766 4333 asserebant,
2801 4269 2962 4325 sedes
2988 4287 3116 4326 suas
3143 4275 3479 4342 postliminio
3511 4293 3668 4334 recn-

2067 4369 2277 4426 pereut,
2307 4359 2508 4430 quippe
2535 4361 2625 4430 qui
2657 4361 2854 4432 injuste
2885 4364 3100 4432 spoliati
3153 4366 3387 4426 fuissent
3411 4388 3423 4423 :
3447 4372 3590 4441 quod
3619 4375 3663 4427 si

2064 4451 2187 4520 quis
2209 4467 2302 4505 eos
2332 4468 2594 4509 accusare
2621 4453 2867 4527 (exinde)
2894 4457 3082 4521 vellet,
3106 4461 3208 4514 sub
3235 4463 3380 4531 paris
3401 4466 3662 4521 condent-

359 4523 452 4605 aitt
479 4567 600 4605 cum
637 4551 915 4621 praefuisse
961 4551 1086 4607 huic
1117 4552 1347 4622 synodo,
1381 4561 1474 4605 aut
1509 4551 1643 4606 nihil
1675 4551 1727 4605 in
1756 4565 1818 4605 ea
1847 4548 1952 4603 nisi
1985 4523 2036 4582 D
2065 4545 2301 4598 nationis
2345 4546 2589 4614 periculo
2622 4548 2672 4601 id
2719 4556 2925 4618 ageret.
2968 4567 2986 4600 ι
3024 4549 3128 4605 Ubi
3161 4553 3433 4624 episcopis
3464 4557 3664 4627 injuste

356 4659 421 4699 ex
453 4646 570 4712 ejus
592 4646 860 4700 sententia
887 4657 1068 4699 aetum
1099 4660 1222 4700 esse
1248 4644 1553 4699 conﬁcitur.

428 4737 580 4792 Circa
621 4741 813 4793 exitum
858 4741 982 4793 anni
1009 4738 1147 4803 405,
1183 4739 1447 4792 Honorius
1479 4736 1785 4792 Innocéntio
1823 4738 1956 4791 scri-

356 4833 448 4888 bit.
479 4864 552 4874 --
581 4834 851 4888 Proxima:
882 4833 1075 4904 synodi
1114 4832 1338 4886 decreto
1371 4846 1578 4885 morem
1617 4847 1814 4900 gerens
1847 4829 1947 4884 Ho-

356 4930 578 4991 norius,
621 4926 789 4980 semel
821 4935 873 4978 et
905 4928 985 4978 bis
1015 4924 1083 4980 ad
1117 4923 1408 4979 Arcadium
1442 4924 1669 4978 scribit:
1695 4923 1790 4978 sed
1828 4937 1951 4976 cum

357 5019 491 5073 nihil
535 5018 858 5088 proliceret,
904 5033 966 5072 ac
1003 5016 1072 5071 de
1110 5017 1268 5070 tertia
1309 5014 1541 5082 epistola
1592 5015 1656 5067 ad
1699 5013 1949 5069 eumdem

357 5111 624 5165 mittenda
671 5110 972 5180 cogitaret,
1005 5108 1192 5162 scribit
1233 5118 1288 5161 et
1330 5105 1396 5160 ad
1446 5104 1853 5165 Innocentium,
1898 5111 1956 5156 ιιι

362 5221 381 5256 ι
415 5204 594 5258 mittat
641 5204 880 5273 quinque
926 5201 1250 5270 episcopos,
1280 5214 1342 5252 ac
1389 5198 1647 5251 Romana:
1697 5195 1953 5251 Ecclesia:

355 5300 708 5367 presbyteros
739 5295 877 5350 duos
919 5311 1040 5350 cum
1073 5307 1182 5347 uno
1223 5291 1477 5356 diacono,
1505 5291 1596 5361 qui
1627 5305 1745 5344 eam
1779 5289 1954 5344 fet-ant

357 5389 598 5461 (Pallad.
632 5407 752 5462 pag.
781 5386 898 5459 29).
927 5407 945 5439 ι
981 5387 1109 5456 Ejus
1134 5385 1380 5454 petitioni
1406 5382 1680 5454 quomodo
1711 5381 1954 5453 paruerit

357 5481 731 5548 Innocentius,
759 5484 928 5552 prima
954 5483 1006 5536 itt
1033 5480 1204 5551 ipsius
1226 5479 1514 5549 epistolam
1542 5477 1575 5532 9
1607 5475 1956 5530 annotatione

358 5580 734 5650 exposuimus.

432 5673 519 5729 l9.
557 5674 706 5727 Auno
731 5671 862 5737 406,
897 5668 1234 5724 Innocentius
1277 5666 1506 5720 Arcadio
1541 5663 1740 5720 scribit.
1772 5694 1842 5704 -—-
1868 5662 1956 5718 lu-

358 5767 655 5824 nocentins
686 5780 793 5820 non
824 5763 997 5818 solum
1029 5762 1270 5816 llonorio
1300 5759 1507 5829 legatos
1528 5799 1542 5826 ,
1574 5772 1711 5828 quos
1740 5765 1961 5825 expete-

799 5859 1072 5916 l’s'rnm..
1123 5853 1268 5913 XX.

2059 4636 2309 4704 Spoliatis
2337 4648 2389 4691 et
2419 4636 2608 4706 ejectis
2648 4639 2809 4692 sedes
2857 4654 2968 4694 sua:
3010 4642 3370 4700 restituuntur
3399 4649 3655 4716 primum,

2056 4743 2119 4782 ac
2149 4739 2258 4784 tum
2290 4732 2508 4784 demum
2541 4744 2636 4785 eos
2666 4731 2956 4785 accusandi
2995 4732 3146 4787 locus
3188 4738 3542 4803 permittitur.
3574 4742 3654 4794 Ad

2059 4820 2365 4889 Itujustnodi
2408 4822 2751 4877 decretorum
2796 4823 3151 4879 imitationem
3183 4827 3420 4885 Isidorus
3451 4832 3657 4889 Merca-

2058 4923 2143 4968 tor
2190 4929 2311 4968 cum
2363 4914 2674 4984 Symmachi
2724 4931 2874 4985 papa:
2922 4917 2974 4969 in
3024 4919 3208 4974 ﬁctitia
3243 4937 3272 4975 v
3301 4925 3510 4994 synodo
3541 4925 3654 4982 Ro.

2061 5021 2214 5059 ntana
2242 5008 2342 5060 sub
2374 5007 2566 5060 eodem
2597 5021 2755 5076 papa,
2787 5018 2896 5061 tum
2932 5010 3290 5066 vetustiorum
3338 5019 3652 5084 pontilicum

2059 5100 2280 5152 nomine
2300 5140 2316 5164 ,
2353 5101 2522 5152 multa
2554 5099 2749 5153 similia
2778 5101 3064 5166 eoulinxit,
3094 5118 3215 5172 qua:
3244 5105 3420 5175 ipsum
3458 5110 3654 5166 identi-

2058 5192 2180 5248 dem
2217 5201 2466 5262 repetere
2499 5210 2603 5247 uon
2637 5193 2825 5263 piguit.

2132 5286 2217 5340 21.
2236 5287 2384 5341 Anno
2407 5285 2534 5351 407,
2561 5303 2731 5341 mense
2754 5285 2935 5351 Junio,
2962 5290 3078 5358 Afri
3100 5288 3462 5349 Innocentium
3487 5296 3655 5352 Theo-

2058 5379 2202 5449 phila
2247 5380 2582 5433 reconciliare
2619 5391 2834 5435 tentant.
2877 5411 2948 5422 --
2981 5383 3431 5457 Carthaginiense
3473 5391 3658 5446 conci-

2059 5471 2214 5536 lium,
2246 5486 2390 5526 anno
2419 5472 2545 5535 407,
2573 5471 2719 5527 Junii
2751 5474 2817 5528 15
2847 5473 2934 5528 die
2965 5473 3231 5542 habitum,
3267 5480 3332 5533 de
3363 5480 3561 5536 litteris
3589 5483 3657 5537 ad

2060 5562 2434 5619 Innocentium
2467 5579 2656 5634 papam
2696 5566 3000 5620 scribendis
3039 5568 3142 5624 hoc
3177 5569 3456 5626 decretum
3487 5574 3662 5630 edidit

2066 5656 2218 5727 (Cod.
2251 5674 2366 5711 can.
2400 5659 2521 5712 eccl.
2548 5657 2690 5728 Ain,
2717 5673 2762 5710 c.
2795 5659 2918 5727 IOI)
2948 5675 2961 5714 :
3000 5677 3019 5710 ι
3057 5659 3266 5715 I’lacuit
3296 5663 3483 5726 etiam,
3513 5677 3569 5719 ut
3594 5666 3663 5722 de

2063 5748 2403 5804 dissensione
2447 5749 2704 5803 Romamn
2754 5758 2916 5818 atque
2965 5751 3344 5810 Alexandrina
3394 5755 3651 5817 Ecclesia

3159 5851 3229 5906 ΞΟ
