4206 6174
528 221 632 278 619

1307 214 1658 291 APPENDIX.
1699 221 1790 283 AD
1834 217 2218 288 EPISTOMS
2251 221 2304 277 s.
2351 219 2745 286 mucosum
2785 222 2810 285 ι
2845 208 3076 285 Mm.

3733 207 3838 278 eeo

526 341 594 402 ad
623 350 869 406 sanctum
901 356 1088 418 papam
1116 341 1494 404 Innocentium
1518 340 1814 407 scribatur,
1843 353 1951 409 quo
1979 347 2129 395 utra-
2160 341 2208 402 Α
2236 341 2478 401 centium.
2511 339 2612 395 Ilia
2634 339 2969 398 Innocentius
2990 336 3241 394 rescribit.
3267 335 3505 408 Epicteto
3536 334 3838 391 Innocentio

527 451 633 508 quc
669 435 914 498 Ecclesia
950 436 1086 491 intra
1112 450 1170 488 se
1204 448 1417 515 pacem,
1452 447 1614 505 quam
1643 432 1907 496 Dominus
1935 445 2134 506 praece-

530 529 628 597 pit,
660 536 861 584 teneat.
898 545 916 578 ι
951 526 1078 582 Haec
1108 534 1290 584 autem
1337 524 1607 585 dissensio
1653 539 1762 579 non
1795 523 1899 582 alia
1933 522 2034 580 fuit
2064 523 2131 577 ab

527 637 589 680 ea
616 637 735 692 qua:
775 620 1002 682 Joannis
1027 619 1403 691 Chrysostomi
1434 633 1600 676 causa
1643 618 1881 680 excitata
1914 617 2091 678 fuerat
2115 659 2130 685 ,

2237 434 2530 505 supposita.
2592 433 2851 489 Secundw
2913 432 3261 491 Macedonum
3321 432 3529 485 littera.
3571 461 3639 470 —
3685 429 3838 484 Citra

2235 527 2485 589 eumdem
2516 543 2717 586 annum
2756 525 2864 583 414
2889 569 2904 591 ,
2941 525 3224 595 Bubalius,
3259 525 3565 580 Taurianus
3590 524 3709 580 sive
3737 523 3841 578 'I‘a-

2236 620 2419 680 riauus
2465 619 2664 688 aliique
2712 634 2740 674 a
2789 617 3174 674 Macedonibus
3217 616 3603 681 condemnati,
3655 616 3838 671 sedem

526 701 653 782 cuni
698 713 988 784 Theophili
1050 713 1314 776 adversus
1357 728 1482 770 eum
1532 712 1851 774 violentiam
1901 713 2134 783 probare
2234 712 2590 782 apostolicam
2626 711 2985 782 appellarunt.
3025 709 3368 780 Quapropter
3412 709 3589 765 Rufus
3615 724 3678 765 ac
3707 709 3840 763 socii

526 806 881 874 Innocentius,
911 807 1270 878 nequivisset.

597 899 690 968 22,
731 900 878 964 Anno
901 899 1031 967 ΗΞ,
1060 896 1210 964 Junii
1240 899 1304 962 17
1334 898 1440 966 die,
1470 896 1812 960 Innocentius
1839 896 1907 956 ad
1931 896 2132 964 episco-

523 1011 617 1066 pos
660 993 869 1065 Illyrici
913 994 1113 1056 scribit.
1145 993 1545 1059 —-lnnoce.ntii
1593 994 1658 1053 ad
1709 993 1998 1062 episcopos
2040 1007 2136 1061 per

526 1088 926 1156 Macedoniam,
947 1088 1228 1152 Achaiam,
1245 1085 1611 1152 Thessaliam,
1625 1085 1856 1155 Epirum
1873 1094 2135 1150 veterem,

525 1181 750 1254 Epirum
781 1182 1253 1249 novam,Cretam,
1282 1182 1503 1238 Daciam
1533 1179 2012 1242 Mediterraneum,
2033 1178 2135 1234 Da—

523 1275 660 1330 ciam
710 1276 1006 1346 Ripensem
1029 1319 1042 1340 ,
1073 1273 1317 1332 Mmsiam
1342 1315 1358 1344 ,
1392 1272 1716 1333 Dardaniam
1757 1280 1814 1328 et
1850 1269 2133 1330 Praevaliui

523 1369 848 1432 constitutos
881 1368 1075 1430 littera:
1101 1367 1169 1421 ab
1199 1367 1432 1437 ipsomet
1463 1365 1786 1421 Innocentio
1817 1365 1870 1418 in
1900 1361 2136 1432 epistola

527 1461 616 1524 I5,
651 1478 706 1515 ιι.
734 1461 792 1536 5,
827 1469 1204 1520 memorantur
1226 1499 1240 1526 ,
1269 1467 1328 1518 ut
1357 1472 1464 1520 una
1495 1471 1616 1519 cum
1661 1455 1853 1512 eadem
1895 1452 2141 1526 (scilicet

521 1553 667 1618 Junii,
702 1554 770 1612 17
805 1555 896 1618 die
927 1552 1055 1618 anni
1082 1552 1190 1614 412
1221 1550 1241 1622 )
1276 1550 1419 1606 datae
1449 1591 1463 1614 ,
1503 1550 1702 1620 quibus
1731 1547 1998 1603 certiores
2042 1559 2138 1601 eos

526 1645 785 1718 faciebat,
820 1646 1012 1702 harum
1045 1660 1105 1702 se
1136 1643 1542 1715 provinciarum
1576 1655 1759 1698 curam
1793 1637 1936 1700 Rufo
1966 1638 2140 1697 Thcs-

524 1739 854 1804 salonicensi
883 1739 1144 1816 episcopo
1179 1737 1296 1794 vice
1325 1735 1408 1798 sui
1439 1734 1826 1796 demandasse.

598 1831 688 1896 23.
715 1831 863 1896 Anno
885 1829 1015 1900 415,
1035 1828 1210 1891 scribit
1232 1827 1300 1883 ad
1328 1827 1696 1897 Augustinum.
1714 1855 1785 1868 ——
1801 1823 2136 1894 Augustinus

525 1925 578 1980 in
612 1925 842 1995 epistola
871 1923 1000 1986 olim
1030 1922 1159 1988 2,59,
1181 1937 1323 1975 IIlIllC
1355 1920 1477 1986 151,
1498 1919 1564 1980 ad
1588 1917 1939 1980 Caecilianum
1966 1931 2137 1985 quou-

522 2016 647 2080 dam
695 2015 864 2070 Italiae
896 2016 1215 2086 pr;ct'ectum
1248 2056 1260 2077 ,
1297 2030 1352 2068 ιι.
1385 2014 1441 2080 2,
1477 2018 1746 2074 memorat
1773 2010 1878 2072 sibi
1913 2027 1931 2060 ‹
1965 2025 1994 2064 a
2027 2007 2136 2062 fra-

528 2108 701 2174 tribus
744 2108 1032 2186 cpistolam
1062 2107 1283 2166 missam
1319 2104 1496 2162 sancti
1522 2113 1578 2164 et
1609 2103 1898 2174 praecipuis
1924 2101 2137 2156 meritis

524 2203 820 2269 venerandi
865 2217 1016 2274 papa:
1064 2198 1392 2266 Innocentii,
1419 2213 1605 2269 quam,
1636 2195 1831 2266 inquit,
1858 2210 1956 2266 per
1989 2204 2135 2254 tuam

527 2275 894 2370 praestantiam
917 2293 986 2354 ad
1014 2309 1101 2350 me
1127 2292 1306 2347 datam
1335 2291 1501 2352 certis
1526 2291 1834 2350 declaratur
1861 2286 2094 2348 indiciis.
2112 2306 2131 2338 ι

527 2391 602 2447 De
634 2392 732 2444 hac
761 2388 993 2460 cpistola
1019 2385 1156 2441 nihil
1177 2384 1398 2440 aliunde
1424 2375 1720 2456 quidquam
1753 2382 2024 2440 novimus.
2059 2381 2133 2436 Ex

525 2498 591 2539 eo
619 2492 830 2548 autent,
861 2480 1004 2558 quod
1052 2478 1314 2548 praedicta
1365 2475 1653 2552 Augustini
1686 2473 1751 2534 ad
1781 2471 2136 2534 Caecilianum

526 2577 758 2647 epistola
806 2583 929 2644 post
988 2587 1232 2634 mensem
1296 2570 1520 2640 quidem
1573 2567 1958 2636 Septembrem
2009 2563 2136 2622 anni

524 2668 650 2736 415,
689 2668 785 2725 scd
815 2683 924 2724 non
955 2668 1116 2738 longe
1150 2675 1267 2736 post
1298 2665 1498 2734 scripta
1538 2663 1822 2732 probatur,
1851 2661 1952 2715 hoc
1980 2659 2136 2713 luno-

526 2765 691 2820 centii
723 2763 990 2834 scriptum
1021 2760 1090 2816 ad
1120 2761 1414 2831 ipsummet
1459 2771 1662 2813 annum
1707 2755 1815 2810 413
1863 2753 2140 2824 pertinere.

527 2858 862 2928 colligimus.

597 2951 688 3006 24.
743 2951 890 3006 Anno
918 2949 1044 3012 414,
1085 2945 1395 3002 Macedones
1441 2943 1505 2996 ab
1554 2941 1864 2998 Innocentio
1910 2939 2138 3009 quittque

523 3046 621 3102 sibi
666 3041 877 3100 concedi
920 3049 1180 3112 quierunt.
1223 3069 1290 3077 —
1323 3037 1582 3108 Sequenti
1613 3031 2140 3090 annoinnoccntins

2238 807 2629 868 Maximianum
2659 815 2714 864 et
2743 806 3064 862 Eumenium
3113 805 3232 860 sive
3271 804 3574 874 Eugenium
3617 803 3840 858 Romam

2237 899 2579 963 destinaruut.
2607 914 2732 959 cum
2761 899 2990 964 littoris,
3015 899 3070 954 in
3095 898 3293 968 quibus
3324 898 3534 953 Bubalii
3562 897 3846 953 Tauriani-

2237 1008 2342 1065 que
2391 994 2618 1050 crimina
2677 993 3108 1062 exponebantur.
3160 992 3298 1047 Tum
3340 990 3738 1056 Innocentius,
3788 1006 3844 1046 rc

2238 1087 2521 1152 discussa,
2572 1086 2924 1143 Macedonum
2973 1085 3172 1156 legatis
3213 1085 3418 1142 litteras
3469 1084 3750 1146 reddidit,
3793 1085 3843 1139 in

2239 1179 2437 1248 quibus
2466 1178 2706 1247 plenaria
2758 1191 3016 1234 sensuum
3066 1191 3292 1232 suorum
3335 1176 3678 1245 expositione
3711 1190 3839 1244 prae-

2229 1271 2436 1337 missa,
2471 1271 2702 1334 Buhalii,
2747 1270 3003 1324 Tauriani
3034 1277 3091 1324 et
3120 1269 3390 1325 sociorum
3432 1268 3843 1324 condemnatio-

2243 1379 2365 1420 nem
2397 1362 2778 1420 conlirmabat.
2809 1361 2915 1418 Sed
2952 1362 3079 1416 dum
3113 1361 3276 1432 legati
3318 1376 3524 1416 moram
3559 1360 3764 1415 faciunt
3793 1361 3843 1414 in

2241 1456 2545 1523 redeundo,
2573 1454 2830 1511 Bubalius
2862 1454 3162 1510 Innocentii
3195 1454 3416 1512 nomine
3441 1453 3699 1524 conﬁitgit
3727 1453 3843 1521 epi-

2243 1551 2458 1613 smlam,
2484 1566 2644 1620 quant
2676 1559 2732 1607 et
2763 1549 3146 1606 Macedonibus
3176 1549 3384 1619 objicit.
3419 1549 3482 1603 Ili
3512 1558 3715 1610 autent,
3743 1547 3844 1600 ial-

2244 1642 2414 1702 lacias
2458 1643 2601 1702 illius
2645 1642 2844 1710 amplus
2887 1641 3118 1709 aperti,
3152 1657 3292 1696 novo
3331 1653 3645 1696 commento
3688 1639 3847 1694 iidem

2171 1726 2213 1790 Β
2247 1736 2405 1805 plane
2435 1751 2545 1790 nOu
2572 1735 2794 1799 habent,
2825 1750 2887 1792 ac
2916 1735 3169 1793 secundis
3200 1735 3396 1792 litteris
3441 1738 3682 1806 priorem
3715 1750 3850 1805 quc-

2243 1831 2529 1888 riuzoniaut
2563 1845 2715 1884 suam
2747 1828 3046 1887 iterandam
3089 1829 3316 1884 ducunt.
3349 1828 3458 1885 Nec
3500 1827 3845 1884 dissimulant

2242 1923 2344 1978 sibi
2375 1938 2594 1991 gravem
2625 1938 2687 1978 ac
2717 1923 3004 1980 molestam
3049 1923 3202 1978 valde
3249 1937 3372 1980 csse
3418 1922 3841 1992 appellationum

2244 2013 2552 2084 hujusmodi
2599 2014 2892 2070 licentiam.
2938 2014 3022 2070 Ad
3061 2015 3329 2071 secundas
3367 2016 3490 2070 illas
3517 2016 3725 2071 litteras
3756 2031 3846 2070 re-

2242 2106 2480 2176 Spondet
2531 2109 2911 2172 innocentius,
2963 2107 3198 2177 epistola
3247 2109 3336 2176 l8,
3386 2107 3542 2178 citius
3579 2107 3846 2178 iacturam

2240 2201 2417 2258 levius
2467 2200 2740 2258 ferremus
2780 2217 2940 2270 quam
2987 2202 3248 2266 alterius,
3277 2203 3328 2256 iu
3377 2218 3480 2272 qua
3523 2210 3693 2257 totum
3745 2199 3848 2256 hoc

2243 2295 2554 2364 negotium,
2599 2310 2666 2350 ac.
2706 2309 2864 2352 suam
2906 2293 2974 2353 de
3012 2309 3082 2350 eo
3129 2294 3458 2350 sententiam
3509 2293 3751 2363 plenarie
3792 2303 3850 2350 et

2241 2398 2428 2457 aperte
2453 2388 2781 2458 explicabat.

2311 2479 2404 2534 26.
2447 2477 2744 2534 Innocentii
2770 2480 2838 2535 ad
2871 2479 3099 2536 Orientis
3121 2480 3378 2552 synodum
3408 2479 3614 2535 littera.
3639 2508 3708 2520 --
3729 2479 3847 2536 Hoc

2241 2572 2438 2630 referri
2483 2582 2716 2643 possunt.
2757 2573 3063 2632 Innocentii
3094 2573 3160 2628 ad
3197 2573 3436 2629 Orientis
3477 2572 3748 2644 synodum
3778 2572 3850 2628 de

2242 2667 2502 2728 omnibus
2555 2683 2676 2736 qum
2739 2669 2806 2722 ab
2865 2667 3241 2722 Orientalibus
3287 2683 3476 2737 pacem
3530 2669 3848 2739 petentibus

2241 2759 2510 2830 exigenda
2542 2760 2690 2822 sint,
2722 2759 3053 2829 plenissimae
3081 2760 3318 2827 litterae;
3363 2760 3432 2816 de
3459 2759 3654 2827 quibus
3685 2759 3852 2814 Inno-

2241 2861 2456 2907 ccnt:us
2487 2860 2545 2906 ut
2569 2852 2768 2907 dudum
2802 2861 2931 2906 ante
2963 2868 3149 2922 pacem
3186 2853 3453 2912 Ecclesia:
3490 2851 3850 2908 Antiochense

2243 2944 2558 3004 rcStitutatn
2587 2945 2774 3000 missis
2801 2945 3039 3013 loquitur
3075 2944 3270 3015 (Epist.
3306 2945 3424 3015 22.).
3457 2945 3627 3000 Porro
3652 2942 3846 3014 synodi

2243 3035 2486 3096 Orientis
2513 3039 2753 3100 nomine,
2789 3038 3074 3102 Ecclesia},
3101 3052 3224 3107 qum
3243 3036 3587 3096 Antiocheno
3614 3036 3855 3093 antistiti

525 3138 650 3196 Ruﬁ
682 3137 1026 3204 aliorumque
1068 3133 1454 3204 episc0p0tum
1511 3127 1871 3184 Macedonum
1922 3125 2136 3193 accepit
2161 3118 2204 3180 C
2240 3129 2532 3193 suberant,
2557 3129 2785 3199 intelligi
2814 3131 3022 3186 solent.

527 3231 813 3301 epistolam
851 3229 1091 3298 quinque
1138 3224 1410 3293 capitibus
1459 3230 1799 3278 constantem
1847 3235 1859 3273 :
1901 3232 2138 3286 quorum

533 3328 734 3394 primo,
753 3330 810 3377 ut
823 3319 1050 3390 eos,qui
1064 3319 1254 3376 viduas
1267 3316 1534 3371 duxerant
1548 3310 1850 3375 uxores,_ad
1867 3311 2069 3368 clerum
2084 3319 2136 3363 et

533 3417 601 3471 ad
632 3417 809 3484 ipsum
838 3414 1002 3468 etiam
1041 3425 1312 3470 summum
1343 3406 1714 3463 sacerdotium
1746 3420 1818 3462 ex.
1847 3403 2138 3474 provinciae

535 3524 651 3565 sua:
667 3507 1068 3572 consuetudine
1095 3517 1420 3575 promerere
1438 3501 1540 3556 sibi
1563 3500 1781 3564 liceret,
1797 3497 2134 3565 (maerebant.

609 3602 797 3658 Altcro
823 3601 1167 3661 asserebant,
1208 3614 1229 3655 ι
1265 3609 1376 3654 non
1407 3591 1516 3648 dici
1561 3600 1818 3661 oportere
1862 3587 2140 3658 digamutn

533 3710 659 3752 eum
687 3696 778 3765 qui
812 3691 1239 3753 catechumenos
1266 3685 1516 3741 habuerit
1546 3693 1708 3753 atque
1735 3682 1982 3740 amiserit
2011 3694 2140 3735 uxo-

535 3805 672 3854 rem,
703 3787 748 3842 si
796 3791 918 3856 post
962 3782 1288 3853 baptismum
1318 3779 1482 3839 aliam
1531 3778 1692 3831 fuerit
1719 3775 1984 3838 sortitus;
2018 3771 2140 3840 quia

535 3881 668 3938 illud
695 3877 1008 3950 coniugium
1039 3890 1135 3945 per
1162 3871 1414 3942 baptismi
1439 3878 1842 3926 sacramentum
1880 3881 2003 3920 cum
2031 3879 2141 3920 ete-

538 3974 668 4030 teris
689 3970 1016 4032 criminibus
1038 3968 1111 4022 sit
1136 3966 1422 4030 ablutum;
1463 3981 1482 4015 ι
1518 3961 1765 4030 adeoque
1804 3973 1904 4014 nec
1934 3973 1964 4012 a
1995 3957 2144 4018 clero

537 4063 834 4120 arcendum
866 4076 1012 4120 esse.

613 4155 792 4213 Tertia
826 4154 1041 4214 illorum
1073 4150 1302 4221 quaestio
1347 4147 1492 4210 circa
1539 4160 1636 4204 eos
1679 4145 2019 4206 versabatur,
2052 4143 2146 4210 qui

542 4253 609 4310 ab
639 4249 931 4317 haereticis,
962 4243 1393 4312 nominatimque
1422 4257 1451 4294 a
1481 4240 1697 4303 Bonoso
1729 4247 1849 4308 post
1877 4235 2144 4292 condem-

541 4348 816 4408 nationem
850 4342 1082 4398 ordinati
1122 4339 1358 4402 fuerant,
1391 4352 1520 4394 unm
1551 4335 1763 4390 scilicet
1800 4333 1854 4390 in
1890 4334 2006 4389 suis
2049 4331 2147 4388 ho.-

547 4438 770 4493 noribzis
823 4431 1123 4503 recipiendi
1177 4435 1381 4484 essent.
1433 4427 1546 4482 Hoc
1590 4435 1780 4480 autem.
1825 4424 1991 4479 licere
2041 4423 2150 4479 sibi

2312 3226 2400 3279 27.
2453 3223 2604 3280 Aemo
2652 3223 2794 3290 414,
2843 3226 3058 3298 Legatis
3107 3239 3156 3283 et
3196 3229 3381 3284 littera
3420 3228 3486 3284 de
3514 3228 3852 3283 ordinatione

2244 3317 2529 3374 Alexandri
2548 3329 2596 3373 et
2624 3335 2750 3387 pace
2770 3317 3018 3376 Ecclesiae
3040 3319 3392 3375 Antiocheam.
3423 3319 3602 3374 Acacii
3631 3321 3852 3388 scripsit.

2242 3439 2312 3448 ——
2343 3408 2658 3466 Alexander
2688 3410 3065 3467 Antiochenus
3091 3413 3383 3482 episcOpus
3412 3413 3463 3466 in
3491 3411 3738 3467 Flaviani
3770 3411 3851 3466 Io~

2243 3518 2365 3557 cum
2397 3503 2724 3572 subrogatus
2748 3544 2762 3568 ,
2798 3503 3130 3572 legationem
3158 3505 3230 3559 ad
3257 3504 3644 3560 Innocentium
3685 3504 3854 3559 desti-

2246 3597 2393 3649 navit
2414 3611 2535 3651 cum
2558 3596 2775 3660 litteris,
2798 3597 2996 3664 quibus
3021 3606 3075 3650 ct
3093 3611 3151 3651 se
3177 3596 3420 3666 legitime
3441 3596 3774 3661 ordinatum,
3797 3606 3855 3652 et

2245 3687 2515 3744 exstincto
2555 3686 2886 3754 schismate,
2919 3704 3028 3756 quo
3069 3690 3414 3746 Antiocheam
3453 3689 3682 3744 ecclesia
3711 3703 3739 3740 a
3772 3696 3856 3741 tot

2245 3780 2404 3834 annis
2448 3789 2556 3837 tam
2601 3780 2796 3836 misere
2827 3781 3144 3843 laborabat,
3178 3796 3366 3851 pacem
3395 3782 3578 3838 eidem
3601 3781 3854 3836 ecclesia:

2247 3873 2476 3930 feliciter
2524 3874 2789 3930 redditam
2816 3916 2838 3938 ,,
2861 3889 2956 3931 eos
3000 3890 3128 3933 vero
3159 3877 3253 3946 qui
3281 3875 3494 3930 Paulini
3525 3873 3854 3943 Evagriiqtte

2249 3969 2470 4024 nomine
2499 3968 2628 4022 olim
2672 3968 2864 4024 censiti
2903 3969 3156 4032 inerant,
3189 3984 3401 4022 summa
3431 3967 3696 4023 charitate
3725 3983 3754 4019 a
3791 3981 3856 4024 se

2248 4068 2554 4128 susceptos,
2589 4060 2714 4115 item
2749 4059 3020 4131 Elpidium
3063 4075 3136 4116 ao
3171 4059 3416 4130 Pappum
3441 4103 3454 4125 ,
3485 4062 3576 4130 qui
3621 4060 3854 4116 Joannis

2247 4152 2622 4223 Chrysostouii
2648 4167 2810 4210 causa
2841 4154 3056 4209 fuerant
3079 4153 3320 4224 expulsi,
3346 4153 3468 4209 sine
3496 4154 3600 4210 ulla
3629 4161 3854 4208 contro-

2247 4245 2428 4300 versia
2481 4259 2610 4303 suas
2656 4260 3017 4315 recuperasse
3056 4245 3368 4314 Ecclesiae,
3397 4247 3570 4316 ipsius
3617 4247 3854 4311 denique

2249 4337 2478 4395 Joannis
2531 4353 2731 4398 noeten
2786 4341 2958 4397 sacris
2999 4339 3278 4411 diptychis
3317 4341 3634 4411 inscriptum
3684 4341 3854 4396 fuisse

2252 4433 2551 4488 nuntiabat.
2603 4434 2946 4504 Quapropter
2977 4445 3036 4488 ut
3063 4435 3326 4490 Ecclesia:
3364 4449 3479 4489 sum
3510 4434 3854 4489 communio-

546 4528 1040 4603 persuadebatttcx
1069 4522 1401 4593 indulgentia
1445 4536 1552 4591 qua
1587 4521 1667 4574 usi
1716 4529 1844 4575 sunt
1882 4535 2002 4574 cum
2048 4517 2142 4578 Ναὶ-
2174 4502 2224 4561 Ῑ)
2253 4542 2373 4582 nem
2408 4502 3008 4595 impertiretiioiuan::,
3039 4526 3320 4598 ﬂagitabat
3365 4527 3575 4600 (lnnoc.
3619 4545 3699 4600 ρρ.
3735 4525 3850 4598 t9).

545 4629 680 4683 casui
715 4626 906 4682 Patres
933 4637 1067 4691 ecga
1102 4618 1461 4681 Novatianos,
1494 4626 1606 4671 tum
1640 4615 1878 4686 Auysius
1907 4615 2147 4670 Thcssa-

550 4718 844 4782 lonicensis
867 4716 1156 4786 episcopus
1182 4727 1313 4781 erga
1345 4711 1610 4781 ipsosmet
1640 4710 1999 4764 Bottosiauos.

623 4813 826 4880 Quarto
867 4807 1238 4864 Innocentium
1270 4805 1553 4876 rogabant,
1587 4815 1639 4858 ut
1669 4803 1928 4872 judicium
1959 4802 2141 4858 adver-

552 4921 650 4959 sus
671 4903 966 4960 Photiuum
1005 4916 1098 4970 per
1139 4899 1331 4958 falsum
1380 4912 1651 4953 rumorem
1684 4899 1995 4968 apostolicae
2037 4898 2150 4952 sedi

552 4997 891 5062 subreptum,
937 5002 992 5050 et
1020 4992 1088 5052 ab
1129 4991 1250 5060 ejus
1291 4989 1579 5045 decessore
1617 5005 1711 5060 per
1749 4989 1972 5045 insidias
2001 4990 2151 5045 elici-

555 5099 687 5153 tum,
713 5087 767 5140 in
800 5085 992 5140 melius
1017 5092 1379 5148 commutatis,
1416 5082 1556 5139 hunc
1602 5085 1918 5154 episcopum
1949 5086 2150 5140 consti-

557 5192 706 5235 tuere
736 5179 836 5232 sibi
869 5177 1227 5246 permitteret.

626 5274 938 5335 Postremo,
973 5280 1030 5328 ut
1059 5284 1210 5325 suam
1244 5268 1482 5338 ipsnrum
1513 5269 1788 5325 adversus.
1809 5270 2149 5328 Eustathium

554 5366 848 5424 diaconum
871 5360 1202 5426 conﬁrmans
1243 5361 1567 5415 sententiam
1598 5375 1722 5416 eum
1756 5361 1987 5418 diaconii
2019 5379 2158 5432 spon.

554 5458 716 5514 liaret
755 5456 962 5527 gratia,
993 5463 1048 5507 ct
1091 5452 1306 5508 diabolo
1339 5452 1391 5504 in
1424 5461 1746 5522 perpetuum
1779 5456 2111 5525 manciparat
2138 5499 2150 5520 ,

554 5549 828 5614 petebant.
877 5546 958 5602 Ad
1006 5544 1214 5613 singula
1264 5543 1353 5598 illa
1387 5543 1562 5611 capita
1608 5543 1976 5612 Initocentius,
2008 5563 2158 5603 auito

553 5642 659 5696 414
691 5646 944 5702 exeunte,
979 5639 1034 5690 in
1063 5633 1293 5705 epistola
1325 5635 1410 5696 15,
1447 5634 1746 5703 respondit.

623 5731 715 5787 25.
748 5729 906 5785 Circa
926 5742 1123 5790 annum
1143 5723 1270 5792 414,
1300 5724 1484 5785 litterce
1516 5724 1864 5784 Macedonum
1883 5729 1960 5786 ad,
1984 5729 2146 5787 ιηηο-

2327 4619 2543 4672 Litteris
2571 4619 2676 4675 illis
2705 4619 2964 4688 adjuncta
2991 4629 3149 4678 erant
3173 4623 3350 4676 Acacii
3375 4623 3583 4678 Bermee
3608 4623 3858 4693 episcopi

2251 4712 2473 4780 scripta,
2507 4711 2705 4782 quibus
2736 4724 2790 4767 et
2813 4713 2904 4768 ille
2932 4715 3157 4784 rogabat
3188 4715 3585 4782 Innocentium,
3617 4727 3670 4770 ut
3697 4732 3851 4772 com-

2255 4805 2596 4867 munionem,
2621 4820 2780 4874 quam
2810 4806 2909 4875 ipsi
2949 4805 3214 4863 hactenus
3239 4807 3468 4863 Joannis
3497 4823 3661 4864 causa
3691 4824 3862 4879 nega-

2259 4910 2366 4964 rat,
2397 4900 2678 4956 redderet.

2327 4992 2420 5048 ‘28.
2470 4993 2620 5048 Circa
2662 5010 2787 5048 ann.
2833 4994 2974 5059 415,
3004 4993 3340 5051 Innocentius
3373 4997 3554 5052 Romae
3596 4997 3860 5068 agitedum

2257 5087 2409 5140 habet
2435 5088 2495 5141 de
2537 5089 2716 5142 eadem
2757 5087 3253 5160 re.—Legatiouis
3295 5091 3649 5146 Antiochetuc
3696 5103 3860 5145 occa-

2257 5179 2410 5233 sione
2443 5179 2626 5234 Iioma:
2655 5193 3042 5252 congregatum
3071 5195 3151 5238 ρει
3179 5184 3504 5248 concilium,
3537 5185 3623 5240 cui
3667 5182 3858 5252 viginti

2259 5271 2622 5328 interfuerunt.
2661 5277 2924 5344 episcopi.
2959 5277 3013 5330 In
3045 5291 3108 5331 eo
3135 5289 3314 5331 autem
3349 5277 3504 5334 lectis
3548 5275 3862 5332 Alexandri

2259 5361 2477 5429 litteris,
2511 5366 2815 5435 auditisque
2847 5368 3052 5436 legatis,
3099 5385 3324 5438 quorum
3351 5371 3608 5442 princeps
3636 5367 3862 5424 Cassia-

2260 5471 2362 5509 nus
2394 5457 2677 5529 presbyter
2708 5461 2981 5516 exstitisse
3011 5461 3240 5525 videtur,
3272 5477 3341 5516 an
3381 5463 3634 5517 omnibus
3661 5463 3728 5516 ad
3763 5479 3864 5533 pa-

2257 5562 2371 5603 ccm
2399 5550 2547 5618 prius
2574 5553 2852 5619 requisitis
2879 5551 3283 5608 conditionibus
3310 5554 3613 5609 Antiochia:
3643 5557 3866 5612 satisfa-

2254 5650 2402 5696 ctum
2428 5651 2596 5708 esset,
2625 5642 2918 5714 diligontec
2943 5655 3030 5700 cst
3057 5660 3379 5715 eXpensnm.
3431 5647 3561 5703 Inde
3587 5647 3857 5704 Innocen-

2252 5733 2361 5791 tius
2409 5735 2478 5791 ad
2533 5737 2900 5796 Alexandrum
2961 5739 3172 5795 litteras
3226 5756 3352 5798 cum
3410 5741 3696 5813 privatas,
3750 5753 3870 5800 tinu-
