  <div class='ocr_page' id='page_1' title='image "/cluster/home/n/w/nwhite01/storage/ocr_20150623/20/hvd.32044096580469/316.png"; bbox 0 0 4206 6174; ppageno 0'>
   <div class='ocr_carea' id='block_1_1' title="bbox 384 163 482 219">
    <p class='ocr_par' dir='ltr' id='par_1_1' title="bbox 384 163 482 219">
     <span class='ocr_line' id='line_1_1' title="bbox 384 163 482 219; baseline -0.01 0"><span class='ocrx_word' id='word_1_1' title='bbox 384 163 482 219; x_wconf 62' lang='lat' dir='ltr'><strong>ﬂii</strong></span> 
     </span>
    </p>
   </div>
   <div class='ocr_carea' id='block_1_2' title="bbox 1189 152 2893 228">
    <p class='ocr_par' dir='ltr' id='par_1_2' title="bbox 1189 152 2893 228">
     <span class='ocr_line' id='line_1_2' title="bbox 1189 152 2893 228; baseline -0.006 -5"><span class='ocrx_word' id='word_1_2' title='bbox 1189 162 1475 223; x_wconf 67' lang='lat' dir='ltr'><strong>NOTI&#39;IIA</strong></span> <span class='ocrx_word' id='word_1_3' title='bbox 1512 152 2000 223; x_wconf 69' lang='lat' dir='ltr'><strong>EPISTOLARL‘M</strong></span> <span class='ocrx_word' id='word_1_4' title='bbox 2038 152 2177 215; x_wconf 63' lang='lat' dir='ltr'><strong>bile</strong></span> <span class='ocrx_word' id='word_1_5' title='bbox 2224 154 2696 228; x_wconf 70' lang='lat' dir='ltr'><strong>EXSTANTIIJM,</strong></span> <span class='ocrx_word' id='word_1_6' title='bbox 2739 156 2893 217; x_wconf 67' lang='lat' dir='ltr'><strong>B‘I’C.</strong></span> 
     </span>
    </p>
   </div>
   <div class='ocr_carea' id='block_1_3' title="bbox 3580 161 3688 218">
    <p class='ocr_par' dir='ltr' id='par_1_3' title="bbox 3580 161 3688 218">
     <span class='ocr_line' id='line_1_3' title="bbox 3580 161 3688 218; baseline -0.019 -1"><span class='ocrx_word' id='word_1_7' title='bbox 3580 161 3688 218; x_wconf 73' lang='lat'><strong>6&#39;22</strong></span> 
     </span>
    </p>
   </div>
   <div class='ocr_carea' id='block_1_4' title="bbox 383 274 3686 354">
    <p class='ocr_par' dir='ltr' id='par_1_4' title="bbox 383 274 3686 354">
     <span class='ocr_line' id='line_1_4' title="bbox 383 274 3686 354; baseline -0.001 -19"><span class='ocrx_word' id='word_1_8' title='bbox 383 295 707 337; x_wconf 82' lang='lat' dir='ltr'><strong>communes</strong></span> <span class='ocrx_word' id='word_1_9' title='bbox 734 297 763 337; x_wconf 88' lang='lat' dir='ltr'><strong>a</strong></span> <span class='ocrx_word' id='word_1_10' title='bbox 785 282 971 354; x_wconf 76' lang='lat' dir='ltr'><strong>viginti</strong></span> <span class='ocrx_word' id='word_1_11' title='bbox 994 283 1263 354; x_wconf 75' lang='lat' dir='ltr'><strong>episcopis</strong></span> <span class='ocrx_word' id='word_1_12' title='bbox 1289 283 1644 354; x_wconf 73' lang='lat' dir='ltr'><strong>subscriptus,</strong></span> <span class='ocrx_word' id='word_1_13' title='bbox 1664 295 1786 337; x_wconf 89' lang='lat' dir='ltr'><strong>cum</strong></span> <span class='ocrx_word' id='word_1_14' title='bbox 1817 278 1983 349; x_wconf 84' lang='lat' dir='ltr'><strong>ipsius</strong></span> <span class='ocrx_word' id='word_1_15' title='bbox 2012 274 2063 333; x_wconf 80' lang='grc' dir='ltr'><strong>Α</strong></span> <span class='ocrx_word' id='word_1_16' title='bbox 2090 275 2212 332; x_wconf 70' lang='lat' dir='ltr'><strong>uico</strong></span> <span class='ocrx_word' id='word_1_17' title='bbox 2240 276 2467 347; x_wconf 80' lang='lat' dir='ltr'><strong>perungi</strong></span> <span class='ocrx_word' id='word_1_18' title='bbox 2500 276 2736 346; x_wconf 89' lang='lat' dir='ltr'><strong>possint;</strong></span> <span class='ocrx_word' id='word_1_19' title='bbox 2766 274 2967 331; x_wconf 88' lang='lat' dir='ltr'><strong>deinde</strong></span> <span class='ocrx_word' id='word_1_20' title='bbox 2988 276 3193 331; x_wconf 89' lang='lat' dir='ltr'><strong>solisne</strong></span> <span class='ocrx_word' id='word_1_21' title='bbox 3225 276 3552 347; x_wconf 68' lang='lat' dir='ltr'><strong>presbyteris</strong></span> <span class='ocrx_word' id='word_1_22' title='bbox 3572 318 3586 343; x_wconf 94' lang='lat'><strong>,</strong></span> <span class='ocrx_word' id='word_1_23' title='bbox 3618 293 3686 332; x_wconf 88' lang='lat' dir='ltr'><strong>an</strong></span> 
     </span>
    </p>
   </div>
   <div class='ocr_carea' id='block_1_5' title="bbox 384 371 1981 445">
    <p class='ocr_par' dir='ltr' id='par_1_5' title="bbox 384 371 1981 445">
     <span class='ocr_line' id='line_1_5' title="bbox 384 371 1981 445; baseline -0.002 -19"><span class='ocrx_word' id='word_1_24' title='bbox 384 373 577 442; x_wconf 87' lang='lat' dir='ltr'><strong>synodi</strong></span> <span class='ocrx_word' id='word_1_25' title='bbox 623 376 790 443; x_wconf 85' lang='lat' dir='ltr'><strong>gestis</strong></span> <span class='ocrx_word' id='word_1_26' title='bbox 836 384 889 429; x_wconf 85' lang='lat' dir='ltr'><strong>et</strong></span> <span class='ocrx_word' id='word_1_27' title='bbox 935 376 1155 445; x_wconf 74' lang='lat' dir='ltr'><strong>scriptis</strong></span> <span class='ocrx_word' id='word_1_28' title='bbox 1200 376 1267 431; x_wconf 82' lang='lat' dir='ltr'><strong>ad</strong></span> <span class='ocrx_word' id='word_1_29' title='bbox 1317 376 1571 432; x_wconf 82' lang='lat' dir='ltr'><strong>Acacium</strong></span> <span class='ocrx_word' id='word_1_30' title='bbox 1620 390 1719 444; x_wconf 88' lang='lat' dir='ltr'><strong>per</strong></span> <span class='ocrx_word' id='word_1_31' title='bbox 1758 371 1981 428; x_wconf 75' lang='lat' dir='ltr'><strong>Paulum</strong></span> 
     </span>
    </p>
   </div>
   <div class='ocr_carea' id='block_1_6' title="bbox 387 465 1987 539">
    <p class='ocr_par' dir='ltr' id='par_1_6' title="bbox 387 465 1987 539">
     <span class='ocr_line' id='line_1_6' title="bbox 387 465 1987 539; baseline 0.001 -22"><span class='ocrx_word' id='word_1_32' title='bbox 387 467 798 539; x_wconf 82' lang='lat' dir='ltr'><strong>presbyterum,</strong></span> <span class='ocrx_word' id='word_1_33' title='bbox 845 468 1125 523; x_wconf 83' lang='lat' dir='ltr'><strong>Nicolaum</strong></span> <span class='ocrx_word' id='word_1_34' title='bbox 1172 468 1466 524; x_wconf 76' lang='lat' dir='ltr'><strong>diaconum</strong></span> <span class='ocrx_word' id='word_1_35' title='bbox 1497 483 1562 523; x_wconf 82' lang='lat' dir='ltr'><strong>ac</strong></span> <span class='ocrx_word' id='word_1_36' title='bbox 1592 467 1814 523; x_wconf 87' lang='lat' dir='ltr'><strong>Petrum</strong></span> <span class='ocrx_word' id='word_1_37' title='bbox 1860 465 1987 520; x_wconf 88' lang='lat' dir='ltr'><strong>sub-</strong></span> 
     </span>
    </p>
   </div>
   <div class='ocr_carea' id='block_1_7' title="bbox 387 560 1988 635">
    <p class='ocr_par' dir='ltr' id='par_1_7' title="bbox 387 560 1988 635">
     <span class='ocr_line' id='line_1_7' title="bbox 387 560 1988 635; baseline 0 -20"><span class='ocrx_word' id='word_1_38' title='bbox 387 560 679 617; x_wconf 81' lang='lat' dir='ltr'><strong>diaconum</strong></span> <span class='ocrx_word' id='word_1_39' title='bbox 705 562 851 618; x_wconf 84' lang='lat' dir='ltr'><strong>misit</strong></span> <span class='ocrx_word' id='word_1_40' title='bbox 874 562 1086 635; x_wconf 76' lang='lat' dir='ltr'><strong>(limae.</strong></span> <span class='ocrx_word' id='word_1_41' title='bbox 1107 564 1257 633; x_wconf 75' lang='lat' dir='ltr'><strong>epist.</strong></span> <span class='ocrx_word' id='word_1_42' title='bbox 1290 563 1401 635; x_wconf 84' lang='lat' dir='ltr'><strong>I9).</strong></span> <span class='ocrx_word' id='word_1_43' title='bbox 1429 564 1564 617; x_wconf 82' lang='lat' dir='ltr'><strong>Tres</strong></span> <span class='ocrx_word' id='word_1_44' title='bbox 1587 563 1710 617; x_wconf 82' lang='lat' dir='ltr'><strong>illas</strong></span> <span class='ocrx_word' id='word_1_45' title='bbox 1731 561 1988 631; x_wconf 73' lang='lat' dir='ltr'><strong>epistolas</strong></span> 
     </span>
    </p>
   </div>
   <div class='ocr_carea' id='block_1_8' title="bbox 390 651 1991 726">
    <p class='ocr_par' dir='ltr' id='par_1_8' title="bbox 390 651 1991 726">
     <span class='ocr_line' id='line_1_8' title="bbox 390 651 1991 726; baseline -0.004 -15"><span class='ocrx_word' id='word_1_46' title='bbox 390 654 688 711; x_wconf 82' lang='lat' dir='ltr'><strong>etiamnum</strong></span> <span class='ocrx_word' id='word_1_47' title='bbox 717 654 1001 721; x_wconf 76' lang='lat' dir='ltr'><strong>habemus,</strong></span> <span class='ocrx_word' id='word_1_48' title='bbox 1034 654 1131 711; x_wconf 82' lang='lat' dir='ltr'><strong>sed</strong></span> <span class='ocrx_word' id='word_1_49' title='bbox 1180 656 1560 726; x_wconf 83' lang='lat' dir='ltr'><strong>episcoporum</strong></span> <span class='ocrx_word' id='word_1_50' title='bbox 1590 653 1778 724; x_wconf 88' lang='lat' dir='ltr'><strong>viginti</strong></span> <span class='ocrx_word' id='word_1_51' title='bbox 1822 651 1991 706; x_wconf 83' lang='lat' dir='ltr'><strong>Italiae</strong></span> 
     </span>
    </p>
   </div>
   <div class='ocr_carea' id='block_1_9' title="bbox 391 743 1992 818">
    <p class='ocr_par' dir='ltr' id='par_1_9' title="bbox 391 743 1992 818">
     <span class='ocr_line' id='line_1_9' title="bbox 391 743 1992 818; baseline -0.003 -15"><span class='ocrx_word' id='word_1_52' title='bbox 391 747 822 816; x_wconf 78' lang='lat' dir='ltr'><strong>subscriptiones</strong></span> <span class='ocrx_word' id='word_1_53' title='bbox 849 756 905 803; x_wconf 85' lang='lat' dir='ltr'><strong>et</strong></span> <span class='ocrx_word' id='word_1_54' title='bbox 931 747 1172 802; x_wconf 76' lang='lat' dir='ltr'><strong>subnexa</strong></span> <span class='ocrx_word' id='word_1_55' title='bbox 1193 748 1274 803; x_wconf 87' lang='lat' dir='ltr'><strong>eis</strong></span> <span class='ocrx_word' id='word_1_56' title='bbox 1294 756 1450 818; x_wconf 85' lang='lat' dir='ltr'><strong>gesta</strong></span> <span class='ocrx_word' id='word_1_57' title='bbox 1478 746 1823 801; x_wconf 76' lang='lat' dir='ltr'><strong>exciderunt.</strong></span> <span class='ocrx_word' id='word_1_58' title='bbox 1856 743 1992 799; x_wconf 83' lang='lat' dir='ltr'><strong>Tan-</strong></span> 
     </span>
    </p>
   </div>
   <div class='ocr_carea' id='block_1_10' title="bbox 396 836 1992 909">
    <p class='ocr_par' dir='ltr' id='par_1_10' title="bbox 396 836 1992 909">
     <span class='ocr_line' id='line_1_10' title="bbox 396 836 1992 909; baseline -0.002 -16"><span class='ocrx_word' id='word_1_59' title='bbox 396 847 507 894; x_wconf 89' lang='lat' dir='ltr'><strong>tum</strong></span> <span class='ocrx_word' id='word_1_60' title='bbox 534 838 921 894; x_wconf 79' lang='lat' dir='ltr'><strong>Maximianum</strong></span> <span class='ocrx_word' id='word_1_61' title='bbox 946 839 1275 896; x_wconf 72' lang='lat' dir='ltr'><strong>Macedonia:</strong></span> <span class='ocrx_word' id='word_1_62' title='bbox 1303 840 1619 909; x_wconf 82' lang='lat' dir='ltr'><strong>episcopum</strong></span> <span class='ocrx_word' id='word_1_63' title='bbox 1646 837 1767 893; x_wconf 79' lang='lat' dir='ltr'><strong>ltuit:</strong></span> <span class='ocrx_word' id='word_1_64' title='bbox 1785 836 1992 909; x_wconf 77' lang='lat' dir='ltr'><strong>synodo</strong></span> 
     </span>
    </p>
   </div>
   <div class='ocr_carea' id='block_1_11' title="bbox 396 928 1993 1002">
    <p class='ocr_par' dir='ltr' id='par_1_11' title="bbox 396 928 1993 1002">
     <span class='ocr_line' id='line_1_11' title="bbox 396 928 1993 1002; baseline -0.003 -15"><span class='ocrx_word' id='word_1_65' title='bbox 396 930 711 988; x_wconf 76' lang='lat' dir='ltr'><strong>interfuisse</strong></span> <span class='ocrx_word' id='word_1_66' title='bbox 738 947 803 988; x_wconf 77' lang='lat' dir='ltr'><strong>ex</strong></span> <span class='ocrx_word' id='word_1_67' title='bbox 845 932 1080 1002; x_wconf 87' lang='lat' dir='ltr'><strong>epistola</strong></span> <span class='ocrx_word' id='word_1_68' title='bbox 1109 932 1181 989; x_wconf 65' lang='lat'><strong>93</strong></span> <span class='ocrx_word' id='word_1_69' title='bbox 1208 932 1493 989; x_wconf 75' lang='lat' dir='ltr'><strong>discimus.</strong></span> <span class='ocrx_word' id='word_1_70' title='bbox 1537 932 1614 985; x_wconf 79' lang='lat' dir='ltr'><strong>Ex</strong></span> <span class='ocrx_word' id='word_1_71' title='bbox 1643 944 1751 997; x_wconf 86' lang='lat' dir='ltr'><strong>quo</strong></span> <span class='ocrx_word' id='word_1_72' title='bbox 1777 938 1833 984; x_wconf 88' lang='lat' dir='ltr'><strong>et</strong></span> <span class='ocrx_word' id='word_1_73' title='bbox 1856 928 1993 984; x_wconf 88' lang='lat' dir='ltr'><strong>alios</strong></span> 
     </span>
    </p>
   </div>
   <div class='ocr_carea' id='block_1_12' title="bbox 395 1023 1990 1095">
    <p class='ocr_par' dir='ltr' id='par_1_12' title="bbox 395 1023 1990 1095">
     <span class='ocr_line' id='line_1_12' title="bbox 395 1023 1990 1095; baseline -0.003 -15"><span class='ocrx_word' id='word_1_74' title='bbox 395 1023 621 1081; x_wconf 77' lang='lat' dir='ltr'><strong>aliarum</strong></span> <span class='ocrx_word' id='word_1_75' title='bbox 670 1026 1067 1095; x_wconf 78' lang='lat' dir='ltr'><strong>provinciarum</strong></span> <span class='ocrx_word' id='word_1_76' title='bbox 1109 1026 1432 1095; x_wconf 76' lang='lat' dir='ltr'><strong>episcenos,</strong></span> <span class='ocrx_word' id='word_1_77' title='bbox 1466 1024 1556 1095; x_wconf 90' lang='lat' dir='ltr'><strong>qui</strong></span> <span class='ocrx_word' id='word_1_78' title='bbox 1600 1024 1653 1078; x_wconf 88' lang='lat' dir='ltr'><strong>in</strong></span> <span class='ocrx_word' id='word_1_79' title='bbox 1700 1023 1842 1079; x_wconf 90' lang='lat' dir='ltr'><strong>Urbe</strong></span> <span class='ocrx_word' id='word_1_80' title='bbox 1882 1033 1990 1076; x_wconf 89' lang='lat' dir='ltr'><strong>tum</strong></span> 
     </span>
    </p>
   </div>
   <div class='ocr_carea' id='block_1_13' title="bbox 391 1114 1990 1178">
    <p class='ocr_par' dir='ltr' id='par_1_13' title="bbox 391 1114 1990 1178">
     <span class='ocr_line' id='line_1_13' title="bbox 391 1114 1990 1178; baseline -0.004 -5"><span class='ocrx_word' id='word_1_81' title='bbox 391 1114 540 1173; x_wconf 79' lang='lat' dir='ltr'><strong>forte</strong></span> <span class='ocrx_word' id='word_1_82' title='bbox 566 1127 756 1178; x_wconf 81' lang='lat' dir='ltr'><strong>erant,</strong></span> <span class='ocrx_word' id='word_1_83' title='bbox 788 1117 857 1172; x_wconf 83' lang='lat' dir='ltr'><strong>ad</strong></span> <span class='ocrx_word' id='word_1_84' title='bbox 898 1117 1148 1174; x_wconf 80' lang='lat' dir='ltr'><strong>eamdem</strong></span> <span class='ocrx_word' id='word_1_85' title='bbox 1181 1120 1250 1174; x_wconf 90' lang='lat' dir='ltr'><strong>de</strong></span> <span class='ocrx_word' id='word_1_86' title='bbox 1285 1133 1437 1173; x_wconf 85' lang='lat' dir='ltr'><strong>more</strong></span> <span class='ocrx_word' id='word_1_87' title='bbox 1466 1125 1687 1172; x_wconf 78' lang='lat' dir='ltr'><strong>vocatos</strong></span> <span class='ocrx_word' id='word_1_88' title='bbox 1712 1132 1834 1171; x_wconf 83' lang='lat' dir='ltr'><strong>esse</strong></span> <span class='ocrx_word' id='word_1_89' title='bbox 1863 1131 1990 1171; x_wconf 87' lang='lat' dir='ltr'><strong>cen-</strong></span> 
     </span>
    </p>
   </div>
   <div class='ocr_carea' id='block_1_14' title="bbox 396 1209 737 1280">
    <p class='ocr_par' dir='ltr' id='par_1_14' title="bbox 396 1209 737 1280">
     <span class='ocr_line' id='line_1_14' title="bbox 396 1209 737 1280; baseline -0.006 -13"><span class='ocrx_word' id='word_1_90' title='bbox 396 1209 606 1280; x_wconf 76' lang='lat' dir='ltr'><strong>iectura</strong></span> <span class='ocrx_word' id='word_1_91' title='bbox 632 1218 737 1268; x_wconf 83' lang='lat' dir='ltr'><strong>est.</strong></span> 
     </span>
    </p>
   </div>
   <div class='ocr_carea' id='block_1_15' title="bbox 470 1301 1998 1376">
    <p class='ocr_par' dir='ltr' id='par_1_15' title="bbox 470 1301 1998 1376">
     <span class='ocr_line' id='line_1_15' title="bbox 470 1301 1998 1376; baseline -0.003 -16"><span class='ocrx_word' id='word_1_92' title='bbox 470 1301 563 1360; x_wconf 65' lang='lat'><strong>29.</strong></span> <span class='ocrx_word' id='word_1_93' title='bbox 602 1302 886 1373; x_wconf 65' lang='lat' dir='ltr'><strong>Aliquanto</strong></span> <span class='ocrx_word' id='word_1_94' title='bbox 935 1314 1047 1376; x_wconf 69' lang='lat' dir='ltr'><strong>post</strong></span> <span class='ocrx_word' id='word_1_95' title='bbox 1088 1304 1448 1360; x_wconf 66' lang='lat' dir='ltr'><strong>Maximianus</strong></span> <span class='ocrx_word' id='word_1_96' title='bbox 1485 1306 1537 1358; x_wconf 81' lang='lat' dir='ltr'><strong>in</strong></span> <span class='ocrx_word' id='word_1_97' title='bbox 1578 1304 1736 1358; x_wconf 77' lang='lat' dir='ltr'><strong>Attici</strong></span> <span class='ocrx_word' id='word_1_98' title='bbox 1776 1304 1998 1374; x_wconf 75' lang='lat' dir='ltr'><strong>gratiam</strong></span> 
     </span>
    </p>
   </div>
   <div class='ocr_carea' id='block_1_16' title="bbox 398 1394 1997 1467">
    <p class='ocr_par' dir='ltr' id='par_1_16' title="bbox 398 1394 1997 1467">
     <span class='ocr_line' id='line_1_16' title="bbox 398 1394 1997 1467; baseline -0.003 -15"><span class='ocrx_word' id='word_1_99' title='bbox 398 1394 596 1452; x_wconf 73' lang='lat' dir='ltr'><strong>scribit.</strong></span> <span class='ocrx_word' id='word_1_100' title='bbox 630 1425 702 1438; x_wconf 92' lang='lat'><strong>—</strong></span> <span class='ocrx_word' id='word_1_101' title='bbox 741 1396 1098 1453; x_wconf 75' lang='lat' dir='ltr'><strong>Maximianus</strong></span> <span class='ocrx_word' id='word_1_102' title='bbox 1150 1396 1479 1453; x_wconf 68' lang='lat' dir='ltr'><strong>Macedoniae</strong></span> <span class='ocrx_word' id='word_1_103' title='bbox 1521 1398 1809 1467; x_wconf 87' lang='lat' dir='ltr'><strong>episcopus</strong></span> <span class='ocrx_word' id='word_1_104' title='bbox 1834 1438 1847 1459; x_wconf 94' lang='lat'><strong>,</strong></span> <span class='ocrx_word' id='word_1_105' title='bbox 1877 1410 1997 1449; x_wconf 89' lang='lat' dir='ltr'><strong>cum</strong></span> 
     </span>
    </p>
   </div>
   <div class='ocr_carea' id='block_1_17' title="bbox 402 1487 2001 1560">
    <p class='ocr_par' dir='ltr' id='par_1_17' title="bbox 402 1487 2001 1560">
     <span class='ocr_line' id='line_1_17' title="bbox 402 1487 2001 1560; baseline -0.002 -16"><span class='ocrx_word' id='word_1_106' title='bbox 402 1488 553 1556; x_wconf 82' lang='lat' dir='ltr'><strong>pacis</strong></span> <span class='ocrx_word' id='word_1_107' title='bbox 579 1487 890 1545; x_wconf 77' lang='lat' dir='ltr'><strong>Alexandre</strong></span> <span class='ocrx_word' id='word_1_108' title='bbox 909 1490 1168 1560; x_wconf 82' lang='lat' dir='ltr'><strong>episcopo</strong></span> <span class='ocrx_word' id='word_1_109' title='bbox 1195 1502 1245 1545; x_wconf 85' lang='lat' dir='ltr'><strong>et</strong></span> <span class='ocrx_word' id='word_1_110' title='bbox 1274 1489 1634 1545; x_wconf 61' lang='lat' dir='ltr'><strong>Antiochenam</strong></span> <span class='ocrx_word' id='word_1_111' title='bbox 1662 1488 1909 1544; x_wconf 67' lang='lat' dir='ltr'><strong>ecclesia:</strong></span> <span class='ocrx_word' id='word_1_112' title='bbox 1935 1488 2001 1541; x_wconf 89' lang='lat' dir='ltr'><strong>ab</strong></span> 
     </span>
    </p>
   </div>
   <div class='ocr_carea' id='block_1_18' title="bbox 404 1582 2000 1655">
    <p class='ocr_par' dir='ltr' id='par_1_18' title="bbox 404 1582 2000 1655">
     <span class='ocr_line' id='line_1_18' title="bbox 404 1582 2000 1655; baseline -0.001 -16"><span class='ocrx_word' id='word_1_113' title='bbox 404 1582 720 1642; x_wconf 90' lang='lat' dir='ltr'><strong>Innocentio</strong></span> <span class='ocrx_word' id='word_1_114' title='bbox 748 1600 1026 1641; x_wconf 66' lang='lat' dir='ltr'><strong>concessa:</strong></span> <span class='ocrx_word' id='word_1_115' title='bbox 1066 1588 1220 1642; x_wconf 90' lang='lat' dir='ltr'><strong>testis</strong></span> <span class='ocrx_word' id='word_1_116' title='bbox 1253 1587 1463 1650; x_wconf 88' lang='lat' dir='ltr'><strong>fuisset,</strong></span> <span class='ocrx_word' id='word_1_117' title='bbox 1500 1587 1551 1640; x_wconf 91' lang='lat' dir='ltr'><strong>in</strong></span> <span class='ocrx_word' id='word_1_118' title='bbox 1579 1586 1783 1655; x_wconf 88' lang='lat' dir='ltr'><strong>regiam</strong></span> <span class='ocrx_word' id='word_1_119' title='bbox 1812 1584 2000 1640; x_wconf 84' lang='lat' dir='ltr'><strong>urbem</strong></span> 
     </span>
    </p>
   </div>
   <div class='ocr_carea' id='block_1_19' title="bbox 2086 368 3687 440">
    <p class='ocr_par' dir='ltr' id='par_1_19' title="bbox 2086 368 3687 440">
     <span class='ocr_line' id='line_1_19' title="bbox 2086 368 3687 440; baseline 0.001 -18"><span class='ocrx_word' id='word_1_120' title='bbox 2086 369 2247 423; x_wconf 90' lang='lat' dir='ltr'><strong>etiam</strong></span> <span class='ocrx_word' id='word_1_121' title='bbox 2295 370 2567 440; x_wconf 74' lang='lat' dir='ltr'><strong>episcopis</strong></span> <span class='ocrx_word' id='word_1_122' title='bbox 2608 369 2905 427; x_wconf 86' lang='lat' dir='ltr'><strong>chrismate</strong></span> <span class='ocrx_word' id='word_1_123' title='bbox 2945 368 3191 423; x_wconf 85' lang='lat' dir='ltr'><strong>infirmes</strong></span> <span class='ocrx_word' id='word_1_124' title='bbox 3242 384 3443 439; x_wconf 86' lang='lat' dir='ltr'><strong>ungere</strong></span> <span class='ocrx_word' id='word_1_125' title='bbox 3491 369 3687 434; x_wconf 88' lang='lat' dir='ltr'><strong>liceat,</strong></span> 
     </span>
    </p>
   </div>
   <div class='ocr_carea' id='block_1_20' title="bbox 2089 462 3688 532">
    <p class='ocr_par' dir='ltr' id='par_1_20' title="bbox 2089 462 3688 532">
     <span class='ocr_line' id='line_1_20' title="bbox 2089 462 3688 532; baseline 0.002 -17"><span class='ocrx_word' id='word_1_126' title='bbox 2089 474 2368 532; x_wconf 73' lang='lat' dir='ltr'><strong>pestremo</strong></span> <span class='ocrx_word' id='word_1_127' title='bbox 2405 478 2473 517; x_wconf 90' lang='lat' dir='ltr'><strong>an</strong></span> <span class='ocrx_word' id='word_1_128' title='bbox 2526 463 2707 518; x_wconf 90' lang='lat' dir='ltr'><strong>oleum</strong></span> <span class='ocrx_word' id='word_1_129' title='bbox 2760 462 2890 517; x_wconf 89' lang='lat' dir='ltr'><strong>illud</strong></span> <span class='ocrx_word' id='word_1_130' title='bbox 2947 462 3335 531; x_wconf 84' lang='lat' dir='ltr'><strong>peenitentibus</strong></span> <span class='ocrx_word' id='word_1_131' title='bbox 3382 462 3454 516; x_wconf 89' lang='lat' dir='ltr'><strong>sit</strong></span> <span class='ocrx_word' id='word_1_132' title='bbox 3505 462 3688 518; x_wconf 85' lang='lat' dir='ltr'><strong>iniun-</strong></span> 
     </span>
    </p>
   </div>
   <div class='ocr_carea' id='block_1_21' title="bbox 2089 556 2349 611">
    <p class='ocr_par' dir='ltr' id='par_1_21' title="bbox 2089 556 2349 611">
     <span class='ocr_line' id='line_1_21' title="bbox 2089 556 2349 611; baseline -0.004 -1"><span class='ocrx_word' id='word_1_133' title='bbox 2089 556 2349 611; x_wconf 89' lang='lat' dir='ltr'><strong>dendum.</strong></span> 
     </span>
    </p>
   </div>
   <div class='ocr_carea' id='block_1_22' title="bbox 2163 650 3689 723">
    <p class='ocr_par' dir='ltr' id='par_1_22' title="bbox 2163 650 3689 723">
     <span class='ocr_line' id='line_1_22' title="bbox 2163 650 3689 723; baseline 0.001 -19"><span class='ocrx_word' id='word_1_134' title='bbox 2163 651 2427 706; x_wconf 87' lang='lat' dir='ltr'><strong>Omnibus</strong></span> <span class='ocrx_word' id='word_1_135' title='bbox 2457 652 2564 707; x_wconf 81' lang='lat' dir='ltr'><strong>illis</strong></span> <span class='ocrx_word' id='word_1_136' title='bbox 2604 651 2997 722; x_wconf 65' lang='lat' dir='ltr'><strong>quiestienibus</strong></span> <span class='ocrx_word' id='word_1_137' title='bbox 3048 650 3418 718; x_wconf 88' lang='lat' dir='ltr'><strong>innocentius,</strong></span> <span class='ocrx_word' id='word_1_138' title='bbox 3461 651 3689 723; x_wconf 90' lang='lat' dir='ltr'><strong>epistola</strong></span> 
     </span>
    </p>
   </div>
   <div class='ocr_carea' id='block_1_23' title="bbox 2091 744 2520 809">
    <p class='ocr_par' dir='ltr' id='par_1_23' title="bbox 2091 744 2520 809">
     <span class='ocr_line' id='line_1_23' title="bbox 2091 744 2520 809; baseline -0.002 -12"><span class='ocrx_word' id='word_1_139' title='bbox 2091 744 2182 809; x_wconf 67' lang='lat'><strong>26,</strong></span> <span class='ocrx_word' id='word_1_140' title='bbox 2217 744 2340 799; x_wconf 86' lang='lat' dir='ltr'><strong>iacit</strong></span> <span class='ocrx_word' id='word_1_141' title='bbox 2368 745 2520 799; x_wconf 81' lang='lat' dir='ltr'><strong>satis.</strong></span> 
     </span>
    </p>
   </div>
   <div class='ocr_carea' id='block_1_24' title="bbox 2166 836 3699 908">
    <p class='ocr_par' dir='ltr' id='par_1_24' title="bbox 2166 836 3699 908">
     <span class='ocr_line' id='line_1_24' title="bbox 2166 836 3699 908; baseline -0.001 -17"><span class='ocrx_word' id='word_1_142' title='bbox 2166 836 2255 891; x_wconf 66' lang='lat' dir='ltr'><strong>Si.</strong></span> <span class='ocrx_word' id='word_1_143' title='bbox 2288 839 2434 891; x_wconf 83' lang='lat' dir='ltr'><strong>Anne</strong></span> <span class='ocrx_word' id='word_1_144' title='bbox 2478 837 2606 901; x_wconf 76' lang='lat'><strong>“6,</strong></span> <span class='ocrx_word' id='word_1_145' title='bbox 2637 838 2793 908; x_wconf 72' lang='lat' dir='ltr'><strong>plura</strong></span> <span class='ocrx_word' id='word_1_146' title='bbox 2820 838 3043 905; x_wconf 81' lang='lat' dir='ltr'><strong>scripta,</strong></span> <span class='ocrx_word' id='word_1_147' title='bbox 3074 854 3189 908; x_wconf 63' lang='lat' dir='ltr'><strong>quia</strong></span> <span class='ocrx_word' id='word_1_148' title='bbox 3228 837 3295 890; x_wconf 85' lang='lat' dir='ltr'><strong>ad</strong></span> <span class='ocrx_word' id='word_1_149' title='bbox 3338 836 3542 907; x_wconf 78' lang='lat' dir='ltr'><strong>Pelagii</strong></span> <span class='ocrx_word' id='word_1_150' title='bbox 3571 853 3699 890; x_wconf 79' lang='lat' dir='ltr'><strong>cau-</strong></span> 
     </span>
    </p>
   </div>
   <div class='ocr_carea' id='block_1_25' title="bbox 2097 930 3699 1001">
    <p class='ocr_par' dir='ltr' id='par_1_25' title="bbox 2097 930 3699 1001">
     <span class='ocr_line' id='line_1_25' title="bbox 2097 930 3699 1001; baseline 0.001 -19"><span class='ocrx_word' id='word_1_151' title='bbox 2097 945 2206 985; x_wconf 77' lang='lat' dir='ltr'><strong>sam</strong></span> <span class='ocrx_word' id='word_1_152' title='bbox 2233 932 2486 997; x_wconf 73' lang='lat' dir='ltr'><strong>attinent,</strong></span> <span class='ocrx_word' id='word_1_153' title='bbox 2528 946 2593 985; x_wconf 73' lang='lat' dir='ltr'><strong>ea:</strong></span> <span class='ocrx_word' id='word_1_154' title='bbox 2618 930 2798 1001; x_wconf 76' lang='lat' dir='ltr'><strong>Africa</strong></span> <span class='ocrx_word' id='word_1_155' title='bbox 2844 930 2913 985; x_wconf 81' lang='lat' dir='ltr'><strong>ad</strong></span> <span class='ocrx_word' id='word_1_156' title='bbox 2942 930 3310 985; x_wconf 71' lang='lat' dir='ltr'><strong>Innocentium</strong></span> <span class='ocrx_word' id='word_1_157' title='bbox 3348 931 3525 985; x_wconf 82' lang='lat' dir='ltr'><strong>missa.</strong></span> <span class='ocrx_word' id='word_1_158' title='bbox 3550 959 3617 969; x_wconf 83' lang='lat'><strong>—-—</strong></span> <span class='ocrx_word' id='word_1_159' title='bbox 3644 931 3699 984; x_wconf 92' lang='lat' dir='ltr'><strong>in</strong></span> 
     </span>
    </p>
   </div>
   <div class='ocr_carea' id='block_1_26' title="bbox 2097 1020 3702 1093">
    <p class='ocr_par' dir='ltr' id='par_1_26' title="bbox 2097 1020 3702 1093">
     <span class='ocr_line' id='line_1_26' title="bbox 2097 1020 3702 1093; baseline 0.001 -17"><span class='ocrx_word' id='word_1_160' title='bbox 2097 1020 2316 1087; x_wconf 81' lang='lat' dir='ltr'><strong>litteris,</strong></span> <span class='ocrx_word' id='word_1_161' title='bbox 2349 1037 2485 1093; x_wconf 81' lang='lat' dir='ltr'><strong>quas</strong></span> <span class='ocrx_word' id='word_1_162' title='bbox 2528 1022 2645 1078; x_wconf 80' lang='lat' dir='ltr'><strong>Afri</strong></span> <span class='ocrx_word' id='word_1_163' title='bbox 2666 1065 2678 1087; x_wconf 91' lang='lat'><strong>,</strong></span> <span class='ocrx_word' id='word_1_164' title='bbox 2728 1038 2870 1077; x_wconf 89' lang='lat' dir='ltr'><strong>anno</strong></span> <span class='ocrx_word' id='word_1_165' title='bbox 2896 1022 3038 1090; x_wconf 76' lang='grc'><strong>410,</strong></span> <span class='ocrx_word' id='word_1_166' title='bbox 3072 1023 3137 1078; x_wconf 86' lang='lat' dir='ltr'><strong>ad</strong></span> <span class='ocrx_word' id='word_1_167' title='bbox 3170 1022 3540 1081; x_wconf 86' lang='lat' dir='ltr'><strong>Innocentium</strong></span> <span class='ocrx_word' id='word_1_168' title='bbox 3568 1038 3702 1079; x_wconf 88' lang='lat' dir='ltr'><strong>con-</strong></span> 
     </span>
    </p>
   </div>
   <div class='ocr_carea' id='block_1_27' title="bbox 2099 1116 3703 1185">
    <p class='ocr_par' dir='ltr' id='par_1_27' title="bbox 2099 1116 3703 1185">
     <span class='ocr_line' id='line_1_27' title="bbox 2099 1116 3703 1185; baseline 0.001 -16"><span class='ocrx_word' id='word_1_169' title='bbox 2099 1116 2483 1183; x_wconf 79' lang='lat' dir='ltr'><strong>seripserunt,</strong></span> <span class='ocrx_word' id='word_1_170' title='bbox 2554 1117 2705 1185; x_wconf 83' lang='lat' dir='ltr'><strong>plura</strong></span> <span class='ocrx_word' id='word_1_171' title='bbox 2791 1127 3163 1171; x_wconf 76' lang='lat' dir='ltr'><strong>memorantur</strong></span> <span class='ocrx_word' id='word_1_172' title='bbox 3228 1118 3563 1173; x_wconf 85' lang='lat' dir='ltr'><strong>monimenta</strong></span> <span class='ocrx_word' id='word_1_173' title='bbox 3635 1116 3703 1172; x_wconf 84' lang='lat' dir='ltr'><strong>ad</strong></span> 
     </span>
    </p>
   </div>
   <div class='ocr_carea' id='block_1_28' title="bbox 2102 1208 3702 1280">
    <p class='ocr_par' dir='ltr' id='par_1_28' title="bbox 2102 1208 3702 1280">
     <span class='ocr_line' id='line_1_28' title="bbox 2102 1208 3702 1280; baseline 0.001 -18"><span class='ocrx_word' id='word_1_174' title='bbox 2102 1208 2352 1263; x_wconf 83' lang='lat' dir='ltr'><strong>eumdem</strong></span> <span class='ocrx_word' id='word_1_175' title='bbox 2380 1210 2577 1275; x_wconf 87' lang='lat' dir='ltr'><strong>missa,</strong></span> <span class='ocrx_word' id='word_1_176' title='bbox 2603 1226 2722 1279; x_wconf 71' lang='lat' dir='ltr'><strong>qum</strong></span> <span class='ocrx_word' id='word_1_177' title='bbox 2765 1210 2830 1264; x_wconf 91' lang='lat' dir='ltr'><strong>ad</strong></span> <span class='ocrx_word' id='word_1_178' title='bbox 2856 1210 3059 1280; x_wconf 78' lang='lat' dir='ltr'><strong>Pelagii</strong></span> <span class='ocrx_word' id='word_1_179' title='bbox 3103 1226 3163 1264; x_wconf 87' lang='lat' dir='ltr'><strong>ac</strong></span> <span class='ocrx_word' id='word_1_180' title='bbox 3189 1210 3437 1267; x_wconf 70' lang='lat' dir='ltr'><strong>Cmiestii</strong></span> <span class='ocrx_word' id='word_1_181' title='bbox 3481 1225 3702 1265; x_wconf 80' lang='lat' dir='ltr'><strong>causam</strong></span> 
     </span>
    </p>
   </div>
   <div class='ocr_carea' id='block_1_29' title="bbox 2102 1300 2887 1373">
    <p class='ocr_par' dir='ltr' id='par_1_29' title="bbox 2102 1300 2887 1373">
     <span class='ocr_line' id='line_1_29' title="bbox 2102 1300 2887 1373; baseline 0 -18"><span class='ocrx_word' id='word_1_182' title='bbox 2102 1302 2343 1356; x_wconf 81' lang='lat' dir='ltr'><strong>attinent</strong></span> <span class='ocrx_word' id='word_1_183' title='bbox 2383 1300 2578 1373; x_wconf 75' lang='lat' dir='ltr'><strong>(Epist.</strong></span> <span class='ocrx_word' id='word_1_184' title='bbox 2609 1301 2702 1367; x_wconf 74' lang='lat'><strong>‘26,</strong></span> <span class='ocrx_word' id='word_1_185' title='bbox 2730 1319 2781 1356; x_wconf 90' lang='lat' dir='ltr'><strong>tt.</strong></span> <span class='ocrx_word' id='word_1_186' title='bbox 2811 1302 2887 1372; x_wconf 79' lang='lat' dir='ltr'><strong>i).</strong></span> 
     </span>
    </p>
   </div>
   <div class='ocr_carea' id='block_1_30' title="bbox 2176 1394 3713 1468">
    <p class='ocr_par' dir='ltr' id='par_1_30' title="bbox 2176 1394 3713 1468">
     <span class='ocr_line' id='line_1_30' title="bbox 2176 1394 3713 1468; baseline 0.003 -20"><span class='ocrx_word' id='word_1_187' title='bbox 2176 1394 2252 1448; x_wconf 83' lang='lat' dir='ltr'><strong>Ac</strong></span> <span class='ocrx_word' id='word_1_188' title='bbox 2276 1394 2451 1463; x_wconf 91' lang='lat' dir='ltr'><strong>primo</strong></span> <span class='ocrx_word' id='word_1_189' title='bbox 2482 1394 2703 1465; x_wconf 84' lang='lat' dir='ltr'><strong>quidem</strong></span> <span class='ocrx_word' id='word_1_190' title='bbox 2738 1395 3187 1466; x_wconf 81' lang='lat' dir='ltr'><strong>Cartitaginensis</strong></span> <span class='ocrx_word' id='word_1_191' title='bbox 3218 1396 3459 1468; x_wconf 87' lang='lat' dir='ltr'><strong>synodus</strong></span> <span class='ocrx_word' id='word_1_192' title='bbox 3492 1395 3713 1453; x_wconf 87' lang='lat' dir='ltr'><strong>IIerotis</strong></span> 
     </span>
    </p>
   </div>
   <div class='ocr_carea' id='block_1_31' title="bbox 2106 1484 3712 1561">
    <p class='ocr_par' dir='ltr' id='par_1_31' title="bbox 2106 1484 3712 1561">
     <span class='ocr_line' id='line_1_31' title="bbox 2106 1484 3712 1561; baseline 0.004 -21"><span class='ocrx_word' id='word_1_193' title='bbox 2106 1495 2157 1540; x_wconf 86' lang='lat' dir='ltr'><strong>et</strong></span> <span class='ocrx_word' id='word_1_194' title='bbox 2188 1484 2379 1540; x_wconf 81' lang='lat' dir='ltr'><strong>Lazari</strong></span> <span class='ocrx_word' id='word_1_195' title='bbox 2421 1486 2805 1557; x_wconf 84' lang='lat' dir='ltr'><strong>episcoporum</strong></span> <span class='ocrx_word' id='word_1_196' title='bbox 2832 1489 3097 1546; x_wconf 79' lang='lat' dir='ltr'><strong>adversus</strong></span> <span class='ocrx_word' id='word_1_197' title='bbox 3138 1490 3414 1561; x_wconf 78' lang='lat' dir='ltr'><strong>Pelagium</strong></span> <span class='ocrx_word' id='word_1_198' title='bbox 3450 1500 3503 1545; x_wconf 87' lang='lat' dir='ltr'><strong>et</strong></span> <span class='ocrx_word' id='word_1_199' title='bbox 3532 1490 3712 1548; x_wconf 67' lang='lat' dir='ltr'><strong>Coale-</strong></span> 
     </span>
    </p>
   </div>
   <div class='ocr_carea' id='block_1_32' title="bbox 2106 1581 3613 1655">
    <p class='ocr_par' dir='ltr' id='par_1_32' title="bbox 2106 1581 3613 1655">
     <span class='ocr_line' id='line_1_32' title="bbox 2106 1581 3613 1655; baseline 0.005 -22"><span class='ocrx_word' id='word_1_200' title='bbox 2106 1581 2272 1635; x_wconf 85' lang='lat' dir='ltr'><strong>stium</strong></span> <span class='ocrx_word' id='word_1_201' title='bbox 2308 1581 2524 1636; x_wconf 77' lang='lat' dir='ltr'><strong>litteras</strong></span> <span class='ocrx_word' id='word_1_202' title='bbox 2551 1583 2801 1652; x_wconf 77' lang='lat' dir='ltr'><strong>epistelae</strong></span> <span class='ocrx_word' id='word_1_203' title='bbox 2828 1599 2941 1638; x_wconf 69' lang='lat' dir='ltr'><strong>sua:</strong></span> <span class='ocrx_word' id='word_1_204' title='bbox 2964 1598 3025 1638; x_wconf 90' lang='lat' dir='ltr'><strong>se</strong></span> <span class='ocrx_word' id='word_1_205' title='bbox 3054 1584 3359 1655; x_wconf 71' lang='lat' dir='ltr'><strong>subiecisse</strong></span> <span class='ocrx_word' id='word_1_206' title='bbox 3392 1585 3613 1641; x_wconf 82' lang='lat' dir='ltr'><strong>indicat.</strong></span> 
     </span>
    </p>
   </div>
   <div class='ocr_carea' id='block_1_33' title="bbox 407 1669 3713 1747">
    <p class='ocr_par' dir='ltr' id='par_1_33' title="bbox 407 1669 3713 1747">
     <span class='ocr_line' id='line_1_33' title="bbox 407 1669 3713 1747; baseline 0 -14"><span class='ocrx_word' id='word_1_207' title='bbox 407 1693 686 1746; x_wconf 77' lang='lat' dir='ltr'><strong>reversus,</strong></span> <span class='ocrx_word' id='word_1_208' title='bbox 717 1686 907 1733; x_wconf 83' lang='lat' dir='ltr'><strong>auctor</strong></span> <span class='ocrx_word' id='word_1_209' title='bbox 950 1678 1122 1734; x_wconf 86' lang='lat' dir='ltr'><strong>fuisse</strong></span> <span class='ocrx_word' id='word_1_210' title='bbox 1172 1678 1385 1734; x_wconf 80' lang='lat' dir='ltr'><strong>videtur</strong></span> <span class='ocrx_word' id='word_1_211' title='bbox 1433 1679 1650 1743; x_wconf 82' lang='lat' dir='ltr'><strong>Attico,</strong></span> <span class='ocrx_word' id='word_1_212' title='bbox 1684 1689 1741 1731; x_wconf 93' lang='lat' dir='ltr'><strong>ut</strong></span> <span class='ocrx_word' id='word_1_213' title='bbox 1782 1687 1837 1731; x_wconf 76' lang='lat' dir='ltr'><strong>ct</strong></span> <span class='ocrx_word' id='word_1_214' title='bbox 1886 1680 2002 1747; x_wconf 90' lang='lat' dir='ltr'><strong>ipse</strong></span> <span class='ocrx_word' id='word_1_215' title='bbox 2031 1669 2081 1729; x_wconf 85' lang='lat' dir='ltr'><strong>B</strong></span> <span class='ocrx_word' id='word_1_216' title='bbox 2179 1672 2389 1730; x_wconf 88' lang='lat' dir='ltr'><strong>Deinde</strong></span> <span class='ocrx_word' id='word_1_217' title='bbox 2424 1674 2614 1729; x_wconf 84' lang='lat' dir='ltr'><strong>eadem</strong></span> <span class='ocrx_word' id='word_1_218' title='bbox 2661 1675 2903 1747; x_wconf 82' lang='lat' dir='ltr'><strong>synodus</strong></span> <span class='ocrx_word' id='word_1_219' title='bbox 2954 1676 3132 1731; x_wconf 79' lang='lat' dir='ltr'><strong>eidem</strong></span> <span class='ocrx_word' id='word_1_220' title='bbox 3178 1678 3428 1747; x_wconf 69' lang='lat' dir='ltr'><strong>epistola:</strong></span> <span class='ocrx_word' id='word_1_221' title='bbox 3472 1677 3713 1733; x_wconf 74' lang='lat' dir='ltr'><strong>subnexa</strong></span> 
     </span>
    </p>
   </div>
   <div class='ocr_carea' id='block_1_34' title="bbox 408 1770 2001 1840">
    <p class='ocr_par' dir='ltr' id='par_1_34' title="bbox 408 1770 2001 1840">
     <span class='ocr_line' id='line_1_34' title="bbox 408 1770 2001 1840; baseline -0.002 -14"><span class='ocrx_word' id='word_1_222' title='bbox 408 1785 596 1840; x_wconf 85' lang='lat' dir='ltr'><strong>pacem</strong></span> <span class='ocrx_word' id='word_1_223' title='bbox 625 1770 744 1828; x_wconf 85' lang='lat' dir='ltr'><strong>sine</strong></span> <span class='ocrx_word' id='word_1_224' title='bbox 780 1786 928 1826; x_wconf 88' lang='lat' dir='ltr'><strong>mora</strong></span> <span class='ocrx_word' id='word_1_225' title='bbox 974 1780 1202 1840; x_wconf 81' lang='lat' dir='ltr'><strong>peteret.</strong></span> <span class='ocrx_word' id='word_1_226' title='bbox 1236 1772 1360 1829; x_wconf 82' lang='lat' dir='ltr'><strong>Sive</strong></span> <span class='ocrx_word' id='word_1_227' title='bbox 1390 1782 1571 1826; x_wconf 86' lang='lat' dir='ltr'><strong>autem</strong></span> <span class='ocrx_word' id='word_1_228' title='bbox 1603 1771 1812 1825; x_wconf 70' lang='lat' dir='ltr'><strong>Atticus</strong></span> <span class='ocrx_word' id='word_1_229' title='bbox 1842 1772 1910 1824; x_wconf 89' lang='lat' dir='ltr'><strong>ab</strong></span> <span class='ocrx_word' id='word_1_230' title='bbox 1938 1786 2001 1824; x_wconf 87' lang='lat' dir='ltr'><strong>ea</strong></span> 
     </span>
    </p>
   </div>
   <div class='ocr_carea' id='block_1_35' title="bbox 409 1863 2005 1934">
    <p class='ocr_par' dir='ltr' id='par_1_35' title="bbox 409 1863 2005 1934">
     <span class='ocr_line' id='line_1_35' title="bbox 409 1863 2005 1934; baseline -0.003 -15"><span class='ocrx_word' id='word_1_231' title='bbox 409 1878 467 1919; x_wconf 86' lang='lat' dir='ltr'><strong>re</strong></span> <span class='ocrx_word' id='word_1_232' title='bbox 492 1878 551 1918; x_wconf 89' lang='lat' dir='ltr'><strong>se</strong></span> <span class='ocrx_word' id='word_1_233' title='bbox 578 1863 805 1918; x_wconf 91' lang='lat' dir='ltr'><strong>minime</strong></span> <span class='ocrx_word' id='word_1_234' title='bbox 824 1863 1059 1919; x_wconf 88' lang='lat' dir='ltr'><strong>alienum</strong></span> <span class='ocrx_word' id='word_1_235' title='bbox 1081 1864 1421 1934; x_wconf 81' lang='lat' dir='ltr'><strong>signiticarit,</strong></span> <span class='ocrx_word' id='word_1_236' title='bbox 1444 1874 1497 1919; x_wconf 89' lang='lat' dir='ltr'><strong>et</strong></span> <span class='ocrx_word' id='word_1_237' title='bbox 1522 1863 1925 1929; x_wconf 81' lang='lat' dir='ltr'><strong>Maximianum,</strong></span> <span class='ocrx_word' id='word_1_238' title='bbox 1947 1871 2005 1916; x_wconf 91' lang='lat' dir='ltr'><strong>ut</strong></span> 
     </span>
    </p>
   </div>
   <div class='ocr_carea' id='block_1_36' title="bbox 410 1956 2005 2030">
    <p class='ocr_par' dir='ltr' id='par_1_36' title="bbox 410 1956 2005 2030">
     <span class='ocr_line' id='line_1_36' title="bbox 410 1956 2005 2030; baseline -0.003 -19"><span class='ocrx_word' id='word_1_239' title='bbox 410 1958 550 2013; x_wconf 86' lang='lat' dir='ltr'><strong>banc</strong></span> <span class='ocrx_word' id='word_1_240' title='bbox 578 1959 680 2013; x_wconf 84' lang='lat' dir='ltr'><strong>sibi</strong></span> <span class='ocrx_word' id='word_1_241' title='bbox 706 1959 936 2030; x_wconf 86' lang='lat' dir='ltr'><strong>gratiam</strong></span> <span class='ocrx_word' id='word_1_242' title='bbox 967 1960 1304 2029; x_wconf 82' lang='lat' dir='ltr'><strong>impetraret,</strong></span> <span class='ocrx_word' id='word_1_243' title='bbox 1329 1958 1554 2029; x_wconf 80' lang='lat' dir='ltr'><strong>rogarit,</strong></span> <span class='ocrx_word' id='word_1_244' title='bbox 1579 1956 1695 2012; x_wconf 80' lang='lat' dir='ltr'><strong>sive</strong></span> <span class='ocrx_word' id='word_1_245' title='bbox 1727 1956 2005 2010; x_wconf 78' lang='lat' dir='ltr'><strong>Maximia-</strong></span> 
     </span>
    </p>
   </div>
   <div class='ocr_carea' id='block_1_37' title="bbox 410 2048 2006 2119">
    <p class='ocr_par' dir='ltr' id='par_1_37' title="bbox 410 2048 2006 2119">
     <span class='ocr_line' id='line_1_37' title="bbox 410 2048 2006 2119; baseline -0.004 -13"><span class='ocrx_word' id='word_1_246' title='bbox 410 2066 511 2106; x_wconf 88' lang='lat' dir='ltr'><strong>nus</strong></span> <span class='ocrx_word' id='word_1_247' title='bbox 538 2050 643 2107; x_wconf 88' lang='lat' dir='ltr'><strong>hoc</strong></span> <span class='ocrx_word' id='word_1_248' title='bbox 670 2051 722 2106; x_wconf 90' lang='lat' dir='ltr'><strong>in</strong></span> <span class='ocrx_word' id='word_1_249' title='bbox 754 2066 814 2106; x_wconf 81' lang='lat' dir='ltr'><strong>se</strong></span> <span class='ocrx_word' id='word_1_250' title='bbox 840 2051 1059 2119; x_wconf 86' lang='lat' dir='ltr'><strong>propria</strong></span> <span class='ocrx_word' id='word_1_251' title='bbox 1087 2058 1280 2119; x_wconf 89' lang='lat' dir='ltr'><strong>sponte</strong></span> <span class='ocrx_word' id='word_1_252' title='bbox 1309 2064 1375 2104; x_wconf 83' lang='lat' dir='ltr'><strong>ac</strong></span> <span class='ocrx_word' id='word_1_253' title='bbox 1402 2063 1753 2119; x_wconf 73' lang='lat' dir='ltr'><strong>praepropero</strong></span> <span class='ocrx_word' id='word_1_254' title='bbox 1784 2048 2006 2101; x_wconf 84' lang='lat' dir='ltr'><strong>unitatis</strong></span> 
     </span>
    </p>
   </div>
   <div class='ocr_carea' id='block_1_38' title="bbox 411 2146 2001 2217">
    <p class='ocr_par' dir='ltr' id='par_1_38' title="bbox 411 2146 2001 2217">
     <span class='ocr_line' id='line_1_38' title="bbox 411 2146 2001 2217; baseline -0.001 -17"><span class='ocrx_word' id='word_1_255' title='bbox 411 2146 593 2201; x_wconf 72' lang='lat' dir='ltr'><strong>studio</strong></span> <span class='ocrx_word' id='word_1_256' title='bbox 622 2148 943 2216; x_wconf 88' lang='lat' dir='ltr'><strong>susceperit,</strong></span> <span class='ocrx_word' id='word_1_257' title='bbox 984 2147 1051 2213; x_wconf 80' lang='lat' dir='ltr'><strong>is,</strong></span> <span class='ocrx_word' id='word_1_258' title='bbox 1085 2148 1312 2217; x_wconf 79' lang='lat' dir='ltr'><strong>epismla</strong></span> <span class='ocrx_word' id='word_1_259' title='bbox 1346 2162 1467 2202; x_wconf 91' lang='lat' dir='ltr'><strong>cum</strong></span> <span class='ocrx_word' id='word_1_260' title='bbox 1499 2147 1686 2202; x_wconf 88' lang='lat' dir='ltr'><strong>libello</strong></span> <span class='ocrx_word' id='word_1_261' title='bbox 1727 2147 1792 2201; x_wconf 90' lang='lat' dir='ltr'><strong>ad</strong></span> <span class='ocrx_word' id='word_1_262' title='bbox 1845 2146 2001 2200; x_wconf 88' lang='lat' dir='ltr'><strong>Iuno-</strong></span> 
     </span>
    </p>
   </div>
   <div class='ocr_carea' id='block_1_39' title="bbox 413 2242 2009 2312">
    <p class='ocr_par' dir='ltr' id='par_1_39' title="bbox 413 2242 2009 2312">
     <span class='ocr_line' id='line_1_39' title="bbox 413 2242 2009 2312; baseline 0.001 -17"><span class='ocrx_word' id='word_1_263' title='bbox 413 2242 650 2295; x_wconf 90' lang='lat' dir='ltr'><strong>ccntinm</strong></span> <span class='ocrx_word' id='word_1_264' title='bbox 700 2242 895 2310; x_wconf 88' lang='lat' dir='ltr'><strong>missa,</strong></span> <span class='ocrx_word' id='word_1_265' title='bbox 937 2242 1005 2296; x_wconf 90' lang='lat' dir='ltr'><strong>ab</strong></span> <span class='ocrx_word' id='word_1_266' title='bbox 1051 2242 1155 2297; x_wconf 91' lang='lat' dir='ltr'><strong>hoc</strong></span> <span class='ocrx_word' id='word_1_267' title='bbox 1202 2258 1336 2312; x_wconf 85' lang='lat' dir='ltr'><strong>papa</strong></span> <span class='ocrx_word' id='word_1_268' title='bbox 1382 2242 1891 2297; x_wconf 83' lang='lat' dir='ltr'><strong>eommunicatorias</strong></span> <span class='ocrx_word' id='word_1_269' title='bbox 1943 2242 2009 2297; x_wconf 88' lang='lat' dir='ltr'><strong>ad</strong></span> 
     </span>
    </p>
   </div>
   <div class='ocr_carea' id='block_1_40' title="bbox 414 2334 2012 2407">
    <p class='ocr_par' dir='ltr' id='par_1_40' title="bbox 414 2334 2012 2407">
     <span class='ocr_line' id='line_1_40' title="bbox 414 2334 2012 2407; baseline 0.001 -17"><span class='ocrx_word' id='word_1_270' title='bbox 414 2334 657 2390; x_wconf 85' lang='lat' dir='ltr'><strong>Atticum</strong></span> <span class='ocrx_word' id='word_1_271' title='bbox 701 2335 1117 2407; x_wconf 87' lang='lat' dir='ltr'><strong>Censtantinep.</strong></span> <span class='ocrx_word' id='word_1_272' title='bbox 1150 2337 1359 2391; x_wconf 85' lang='lat' dir='ltr'><strong>litteras</strong></span> <span class='ocrx_word' id='word_1_273' title='bbox 1400 2337 1711 2404; x_wconf 84' lang='lat' dir='ltr'><strong>postulavit.</strong></span> <span class='ocrx_word' id='word_1_274' title='bbox 1766 2337 1840 2391; x_wconf 76' lang='lat' dir='ltr'><strong>Ad</strong></span> <span class='ocrx_word' id='word_1_275' title='bbox 1876 2337 2012 2391; x_wconf 85' lang='lat' dir='ltr'><strong>hanc</strong></span> 
     </span>
    </p>
   </div>
   <div class='ocr_carea' id='block_1_41' title="bbox 415 2430 2013 2507">
    <p class='ocr_par' dir='ltr' id='par_1_41' title="bbox 415 2430 2013 2507">
     <span class='ocr_line' id='line_1_41' title="bbox 415 2430 2013 2507; baseline -0.001 -23"><span class='ocrx_word' id='word_1_276' title='bbox 415 2430 722 2485; x_wconf 79' lang='lat' dir='ltr'><strong>Maximiani</strong></span> <span class='ocrx_word' id='word_1_277' title='bbox 778 2432 1063 2501; x_wconf 88' lang='lat' dir='ltr'><strong>epistolam</strong></span> <span class='ocrx_word' id='word_1_278' title='bbox 1125 2430 1477 2485; x_wconf 82' lang='lat' dir='ltr'><strong>Innocentius</strong></span> <span class='ocrx_word' id='word_1_279' title='bbox 1540 2430 1835 2500; x_wconf 87' lang='lat' dir='ltr'><strong>respondet</strong></span> <span class='ocrx_word' id='word_1_280' title='bbox 1901 2431 2013 2507; x_wconf 89' lang='lat' dir='ltr'><strong>epi-</strong></span> 
     </span>
    </p>
   </div>
   <div class='ocr_carea' id='block_1_42' title="bbox 415 2512 825 2585">
    <p class='ocr_par' dir='ltr' id='par_1_42' title="bbox 415 2512 825 2585">
     <span class='ocr_line' id='line_1_42' title="bbox 415 2512 825 2585; baseline 0.012 -9"><span class='ocrx_word' id='word_1_281' title='bbox 415 2523 554 2581; x_wconf 75' lang='lat' dir='ltr'><strong>stola</strong></span> <span class='ocrx_word' id='word_1_282' title='bbox 583 2522 674 2585; x_wconf 70' lang='lat'><strong>22.</strong></span> <span class='ocrx_word' id='word_1_283' title='bbox 820 2512 825 2515; x_wconf 59' lang='grc'><em>’</em></span> 
     </span>
    </p>
   </div>
   <div class='ocr_carea' id='block_1_43' title="bbox 486 2615 2016 2682">
    <p class='ocr_par' dir='ltr' id='par_1_43' title="bbox 486 2615 2016 2682">
     <span class='ocr_line' id='line_1_43' title="bbox 486 2615 2016 2682; baseline 0.003 -13"><span class='ocrx_word' id='word_1_284' title='bbox 486 2615 574 2671; x_wconf 78' lang='grc'><strong>50.</strong></span> <span class='ocrx_word' id='word_1_285' title='bbox 608 2616 756 2673; x_wconf 83' lang='lat' dir='ltr'><strong>Circa</strong></span> <span class='ocrx_word' id='word_1_286' title='bbox 773 2634 897 2671; x_wconf 87' lang='lat' dir='ltr'><strong>ann.</strong></span> <span class='ocrx_word' id='word_1_287' title='bbox 919 2618 1043 2682; x_wconf 72' lang='grc'><strong>415,</strong></span> <span class='ocrx_word' id='word_1_288' title='bbox 1080 2617 1377 2672; x_wconf 62' lang='lat' dir='ltr'><strong>Alexander</strong></span> <span class='ocrx_word' id='word_1_289' title='bbox 1408 2617 1716 2681; x_wconf 77' lang='lat' dir='ltr'><strong>Innocentio</strong></span> <span class='ocrx_word' id='word_1_290' title='bbox 1743 2615 2016 2673; x_wconf 77' lang='lat' dir='ltr'><strong>nonnullas</strong></span> 
     </span>
    </p>
   </div>
   <div class='ocr_carea' id='block_1_44' title="bbox 415 2709 2015 2781">
    <p class='ocr_par' dir='ltr' id='par_1_44' title="bbox 415 2709 2015 2781">
     <span class='ocr_line' id='line_1_44' title="bbox 415 2709 2015 2781; baseline -0.002 -18"><span class='ocrx_word' id='word_1_291' title='bbox 415 2710 717 2781; x_wconf 80' lang='lat' dir='ltr'><strong>quwstiones</strong></span> <span class='ocrx_word' id='word_1_292' title='bbox 745 2711 1083 2779; x_wconf 81' lang='lat' dir='ltr'><strong>proponit.—</strong></span> <span class='ocrx_word' id='word_1_293' title='bbox 1108 2709 1432 2774; x_wconf 73' lang='lat' dir='ltr'><strong>Alexander,</strong></span> <span class='ocrx_word' id='word_1_294' title='bbox 1469 2710 1635 2765; x_wconf 82' lang='lat' dir='ltr'><strong>misso</strong></span> <span class='ocrx_word' id='word_1_295' title='bbox 1654 2709 2015 2763; x_wconf 83' lang='lat' dir='ltr'><strong>cetnmonito-</strong></span> 
     </span>
    </p>
   </div>
   <div class='ocr_carea' id='block_1_45' title="bbox 417 2801 2018 2873">
    <p class='ocr_par' dir='ltr' id='par_1_45' title="bbox 417 2801 2018 2873">
     <span class='ocr_line' id='line_1_45' title="bbox 417 2801 2018 2873; baseline -0.002 -15"><span class='ocrx_word' id='word_1_296' title='bbox 417 2806 521 2872; x_wconf 92' lang='lat' dir='ltr'><strong>rio,</strong></span> <span class='ocrx_word' id='word_1_297' title='bbox 542 2803 608 2858; x_wconf 87' lang='lat' dir='ltr'><strong>ab</strong></span> <span class='ocrx_word' id='word_1_298' title='bbox 633 2802 955 2859; x_wconf 88' lang='lat' dir='ltr'><strong>Innocentio</strong></span> <span class='ocrx_word' id='word_1_299' title='bbox 983 2804 1309 2869; x_wconf 79' lang='lat' dir='ltr'><strong>sciscitatur,</strong></span> <span class='ocrx_word' id='word_1_300' title='bbox 1341 2804 1536 2873; x_wconf 90' lang='lat' dir='ltr'><strong>primo,</strong></span> <span class='ocrx_word' id='word_1_301' title='bbox 1556 2819 1673 2872; x_wconf 71' lang='lat'><strong>([11:13</strong></span> <span class='ocrx_word' id='word_1_302' title='bbox 1693 2801 2018 2856; x_wconf 82' lang='lat' dir='ltr'><strong>Antiocheni</strong></span> 
     </span>
    </p>
   </div>
   <div class='ocr_carea' id='block_1_46' title="bbox 418 2880 2021 2968">
    <p class='ocr_par' dir='ltr' id='par_1_46' title="bbox 418 2880 2021 2968">
     <span class='ocr_line' id='line_1_46' title="bbox 418 2880 2021 2968; baseline 0 -19"><span class='ocrx_word' id='word_1_303' title='bbox 418 2880 669 2968; x_wconf 71' lang='lat' dir='ltr'><strong>praesulis</strong></span> <span class='ocrx_word' id='word_1_304' title='bbox 724 2897 778 2951; x_wconf 92' lang='lat' dir='ltr'><strong>in</strong></span> <span class='ocrx_word' id='word_1_305' title='bbox 821 2896 1259 2951; x_wconf 89' lang='lat' dir='ltr'><strong>ordinationibus</strong></span> <span class='ocrx_word' id='word_1_306' title='bbox 1302 2896 1682 2966; x_wconf 89' lang='lat' dir='ltr'><strong>episcoporum</strong></span> <span class='ocrx_word' id='word_1_307' title='bbox 1719 2894 2021 2950; x_wconf 78' lang='lat' dir='ltr'><strong>dieceeseos</strong></span> 
     </span>
    </p>
   </div>
   <div class='ocr_carea' id='block_1_47' title="bbox 418 2990 2022 3059">
    <p class='ocr_par' dir='ltr' id='par_1_47' title="bbox 418 2990 2022 3059">
     <span class='ocr_line' id='line_1_47' title="bbox 418 2990 2022 3059; baseline 0 -14"><span class='ocrx_word' id='word_1_308' title='bbox 418 2990 650 3045; x_wconf 87' lang='lat' dir='ltr'><strong>Orientis</strong></span> <span class='ocrx_word' id='word_1_309' title='bbox 694 2990 764 3045; x_wconf 89' lang='lat' dir='ltr'><strong>sit</strong></span> <span class='ocrx_word' id='word_1_310' title='bbox 813 3000 1093 3059; x_wconf 78' lang='lat' dir='ltr'><strong>poteStas:</strong></span> <span class='ocrx_word' id='word_1_311' title='bbox 1125 2990 1321 3046; x_wconf 87' lang='lat' dir='ltr'><strong>deimlc</strong></span> <span class='ocrx_word' id='word_1_312' title='bbox 1384 3010 1401 3043; x_wconf 87' lang='grc'><strong><em>‹</em></strong></span> <span class='ocrx_word' id='word_1_313' title='bbox 1443 3002 1619 3046; x_wconf 87' lang='lat' dir='ltr'><strong>utrum</strong></span> <span class='ocrx_word' id='word_1_314' title='bbox 1644 2991 1831 3045; x_wconf 89' lang='lat' dir='ltr'><strong>divisis</strong></span> <span class='ocrx_word' id='word_1_315' title='bbox 1856 2991 2022 3059; x_wconf 88' lang='lat' dir='ltr'><strong>impc-</strong></span> 
     </span>
    </p>
   </div>
   <div class='ocr_carea' id='block_1_48' title="bbox 2106 1767 3715 1842">
    <p class='ocr_par' dir='ltr' id='par_1_48' title="bbox 2106 1767 3715 1842">
     <span class='ocr_line' id='line_1_48' title="bbox 2106 1767 3715 1842; baseline 0.004 -21"><span class='ocrx_word' id='word_1_316' title='bbox 2106 1767 2268 1822; x_wconf 82' lang='lat' dir='ltr'><strong>docet</strong></span> <span class='ocrx_word' id='word_1_317' title='bbox 2293 1768 2979 1839; x_wconf 85' lang='lat' dir='ltr'><strong>aiteriusCartbaginensis</strong></span> <span class='ocrx_word' id='word_1_318' title='bbox 3003 1773 3198 1841; x_wconf 85' lang='lat' dir='ltr'><strong>synodi</strong></span> <span class='ocrx_word' id='word_1_319' title='bbox 3220 1773 3391 1828; x_wconf 84' lang='lat' dir='ltr'><strong>ferme</strong></span> <span class='ocrx_word' id='word_1_320' title='bbox 3413 1784 3538 1829; x_wconf 85' lang='lat' dir='ltr'><strong>ante</strong></span> <span class='ocrx_word' id='word_1_321' title='bbox 3556 1776 3683 1842; x_wconf 86' lang='lat' dir='ltr'><strong>quin</strong></span> <span class='ocrx_word' id='word_1_322' title='bbox 3703 1804 3715 1813; x_wconf 86' lang='lat'>-</span> 
     </span>
    </p>
   </div>
   <div class='ocr_carea' id='block_1_49' title="bbox 2106 1863 3717 1938">
    <p class='ocr_par' dir='ltr' id='par_1_49' title="bbox 2106 1863 3717 1938">
     <span class='ocr_line' id='line_1_49' title="bbox 2106 1863 3717 1938; baseline 0.006 -25"><span class='ocrx_word' id='word_1_323' title='bbox 2106 1863 2405 1932; x_wconf 86' lang='lat' dir='ltr'><strong>qnennium</strong></span> <span class='ocrx_word' id='word_1_324' title='bbox 2439 1863 2640 1918; x_wconf 71' lang='lat' dir='ltr'><strong>habita:</strong></span> <span class='ocrx_word' id='word_1_325' title='bbox 2685 1873 2826 1930; x_wconf 87' lang='lat' dir='ltr'><strong>acta,</strong></span> <span class='ocrx_word' id='word_1_326' title='bbox 2870 1866 3066 1935; x_wconf 81' lang='lat' dir='ltr'><strong>quibus</strong></span> <span class='ocrx_word' id='word_1_327' title='bbox 3098 1866 3390 1923; x_wconf 75' lang='lat' dir='ltr'><strong>Ctelestius</strong></span> <span class='ocrx_word' id='word_1_328' title='bbox 3418 1868 3717 1938; x_wconf 86' lang='lat' dir='ltr'><strong>episcopali</strong></span> 
     </span>
    </p>
   </div>
   <div class='ocr_carea' id='block_1_50' title="bbox 2104 1956 2781 2026">
    <p class='ocr_par' dir='ltr' id='par_1_50' title="bbox 2104 1956 2781 2026">
     <span class='ocr_line' id='line_1_50' title="bbox 2104 1956 2781 2026; baseline 0.004 -15"><span class='ocrx_word' id='word_1_329' title='bbox 2104 1956 2313 2026; x_wconf 83' lang='lat' dir='ltr'><strong>judicio</strong></span> <span class='ocrx_word' id='word_1_330' title='bbox 2330 1959 2553 2012; x_wconf 79' lang='lat' dir='ltr'><strong>excisus</strong></span> <span class='ocrx_word' id='word_1_331' title='bbox 2582 1958 2781 2014; x_wconf 78' lang='lat' dir='ltr'><strong>fuerat.</strong></span> 
     </span>
    </p>
   </div>
   <div class='ocr_carea' id='block_1_51' title="bbox 2181 2049 3718 2123">
    <p class='ocr_par' dir='ltr' id='par_1_51' title="bbox 2181 2049 3718 2123">
     <span class='ocr_line' id='line_1_51' title="bbox 2181 2049 3718 2123; baseline 0.003 -20"><span class='ocrx_word' id='word_1_332' title='bbox 2181 2049 2251 2103; x_wconf 81' lang='lat' dir='ltr'><strong>Iis</strong></span> <span class='ocrx_word' id='word_1_333' title='bbox 2280 2066 2498 2121; x_wconf 87' lang='lat' dir='ltr'><strong>quoque</strong></span> <span class='ocrx_word' id='word_1_334' title='bbox 2529 2050 2852 2119; x_wconf 82' lang='lat' dir='ltr'><strong>adjunxerat</strong></span> <span class='ocrx_word' id='word_1_335' title='bbox 2876 2092 2890 2119; x_wconf 91' lang='lat'><strong>,</strong></span> <span class='ocrx_word' id='word_1_336' title='bbox 2934 2061 2990 2105; x_wconf 91' lang='lat' dir='ltr'><strong>nt</strong></span> <span class='ocrx_word' id='word_1_337' title='bbox 3040 2068 3103 2106; x_wconf 79' lang='lat' dir='ltr'><strong>ex</strong></span> <span class='ocrx_word' id='word_1_338' title='bbox 3144 2052 3435 2121; x_wconf 84' lang='lat' dir='ltr'><strong>postremis</strong></span> <span class='ocrx_word' id='word_1_339' title='bbox 3468 2054 3718 2123; x_wconf 73' lang='lat' dir='ltr'><strong>epistola:</strong></span> 
     </span>
    </p>
   </div>
   <div class='ocr_carea' id='block_1_52' title="bbox 2111 2142 3715 2218">
    <p class='ocr_par' dir='ltr' id='par_1_52' title="bbox 2111 2142 3715 2218">
     <span class='ocr_line' id='line_1_52' title="bbox 2111 2142 3715 2218; baseline 0.004 -23"><span class='ocrx_word' id='word_1_340' title='bbox 2111 2142 2280 2211; x_wconf 61' lang='lat' dir='ltr'><strong>ipsius</strong></span> <span class='ocrx_word' id='word_1_341' title='bbox 2313 2143 2498 2197; x_wconf 84' lang='lat' dir='ltr'><strong>verbis</strong></span> <span class='ocrx_word' id='word_1_342' title='bbox 2521 2143 2826 2214; x_wconf 87' lang='lat' dir='ltr'><strong>colligitur,</strong></span> <span class='ocrx_word' id='word_1_343' title='bbox 2871 2145 3264 2215; x_wconf 64' lang='lat' dir='ltr'><strong>lliospolitanaz</strong></span> <span class='ocrx_word' id='word_1_344' title='bbox 3305 2148 3499 2218; x_wconf 79' lang='lat' dir='ltr'><strong>synodi</strong></span> <span class='ocrx_word' id='word_1_345' title='bbox 3524 2156 3677 2218; x_wconf 85' lang='lat' dir='ltr'><strong>gesta</strong></span> <span class='ocrx_word' id='word_1_346' title='bbox 3701 2188 3715 2213; x_wconf 88' lang='lat'><strong>,</strong></span> 
     </span>
    </p>
   </div>
   <div class='ocr_carea' id='block_1_53' title="bbox 2113 2236 3721 2307">
    <p class='ocr_par' dir='ltr' id='par_1_53' title="bbox 2113 2236 3721 2307">
     <span class='ocr_line' id='line_1_53' title="bbox 2113 2236 3721 2307; baseline 0.004 -19"><span class='ocrx_word' id='word_1_347' title='bbox 2113 2236 2310 2305; x_wconf 86' lang='lat' dir='ltr'><strong>quibus</strong></span> <span class='ocrx_word' id='word_1_348' title='bbox 2356 2236 2669 2291; x_wconf 83' lang='lat' dir='ltr'><strong>absolutum</strong></span> <span class='ocrx_word' id='word_1_349' title='bbox 2714 2250 2775 2291; x_wconf 90' lang='lat' dir='ltr'><strong>se</strong></span> <span class='ocrx_word' id='word_1_350' title='bbox 2821 2237 3068 2307; x_wconf 74' lang='lat' dir='ltr'><strong>Pelagius</strong></span> <span class='ocrx_word' id='word_1_351' title='bbox 3101 2239 3412 2307; x_wconf 79' lang='lat' dir='ltr'><strong>iactitabat,</strong></span> <span class='ocrx_word' id='word_1_352' title='bbox 3445 2239 3549 2293; x_wconf 81' lang='lat' dir='ltr'><strong>huc</strong></span> <span class='ocrx_word' id='word_1_353' title='bbox 3606 2250 3721 2302; x_wconf 89' lang='lat' dir='ltr'><strong>est,</strong></span> 
     </span>
    </p>
   </div>
   <div class='ocr_carea' id='block_1_54' title="bbox 2115 2330 3725 2401">
    <p class='ocr_par' dir='ltr' id='par_1_54' title="bbox 2115 2330 3725 2401">
     <span class='ocr_line' id='line_1_54' title="bbox 2115 2330 3725 2401; baseline 0.004 -19"><span class='ocrx_word' id='word_1_354' title='bbox 2115 2330 2295 2401; x_wconf 89' lang='lat' dir='ltr'><strong>qualia</strong></span> <span class='ocrx_word' id='word_1_355' title='bbox 2317 2331 2384 2384; x_wconf 87' lang='lat' dir='ltr'><strong>ab</strong></span> <span class='ocrx_word' id='word_1_356' title='bbox 2417 2331 2521 2385; x_wconf 93' lang='lat' dir='ltr'><strong>bec</strong></span> <span class='ocrx_word' id='word_1_357' title='bbox 2552 2330 2810 2386; x_wconf 73' lang='lat' dir='ltr'><strong>brcrctico</strong></span> <span class='ocrx_word' id='word_1_358' title='bbox 2843 2331 3146 2387; x_wconf 90' lang='lat' dir='ltr'><strong>adulterata</strong></span> <span class='ocrx_word' id='word_1_359' title='bbox 3174 2333 3408 2389; x_wconf 75' lang='lat' dir='ltr'><strong>fuerant.</strong></span> <span class='ocrx_word' id='word_1_360' title='bbox 3438 2333 3554 2388; x_wconf 83' lang='lat' dir='ltr'><strong>Non</strong></span> <span class='ocrx_word' id='word_1_361' title='bbox 3577 2335 3725 2389; x_wconf 90' lang='lat' dir='ltr'><strong>enim</strong></span> 
     </span>
    </p>
   </div>
   <div class='ocr_carea' id='block_1_55' title="bbox 2116 2421 3147 2492">
    <p class='ocr_par' dir='ltr' id='par_1_55' title="bbox 2116 2421 3147 2492">
     <span class='ocr_line' id='line_1_55' title="bbox 2116 2421 3147 2492; baseline 0.004 -17"><span class='ocrx_word' id='word_1_362' title='bbox 2116 2422 2221 2475; x_wconf 88' lang='lat' dir='ltr'><strong>alia</strong></span> <span class='ocrx_word' id='word_1_363' title='bbox 2256 2432 2382 2476; x_wconf 90' lang='lat' dir='ltr'><strong>tunc</strong></span> <span class='ocrx_word' id='word_1_364' title='bbox 2416 2422 2468 2476; x_wconf 91' lang='lat' dir='ltr'><strong>in</strong></span> <span class='ocrx_word' id='word_1_365' title='bbox 2503 2421 2739 2477; x_wconf 86' lang='lat' dir='ltr'><strong>Africam</strong></span> <span class='ocrx_word' id='word_1_366' title='bbox 2763 2435 3147 2492; x_wconf 85' lang='lat' dir='ltr'><strong>pervenerant.</strong></span> 
     </span>
    </p>
   </div>
   <div class='ocr_carea' id='block_1_56' title="bbox 2189 2514 3727 2587">
    <p class='ocr_par' dir='ltr' id='par_1_56' title="bbox 2189 2514 3727 2587">
     <span class='ocr_line' id='line_1_56' title="bbox 2189 2514 3727 2587; baseline 0.003 -19"><span class='ocrx_word' id='word_1_367' title='bbox 2189 2514 2358 2571; x_wconf 81' lang='lat' dir='ltr'><strong>Paulo</strong></span> <span class='ocrx_word' id='word_1_368' title='bbox 2383 2526 2505 2583; x_wconf 77' lang='lat' dir='ltr'><strong>pest</strong></span> <span class='ocrx_word' id='word_1_369' title='bbox 2529 2514 2867 2585; x_wconf 77' lang='lat' dir='ltr'><strong>Augtminus</strong></span> <span class='ocrx_word' id='word_1_370' title='bbox 2898 2530 3021 2571; x_wconf 88' lang='lat' dir='ltr'><strong>cum</strong></span> <span class='ocrx_word' id='word_1_371' title='bbox 3056 2527 3292 2587; x_wconf 85' lang='lat' dir='ltr'><strong>quatuor</strong></span> <span class='ocrx_word' id='word_1_372' title='bbox 3320 2519 3485 2573; x_wconf 87' lang='lat' dir='ltr'><strong>sociis</strong></span> <span class='ocrx_word' id='word_1_373' title='bbox 3531 2518 3597 2573; x_wconf 90' lang='lat' dir='ltr'><strong>ad</strong></span> <span class='ocrx_word' id='word_1_374' title='bbox 3641 2516 3727 2573; x_wconf 78' lang='lat' dir='ltr'><strong>In—</strong></span> 
     </span>
    </p>
   </div>
   <div class='ocr_carea' id='block_1_57' title="bbox 2120 2606 3726 2680">
    <p class='ocr_par' dir='ltr' id='par_1_57' title="bbox 2120 2606 3726 2680">
     <span class='ocr_line' id='line_1_57' title="bbox 2120 2606 3726 2680; baseline 0.004 -21"><span class='ocrx_word' id='word_1_375' title='bbox 2120 2607 2432 2665; x_wconf 84' lang='lat' dir='ltr'><strong>nocentium</strong></span> <span class='ocrx_word' id='word_1_376' title='bbox 2459 2606 2706 2661; x_wconf 88' lang='lat' dir='ltr'><strong>scribens</strong></span> <span class='ocrx_word' id='word_1_377' title='bbox 2736 2607 2754 2677; x_wconf 93' lang='lat'>(</span> <span class='ocrx_word' id='word_1_378' title='bbox 2779 2606 2963 2661; x_wconf 82' lang='lat' dir='ltr'><strong>Innoc.</strong></span> <span class='ocrx_word' id='word_1_379' title='bbox 2988 2610 3143 2677; x_wconf 84' lang='lat' dir='ltr'><strong>epist.</strong></span> <span class='ocrx_word' id='word_1_380' title='bbox 3169 2608 3261 2674; x_wconf 76' lang='lat'><strong>28,</strong></span> <span class='ocrx_word' id='word_1_381' title='bbox 3287 2626 3341 2663; x_wconf 93' lang='lat' dir='ltr'><strong>n.</strong></span> <span class='ocrx_word' id='word_1_382' title='bbox 3369 2610 3449 2680; x_wconf 83' lang='lat'><strong>6),</strong></span> <span class='ocrx_word' id='word_1_383' title='bbox 3479 2611 3726 2680; x_wconf 66' lang='lat' dir='ltr'><strong>epistola:</strong></span> 
     </span>
    </p>
   </div>
   <div class='ocr_carea' id='block_1_58' title="bbox 2120 2702 3728 2773">
    <p class='ocr_par' dir='ltr' id='par_1_58' title="bbox 2120 2702 3728 2773">
     <span class='ocr_line' id='line_1_58' title="bbox 2120 2702 3728 2773; baseline 0.004 -19"><span class='ocrx_word' id='word_1_384' title='bbox 2120 2714 2232 2755; x_wconf 72' lang='lat' dir='ltr'><strong>sua:</strong></span> <span class='ocrx_word' id='word_1_385' title='bbox 2255 2716 2315 2756; x_wconf 88' lang='lat' dir='ltr'><strong>se</strong></span> <span class='ocrx_word' id='word_1_386' title='bbox 2344 2702 2660 2772; x_wconf 84' lang='lat' dir='ltr'><strong>adjnnxisse</strong></span> <span class='ocrx_word' id='word_1_387' title='bbox 2694 2702 2958 2772; x_wconf 80' lang='lat' dir='ltr'><strong>significat</strong></span> <span class='ocrx_word' id='word_1_388' title='bbox 2986 2703 3188 2773; x_wconf 83' lang='lat' dir='ltr'><strong>Pelagii</strong></span> <span class='ocrx_word' id='word_1_389' title='bbox 3224 2706 3423 2759; x_wconf 81' lang='lat' dir='ltr'><strong>librum</strong></span> <span class='ocrx_word' id='word_1_390' title='bbox 3452 2706 3556 2760; x_wconf 88' lang='lat' dir='ltr'><strong>sibi</strong></span> <span class='ocrx_word' id='word_1_391' title='bbox 3584 2724 3611 2761; x_wconf 91' lang='lat' dir='ltr'><strong>a</strong></span> <span class='ocrx_word' id='word_1_392' title='bbox 3637 2707 3728 2761; x_wconf 90' lang='lat' dir='ltr'><strong>Ti-</strong></span> 
     </span>
    </p>
   </div>
   <div class='ocr_carea' id='block_1_59' title="bbox 2123 2793 3726 2866">
    <p class='ocr_par' dir='ltr' id='par_1_59' title="bbox 2123 2793 3726 2866">
     <span class='ocr_line' id='line_1_59' title="bbox 2123 2793 3726 2866; baseline 0.004 -19"><span class='ocrx_word' id='word_1_393' title='bbox 2123 2797 2294 2847; x_wconf 88' lang='lat' dir='ltr'><strong>masio</strong></span> <span class='ocrx_word' id='word_1_394' title='bbox 2334 2804 2388 2849; x_wconf 89' lang='lat' dir='ltr'><strong>et</strong></span> <span class='ocrx_word' id='word_1_395' title='bbox 2414 2793 2616 2848; x_wconf 87' lang='lat' dir='ltr'><strong>Jacobo</strong></span> <span class='ocrx_word' id='word_1_396' title='bbox 2650 2793 2813 2863; x_wconf 85' lang='lat' dir='ltr'><strong>hujus</strong></span> <span class='ocrx_word' id='word_1_397' title='bbox 2866 2794 3108 2848; x_wconf 78' lang='lat' dir='ltr'><strong>bzcretici</strong></span> <span class='ocrx_word' id='word_1_398' title='bbox 3139 2796 3419 2865; x_wconf 87' lang='lat' dir='ltr'><strong>discipulis</strong></span> <span class='ocrx_word' id='word_1_399' title='bbox 3464 2801 3726 2866; x_wconf 86' lang='lat' dir='ltr'><strong>missum,</strong></span> 
     </span>
    </p>
   </div>
   <div class='ocr_carea' id='block_1_60' title="bbox 2125 2888 3732 2959">
    <p class='ocr_par' dir='ltr' id='par_1_60' title="bbox 2125 2888 3732 2959">
     <span class='ocr_line' id='line_1_60' title="bbox 2125 2888 3732 2959; baseline 0.003 -18"><span class='ocrx_word' id='word_1_400' title='bbox 2125 2904 2335 2943; x_wconf 89' lang='lat' dir='ltr'><strong>necnon</strong></span> <span class='ocrx_word' id='word_1_401' title='bbox 2384 2904 2545 2959; x_wconf 87' lang='lat' dir='ltr'><strong>quem</strong></span> <span class='ocrx_word' id='word_1_402' title='bbox 2602 2889 2669 2943; x_wconf 88' lang='lat' dir='ltr'><strong>ad</strong></span> <span class='ocrx_word' id='word_1_403' title='bbox 2728 2889 2874 2945; x_wconf 82' lang='lat' dir='ltr'><strong>itane</strong></span> <span class='ocrx_word' id='word_1_404' title='bbox 2931 2888 3281 2947; x_wconf 88' lang='lat' dir='ltr'><strong>reiutandum</strong></span> <span class='ocrx_word' id='word_1_405' title='bbox 3322 2890 3401 2944; x_wconf 85' lang='lat' dir='ltr'><strong>De</strong></span> <span class='ocrx_word' id='word_1_406' title='bbox 3454 2892 3659 2947; x_wconf 83' lang='lat' dir='ltr'><strong>Natura</strong></span> <span class='ocrx_word' id='word_1_407' title='bbox 3683 2904 3732 2946; x_wconf 87' lang='lat' dir='ltr'><strong>et</strong></span> 
     </span>
    </p>
   </div>
   <div class='ocr_carea' id='block_1_61' title="bbox 2128 2979 3731 3055">
    <p class='ocr_par' dir='ltr' id='par_1_61' title="bbox 2128 2979 3731 3055">
     <span class='ocr_line' id='line_1_61' title="bbox 2128 2979 3731 3055; baseline 0.004 -21"><span class='ocrx_word' id='word_1_408' title='bbox 2128 2979 2313 3039; x_wconf 81' lang='lat' dir='ltr'><strong>Gratia</strong></span> <span class='ocrx_word' id='word_1_409' title='bbox 2341 2981 2790 3046; x_wconf 85' lang='lat' dir='ltr'><strong>conciunaverat,</strong></span> <span class='ocrx_word' id='word_1_410' title='bbox 2824 2997 3099 3049; x_wconf 77' lang='lat' dir='ltr'><strong>quemque</strong></span> <span class='ocrx_word' id='word_1_411' title='bbox 3141 2981 3241 3055; x_wconf 86' lang='lat' dir='ltr'><strong>ipsi</strong></span> <span class='ocrx_word' id='word_1_412' title='bbox 3290 2982 3527 3043; x_wconf 68' lang='lat' dir='ltr'><strong>lacubus</strong></span> <span class='ocrx_word' id='word_1_413' title='bbox 3555 2992 3609 3038; x_wconf 90' lang='lat' dir='ltr'><strong>et</strong></span> <span class='ocrx_word' id='word_1_414' title='bbox 3635 2982 3731 3041; x_wconf 86' lang='lat' dir='ltr'><strong>Ti-</strong></span> 
     </span>
    </p>
   </div>
   <div class='ocr_carea' id='block_1_62' title="bbox 419 3058 3730 3155">
    <p class='ocr_par' dir='ltr' id='par_1_62' title="bbox 419 3058 3730 3155">
     <span class='ocr_line' id='line_1_62' title="bbox 419 3058 3730 3155; baseline 0 -16"><span class='ocrx_word' id='word_1_415' title='bbox 419 3084 536 3140; x_wconf 80' lang='lat' dir='ltr'><strong>riali</strong></span> <span class='ocrx_word' id='word_1_416' title='bbox 570 3084 776 3154; x_wconf 87' lang='lat' dir='ltr'><strong>judicio</strong></span> <span class='ocrx_word' id='word_1_417' title='bbox 801 3086 1121 3155; x_wconf 83' lang='lat' dir='ltr'><strong>provinciis,</strong></span> <span class='ocrx_word' id='word_1_418' title='bbox 1156 3097 1213 3139; x_wconf 91' lang='lat' dir='ltr'><strong>ut</strong></span> <span class='ocrx_word' id='word_1_419' title='bbox 1237 3086 1359 3141; x_wconf 63' lang='lat' dir='ltr'><strong>dum</strong></span> <span class='ocrx_word' id='word_1_420' title='bbox 1391 3087 1720 3155; x_wconf 83' lang='lat' dir='ltr'><strong>metropoies</strong></span> <span class='ocrx_word' id='word_1_421' title='bbox 1752 3086 1905 3148; x_wconf 82' lang='lat' dir='ltr'><strong>ﬁant,</strong></span> <span class='ocrx_word' id='word_1_422' title='bbox 1939 3086 2017 3140; x_wconf 90' lang='lat' dir='ltr'><strong>sic</strong></span> <span class='ocrx_word' id='word_1_423' title='bbox 2044 3058 2089 3121; x_wconf 68' lang='grc' dir='ltr'><strong>Ο</strong></span> <span class='ocrx_word' id='word_1_424' title='bbox 2124 3075 2325 3133; x_wconf 55' lang='lat' dir='ltr'><strong>mimus</strong></span> <span class='ocrx_word' id='word_1_425' title='bbox 2353 3074 2424 3129; x_wconf 75' lang='grc' dir='ltr'><strong>οι)</strong></span> <span class='ocrx_word' id='word_1_426' title='bbox 2455 3072 2772 3143; x_wconf 61' lang='grc' dir='ltr'><strong>ιιναθάὶθιυηι</strong></span> <span class='ocrx_word' id='word_1_427' title='bbox 2822 3071 2899 3129; x_wconf 62' lang='lat' dir='ltr'><strong>De</strong></span> <span class='ocrx_word' id='word_1_428' title='bbox 2932 3071 3138 3129; x_wconf 69' lang='lat' dir='ltr'><strong>Natura</strong></span> <span class='ocrx_word' id='word_1_429' title='bbox 3190 3084 3237 3129; x_wconf 76' lang='lat' dir='ltr'><strong>et</strong></span> <span class='ocrx_word' id='word_1_430' title='bbox 3279 3072 3463 3131; x_wconf 75' lang='lat' dir='ltr'><strong>Gratia</strong></span> <span class='ocrx_word' id='word_1_431' title='bbox 3497 3075 3690 3133; x_wconf 81' lang='lat' dir='ltr'><strong>librum</strong></span> <span class='ocrx_word' id='word_1_432' title='bbox 3715 3115 3730 3140; x_wconf 72' lang='grc' dir='ltr'><strong>ο</strong></span> 
     </span>
    </p>
   </div>
   <div class='ocr_carea' id='block_1_63' title="bbox 416 3177 2016 3249">
    <p class='ocr_par' dir='ltr' id='par_1_63' title="bbox 416 3177 2016 3249">
     <span class='ocr_line' id='line_1_63' title="bbox 416 3177 2016 3249; baseline -0.002 -15"><span class='ocrx_word' id='word_1_433' title='bbox 416 3178 528 3234; x_wconf 88' lang='lat' dir='ltr'><strong>duo</strong></span> <span class='ocrx_word' id='word_1_434' title='bbox 556 3179 961 3249; x_wconf 89' lang='lat' dir='ltr'><strong>metropolitani</strong></span> <span class='ocrx_word' id='word_1_435' title='bbox 997 3180 1236 3249; x_wconf 87' lang='lat' dir='ltr'><strong>episcopi</strong></span> <span class='ocrx_word' id='word_1_436' title='bbox 1261 3180 1501 3236; x_wconf 88' lang='lat' dir='ltr'><strong>debeant</strong></span> <span class='ocrx_word' id='word_1_437' title='bbox 1525 3179 1796 3235; x_wconf 89' lang='lat' dir='ltr'><strong>nominari</strong></span> <span class='ocrx_word' id='word_1_438' title='bbox 1835 3196 1852 3229; x_wconf 84' lang='grc' dir='ltr'><strong>ι</strong></span> <span class='ocrx_word' id='word_1_439' title='bbox 1882 3177 2016 3232; x_wconf 87' lang='lat' dir='ltr'><strong>Ter-</strong></span> 
     </span>
    </p>
   </div>
   <div class='ocr_carea' id='block_1_64' title="bbox 420 3271 2013 3345">
    <p class='ocr_par' dir='ltr' id='par_1_64' title="bbox 420 3271 2013 3345">
     <span class='ocr_line' id='line_1_64' title="bbox 420 3271 2013 3345; baseline -0.002 -17"><span class='ocrx_word' id='word_1_440' title='bbox 420 3274 497 3328; x_wconf 91' lang='lat' dir='ltr'><strong>tio</strong></span> <span class='ocrx_word' id='word_1_441' title='bbox 520 3271 783 3345; x_wconf 84' lang='lat' dir='ltr'><strong>Cyprios,</strong></span> <span class='ocrx_word' id='word_1_442' title='bbox 832 3273 921 3344; x_wconf 84' lang='lat' dir='ltr'><strong>qui</strong></span> <span class='ocrx_word' id='word_1_443' title='bbox 963 3273 1029 3328; x_wconf 86' lang='lat' dir='ltr'><strong>ad</strong></span> <span class='ocrx_word' id='word_1_444' title='bbox 1063 3272 1301 3329; x_wconf 85' lang='lat' dir='ltr'><strong>Orientis</strong></span> <span class='ocrx_word' id='word_1_445' title='bbox 1347 3274 1607 3331; x_wconf 86' lang='lat' dir='ltr'><strong>dioecesin</strong></span> <span class='ocrx_word' id='word_1_446' title='bbox 1643 3274 2013 3345; x_wconf 86' lang='lat' dir='ltr'><strong>pertinebant,</strong></span> 
     </span>
    </p>
   </div>
   <div class='ocr_carea' id='block_1_65' title="bbox 431 3366 2019 3437">
    <p class='ocr_par' dir='ltr' id='par_1_65' title="bbox 431 3366 2019 3437">
     <span class='ocr_line' id='line_1_65' title="bbox 431 3366 2019 3437; baseline 0.003 -22"><span class='ocrx_word' id='word_1_447' title='bbox 431 3383 449 3415; x_wconf 75' lang='grc' dir='ltr'><strong>ι</strong></span> <span class='ocrx_word' id='word_1_448' title='bbox 481 3367 604 3419; x_wconf 82' lang='grc' dir='ltr'><strong>οὶὶηι</strong></span> <span class='ocrx_word' id='word_1_449' title='bbox 642 3366 857 3419; x_wconf 75' lang='lat' dir='ltr'><strong>Ariona:</strong></span> <span class='ocrx_word' id='word_1_450' title='bbox 886 3366 1180 3435; x_wconf 82' lang='lat' dir='ltr'><strong>impietatis</strong></span> <span class='ocrx_word' id='word_1_451' title='bbox 1219 3368 1459 3437; x_wconf 88' lang='lat' dir='ltr'><strong>potentia</strong></span> <span class='ocrx_word' id='word_1_452' title='bbox 1493 3367 1773 3436; x_wconf 86' lang='lat' dir='ltr'><strong>fatigatos,</strong></span> <span class='ocrx_word' id='word_1_453' title='bbox 1812 3380 1916 3419; x_wconf 91' lang='lat' dir='ltr'><strong>non</strong></span> <span class='ocrx_word' id='word_1_454' title='bbox 1943 3376 2019 3419; x_wconf 87' lang='lat' dir='ltr'><strong>te-</strong></span> 
     </span>
    </p>
   </div>
   <div class='ocr_carea' id='block_1_66' title="bbox 426 3457 2013 3527">
    <p class='ocr_par' dir='ltr' id='par_1_66' title="bbox 426 3457 2013 3527">
     <span class='ocr_line' id='line_1_66' title="bbox 426 3457 2013 3527; baseline -0.002 -16"><span class='ocrx_word' id='word_1_455' title='bbox 426 3457 609 3513; x_wconf 88' lang='lat' dir='ltr'><strong>nuisse</strong></span> <span class='ocrx_word' id='word_1_456' title='bbox 630 3472 868 3515; x_wconf 83' lang='lat' dir='ltr'><strong>canones</strong></span> <span class='ocrx_word' id='word_1_457' title='bbox 915 3458 1165 3514; x_wconf 70' lang='lat' dir='ltr'><strong>Nicaanos</strong></span> <span class='ocrx_word' id='word_1_458' title='bbox 1198 3459 1253 3515; x_wconf 91' lang='lat' dir='ltr'><strong>in</strong></span> <span class='ocrx_word' id='word_1_459' title='bbox 1292 3457 1613 3514; x_wconf 86' lang='lat' dir='ltr'><strong>erdinandis</strong></span> <span class='ocrx_word' id='word_1_460' title='bbox 1664 3458 1960 3527; x_wconf 87' lang='lat' dir='ltr'><strong>episcopis,</strong></span> <span class='ocrx_word' id='word_1_461' title='bbox 1995 3474 2013 3508; x_wconf 77' lang='grc' dir='ltr'><strong>ι</strong></span> 
     </span>
    </p>
   </div>
   <div class='ocr_carea' id='block_1_67' title="bbox 426 3549 2019 3620">
    <p class='ocr_par' dir='ltr' id='par_1_67' title="bbox 426 3549 2019 3620">
     <span class='ocr_line' id='line_1_67' title="bbox 426 3549 2019 3620; baseline 0 -17"><span class='ocrx_word' id='word_1_462' title='bbox 426 3549 520 3604; x_wconf 89' lang='lat' dir='ltr'><strong>sed</strong></span> <span class='ocrx_word' id='word_1_463' title='bbox 550 3550 837 3620; x_wconf 86' lang='lat' dir='ltr'><strong>episcopos</strong></span> <span class='ocrx_word' id='word_1_464' title='bbox 868 3565 996 3605; x_wconf 92' lang='lat' dir='ltr'><strong>suos</strong></span> <span class='ocrx_word' id='word_1_465' title='bbox 1024 3551 1237 3606; x_wconf 89' lang='lat' dir='ltr'><strong>nemine</strong></span> <span class='ocrx_word' id='word_1_466' title='bbox 1278 3552 1530 3607; x_wconf 89' lang='lat' dir='ltr'><strong>consulte</strong></span> <span class='ocrx_word' id='word_1_467' title='bbox 1565 3551 1633 3604; x_wconf 88' lang='lat' dir='ltr'><strong>ab</strong></span> <span class='ocrx_word' id='word_1_468' title='bbox 1674 3552 1754 3605; x_wconf 90' lang='lat' dir='ltr'><strong>eis</strong></span> <span class='ocrx_word' id='word_1_469' title='bbox 1780 3549 2019 3604; x_wconf 87' lang='lat' dir='ltr'><strong>ordinari</strong></span> 
     </span>
    </p>
   </div>
   <div class='ocr_carea' id='block_1_68' title="bbox 424 3642 2017 3713">
    <p class='ocr_par' dir='ltr' id='par_1_68' title="bbox 424 3642 2017 3713">
     <span class='ocr_line' id='line_1_68' title="bbox 424 3642 2017 3713; baseline -0.001 -17"><span class='ocrx_word' id='word_1_470' title='bbox 424 3651 772 3712; x_wconf 88' lang='lat' dir='ltr'><strong>conquestus,</strong></span> <span class='ocrx_word' id='word_1_471' title='bbox 810 3642 900 3713; x_wconf 90' lang='lat' dir='ltr'><strong>qui</strong></span> <span class='ocrx_word' id='word_1_472' title='bbox 925 3658 1050 3713; x_wconf 82' lang='lat' dir='ltr'><strong>erga</strong></span> <span class='ocrx_word' id='word_1_473' title='bbox 1078 3658 1172 3699; x_wconf 82' lang='lat' dir='ltr'><strong>eos</strong></span> <span class='ocrx_word' id='word_1_474' title='bbox 1198 3658 1392 3713; x_wconf 89' lang='lat' dir='ltr'><strong>gerere</strong></span> <span class='ocrx_word' id='word_1_475' title='bbox 1414 3658 1473 3698; x_wconf 92' lang='lat' dir='ltr'><strong>se</strong></span> <span class='ocrx_word' id='word_1_476' title='bbox 1497 3644 1723 3699; x_wconf 89' lang='lat' dir='ltr'><strong>deberet</strong></span> <span class='ocrx_word' id='word_1_477' title='bbox 1752 3644 2017 3713; x_wconf 67' lang='lat' dir='ltr'><strong>quaesivit.</strong></span> 
     </span>
    </p>
   </div>
   <div class='ocr_carea' id='block_1_69' title="bbox 427 3735 2022 3794">
    <p class='ocr_par' dir='ltr' id='par_1_69' title="bbox 427 3735 2022 3794">
     <span class='ocr_line' id='line_1_69' title="bbox 427 3735 2022 3794; baseline -0.001 -2"><span class='ocrx_word' id='word_1_478' title='bbox 427 3735 653 3794; x_wconf 81' lang='lat' dir='ltr'><strong>Domum</strong></span> <span class='ocrx_word' id='word_1_479' title='bbox 678 3753 746 3791; x_wconf 86' lang='lat' dir='ltr'><strong>an</strong></span> <span class='ocrx_word' id='word_1_480' title='bbox 773 3735 1095 3794; x_wconf 81' lang='lat' dir='ltr'><strong>Arianorum</strong></span> <span class='ocrx_word' id='word_1_481' title='bbox 1121 3736 1301 3793; x_wconf 78' lang='lat' dir='ltr'><strong>clerici</strong></span> <span class='ocrx_word' id='word_1_482' title='bbox 1324 3736 1391 3792; x_wconf 90' lang='lat' dir='ltr'><strong>ad</strong></span> <span class='ocrx_word' id='word_1_483' title='bbox 1410 3736 1709 3794; x_wconf 89' lang='lat' dir='ltr'><strong>Ecclesiam</strong></span> <span class='ocrx_word' id='word_1_484' title='bbox 1733 3737 2022 3791; x_wconf 86' lang='lat' dir='ltr'><strong>redeuntes</strong></span> 
     </span>
    </p>
   </div>
   <div class='ocr_carea' id='block_1_70' title="bbox 434 3827 2023 3899">
    <p class='ocr_par' dir='ltr' id='par_1_70' title="bbox 434 3827 2023 3899">
     <span class='ocr_line' id='line_1_70' title="bbox 434 3827 2023 3899; baseline 0 -19"><span class='ocrx_word' id='word_1_485' title='bbox 434 3846 453 3880; x_wconf 77' lang='grc' dir='ltr'><strong>ι</strong></span> <span class='ocrx_word' id='word_1_486' title='bbox 486 3844 608 3885; x_wconf 81' lang='lat' dir='ltr'><strong>cum</strong></span> <span class='ocrx_word' id='word_1_487' title='bbox 658 3829 954 3891; x_wconf 80' lang='lat' dir='ltr'><strong>sacerdotii</strong></span> <span class='ocrx_word' id='word_1_488' title='bbox 990 3837 1083 3887; x_wconf 87' lang='lat' dir='ltr'><strong>aut</strong></span> <span class='ocrx_word' id='word_1_489' title='bbox 1120 3828 1407 3889; x_wconf 76' lang='lat' dir='ltr'><strong>ministerii</strong></span> <span class='ocrx_word' id='word_1_490' title='bbox 1464 3829 1764 3899; x_wconf 78' lang='lat' dir='ltr'><strong>cuiuspiam</strong></span> <span class='ocrx_word' id='word_1_491' title='bbox 1819 3827 2023 3896; x_wconf 87' lang='lat' dir='ltr'><strong>suscipi</strong></span> 
     </span>
    </p>
   </div>
   <div class='ocr_carea' id='block_1_71' title="bbox 429 3918 2025 3993">
    <p class='ocr_par' dir='ltr' id='par_1_71' title="bbox 429 3918 2025 3993">
     <span class='ocr_line' id='line_1_71' title="bbox 429 3918 2025 3993; baseline 0.001 -21"><span class='ocrx_word' id='word_1_492' title='bbox 429 3918 689 3975; x_wconf 87' lang='lat' dir='ltr'><strong>deberent</strong></span> <span class='ocrx_word' id='word_1_493' title='bbox 714 3920 1002 3990; x_wconf 84' lang='lat' dir='ltr'><strong>dignitate,</strong></span> <span class='ocrx_word' id='word_1_494' title='bbox 1030 3940 1049 3973; x_wconf 76' lang='grc' dir='ltr'><strong>ι</strong></span> <span class='ocrx_word' id='word_1_495' title='bbox 1086 3921 1395 3991; x_wconf 72' lang='lat' dir='ltr'><strong>pestuiavit.</strong></span> <span class='ocrx_word' id='word_1_496' title='bbox 1421 3921 1502 3977; x_wconf 79' lang='lat' dir='ltr'><strong>Ad</strong></span> <span class='ocrx_word' id='word_1_497' title='bbox 1531 3921 1742 3993; x_wconf 82' lang='lat' dir='ltr'><strong>singula</strong></span> <span class='ocrx_word' id='word_1_498' title='bbox 1762 3920 2025 3976; x_wconf 84' lang='lat' dir='ltr'><strong>Innocen-</strong></span> 
     </span>
    </p>
   </div>
   <div class='ocr_carea' id='block_1_72' title="bbox 431 4012 1357 4083">
    <p class='ocr_par' dir='ltr' id='par_1_72' title="bbox 431 4012 1357 4083">
     <span class='ocr_line' id='line_1_72' title="bbox 431 4012 1357 4083; baseline 0 -16"><span class='ocrx_word' id='word_1_499' title='bbox 431 4012 490 4067; x_wconf 93' lang='lat' dir='ltr'><strong>tii</strong></span> <span class='ocrx_word' id='word_1_500' title='bbox 517 4012 797 4083; x_wconf 88' lang='lat' dir='ltr'><strong>responsio</strong></span> <span class='ocrx_word' id='word_1_501' title='bbox 823 4012 1053 4068; x_wconf 85' lang='lat' dir='ltr'><strong>habetur</strong></span> <span class='ocrx_word' id='word_1_502' title='bbox 1079 4013 1239 4083; x_wconf 85' lang='lat' dir='ltr'><strong>epist.</strong></span> <span class='ocrx_word' id='word_1_503' title='bbox 1268 4014 1357 4068; x_wconf 67' lang='grc'><strong>24.</strong></span> 
     </span>
    </p>
   </div>
   <div class='ocr_carea' id='block_1_73' title="bbox 501 4105 2025 4177">
    <p class='ocr_par' dir='ltr' id='par_1_73' title="bbox 501 4105 2025 4177">
     <span class='ocr_line' id='line_1_73' title="bbox 501 4105 2025 4177; baseline 0.001 -17"><span class='ocrx_word' id='word_1_504' title='bbox 501 4106 589 4161; x_wconf 76' lang='grc'><strong>51.</strong></span> <span class='ocrx_word' id='word_1_505' title='bbox 620 4105 773 4163; x_wconf 87' lang='lat' dir='ltr'><strong>Circa</strong></span> <span class='ocrx_word' id='word_1_506' title='bbox 798 4107 1000 4169; x_wconf 76' lang='lat' dir='ltr'><strong>initium</strong></span> <span class='ocrx_word' id='word_1_507' title='bbox 1028 4107 1153 4165; x_wconf 79' lang='lat' dir='ltr'><strong>anni</strong></span> <span class='ocrx_word' id='word_1_508' title='bbox 1183 4109 1313 4177; x_wconf 72' lang='grc'><strong>416,</strong></span> <span class='ocrx_word' id='word_1_509' title='bbox 1350 4107 1629 4165; x_wconf 65' lang='lat' dir='ltr'><strong>Decentii“</strong></span> <span class='ocrx_word' id='word_1_510' title='bbox 1655 4119 1700 4167; x_wconf 79' lang='lat' dir='ltr'><strong>et</strong></span> <span class='ocrx_word' id='word_1_511' title='bbox 1726 4107 2025 4165; x_wconf 74' lang='lat' dir='ltr'><strong>Cwlestinns</strong></span> 
     </span>
    </p>
   </div>
   <div class='ocr_carea' id='block_1_74' title="bbox 432 4197 2028 4261">
    <p class='ocr_par' dir='ltr' id='par_1_74' title="bbox 432 4197 2028 4261">
     <span class='ocr_line' id='line_1_74' title="bbox 432 4197 2028 4261; baseline 0.005 -9"><span class='ocrx_word' id='word_1_512' title='bbox 432 4197 790 4252; x_wconf 83' lang='lat' dir='ltr'><strong>lnnocentimn</strong></span> <span class='ocrx_word' id='word_1_513' title='bbox 837 4200 901 4253; x_wconf 87' lang='lat' dir='ltr'><strong>de</strong></span> <span class='ocrx_word' id='word_1_514' title='bbox 941 4201 1096 4253; x_wconf 80' lang='lat' dir='ltr'><strong>variis</strong></span> <span class='ocrx_word' id='word_1_515' title='bbox 1139 4201 1320 4261; x_wconf 81' lang='lat' dir='ltr'><strong>ritibus</strong></span> <span class='ocrx_word' id='word_1_516' title='bbox 1347 4204 1643 4259; x_wconf 66' lang='lat' dir='ltr'><strong>consulunt.</strong></span> <span class='ocrx_word' id='word_1_517' title='bbox 1669 4232 1737 4245; x_wconf 70' lang='grc' dir='ltr'><strong>-ο</strong></span> <span class='ocrx_word' id='word_1_518' title='bbox 1763 4200 1896 4260; x_wconf 82' lang='lat' dir='ltr'><strong>Item</strong></span> <span class='ocrx_word' id='word_1_519' title='bbox 1927 4201 2028 4260; x_wconf 78' lang='lat' dir='ltr'><strong>De-</strong></span> 
     </span>
    </p>
   </div>
   <div class='ocr_carea' id='block_1_75' title="bbox 432 4291 2027 4364">
    <p class='ocr_par' dir='ltr' id='par_1_75' title="bbox 432 4291 2027 4364">
     <span class='ocr_line' id='line_1_75' title="bbox 432 4291 2027 4364; baseline 0.001 -19"><span class='ocrx_word' id='word_1_520' title='bbox 432 4292 643 4346; x_wconf 72' lang='lat' dir='ltr'><strong>centius</strong></span> <span class='ocrx_word' id='word_1_521' title='bbox 675 4291 991 4362; x_wconf 88' lang='lat' dir='ltr'><strong>Eugubinus</strong></span> <span class='ocrx_word' id='word_1_522' title='bbox 1014 4297 1306 4364; x_wconf 86' lang='lat' dir='ltr'><strong>episcopus</strong></span> <span class='ocrx_word' id='word_1_523' title='bbox 1332 4294 1399 4349; x_wconf 89' lang='lat' dir='ltr'><strong>de</strong></span> <span class='ocrx_word' id='word_1_524' title='bbox 1431 4296 1594 4348; x_wconf 81' lang='lat' dir='ltr'><strong>variis</strong></span> <span class='ocrx_word' id='word_1_525' title='bbox 1620 4293 2027 4349; x_wconf 85' lang='lat' dir='ltr'><strong>consuetudini-</strong></span> 
     </span>
    </p>
   </div>
   <div class='ocr_carea' id='block_1_76' title="bbox 435 4384 2029 4459">
    <p class='ocr_par' dir='ltr' id='par_1_76' title="bbox 435 4384 2029 4459">
     <span class='ocr_line' id='line_1_76' title="bbox 435 4384 2029 4459; baseline 0.001 -20"><span class='ocrx_word' id='word_1_526' title='bbox 435 4384 557 4452; x_wconf 87' lang='lat' dir='ltr'><strong>bus,</strong></span> <span class='ocrx_word' id='word_1_527' title='bbox 589 4385 784 4459; x_wconf 88' lang='lat' dir='ltr'><strong>quibus</strong></span> <span class='ocrx_word' id='word_1_528' title='bbox 818 4386 1094 4445; x_wconf 75' lang='lat' dir='ltr'><strong>nonnttlbe</strong></span> <span class='ocrx_word' id='word_1_529' title='bbox 1126 4387 1383 4447; x_wconf 68' lang='lat' dir='ltr'><strong>Ecclesia:</strong></span> <span class='ocrx_word' id='word_1_530' title='bbox 1422 4402 1449 4442; x_wconf 91' lang='lat' dir='ltr'><strong>a</strong></span> <span class='ocrx_word' id='word_1_531' title='bbox 1482 4386 1724 4445; x_wconf 82' lang='lat' dir='ltr'><strong>Romana</strong></span> <span class='ocrx_word' id='word_1_532' title='bbox 1754 4386 2029 4457; x_wconf 82' lang='lat' dir='ltr'><strong>discrepa-</strong></span> 
     </span>
    </p>
   </div>
   <div class='ocr_carea' id='block_1_77' title="bbox 2121 3164 3731 3235">
    <p class='ocr_par' dir='ltr' id='par_1_77' title="bbox 2121 3164 3731 3235">
     <span class='ocr_line' id='line_1_77' title="bbox 2121 3164 3731 3235; baseline 0.003 -20"><span class='ocrx_word' id='word_1_533' title='bbox 2121 3166 2324 3234; x_wconf 84' lang='lat' dir='ltr'><strong>gratias</strong></span> <span class='ocrx_word' id='word_1_534' title='bbox 2346 3172 2593 3234; x_wconf 80' lang='lat' dir='ltr'><strong>agentes,</strong></span> <span class='ocrx_word' id='word_1_535' title='bbox 2627 3164 2910 3235; x_wconf 86' lang='lat' dir='ltr'><strong>epistolam</strong></span> <span class='ocrx_word' id='word_1_536' title='bbox 2932 3167 3306 3235; x_wconf 67' lang='lat' dir='ltr'><strong>scripserant,</strong></span> <span class='ocrx_word' id='word_1_537' title='bbox 3332 3167 3471 3222; x_wconf 80' lang='lat' dir='ltr'><strong>sicut</strong></span> <span class='ocrx_word' id='word_1_538' title='bbox 3507 3177 3564 3222; x_wconf 89' lang='lat' dir='ltr'><strong>et</strong></span> <span class='ocrx_word' id='word_1_539' title='bbox 3611 3184 3731 3222; x_wconf 88' lang='lat' dir='ltr'><strong>eam</strong></span> 
     </span>
    </p>
   </div>
   <div class='ocr_carea' id='block_1_78' title="bbox 2122 3255 3736 3332">
    <p class='ocr_par' dir='ltr' id='par_1_78' title="bbox 2122 3255 3736 3332">
     <span class='ocr_line' id='line_1_78' title="bbox 2122 3255 3736 3332; baseline 0.001 -22"><span class='ocrx_word' id='word_1_540' title='bbox 2122 3272 2285 3332; x_wconf 87' lang='lat' dir='ltr'><strong>quam</strong></span> <span class='ocrx_word' id='word_1_541' title='bbox 2355 3256 2691 3328; x_wconf 76' lang='lat' dir='ltr'><strong>Augustinus</strong></span> <span class='ocrx_word' id='word_1_542' title='bbox 2743 3255 3089 3317; x_wconf 80' lang='lat' dir='ltr'><strong>scribendam</strong></span> <span class='ocrx_word' id='word_1_543' title='bbox 3148 3257 3299 3317; x_wconf 74' lang='lat' dir='ltr'><strong>duxit</strong></span> <span class='ocrx_word' id='word_1_544' title='bbox 3347 3257 3591 3331; x_wconf 77' lang='lat' dir='ltr'><strong>Pelagio,</strong></span> <span class='ocrx_word' id='word_1_545' title='bbox 3643 3276 3736 3331; x_wconf 78' lang='lat' dir='ltr'><strong>qu°l</strong></span> 
     </span>
    </p>
   </div>
   <div class='ocr_carea' id='block_1_79' title="bbox 2123 3351 3736 3424">
    <p class='ocr_par' dir='ltr' id='par_1_79' title="bbox 2123 3351 3736 3424">
     <span class='ocr_line' id='line_1_79' title="bbox 2123 3351 3736 3424; baseline 0.005 -22"><span class='ocrx_word' id='word_1_546' title='bbox 2123 3351 2426 3409; x_wconf 76' lang='lat' dir='ltr'><strong>adulterata</strong></span> <span class='ocrx_word' id='word_1_547' title='bbox 2458 3351 2764 3409; x_wconf 64' lang='lat' dir='ltr'><strong>Palaestina:</strong></span> <span class='ocrx_word' id='word_1_548' title='bbox 2797 3351 2989 3422; x_wconf 87' lang='lat' dir='ltr'><strong>synodi</strong></span> <span class='ocrx_word' id='word_1_549' title='bbox 3018 3360 3203 3422; x_wconf 74' lang='lat' dir='ltr'><strong>gesta,</strong></span> <span class='ocrx_word' id='word_1_550' title='bbox 3245 3373 3263 3405; x_wconf 75' lang='grc' dir='ltr'><strong>ι</strong></span> <span class='ocrx_word' id='word_1_551' title='bbox 3297 3363 3574 3424; x_wconf 84' lang='lat' dir='ltr'><strong>tamquam</strong></span> <span class='ocrx_word' id='word_1_552' title='bbox 3611 3372 3736 3424; x_wconf 89' lang='lat' dir='ltr'><strong>pur-</strong></span> 
     </span>
    </p>
   </div>
   <div class='ocr_carea' id='block_1_80' title="bbox 2122 3444 3735 3515">
    <p class='ocr_par' dir='ltr' id='par_1_80' title="bbox 2122 3444 3735 3515">
     <span class='ocr_line' id='line_1_80' title="bbox 2122 3444 3735 3515; baseline 0.002 -17"><span class='ocrx_word' id='word_1_553' title='bbox 2122 3444 2357 3514; x_wconf 84' lang='lat' dir='ltr'><strong>gationis</strong></span> <span class='ocrx_word' id='word_1_554' title='bbox 2389 3459 2501 3499; x_wconf 76' lang='lat' dir='ltr'><strong>suto</strong></span> <span class='ocrx_word' id='word_1_555' title='bbox 2528 3446 2754 3513; x_wconf 76' lang='lat' dir='ltr'><strong>scripta,</strong></span> <span class='ocrx_word' id='word_1_556' title='bbox 2793 3463 2811 3495; x_wconf 74' lang='grc' dir='ltr'><strong>ι</strong></span> <span class='ocrx_word' id='word_1_557' title='bbox 2852 3445 2951 3512; x_wconf 89' lang='lat' dir='ltr'><strong>ipsi</strong></span> <span class='ocrx_word' id='word_1_558' title='bbox 2990 3446 3393 3499; x_wconf 79' lang='lat' dir='ltr'><strong>transmiserat.</strong></span> <span class='ocrx_word' id='word_1_559' title='bbox 3429 3446 3505 3513; x_wconf 79' lang='lat' dir='ltr'><strong>Ex</strong></span> <span class='ocrx_word' id='word_1_560' title='bbox 3536 3447 3735 3515; x_wconf 90' lang='lat' dir='ltr'><strong>quibus</strong></span> 
     </span>
    </p>
   </div>
   <div class='ocr_carea' id='block_1_81' title="bbox 2124 3536 3736 3609">
    <p class='ocr_par' dir='ltr' id='par_1_81' title="bbox 2124 3536 3736 3609">
     <span class='ocr_line' id='line_1_81' title="bbox 2124 3536 3736 3609; baseline 0.001 -18"><span class='ocrx_word' id='word_1_561' title='bbox 2124 3536 2474 3595; x_wconf 89' lang='lat' dir='ltr'><strong>monimentis</strong></span> <span class='ocrx_word' id='word_1_562' title='bbox 2522 3546 2730 3591; x_wconf 85' lang='lat' dir='ltr'><strong>tantum</strong></span> <span class='ocrx_word' id='word_1_563' title='bbox 2767 3538 3053 3609; x_wconf 77' lang='lat' dir='ltr'><strong>Augustini</strong></span> <span class='ocrx_word' id='word_1_564' title='bbox 3100 3538 3168 3603; x_wconf 77' lang='lat' dir='ltr'><strong>de</strong></span> <span class='ocrx_word' id='word_1_565' title='bbox 3223 3537 3431 3592; x_wconf 80' lang='lat' dir='ltr'><strong>Natura</strong></span> <span class='ocrx_word' id='word_1_566' title='bbox 3468 3549 3514 3591; x_wconf 76' lang='lat' dir='ltr'><strong>et</strong></span> <span class='ocrx_word' id='word_1_567' title='bbox 3551 3537 3736 3592; x_wconf 83' lang='lat' dir='ltr'><strong>Gratia</strong></span> 
     </span>
    </p>
   </div>
   <div class='ocr_carea' id='block_1_82' title="bbox 2122 3630 3733 3701">
    <p class='ocr_par' dir='ltr' id='par_1_82' title="bbox 2122 3630 3733 3701">
     <span class='ocr_line' id='line_1_82' title="bbox 2122 3630 3733 3701; baseline 0.001 -15"><span class='ocrx_word' id='word_1_568' title='bbox 2122 3630 2285 3695; x_wconf 85' lang='lat' dir='ltr'><strong>liber,</strong></span> <span class='ocrx_word' id='word_1_569' title='bbox 2319 3647 2531 3689; x_wconf 88' lang='lat' dir='ltr'><strong>necnon</strong></span> <span class='ocrx_word' id='word_1_570' title='bbox 2558 3631 2745 3689; x_wconf 79' lang='lat' dir='ltr'><strong>Jacobi</strong></span> <span class='ocrx_word' id='word_1_571' title='bbox 2796 3642 2961 3700; x_wconf 82' lang='lat' dir='ltr'><strong>atque</strong></span> <span class='ocrx_word' id='word_1_572' title='bbox 3000 3631 3225 3689; x_wconf 82' lang='lat' dir='ltr'><strong>Timasii</strong></span> <span class='ocrx_word' id='word_1_573' title='bbox 3270 3633 3335 3693; x_wconf 80' lang='lat' dir='ltr'><strong>ad</strong></span> <span class='ocrx_word' id='word_1_574' title='bbox 3372 3634 3733 3701; x_wconf 80' lang='lat' dir='ltr'><strong>Augustinum</strong></span> 
     </span>
    </p>
   </div>
   <div class='ocr_carea' id='block_1_83' title="bbox 2124 3722 3737 3793">
    <p class='ocr_par' dir='ltr' id='par_1_83' title="bbox 2124 3722 3737 3793">
     <span class='ocr_line' id='line_1_83' title="bbox 2124 3722 3737 3793; baseline 0.001 -16"><span class='ocrx_word' id='word_1_575' title='bbox 2124 3724 2352 3792; x_wconf 69' lang='lat' dir='ltr'><strong>epistola</strong></span> <span class='ocrx_word' id='word_1_576' title='bbox 2380 3723 2446 3777; x_wconf 85' lang='lat' dir='ltr'><strong>ad</strong></span> <span class='ocrx_word' id='word_1_577' title='bbox 2481 3739 2579 3778; x_wconf 86' lang='lat' dir='ltr'><strong>nos</strong></span> <span class='ocrx_word' id='word_1_578' title='bbox 2605 3732 2996 3788; x_wconf 86' lang='lat' dir='ltr'><strong>pervenerunt.</strong></span> <span class='ocrx_word' id='word_1_579' title='bbox 3034 3723 3109 3777; x_wconf 88' lang='lat' dir='ltr'><strong>De</strong></span> <span class='ocrx_word' id='word_1_580' title='bbox 3152 3722 3356 3793; x_wconf 83' lang='lat' dir='ltr'><strong>Pelagii</strong></span> <span class='ocrx_word' id='word_1_581' title='bbox 3388 3732 3569 3777; x_wconf 88' lang='lat' dir='ltr'><strong>autem</strong></span> <span class='ocrx_word' id='word_1_582' title='bbox 3594 3724 3737 3779; x_wconf 87' lang='lat' dir='ltr'><strong>libro</strong></span> 
     </span>
    </p>
   </div>
   <div class='ocr_carea' id='block_1_84' title="bbox 2128 3814 3639 3889">
    <p class='ocr_par' dir='ltr' id='par_1_84' title="bbox 2128 3814 3639 3889">
     <span class='ocr_line' id='line_1_84' title="bbox 2128 3814 3639 3889; baseline -0.001 -16"><span class='ocrx_word' id='word_1_583' title='bbox 2128 3816 2256 3889; x_wconf 88' lang='lat' dir='ltr'><strong>quid</strong></span> <span class='ocrx_word' id='word_1_584' title='bbox 2288 3816 2519 3873; x_wconf 87' lang='lat' dir='ltr'><strong>sentiret</strong></span> <span class='ocrx_word' id='word_1_585' title='bbox 2546 3816 2918 3881; x_wconf 85' lang='lat' dir='ltr'><strong>Innocentius,</strong></span> <span class='ocrx_word' id='word_1_586' title='bbox 2955 3814 3120 3885; x_wconf 75' lang='lat' dir='ltr'><strong>epist.</strong></span> <span class='ocrx_word' id='word_1_587' title='bbox 3152 3814 3245 3877; x_wconf 75' lang='lat' dir='ltr'><strong>Si,</strong></span> <span class='ocrx_word' id='word_1_588' title='bbox 3282 3832 3334 3867; x_wconf 87' lang='grc' dir='ltr'><strong>ιι.</strong></span> <span class='ocrx_word' id='word_1_589' title='bbox 3361 3815 3413 3883; x_wconf 76' lang='grc' dir='ltr'><strong>ὅ,</strong></span> <span class='ocrx_word' id='word_1_590' title='bbox 3445 3816 3639 3886; x_wconf 86' lang='lat' dir='ltr'><strong>aperit.</strong></span> 
     </span>
    </p>
   </div>
   <div class='ocr_carea' id='block_1_85' title="bbox 2199 3906 3736 3967">
    <p class='ocr_par' dir='ltr' id='par_1_85' title="bbox 2199 3906 3736 3967">
     <span class='ocr_line' id='line_1_85' title="bbox 2199 3906 3736 3967; baseline -0.005 0"><span class='ocrx_word' id='word_1_591' title='bbox 2199 3910 2288 3967; x_wconf 78' lang='grc'><strong>55.</strong></span> <span class='ocrx_word' id='word_1_592' title='bbox 2316 3908 2586 3967; x_wconf 80' lang='lat' dir='ltr'><strong>Eustachii</strong></span> <span class='ocrx_word' id='word_1_593' title='bbox 2626 3920 2669 3963; x_wconf 85' lang='lat' dir='ltr'><strong>et</strong></span> <span class='ocrx_word' id='word_1_594' title='bbox 2697 3906 2884 3962; x_wconf 79' lang='lat' dir='ltr'><strong>Paula:</strong></span> <span class='ocrx_word' id='word_1_595' title='bbox 2909 3908 2977 3963; x_wconf 81' lang='lat' dir='ltr'><strong>ad</strong></span> <span class='ocrx_word' id='word_1_596' title='bbox 3023 3906 3388 3967; x_wconf 78' lang='lat' dir='ltr'><strong>Innocentium</strong></span> <span class='ocrx_word' id='word_1_597' title='bbox 3430 3910 3636 3967; x_wconf 71' lang='lat' dir='ltr'><strong>tittcrw.</strong></span> <span class='ocrx_word' id='word_1_598' title='bbox 3665 3940 3736 3952; x_wconf 93' lang='grc'><strong><em>-</em></strong></span> 
     </span>
    </p>
   </div>
   <div class='ocr_carea' id='block_1_86' title="bbox 2130 4000 3739 4071">
    <p class='ocr_par' dir='ltr' id='par_1_86' title="bbox 2130 4000 3739 4071">
     <span class='ocr_line' id='line_1_86' title="bbox 2130 4000 3739 4071; baseline 0.001 -16"><span class='ocrx_word' id='word_1_599' title='bbox 2130 4001 2247 4058; x_wconf 79' lang='lat' dir='ltr'><strong>Non</strong></span> <span class='ocrx_word' id='word_1_600' title='bbox 2270 4004 2444 4061; x_wconf 89' lang='lat' dir='ltr'><strong>multo</strong></span> <span class='ocrx_word' id='word_1_601' title='bbox 2473 4011 2595 4071; x_wconf 84' lang='lat' dir='ltr'><strong>post</strong></span> <span class='ocrx_word' id='word_1_602' title='bbox 2617 4000 2972 4057; x_wconf 83' lang='lat' dir='ltr'><strong>Eustochium</strong></span> <span class='ocrx_word' id='word_1_603' title='bbox 2999 4008 3057 4055; x_wconf 87' lang='lat' dir='ltr'><strong>et</strong></span> <span class='ocrx_word' id='word_1_604' title='bbox 3102 4001 3267 4055; x_wconf 72' lang='lat' dir='ltr'><strong>Paula</strong></span> <span class='ocrx_word' id='word_1_605' title='bbox 3299 4000 3511 4055; x_wconf 83' lang='lat' dir='ltr'><strong>litteras</strong></span> <span class='ocrx_word' id='word_1_606' title='bbox 3552 4002 3618 4056; x_wconf 89' lang='lat' dir='ltr'><strong>ad</strong></span> <span class='ocrx_word' id='word_1_607' title='bbox 3654 4002 3739 4057; x_wconf 93' lang='lat' dir='ltr'><strong>In-</strong></span> 
     </span>
    </p>
   </div>
   <div class='ocr_carea' id='block_1_87' title="bbox 2131 4092 3738 4167">
    <p class='ocr_par' dir='ltr' id='par_1_87' title="bbox 2131 4092 3738 4167">
     <span class='ocr_line' id='line_1_87' title="bbox 2131 4092 3738 4167; baseline -0.001 -17"><span class='ocrx_word' id='word_1_608' title='bbox 2131 4097 2445 4152; x_wconf 88' lang='lat' dir='ltr'><strong>nocentium</strong></span> <span class='ocrx_word' id='word_1_609' title='bbox 2467 4096 2757 4160; x_wconf 87' lang='lat' dir='ltr'><strong>miserunt,</strong></span> <span class='ocrx_word' id='word_1_610' title='bbox 2786 4092 2981 4164; x_wconf 88' lang='lat' dir='ltr'><strong>quibus</strong></span> <span class='ocrx_word' id='word_1_611' title='bbox 3001 4094 3377 4164; x_wconf 82' lang='lat' dir='ltr'><strong>gravissimam</strong></span> <span class='ocrx_word' id='word_1_612' title='bbox 3407 4096 3738 4167; x_wconf 85' lang='lat' dir='ltr'><strong>persecutio-</strong></span> 
     </span>
    </p>
   </div>
   <div class='ocr_carea' id='block_1_88' title="bbox 2133 4187 3743 4258">
    <p class='ocr_par' dir='ltr' id='par_1_88' title="bbox 2133 4187 3743 4258">
     <span class='ocr_line' id='line_1_88' title="bbox 2133 4187 3743 4258; baseline -0.003 -9"><span class='ocrx_word' id='word_1_613' title='bbox 2133 4207 2257 4251; x_wconf 70' lang='lat' dir='ltr'><strong>nem</strong></span> <span class='ocrx_word' id='word_1_614' title='bbox 2288 4191 2392 4248; x_wconf 87' lang='lat' dir='ltr'><strong>sibi</strong></span> <span class='ocrx_word' id='word_1_615' title='bbox 2441 4190 2648 4247; x_wconf 87' lang='lat' dir='ltr'><strong>illatam</strong></span> <span class='ocrx_word' id='word_1_616' title='bbox 2696 4204 2758 4247; x_wconf 86' lang='lat' dir='ltr'><strong>ea</strong></span> <span class='ocrx_word' id='word_1_617' title='bbox 2810 4187 3076 4247; x_wconf 73' lang='lat' dir='ltr'><strong>modesua</strong></span> <span class='ocrx_word' id='word_1_618' title='bbox 3124 4188 3522 4258; x_wconf 72' lang='lat' dir='ltr'><strong>deplorabant,</strong></span> <span class='ocrx_word' id='word_1_619' title='bbox 3577 4198 3635 4245; x_wconf 90' lang='lat' dir='ltr'><strong>ut</strong></span> <span class='ocrx_word' id='word_1_620' title='bbox 3688 4200 3743 4246; x_wconf 88' lang='lat' dir='ltr'><strong>et</strong></span> 
     </span>
    </p>
   </div>
   <div class='ocr_carea' id='block_1_89' title="bbox 2134 4284 3138 4342">
    <p class='ocr_par' dir='ltr' id='par_1_89' title="bbox 2134 4284 3138 4342">
     <span class='ocr_line' id='line_1_89' title="bbox 2134 4284 3138 4342; baseline -0.002 -1"><span class='ocrx_word' id='word_1_621' title='bbox 2134 4286 2381 4342; x_wconf 78' lang='lat' dir='ltr'><strong>auctoris</strong></span> <span class='ocrx_word' id='word_1_622' title='bbox 2412 4285 2557 4340; x_wconf 78' lang='lat' dir='ltr'><strong>illius</strong></span> <span class='ocrx_word' id='word_1_623' title='bbox 2585 4298 2784 4339; x_wconf 84' lang='lat' dir='ltr'><strong>nomen</strong></span> <span class='ocrx_word' id='word_1_624' title='bbox 2816 4284 3138 4339; x_wconf 81' lang='lat' dir='ltr'><strong>reticerem.</strong></span> 
     </span>
    </p>
   </div>
   <div class='ocr_carea' id='block_1_90' title="bbox 2208 4374 3739 4446">
    <p class='ocr_par' dir='ltr' id='par_1_90' title="bbox 2208 4374 3739 4446">
     <span class='ocr_line' id='line_1_90' title="bbox 2208 4374 3739 4446; baseline -0.003 -14"><span class='ocrx_word' id='word_1_625' title='bbox 2208 4378 2294 4432; x_wconf 72' lang='grc'><strong>34.</strong></span> <span class='ocrx_word' id='word_1_626' title='bbox 2327 4376 2637 4446; x_wconf 82' lang='lat' dir='ltr'><strong>Hieronymi</strong></span> <span class='ocrx_word' id='word_1_627' title='bbox 2664 4375 2733 4428; x_wconf 84' lang='lat' dir='ltr'><strong>ad</strong></span> <span class='ocrx_word' id='word_1_628' title='bbox 2755 4375 2990 4429; x_wconf 82' lang='lat' dir='ltr'><strong>eumdem</strong></span> <span class='ocrx_word' id='word_1_629' title='bbox 3014 4374 3251 4441; x_wconf 68' lang='lat' dir='ltr'><strong>epistola.</strong></span> <span class='ocrx_word' id='word_1_630' title='bbox 3278 4404 3347 4413; x_wconf 89' lang='lat'><strong>—</strong></span> <span class='ocrx_word' id='word_1_631' title='bbox 3372 4375 3543 4427; x_wconf 64' lang='lat' dir='ltr'><strong>Aliam</strong></span> <span class='ocrx_word' id='word_1_632' title='bbox 3575 4374 3739 4429; x_wconf 89' lang='lat' dir='ltr'><strong>simul</strong></span> 
     </span>
    </p>
   </div>
   <div class='ocr_carea' id='block_1_91' title="bbox 436 4452 3740 4553">
    <p class='ocr_par' dir='ltr' id='par_1_91' title="bbox 436 4452 3740 4553">
     <span class='ocr_line' id='line_1_91' title="bbox 436 4452 3740 4553; baseline -0.002 -25"><span class='ocrx_word' id='word_1_633' title='bbox 436 4452 860 4547; x_wconf 33' lang='lat' dir='ltr'><strong>bant,vconsulit</strong></span> <span class='ocrx_word' id='word_1_634' title='bbox 892 4496 903 4532; x_wconf 91' lang='lat'><strong>:</strong></span> <span class='ocrx_word' id='word_1_635' title='bbox 938 4480 998 4535; x_wconf 70' lang='grc' dir='ltr'><strong>ιο</strong></span> <span class='ocrx_word' id='word_1_636' title='bbox 1041 4478 1108 4543; x_wconf 66' lang='grc' dir='ltr'><strong>αθ</strong></span> <span class='ocrx_word' id='word_1_637' title='bbox 1136 4495 1301 4553; x_wconf 65' lang='grc' dir='ltr'><strong>ρπβ,</strong></span> <span class='ocrx_word' id='word_1_638' title='bbox 1334 4497 1493 4553; x_wconf 69' lang='lat' dir='ltr'><strong>quam</strong></span> <span class='ocrx_word' id='word_1_639' title='bbox 1526 4484 1579 4538; x_wconf 73' lang='lat' dir='ltr'><strong>iu</strong></span> <span class='ocrx_word' id='word_1_640' title='bbox 1622 4482 1827 4553; x_wconf 71' lang='lat' dir='ltr'><strong>aliquot</strong></span> <span class='ocrx_word' id='word_1_641' title='bbox 1856 4452 2031 4541; x_wconf 66' lang='grc' dir='ltr'><strong>εεέιθ.</strong></span> <span class='ocrx_word' id='word_1_642' title='bbox 2062 4452 2113 4512; x_wconf 80' lang='grc' dir='ltr'>Ῑ)</span> <span class='ocrx_word' id='word_1_643' title='bbox 2140 4474 2359 4541; x_wconf 87' lang='lat' dir='ltr'><strong>scripsit</strong></span> <span class='ocrx_word' id='word_1_644' title='bbox 2383 4471 2745 4542; x_wconf 84' lang='lat' dir='ltr'><strong>Hieronymus</strong></span> <span class='ocrx_word' id='word_1_645' title='bbox 2768 4468 3076 4537; x_wconf 84' lang='lat' dir='ltr'><strong>epistolam,</strong></span> <span class='ocrx_word' id='word_1_646' title='bbox 3102 4468 3151 4520; x_wconf 93' lang='lat' dir='ltr'><strong>in</strong></span> <span class='ocrx_word' id='word_1_647' title='bbox 3178 4484 3279 4537; x_wconf 89' lang='lat' dir='ltr'><strong>qua</strong></span> <span class='ocrx_word' id='word_1_648' title='bbox 3313 4484 3419 4521; x_wconf 92' lang='lat' dir='ltr'><strong>non</strong></span> <span class='ocrx_word' id='word_1_649' title='bbox 3452 4468 3665 4522; x_wconf 87' lang='lat' dir='ltr'><strong>tacebat</strong></span> <span class='ocrx_word' id='word_1_650' title='bbox 3687 4468 3740 4522; x_wconf 90' lang='lat' dir='ltr'><strong>in</strong></span> 
     </span>
    </p>
   </div>
   <div class='ocr_carea' id='block_1_92' title="bbox 437 4570 2036 4647">
    <p class='ocr_par' dir='ltr' id='par_1_92' title="bbox 437 4570 2036 4647">
     <span class='ocr_line' id='line_1_92' title="bbox 437 4570 2036 4647; baseline 0.002 -22"><span class='ocrx_word' id='word_1_651' title='bbox 437 4570 531 4627; x_wconf 89' lang='lat' dir='ltr'><strong>siis</strong></span> <span class='ocrx_word' id='word_1_652' title='bbox 561 4583 687 4627; x_wconf 87' lang='lat' dir='ltr'><strong>ante</strong></span> <span class='ocrx_word' id='word_1_653' title='bbox 714 4572 963 4629; x_wconf 85' lang='lat' dir='ltr'><strong>confecta</strong></span> <span class='ocrx_word' id='word_1_654' title='bbox 993 4574 1252 4645; x_wconf 86' lang='lat' dir='ltr'><strong>mysteria</strong></span> <span class='ocrx_word' id='word_1_655' title='bbox 1283 4576 1363 4629; x_wconf 90' lang='lat' dir='ltr'><strong>vel</strong></span> <span class='ocrx_word' id='word_1_656' title='bbox 1389 4575 1597 4645; x_wconf 88' lang='lat' dir='ltr'><strong>pepuiis</strong></span> <span class='ocrx_word' id='word_1_657' title='bbox 1622 4582 1919 4647; x_wconf 83' lang='lat' dir='ltr'><strong>Imperant,</strong></span> <span class='ocrx_word' id='word_1_658' title='bbox 1954 4574 2036 4633; x_wconf 81' lang='lat' dir='ltr'><strong>vel</strong></span> 
     </span>
    </p>
   </div>
   <div class='ocr_carea' id='block_1_93' title="bbox 437 4666 2036 4741">
    <p class='ocr_par' dir='ltr' id='par_1_93' title="bbox 437 4666 2036 4741">
     <span class='ocr_line' id='line_1_93' title="bbox 437 4666 2036 4741; baseline 0.003 -22"><span class='ocrx_word' id='word_1_659' title='bbox 437 4667 537 4720; x_wconf 90' lang='lat' dir='ltr'><strong>sibi</strong></span> <span class='ocrx_word' id='word_1_660' title='bbox 570 4676 755 4723; x_wconf 90' lang='lat' dir='ltr'><strong>mutue</strong></span> <span class='ocrx_word' id='word_1_661' title='bbox 775 4666 994 4722; x_wconf 86' lang='lat' dir='ltr'><strong>tradunt</strong></span> <span class='ocrx_word' id='word_1_662' title='bbox 1014 4668 1357 4733; x_wconf 90' lang='lat' dir='ltr'><strong>sacerdotes;</strong></span> <span class='ocrx_word' id='word_1_663' title='bbox 1384 4668 1446 4721; x_wconf 64' lang='lat'><strong>’2’.&quot;</strong></span> <span class='ocrx_word' id='word_1_664' title='bbox 1466 4669 1533 4724; x_wconf 90' lang='lat' dir='ltr'><strong>de</strong></span> <span class='ocrx_word' id='word_1_665' title='bbox 1567 4670 1897 4737; x_wconf 87' lang='lat' dir='ltr'><strong>nominibus,</strong></span> <span class='ocrx_word' id='word_1_666' title='bbox 1918 4686 2036 4741; x_wconf 76' lang='lat' dir='ltr'><strong>qum</strong></span> 
     </span>
    </p>
   </div>
   <div class='ocr_carea' id='block_1_94' title="bbox 438 4761 2037 4832">
    <p class='ocr_par' dir='ltr' id='par_1_94' title="bbox 438 4761 2037 4832">
     <span class='ocr_line' id='line_1_94' title="bbox 438 4761 2037 4832; baseline 0.003 -19"><span class='ocrx_word' id='word_1_667' title='bbox 438 4769 567 4815; x_wconf 88' lang='lat' dir='ltr'><strong>ante</strong></span> <span class='ocrx_word' id='word_1_668' title='bbox 593 4775 858 4823; x_wconf 86' lang='lat' dir='ltr'><strong>eanoncm</strong></span> <span class='ocrx_word' id='word_1_669' title='bbox 888 4762 1147 4829; x_wconf 88' lang='lat' dir='ltr'><strong>recitant;</strong></span> <span class='ocrx_word' id='word_1_670' title='bbox 1180 4763 1241 4819; x_wconf 74' lang='grc' dir='ltr'><strong>5ο</strong></span> <span class='ocrx_word' id='word_1_671' title='bbox 1282 4761 1349 4819; x_wconf 89' lang='lat' dir='ltr'><strong>de</strong></span> <span class='ocrx_word' id='word_1_672' title='bbox 1393 4762 1720 4832; x_wconf 72' lang='lat' dir='ltr'><strong>infantibus,</strong></span> <span class='ocrx_word' id='word_1_673' title='bbox 1753 4780 1880 4821; x_wconf 82' lang='lat' dir='ltr'><strong>num</strong></span> <span class='ocrx_word' id='word_1_674' title='bbox 1918 4779 2037 4830; x_wconf 87' lang='lat' dir='ltr'><strong>pre-</strong></span> 
     </span>
    </p>
   </div>
   <div class='ocr_carea' id='block_1_95' title="bbox 442 4855 2039 4926">
    <p class='ocr_par' dir='ltr' id='par_1_95' title="bbox 442 4855 2039 4926">
     <span class='ocr_line' id='line_1_95' title="bbox 442 4855 2039 4926; baseline 0.003 -18"><span class='ocrx_word' id='word_1_675' title='bbox 442 4855 677 4926; x_wconf 89' lang='lat' dir='ltr'><strong>sbyteris</strong></span> <span class='ocrx_word' id='word_1_676' title='bbox 713 4870 809 4911; x_wconf 86' lang='lat' dir='ltr'><strong>eos</strong></span> <span class='ocrx_word' id='word_1_677' title='bbox 859 4856 913 4910; x_wconf 86' lang='lat' dir='ltr'><strong>in</strong></span> <span class='ocrx_word' id='word_1_678' title='bbox 943 4857 1119 4911; x_wconf 85' lang='lat' dir='ltr'><strong>fronte</strong></span> <span class='ocrx_word' id='word_1_679' title='bbox 1147 4856 1468 4925; x_wconf 79' lang='lat' dir='ltr'><strong>consignato</strong></span> <span class='ocrx_word' id='word_1_680' title='bbox 1498 4858 1689 4919; x_wconf 77' lang='lat' dir='ltr'><strong>liccat;</strong></span> <span class='ocrx_word' id='word_1_681' title='bbox 1725 4859 1786 4912; x_wconf 68' lang='grc' dir='ltr'><strong>ιε’</strong></span> <span class='ocrx_word' id='word_1_682' title='bbox 1821 4858 1888 4912; x_wconf 86' lang='lat' dir='ltr'><strong>de</strong></span> <span class='ocrx_word' id='word_1_683' title='bbox 1915 4858 2039 4912; x_wconf 87' lang='lat' dir='ltr'><strong>sab-</strong></span> 
     </span>
    </p>
   </div>
   <div class='ocr_carea' id='block_1_96' title="bbox 444 4948 2040 5019">
    <p class='ocr_par' dir='ltr' id='par_1_96' title="bbox 444 4948 2040 5019">
     <span class='ocr_line' id='line_1_96' title="bbox 444 4948 2040 5019; baseline 0.002 -17"><span class='ocrx_word' id='word_1_684' title='bbox 444 4948 817 5019; x_wconf 86' lang='lat' dir='ltr'><strong>batijejunio;</strong></span> <span class='ocrx_word' id='word_1_685' title='bbox 850 4951 911 5006; x_wconf 81' lang='lat'><strong>5°</strong></span> <span class='ocrx_word' id='word_1_686' title='bbox 946 4950 1014 5005; x_wconf 90' lang='lat' dir='ltr'><strong>de</strong></span> <span class='ocrx_word' id='word_1_687' title='bbox 1062 4953 1350 5013; x_wconf 85' lang='lat' dir='ltr'><strong>fermento,</strong></span> <span class='ocrx_word' id='word_1_688' title='bbox 1384 4966 1453 5004; x_wconf 89' lang='lat' dir='ltr'><strong>an</strong></span> <span class='ocrx_word' id='word_1_689' title='bbox 1502 4950 1588 5007; x_wconf 91' lang='lat' dir='ltr'><strong>die</strong></span> <span class='ocrx_word' id='word_1_690' title='bbox 1628 4951 1896 5005; x_wconf 90' lang='lat' dir='ltr'><strong>dominica</strong></span> <span class='ocrx_word' id='word_1_691' title='bbox 1945 4966 2040 5019; x_wconf 87' lang='lat' dir='ltr'><strong>per</strong></span> 
     </span>
    </p>
   </div>
   <div class='ocr_carea' id='block_1_97' title="bbox 444 5042 2038 5115">
    <p class='ocr_par' dir='ltr' id='par_1_97' title="bbox 444 5042 2038 5115">
     <span class='ocr_line' id='line_1_97' title="bbox 444 5042 2038 5115; baseline 0.001 -19"><span class='ocrx_word' id='word_1_692' title='bbox 444 5042 989 5114; x_wconf 70' lang='lat' dir='ltr'><strong>pareaciassingulas</strong></span> <span class='ocrx_word' id='word_1_693' title='bbox 1022 5043 1345 5097; x_wconf 83' lang='lat' dir='ltr'><strong>mittendum</strong></span> <span class='ocrx_word' id='word_1_694' title='bbox 1399 5043 1498 5108; x_wconf 92' lang='lat' dir='ltr'><strong>sit,</strong></span> <span class='ocrx_word' id='word_1_695' title='bbox 1551 5042 1823 5115; x_wconf 87' lang='lat' dir='ltr'><strong>quomodo</strong></span> <span class='ocrx_word' id='word_1_696' title='bbox 1856 5043 2038 5097; x_wconf 80' lang='lat' dir='ltr'><strong>Romae</strong></span> 
     </span>
    </p>
   </div>
   <div class='ocr_carea' id='block_1_98' title="bbox 446 5134 2043 5206">
    <p class='ocr_par' dir='ltr' id='par_1_98' title="bbox 446 5134 2043 5206">
     <span class='ocr_line' id='line_1_98' title="bbox 446 5134 2043 5206; baseline -0.001 -16"><span class='ocrx_word' id='word_1_697' title='bbox 446 5150 547 5205; x_wconf 87' lang='lat' dir='ltr'><strong>per</strong></span> <span class='ocrx_word' id='word_1_698' title='bbox 576 5134 761 5190; x_wconf 89' lang='lat' dir='ltr'><strong>titulos</strong></span> <span class='ocrx_word' id='word_1_699' title='bbox 792 5137 1057 5201; x_wconf 90' lang='lat' dir='ltr'><strong>mittitur;</strong></span> <span class='ocrx_word' id='word_1_700' title='bbox 1092 5135 1152 5190; x_wconf 79' lang='lat'><strong>6°</strong></span> <span class='ocrx_word' id='word_1_701' title='bbox 1180 5136 1248 5190; x_wconf 87' lang='lat' dir='ltr'><strong>de</strong></span> <span class='ocrx_word' id='word_1_702' title='bbox 1290 5136 1692 5205; x_wconf 84' lang='lat' dir='ltr'><strong>energnmenis,</strong></span> <span class='ocrx_word' id='word_1_703' title='bbox 1725 5152 1790 5189; x_wconf 89' lang='lat' dir='ltr'><strong>an</strong></span> <span class='ocrx_word' id='word_1_704' title='bbox 1819 5136 2043 5206; x_wconf 87' lang='lat' dir='ltr'><strong>presby-</strong></span> 
     </span>
    </p>
   </div>
   <div class='ocr_carea' id='block_1_99' title="bbox 448 5225 2037 5296">
    <p class='ocr_par' dir='ltr' id='par_1_99' title="bbox 448 5225 2037 5296">
     <span class='ocr_line' id='line_1_99' title="bbox 448 5225 2037 5296; baseline 0.001 -17"><span class='ocrx_word' id='word_1_705' title='bbox 448 5228 581 5281; x_wconf 87' lang='lat' dir='ltr'><strong>teris</strong></span> <span class='ocrx_word' id='word_1_706' title='bbox 604 5238 693 5279; x_wconf 88' lang='lat' dir='ltr'><strong>aut</strong></span> <span class='ocrx_word' id='word_1_707' title='bbox 716 5225 960 5282; x_wconf 86' lang='lat' dir='ltr'><strong>diaconis</strong></span> <span class='ocrx_word' id='word_1_708' title='bbox 988 5227 1145 5281; x_wconf 83' lang='lat' dir='ltr'><strong>liceat</strong></span> <span class='ocrx_word' id='word_1_709' title='bbox 1174 5243 1334 5295; x_wconf 84' lang='lat' dir='ltr'><strong>super</strong></span> <span class='ocrx_word' id='word_1_710' title='bbox 1360 5242 1455 5282; x_wconf 91' lang='lat' dir='ltr'><strong>eos</strong></span> <span class='ocrx_word' id='word_1_711' title='bbox 1484 5242 1699 5281; x_wconf 89' lang='lat' dir='ltr'><strong>manum</strong></span> <span class='ocrx_word' id='word_1_712' title='bbox 1730 5226 2037 5296; x_wconf 87' lang='lat' dir='ltr'><strong>imponere;</strong></span> 
     </span>
    </p>
   </div>
   <div class='ocr_carea' id='block_1_100' title="bbox 449 5316 1830 5387">
    <p class='ocr_par' dir='ltr' id='par_1_100' title="bbox 449 5316 1830 5387">
     <span class='ocr_line' id='line_1_100' title="bbox 449 5316 1830 5387; baseline 0.001 -15"><span class='ocrx_word' id='word_1_713' title='bbox 449 5316 513 5372; x_wconf 76' lang='grc' dir='ltr'><strong>’ἕο</strong></span> <span class='ocrx_word' id='word_1_714' title='bbox 541 5317 611 5374; x_wconf 72' lang='lat' dir='ltr'><strong>de</strong></span> <span class='ocrx_word' id='word_1_715' title='bbox 640 5316 1058 5385; x_wconf 59' lang='lat' dir='ltr'><strong>pertinentibus,</strong></span> <span class='ocrx_word' id='word_1_716' title='bbox 1090 5319 1306 5387; x_wconf 79' lang='lat' dir='ltr'><strong>quando</strong></span> <span class='ocrx_word' id='word_1_717' title='bbox 1338 5319 1648 5374; x_wconf 84' lang='lat' dir='ltr'><strong>absolvendi</strong></span> <span class='ocrx_word' id='word_1_718' title='bbox 1682 5329 1830 5375; x_wconf 90' lang='lat' dir='ltr'><strong>sunt.</strong></span> 
     </span>
    </p>
   </div>
   <div class='ocr_carea' id='block_1_101' title="bbox 525 5412 2048 5468">
    <p class='ocr_par' dir='ltr' id='par_1_101' title="bbox 525 5412 2048 5468">
     <span class='ocr_line' id='line_1_101' title="bbox 525 5412 2048 5468; baseline 0.001 -2"><span class='ocrx_word' id='word_1_719' title='bbox 525 5412 694 5467; x_wconf 89' lang='lat' dir='ltr'><strong>Simul</strong></span> <span class='ocrx_word' id='word_1_720' title='bbox 756 5414 916 5466; x_wconf 76' lang='lat' dir='ltr'><strong>etiam</strong></span> <span class='ocrx_word' id='word_1_721' title='bbox 967 5412 1255 5466; x_wconf 88' lang='lat' dir='ltr'><strong>Decentius</strong></span> <span class='ocrx_word' id='word_1_722' title='bbox 1298 5413 1521 5467; x_wconf 79' lang='lat' dir='ltr'><strong>alteram</strong></span> <span class='ocrx_word' id='word_1_723' title='bbox 1574 5414 1637 5466; x_wconf 88' lang='lat' dir='ltr'><strong>ad</strong></span> <span class='ocrx_word' id='word_1_724' title='bbox 1697 5412 2048 5468; x_wconf 68' lang='lat' dir='ltr'><strong>Caelestinum</strong></span> 
     </span>
    </p>
   </div>
   <div class='ocr_carea' id='block_1_102' title="bbox 459 5504 2055 5581">
    <p class='ocr_par' dir='ltr' id='par_1_102' title="bbox 459 5504 2055 5581">
     <span class='ocr_line' id='line_1_102' title="bbox 459 5504 2055 5581; baseline 0.002 -24"><span class='ocrx_word' id='word_1_725' title='bbox 459 5512 587 5558; x_wconf 89' lang='lat' dir='ltr'><strong>tunc</strong></span> <span class='ocrx_word' id='word_1_726' title='bbox 614 5504 906 5559; x_wconf 65' lang='lat' dir='ltr'><strong>diaconum</strong></span> <span class='ocrx_word' id='word_1_727' title='bbox 937 5505 1165 5559; x_wconf 90' lang='lat' dir='ltr'><strong>miserat</strong></span> <span class='ocrx_word' id='word_1_728' title='bbox 1191 5505 1504 5575; x_wconf 83' lang='lat' dir='ltr'><strong>epistolam,</strong></span> <span class='ocrx_word' id='word_1_729' title='bbox 1546 5506 1599 5557; x_wconf 92' lang='lat' dir='ltr'><strong>in</strong></span> <span class='ocrx_word' id='word_1_730' title='bbox 1635 5522 1739 5581; x_wconf 86' lang='lat' dir='ltr'><strong>qua</strong></span> <span class='ocrx_word' id='word_1_731' title='bbox 1776 5506 1876 5559; x_wconf 90' lang='lat' dir='ltr'><strong>tria</strong></span> <span class='ocrx_word' id='word_1_732' title='bbox 1917 5522 2055 5576; x_wconf 64' lang='lat' dir='ltr'><strong>przc-</strong></span> 
     </span>
    </p>
   </div>
   <div class='ocr_carea' id='block_1_103' title="bbox 452 5580 2055 5666">
    <p class='ocr_par' dir='ltr' id='par_1_103' title="bbox 452 5580 2055 5666">
     <span class='ocr_line' id='line_1_103' title="bbox 452 5580 2055 5666; baseline 0.002 -16"><span class='ocrx_word' id='word_1_733' title='bbox 452 5603 602 5651; x_wconf 77' lang='lat' dir='ltr'><strong>terea</strong></span> <span class='ocrx_word' id='word_1_734' title='bbox 658 5596 804 5651; x_wconf 72' lang='lat' dir='ltr'><strong>hunc</strong></span> <span class='ocrx_word' id='word_1_735' title='bbox 849 5594 1095 5665; x_wconf 80' lang='lat' dir='ltr'><strong>rogabat,</strong></span> <span class='ocrx_word' id='word_1_736' title='bbox 1151 5596 1325 5666; x_wconf 84' lang='lat' dir='ltr'><strong>primo</strong></span> <span class='ocrx_word' id='word_1_737' title='bbox 1379 5597 1558 5653; x_wconf 85' lang='lat' dir='ltr'><strong>soline</strong></span> <span class='ocrx_word' id='word_1_738' title='bbox 1607 5580 1936 5663; x_wconf 78' lang='lat' dir='ltr'><strong>sacerdotes,</strong></span> <span class='ocrx_word' id='word_1_739' title='bbox 1990 5614 2055 5653; x_wconf 89' lang='lat' dir='ltr'><strong>an</strong></span> 
     </span>
    </p>
   </div>
   <div class='ocr_carea' id='block_1_104' title="bbox 458 5688 2059 5762">
    <p class='ocr_par' dir='ltr' id='par_1_104' title="bbox 458 5688 2059 5762">
     <span class='ocr_line' id='line_1_104' title="bbox 458 5688 2059 5762; baseline 0.005 -21"><span class='ocrx_word' id='word_1_740' title='bbox 458 5690 639 5743; x_wconf 61' lang='lat' dir='ltr'><strong>cieteri</strong></span> <span class='ocrx_word' id='word_1_741' title='bbox 663 5689 824 5743; x_wconf 89' lang='lat' dir='ltr'><strong>etiam</strong></span> <span class='ocrx_word' id='word_1_742' title='bbox 852 5688 1147 5743; x_wconf 80' lang='lat' dir='ltr'><strong>Christiani</strong></span> <span class='ocrx_word' id='word_1_743' title='bbox 1178 5702 1505 5762; x_wconf 74' lang='lat' dir='ltr'><strong>:rgrotantes</strong></span> <span class='ocrx_word' id='word_1_744' title='bbox 1529 5700 1717 5747; x_wconf 83' lang='lat' dir='ltr'><strong>sancte</strong></span> <span class='ocrx_word' id='word_1_745' title='bbox 1752 5689 2059 5749; x_wconf 75' lang='lat' dir='ltr'><strong>chrismatis</strong></span> 
     </span>
    </p>
   </div>
   <div class='ocr_carea' id='block_1_105' title="bbox 2140 4560 3743 4637">
    <p class='ocr_par' dir='ltr' id='par_1_105' title="bbox 2140 4560 3743 4637">
     <span class='ocr_line' id='line_1_105' title="bbox 2140 4560 3743 4637; baseline -0.002 -18"><span class='ocrx_word' id='word_1_746' title='bbox 2140 4566 2412 4637; x_wconf 81' lang='lat' dir='ltr'><strong>quodnam</strong></span> <span class='ocrx_word' id='word_1_747' title='bbox 2454 4566 2755 4618; x_wconf 87' lang='lat' dir='ltr'><strong>incurrerat</strong></span> <span class='ocrx_word' id='word_1_748' title='bbox 2811 4563 2935 4621; x_wconf 59' lang='lat' dir='ltr'><strong>vitae</strong></span> <span class='ocrx_word' id='word_1_749' title='bbox 2984 4560 3313 4624; x_wconf 89' lang='lat' dir='ltr'><strong>discrimen,</strong></span> <span class='ocrx_word' id='word_1_750' title='bbox 3366 4562 3466 4615; x_wconf 87' lang='lat' dir='ltr'><strong>nisi</strong></span> <span class='ocrx_word' id='word_1_751' title='bbox 3523 4577 3641 4616; x_wconf 82' lang='lat' dir='ltr'><strong>eam</strong></span> <span class='ocrx_word' id='word_1_752' title='bbox 3672 4563 3743 4616; x_wconf 90' lang='lat' dir='ltr'><strong>ab</strong></span> 
     </span>
    </p>
   </div>
   <div class='ocr_carea' id='block_1_106' title="bbox 2141 4654 3746 4732">
    <p class='ocr_par' dir='ltr' id='par_1_106' title="bbox 2141 4654 3746 4732">
     <span class='ocr_line' id='line_1_106' title="bbox 2141 4654 3746 4732; baseline -0.006 -17"><span class='ocrx_word' id='word_1_753' title='bbox 2141 4660 2428 4732; x_wconf 91' lang='lat' dir='ltr'><strong>impiorum</strong></span> <span class='ocrx_word' id='word_1_754' title='bbox 2462 4658 2663 4727; x_wconf 90' lang='lat' dir='ltr'><strong>impetu</strong></span> <span class='ocrx_word' id='word_1_755' title='bbox 2691 4656 2854 4710; x_wconf 87' lang='lat' dir='ltr'><strong>turris</strong></span> <span class='ocrx_word' id='word_1_756' title='bbox 2886 4654 3196 4715; x_wconf 82' lang='lat' dir='ltr'><strong>munitioris</strong></span> <span class='ocrx_word' id='word_1_757' title='bbox 3228 4655 3485 4723; x_wconf 61' lang='lat' dir='ltr'><strong>praesidio</strong></span> <span class='ocrx_word' id='word_1_758' title='bbox 3530 4671 3746 4710; x_wconf 88' lang='lat' dir='ltr'><strong>servas-</strong></span> 
     </span>
    </p>
   </div>
   <div class='ocr_carea' id='block_1_107' title="bbox 2140 4748 3747 4823">
    <p class='ocr_par' dir='ltr' id='par_1_107' title="bbox 2140 4748 3747 4823">
     <span class='ocr_line' id='line_1_107' title="bbox 2140 4748 3747 4823; baseline -0.01 -16"><span class='ocrx_word' id='word_1_759' title='bbox 2140 4763 2244 4807; x_wconf 88' lang='lat' dir='ltr'><strong>set.</strong></span> <span class='ocrx_word' id='word_1_760' title='bbox 2280 4752 2462 4821; x_wconf 88' lang='lat' dir='ltr'><strong>anue</strong></span> <span class='ocrx_word' id='word_1_761' title='bbox 2491 4749 2781 4809; x_wconf 81' lang='lat' dir='ltr'><strong>occasionc</strong></span> <span class='ocrx_word' id='word_1_762' title='bbox 2809 4748 2950 4821; x_wconf 85' lang='lat' dir='ltr'><strong>quod</strong></span> <span class='ocrx_word' id='word_1_763' title='bbox 2994 4748 3176 4803; x_wconf 78' lang='lat' dir='ltr'><strong>animo</strong></span> <span class='ocrx_word' id='word_1_764' title='bbox 3209 4757 3540 4823; x_wconf 80' lang='lat' dir='ltr'><strong>conceperat</strong></span> <span class='ocrx_word' id='word_1_765' title='bbox 3575 4749 3747 4803; x_wconf 74' lang='grc' dir='ltr'><strong>Αυιιρ-</strong></span> 
     </span>
    </p>
   </div>
   <div class='ocr_carea' id='block_1_108' title="bbox 2143 4836 3745 4911">
    <p class='ocr_par' dir='ltr' id='par_1_108' title="bbox 2143 4836 3745 4911">
     <span class='ocr_line' id='line_1_108' title="bbox 2143 4836 3745 4911; baseline 0 -15"><span class='ocrx_word' id='word_1_766' title='bbox 2143 4843 2248 4897; x_wconf 90' lang='lat' dir='ltr'><strong>lius</strong></span> <span class='ocrx_word' id='word_1_767' title='bbox 2278 4843 2571 4911; x_wconf 79' lang='lat' dir='ltr'><strong>episcopus</strong></span> <span class='ocrx_word' id='word_1_768' title='bbox 2604 4838 2904 4894; x_wconf 71' lang='lat' dir='ltr'><strong>Innocentii</strong></span> <span class='ocrx_word' id='word_1_769' title='bbox 2941 4836 3209 4897; x_wconf 89' lang='lat' dir='ltr'><strong>invisendi</strong></span> <span class='ocrx_word' id='word_1_770' title='bbox 3261 4838 3504 4892; x_wconf 86' lang='lat' dir='ltr'><strong>studium</strong></span> <span class='ocrx_word' id='word_1_771' title='bbox 3557 4848 3745 4896; x_wconf 90' lang='lat' dir='ltr'><strong>notum</strong></span> 
     </span>
    </p>
   </div>
   <div class='ocr_carea' id='block_1_109' title="bbox 2145 4934 2486 4990">
    <p class='ocr_par' dir='ltr' id='par_1_109' title="bbox 2145 4934 2486 4990">
     <span class='ocr_line' id='line_1_109' title="bbox 2145 4934 2486 4990; baseline -0.012 0"><span class='ocrx_word' id='word_1_772' title='bbox 2145 4936 2194 4990; x_wconf 90' lang='lat' dir='ltr'><strong>ei</strong></span> <span class='ocrx_word' id='word_1_773' title='bbox 2233 4934 2486 4988; x_wconf 86' lang='lat' dir='ltr'><strong>faciebat.</strong></span> 
     </span>
    </p>
   </div>
   <div class='ocr_carea' id='block_1_110' title="bbox 2215 5020 3745 5093">
    <p class='ocr_par' dir='ltr' id='par_1_110' title="bbox 2215 5020 3745 5093">
     <span class='ocr_line' id='line_1_110' title="bbox 2215 5020 3745 5093; baseline -0.005 -12"><span class='ocrx_word' id='word_1_774' title='bbox 2215 5026 2303 5081; x_wconf 75' lang='lat'><strong>55.</strong></span> <span class='ocrx_word' id='word_1_775' title='bbox 2361 5023 2566 5079; x_wconf 84' lang='lat' dir='ltr'><strong>Incerto</strong></span> <span class='ocrx_word' id='word_1_776' title='bbox 2631 5034 2858 5093; x_wconf 86' lang='lat' dir='ltr'><strong>tempore</strong></span> <span class='ocrx_word' id='word_1_777' title='bbox 2910 5020 3063 5076; x_wconf 71' lang='lat' dir='ltr'><strong>Felix</strong></span> <span class='ocrx_word' id='word_1_778' title='bbox 3121 5020 3322 5077; x_wconf 84' lang='lat' dir='ltr'><strong>Nucer.</strong></span> <span class='ocrx_word' id='word_1_779' title='bbox 3384 5022 3745 5078; x_wconf 82' lang='lat' dir='ltr'><strong>Innocentium</strong></span> 
     </span>
    </p>
   </div>
   <div class='ocr_carea' id='block_1_111' title="bbox 2144 5117 3747 5188">
    <p class='ocr_par' dir='ltr' id='par_1_111' title="bbox 2144 5117 3747 5188">
     <span class='ocr_line' id='line_1_111' title="bbox 2144 5117 3747 5188; baseline -0.002 -12"><span class='ocrx_word' id='word_1_780' title='bbox 2144 5120 2391 5176; x_wconf 83' lang='lat' dir='ltr'><strong>consulit.</strong></span> <span class='ocrx_word' id='word_1_781' title='bbox 2426 5150 2497 5159; x_wconf 93' lang='lat'><strong><em>—</em></strong></span> <span class='ocrx_word' id='word_1_782' title='bbox 2519 5118 2668 5173; x_wconf 76' lang='lat' dir='ltr'><strong>Felix</strong></span> <span class='ocrx_word' id='word_1_783' title='bbox 2699 5118 2989 5188; x_wconf 82' lang='lat' dir='ltr'><strong>episcopus</strong></span> <span class='ocrx_word' id='word_1_784' title='bbox 3019 5117 3360 5182; x_wconf 86' lang='lat' dir='ltr'><strong>Nucerinus,</strong></span> <span class='ocrx_word' id='word_1_785' title='bbox 3395 5120 3628 5188; x_wconf 87' lang='lat' dir='ltr'><strong>epistola</strong></span> <span class='ocrx_word' id='word_1_786' title='bbox 3681 5121 3747 5173; x_wconf 89' lang='lat' dir='ltr'><strong>ad</strong></span> 
     </span>
    </p>
   </div>
   <div class='ocr_carea' id='block_1_112' title="bbox 2146 5212 3755 5282">
    <p class='ocr_par' dir='ltr' id='par_1_112' title="bbox 2146 5212 3755 5282">
     <span class='ocr_line' id='line_1_112' title="bbox 2146 5212 3755 5282; baseline -0.004 -10"><span class='ocrx_word' id='word_1_787' title='bbox 2146 5214 2519 5272; x_wconf 86' lang='lat' dir='ltr'><strong>Innocentium</strong></span> <span class='ocrx_word' id='word_1_788' title='bbox 2551 5214 2751 5282; x_wconf 86' lang='lat' dir='ltr'><strong>scripta</strong></span> <span class='ocrx_word' id='word_1_789' title='bbox 2787 5213 3106 5277; x_wconf 87' lang='lat' dir='ltr'><strong>testabatur,</strong></span> <span class='ocrx_word' id='word_1_790' title='bbox 3134 5212 3401 5281; x_wconf 86' lang='lat' dir='ltr'><strong>majorum</strong></span> <span class='ocrx_word' id='word_1_791' title='bbox 3426 5227 3483 5265; x_wconf 91' lang='lat' dir='ltr'><strong>se</strong></span> <span class='ocrx_word' id='word_1_792' title='bbox 3507 5212 3755 5266; x_wconf 87' lang='lat' dir='ltr'><strong>instituta</strong></span> 
     </span>
    </p>
   </div>
   <div class='ocr_carea' id='block_1_113' title="bbox 2154 5304 3760 5384">
    <p class='ocr_par' dir='ltr' id='par_1_113' title="bbox 2154 5304 3760 5384">
     <span class='ocr_line' id='line_1_113' title="bbox 2154 5304 3760 5384; baseline -0.007 -16"><span class='ocrx_word' id='word_1_793' title='bbox 2154 5320 2495 5384; x_wconf 86' lang='lat' dir='ltr'><strong>sequentem,</strong></span> <span class='ocrx_word' id='word_1_794' title='bbox 2529 5309 2709 5365; x_wconf 87' lang='lat' dir='ltr'><strong>omnia</strong></span> <span class='ocrx_word' id='word_1_795' title='bbox 2754 5325 2873 5378; x_wconf 71' lang='lat' dir='ltr'><strong>qum</strong></span> <span class='ocrx_word' id='word_1_796' title='bbox 2904 5307 3137 5376; x_wconf 88' lang='lat' dir='ltr'><strong>aliquam</strong></span> <span class='ocrx_word' id='word_1_797' title='bbox 3171 5307 3515 5381; x_wconf 75' lang='lat' dir='ltr'><strong>susciperent</strong></span> <span class='ocrx_word' id='word_1_798' title='bbox 3542 5304 3760 5357; x_wconf 88' lang='lat' dir='ltr'><strong>dubita-</strong></span> 
     </span>
    </p>
   </div>
   <div class='ocr_carea' id='block_1_114' title="bbox 2160 5399 3757 5475">
    <p class='ocr_par' dir='ltr' id='par_1_114' title="bbox 2160 5399 3757 5475">
     <span class='ocr_line' id='line_1_114' title="bbox 2160 5399 3757 5475; baseline -0.007 -11"><span class='ocrx_word' id='word_1_799' title='bbox 2160 5411 2360 5464; x_wconf 89' lang='lat' dir='ltr'><strong>tionem</strong></span> <span class='ocrx_word' id='word_1_800' title='bbox 2392 5407 2456 5461; x_wconf 89' lang='lat' dir='ltr'><strong>ad</strong></span> <span class='ocrx_word' id='word_1_801' title='bbox 2487 5408 2661 5475; x_wconf 85' lang='lat' dir='ltr'><strong>ipsum</strong></span> <span class='ocrx_word' id='word_1_802' title='bbox 2691 5406 2840 5458; x_wconf 84' lang='lat' dir='ltr'><strong>velut</strong></span> <span class='ocrx_word' id='word_1_803' title='bbox 2870 5402 2935 5463; x_wconf 83' lang='lat' dir='ltr'><strong>ad</strong></span> <span class='ocrx_word' id='word_1_804' title='bbox 2978 5413 3139 5469; x_wconf 83' lang='lat' dir='ltr'><strong>caput</strong></span> <span class='ocrx_word' id='word_1_805' title='bbox 3168 5412 3330 5467; x_wconf 76' lang='lat' dir='ltr'><strong>atque</strong></span> <span class='ocrx_word' id='word_1_806' title='bbox 3378 5399 3587 5469; x_wconf 86' lang='lat' dir='ltr'><strong>apicem</strong></span> <span class='ocrx_word' id='word_1_807' title='bbox 3638 5400 3757 5469; x_wconf 87' lang='lat' dir='ltr'><strong>epl-</strong></span> 
     </span>
    </p>
   </div>
   <div class='ocr_carea' id='block_1_115' title="bbox 2162 5492 3763 5571">
    <p class='ocr_par' dir='ltr' id='par_1_115' title="bbox 2162 5492 3763 5571">
     <span class='ocr_line' id='line_1_115' title="bbox 2162 5492 3763 5571; baseline -0.006 -16"><span class='ocrx_word' id='word_1_808' title='bbox 2162 5511 2416 5571; x_wconf 83' lang='lat' dir='ltr'><strong>scopatus</strong></span> <span class='ocrx_word' id='word_1_809' title='bbox 2446 5503 2671 5562; x_wconf 68' lang='lat' dir='ltr'><strong>referre,</strong></span> <span class='ocrx_word' id='word_1_810' title='bbox 2707 5507 2763 5550; x_wconf 89' lang='lat' dir='ltr'><strong>ttt</strong></span> <span class='ocrx_word' id='word_1_811' title='bbox 2793 5495 2921 5565; x_wconf 89' lang='lat' dir='ltr'><strong>quid</strong></span> <span class='ocrx_word' id='word_1_812' title='bbox 2953 5494 3057 5549; x_wconf 88' lang='lat' dir='ltr'><strong>sibi</strong></span> <span class='ocrx_word' id='word_1_813' title='bbox 3083 5504 3232 5549; x_wconf 84' lang='lat' dir='ltr'><strong>esset</strong></span> <span class='ocrx_word' id='word_1_814' title='bbox 3274 5492 3578 5548; x_wconf 81' lang='lat' dir='ltr'><strong>faciendum</strong></span> <span class='ocrx_word' id='word_1_815' title='bbox 3607 5494 3674 5547; x_wconf 89' lang='lat' dir='ltr'><strong>ab</strong></span> <span class='ocrx_word' id='word_1_816' title='bbox 3696 5510 3763 5548; x_wconf 86' lang='lat' dir='ltr'><strong>eo</strong></span> 
     </span>
    </p>
   </div>
   <div class='ocr_carea' id='block_1_116' title="bbox 2166 5586 3769 5659">
    <p class='ocr_par' dir='ltr' id='par_1_116' title="bbox 2166 5586 3769 5659">
     <span class='ocr_line' id='line_1_116' title="bbox 2166 5586 3769 5659; baseline -0.006 -12"><span class='ocrx_word' id='word_1_817' title='bbox 2166 5594 2425 5649; x_wconf 85' lang='lat' dir='ltr'><strong>disceret.</strong></span> <span class='ocrx_word' id='word_1_818' title='bbox 2458 5593 2594 5647; x_wconf 70' lang='lat' dir='ltr'><strong>Sese</strong></span> <span class='ocrx_word' id='word_1_819' title='bbox 2627 5589 2841 5659; x_wconf 81' lang='lat' dir='ltr'><strong>quidem</strong></span> <span class='ocrx_word' id='word_1_820' title='bbox 2875 5587 2969 5641; x_wconf 83' lang='lat' dir='ltr'><strong>Dei</strong></span> <span class='ocrx_word' id='word_1_821' title='bbox 2995 5587 3256 5642; x_wconf 83' lang='lat' dir='ltr'><strong>ecclesias</strong></span> <span class='ocrx_word' id='word_1_822' title='bbox 3297 5586 3378 5639; x_wconf 84' lang='lat' dir='ltr'><strong>vel</strong></span> <span class='ocrx_word' id='word_1_823' title='bbox 3426 5602 3595 5644; x_wconf 82' lang='lat' dir='ltr'><strong>novas</strong></span> <span class='ocrx_word' id='word_1_824' title='bbox 3635 5605 3769 5643; x_wconf 82' lang='lat' dir='ltr'><strong>con-</strong></span> 
     </span>
    </p>
   </div>
   <div class='ocr_carea' id='block_1_117' title="bbox 2169 5676 3779 5751">
    <p class='ocr_par' dir='ltr' id='par_1_117' title="bbox 2169 5676 3779 5751">
     <span class='ocr_line' id='line_1_117' title="bbox 2169 5676 3779 5751; baseline -0.006 -10"><span class='ocrx_word' id='word_1_825' title='bbox 2169 5686 2455 5749; x_wconf 70' lang='lat' dir='ltr'><strong>struxisse,</strong></span> <span class='ocrx_word' id='word_1_826' title='bbox 2486 5684 2571 5738; x_wconf 82' lang='lat' dir='ltr'><strong>vel</strong></span> <span class='ocrx_word' id='word_1_827' title='bbox 2601 5682 2781 5751; x_wconf 84' lang='lat' dir='ltr'><strong>lapsas</strong></span> <span class='ocrx_word' id='word_1_828' title='bbox 2832 5690 3153 5747; x_wconf 78' lang='lat' dir='ltr'><strong>reparasse;</strong></span> <span class='ocrx_word' id='word_1_829' title='bbox 3194 5676 3287 5729; x_wconf 87' lang='lat' dir='ltr'><strong>sed</strong></span> <span class='ocrx_word' id='word_1_830' title='bbox 3337 5678 3571 5735; x_wconf 84' lang='lat' dir='ltr'><strong>clericos</strong></span> <span class='ocrx_word' id='word_1_831' title='bbox 3593 5721 3607 5749; x_wconf 88' lang='lat'><strong>,</strong></span> <span class='ocrx_word' id='word_1_832' title='bbox 3636 5688 3779 5751; x_wconf 80' lang='lat' dir='ltr'><strong>quos</strong></span> 
     </span>
    </p>
   </div>
  </div>
