4190 6190
523 248 633 305 635

1289 247 1646 307 APPENDIX
1690 248 1779 304 AI)
1821 245 2207 307 EPISTOLAS
2246 248 2303 305 S.
2347 245 2741 306 INNOCENTII
2780 246 2801 305 I
2840 244 3071 314 ΡᾹΡᾸΕ.

3350 214 3371 215 η
3398 214 3543 225 ...ν-υνυν

3730 242 3833 302 6ἳᾶ

521 363 578 416 in
602 360 711 415 illis
735 361 1119 428 constitueret,
1152 362 1257 417 sibi
1280 362 1494 428 deesse,
1515 362 1728 433 aliquos
1746 377 1878 417 vero
1900 362 1981 416 vel
2011 378 2132 417 mu-
2162 364 2209 423 A
2241 361 2609 417 Florentiuum
2641 363 2957 433 episcopum
2988 358 3334 417 Tiburtinum
3362 370 3422 415 se
3453 353 3625 413 inscio
3651 356 3833 413 divina

525 452 655 506 tiIos
683 453 765 505 vel
799 451 1041 521 digamos
1076 460 1277 520 przesto
1329 468 1451 507 esse
1501 452 1858 522 signiﬁcabat.
1909 452 2131 507 Demum

527 558 792 613 quosnam
814 558 877 595 ex
902 542 1054 596 Iaicis
1078 542 1317 596 ordinari
1343 557 1583 597 canones
1612 542 1987 612 prohiberent,
2004 541 2132 596 edo-

520 637 631 690 ceri
659 635 952 705 llagitabat.
987 635 1386 691 Consultationi
1431 637 1547 707 ejus
1573 636 1839 692 satisiacit
1869 637 2131 693 Innocen-

519 729 647 793 tius,
677 730 837 797 epist.
876 729 965 783 57.

590 820 680 876 '56.
738 820 969 877 Libellus
1015 833 1197 877 contra
1246 824 1571 896 presbyteros
1624 825 2015 879 incontinentes.
2057 855 2130 864 --

517 912 937 981 IlIaximilianus,
968 931 1135 985 agens
1169 918 1219 970 in
1270 918 1434 972 rebus
1482 934 1580 987 per
1613 918 1847 983 Brutios,
1880 918 2123 973 libellum

512 1005 580 1060 ad
613 1006 987 1062 Innocentium
1036 1010 1181 1063 misit
1210 1009 1473 1064 adversus
1513 1010 1776 1080 quosdam
1811 1010 1971 1079 hujus
2004 1026 2126 1080 pro-

512 1100 707 1155 vinciae
762 1102 1136 1173 presbyteros,
1172 1119 1310 1172 quos
1344 1104 1395 1157 iu
1430 1105 1775 1175 presbyterio
1823 1105 1961 1158 lilios
2003 1120 2126 1174 pro-

510 1204 730 1249 creasse
778 1196 1130 1264 querebatur.
1182 1194 1341 1251 Unde
1406 1196 1704 1252 Innocentii
1756 1196 2002 1265 epistola:
2054 1196 2124 1251 58

512 1284 641 1340 data
686 1288 925 1342 occasio.

586 1379 675 1434 57.
727 1378 960 1433 Libellus
1002 1389 1185 1433 contra
1235 1380 1536 1435 Modestum
1567 1398 1629 1435 ex
1661 1382 1933 1451 pwnitentc
1973 1381 2125 1436 cleri-

512 1492 631 1529 cum
678 1479 897 1546 fuctum.
926 1475 1283 1530 ——Libellum
1330 1477 1562 1530 alterum
1614 1477 1714 1531 sibi
1774 1476 2124 1531 Innocentius

510 1569 769 1624 traditum
796 1582 1060 1624 memorat
1090 1567 1285 1639 (Epist.
1311 1569 1427 1641 '59),
1457 1570 1550 1623 sed
1574 1570 1715 1624 unde
1742 1570 2020 1637 acceperit
2050 1571 2123 1624 si-

509 1663 607 1730 let,
641 1679 749 1734 quo
778 1662 1074 1717 Modestum
1096 1664 1384 1733 quemdam
1406 1663 1590 1716 multis
1618 1663 1941 1717 criminibus
1971 1664 2122 1717 invoo

2236 456 2492 525 mysteria
2520 456 2836 512 celebrasse
2864 456 3266 524 expostulabat.

2305 550 2391 605 39.
2441 551 2726 606 Postremo
2769 550 3154 605 desiderantur
3209 547 3489 603 Laurentii
3552 544 3833 602 Seniensis

2230 644 2471 712 episc0pi
2496 643 2563 697 ad
2590 643 2963 697 Innocentium
2992 642 3191 697 litterae
3211 682 3226 706 ,
3261 641 3455 710 quibus
3481 638 3696 693 Photini
3741 652 3833 692 se-

2231 745 2472 789 ctatores
2502 735 2554 789 in
2581 736 2858 790 territorio
2890 750 2988 788 suo
3013 734 3222 789 versari
3242 776 3255 795 .
3288 742 3342 788 et
3366 732 3578 803 publice
3608 732 3662 785 in
3702 745 3836 801 quo-

2231 827 2477 881 rumdam
2506 828 2950 898 possessionibus
2976 827 3080 882 sibi
3112 826 3492 882 conventicula
3524 841 3835 897 praeparare

2232 920 2531 974 nunﬁabaL

2300 1010 2388 1065 40.
2416 1010 2685 1068 Praeterea
2719 1012 2763 1067 si
2789 1011 3087 1082 pontiﬁcali
3113 1010 3521 1067 Iibrobabenda
3551 1010 3713 1076 ﬁdes,
3748 1011 3835 1067 In-

2230 1104 2514 1159 nocentius
2542 1124 2559 1155 ‹
2585 1105 2942 1160 constitutum
2972 1105 3104 1161 fecit
3133 1105 3201 1159 de
3226 1105 3373 1159 omni
3403 1104 3665 1170 Ecclesia,
3686 1112 3741 1158 et
3765 1103 3836 1159 de

2230 1197 2431 1266 regulis
2452 1198 2932 1259 monasteriorum.
2966 1198 3108 1253 etde
3136 1197 3343 1253 Iudicis
3373 1206 3428 1253 et
3448 1197 3516 1252 de
3542 1197 3829 1268 Paganis.»

2298 1287 2388 1343 41.
2422 1288 2672 1358 Epistula:
2718 1292 3081 1362 supposititiaz.
3114 1320 3187 1331 —
3216 1290 3361 1344 Inter
3394 1300 3472 1344 tot
3493 1290 3665 1345 sancti
3691 1305 3833 1359 prac-

2226 1382 2360 1436 sulis
2387 1382 2625 1453 genuina
2650 1385 2849 1453 scripta
2871 1426 2885 1447 ,
2930 1383 3091 1437 etiam
3125 1383 3489 1438 adulterinum
3519 1380 3719 1452 ingenii
3749 1381 3835 1437 sui

2229 1486 2441 1544 partum
2464 1476 2793 1543 immiscere,
2819 1492 2883 1531 ac
2902 1484 3053 1531 tanto
3072 1476 3278 1530 nomini
3304 1491 3613 1545 supponere
3631 1488 3838 1546 nequa-

2227 1583 2388 1637 quam
2413 1568 2621 1624 veritus
2657 1578 2744 1624 est
2778 1567 3020 1623 Isidorus
3061 1569 3351 1623 Mercator.
3384 1566 3492 1623 Sed
3539 1566 3839 1638 suppositi-

2230 1657 2359 1711 liam
2392 1659 2538 1712 illam
2564 1660 2880 1729 epistolam,
2910 1676 3034 1729 qua:
3064 1659 3290 1714 Aurelio
3322 1659 3605 1728 inscripta,
3637 1659 3691 1713 in
3718 1656 3839 1713 edi-

502 1757 700 1823 Iutum,
742 1758 811 1811 ob
842 1774 963 1827 qua:
993 1758 1371 1827 pcenitentiam
1401 1766 1625 1825 egerat,
1670 1757 1722 1810 in
1757 1758 1952 1818 Apulia
2008 1773 2115 1811 non
2149 1753 2197 1811 B
2227 1753 2373 1807 tione
2394 1753 2753 1807 conciliorum
2804 1752 2871 1806 12
2898 1763 3042 1815 erat.
3076 1754 3285 1821 parenti
3336 1767 3438 1807 suo
3486 1754 3538 1807 in
3570 1761 3721 1807 tomo
3750 1766 3840 1807 se-

503 1850 667 1906 modo
690 1851 948 1905 clericum
972 1851 1251 1917 eﬂectum,
1303 1850 1398 1905 sed
1437 1858 1493 1904 et
1523 1849 1589 1903 ad
1632 1851 1979 1919 episcopatus
2002 1850 2116 1919 api-

502 1959 622 1999 cem
668 1943 891 1997 tcndcre
920 1944 1365 1997 denuntiabatur.

574 2038 665 2092 58.
698 2036 927 2089 Libellus
958 2046 1139 2089 contra
1186 2038 1486 2107 episcopum
1523 2038 1611 2104 qui
1652 2037 1827 2089 divina
1873 2037 2121 2105 mysteria

502 2127 556 2181 in
582 2126 753 2181 aliena
785 2128 1011 2196 partecia
1034 2127 1336 2181 celebraral.
1367 2127 1605 2181 —Alius
1633 2128 1813 2182 eidem
1845 2143 1995 2197 papa:
2025 2128 2121 2180 da-

504 2231 592 2275 tus
621 2230 706 2275 est
736 2220 954 2274 libellus
991 2218 1187 2291 (Epist.
1230 2220 1349 2292 40),
1384 2236 1491 2291 quo
1539 2220 1713 2276 Ursus
1745 2222 2033 2291 episcopus
2066 2220 2119 2274 in

499 2314 738 2383 parmcia
789 2312 1129 2368 Nomentana
1169 2312 1235 2367 ad
1292 2312 1573 2368 dioecesim
1615 2328 1768 2367 suam
1802 2313 2116 2382 pertinente

526 2581 1080 2665 DECRETA
1158 2581 1326 2663 EX
1405 2577 1989 2661 EPISTOLIS
2064 2581 2151 2661 S.

2225 1846 2415 1913 queuti
2468 1845 2779 1901 reddemus.
2834 1845 3003 1914 l‘lujus
3050 1856 3230 1900 autem
3285 1846 3417 1900 tomi
3457 1843 3758 1914 appendix,
3789 1844 3837 1899 si

2226 1947 2404 1992 tomus
2431 1937 2689 2006 patiatur,
2718 1947 2952 2006 quatuor
2996 1936 3133 1991 alias
3166 1938 3351 2001 falsas,
3375 1937 3508 1993 duas
3532 1936 3836 1992 Innocentii

2225 2030 2293 2084 ad
2341 2030 2629 2085 Arcadium
2675 2030 2993 2095 scribentis,
3046 2039 3101 2084 et
3149 2030 3284 2085 alias
3328 2030 3463 2085 duas
3504 2029 3721 2086 Arcadii
3765 2029 3834 2084 ad

2224 2126 2603 2181 Innocentium
2622 2125 2975 2182 rescribentis
2997 2126 3307 2182 nominibus
3331 2125 3615 2197 insignitas
3633 2140 3836 2197 reprae-

2225 2216 2482 2272 seutabit.

2236 2572 2931 2663 INNOCENTII
3006 2580 3045 2659 Ι
3121 2569 3794 2663 EXCERPTA.

1734 2733 1889 2800 ‘(ColL
1914 2736 2100 2787 Concil.
2126 2735 2278 2786 Mansi
2308 2743 2426 2787 tom.
2453 2734 2566 2795 III.)

562 3031 617 3092 In
646 3042 853 3090 vetusta
882 3031 1213 3089 collectione
1244 3028 1335 3082 illa
1395 3026 1651 3093 Lucensi,
1712 3027 1781 3081 de
1825 3042 1931 3092 qua
1994 3044 2098 3083 non
2130 3029 2174 3089 C

494 3108 665 3162 semel
697 3107 805 3175 egi,
857 3107 909 3158 in
940 3104 1180 3175 epitome
1233 3100 1599 3175 plurimorum
1647 3098 2007 3175 conciliorum
2048 3107 2103 3153 et

492 3170 849 3233 deeretalium
880 3172 1240 3241 quarumdam
1261 3170 1493 3241 epistola
1505 3184 1623 3222 rum
1648 3170 2105 3241 occurrit_excer-

499 3262 644 3318 ptum
672 3250 734 3300 de
758 3238 994 3314 Epistula
1014 3242 1309 3318 Innocentii
1326 3239 1503 3318 Papa:
1528 3256 1589 3293 ea:
1612 3241 1830 3292 concilio
1857 3238 2100 3307 Nicazno,

494 3313 656 3389 quam
704 3313 995 3389 epistolam
1050 3313 1358 3367 Innocentii
1392 3313 1407 3363 I
1443 3326 1595 3389 papa:
1628 3326 1753 3389 esse
1780 3326 1941 3364 nemo
1975 3328 2101 3389 pru-

494 3380 629 3444 riens
667 3380 1020 3449 dubitaverit,
1053 3398 1179 3438 cum
1217 3397 1434 3435 omnem
1487 3385 1654 3435 alium
1716 3380 2099 3436 Innocentium

492 3459 799 3527 pontiﬁcem
828 3466 1049 3527 superet
1078 3453 1287 3508 codicis
1317 3453 1479 3519 bujus
1519 3462 1649 3527 aetas
1685 3466 1959 3527 annorum
1983 3454 2102 3527 sal-

489 3524 599 3587 tem
630 3524 1051 3593 nongentarum.
1104 3528 1367 3590 Qu.enam
1394 3539 1527 3577 vero
1569 3524 1641 3576 sit
1688 3524 1923 3591 epistola
1981 3526 2099 3580 hmo

488 3599 817 3663 Innocentii,
849 3614 958 3668 quo
991 3614 1056 3651 ex
1080 3594 1273 3651 codice
1328 3595 1623 3668 descripta,
1653 3610 1720 3648 an
1764 3595 2094 3665 singularem

487 3672 775 3741 epistolam
810 3665 881 3724 de
910 3669 1149 3724 Niczenis
1181 3666 1487 3741 canouibus
1518 3665 2098 3741 Inmiceutiusudede-

485 3738 578 3810 rit,
612 3744 695 3797 vel
729 3742 851 3797 illos
876 3742 1001 3794 data
1037 3741 1335 3794 occasione
1389 3738 1441 3791 in
1474 3739 1642 3810 variis
1697 3738 1946 3810 epistolis
1980 3739 2095 3792 suis

484 3808 774 3870 adduxerit
802 3820 856 3867 et
890 3811 1270 3873 inculcsverit,
1298 3824 1437 3878 quos
1482 3808 1608 3862 dein
1634 3809 1892 3876 epitomis
1928 3810 2091 3875 bujus

487 3900 681 3941 auctor
730 3888 782 3938 in
834 3899 996 3937 unam
1054 3897 1328 3935 canonum
1381 3880 1584 3933 seriem
1643 3880 2090 3946 continuaverit,

489 3964 648 4026 plane
679 3956 891 4026 ignoro.
944 3956 1287 4026 Quamquam
1336 3966 1467 4005 vero
1500 3949 1646 4026 nihil
1668 3950 1906 4026 novi_bis
1937 3950 2095 4005 exhi-

488 4022 669 4091 betur,
692 4022 847 4093 j'uvat
879 4023 1598 4093 tamenqualecumqueest
1636 4022 1740 4074 boc
1780 4022 1934 4093 dare,
1968 4037 2092 4075 cum

488 4092 862 4151 vetustissima
891 4094 1010 4148 haec
1036 4096 1109 4148 sit
1154 4107 1429 4147 canonum
1487 4092 1836 4146 Nimenorum
1896 4092 2088 4146 Latina

490 4168 684 4223 editio.
742 4166 874 4231 Qua:
930 4165 1076 4219 enim
1133 4163 1449 4232 Dionysium
1486 4163 1752 4232 Exiguum
1802 4175 2087 4218 auctorem

491 4238 733 4308 praefert,
761 4237 949 4308 utique
976 4233 1246 4308 posterior
1271 4242 1355 4285 est
1386 4232 1703 4308 Innocentio
1737 4232 1778 4288 Ι.
1803 4233 1937 4301 Qua:
1961 4250 2089 4289 vero

484 4303 541 4364 in
572 4303 896 4362 collectione
926 4305 1119 4359 Isidori
1145 4303 1464 4357 Mercatoris
1497 4303 1796 4372 profertur,
1841 4321 1907 4358 an
1935 4318 2089 4360 vetu-

489 4381 625 4475 stior
676 4378 774 4475 sitl
805 4379 923 4431 sive
956 4376 1274 4475 .rleeentior,
1309 4374 1549 4475 nqndum
1605 4386 1689 4429 est
1719 4377 2084 4475 exploratum.
2120 4414 2173 4475 D

490 4456 622 4517 Qum
651 4448 866 4503 tandem
890 4456 975 4501 est
999 4445 1202 4509 Ruﬁni,
1227 4445 1478 4515 ejusdem
1506 4447 1621 4501 fere
1650 4446 1991 4518 antiquitatis
2008 4457 2095 4505 est

495 4538 620 4577 cum
651 4518 992 4576 Innocentio.

494 4640 580 4694 DE
624 4635 954 4695 EPISTOLA
1010 4631 1411 4690 INNOCENTII
1460 4632 1665 4688 PAP/E
1714 4633 1734 4689 Ι
1777 4634 1874 4690 EX
1926 4634 2090 4691 CON-

1035 4704 1216 4762 CILIO
1254 4702 1550 4760 NICZENO.

1267 4794 1315 4855 Ι.
1345 4824 1378 4859 ·.

496 4896 664 4968 δίζρυῑ
698 4910 758 4951 se
777 4890 1071 4951 absciderit
1094 4904 1204 4946 non
1230 4890 1574 4960 ingrediatur
1610 4892 1663 4947 in
1695 4894 1868 4950 clero.

1256 4981 1325 5039 Il.

504 5097 511 5108 ‘
566 5079 797 5138 Gentilis
829 5078 923 5148 qui
960 5092 1262 5133 conversus
1303 5076 1465 5132 luerit
1508 5086 1561 5133 et
1609 5078 1939 5150 baptizatus,
1974 5099 2081 5139 non

492 5174 654 5232 tacito
674 5180 1063 5244 promoveatur
1094 5172 1146 5224 in
1170 5170 1346 5226 cIcro.

559 5358 973 5433 EpiscopusiveI
998 5357 1200 5428 reliqui
1227 5356 1415 5413 clerici
1438 5373 1559 5414 cum
1588 5364 1864 5421 extraneis
1885 5366 2078 5425 mulie-

482 5461 638 5519 ribus
662 5473 773 5515 non
801 5453 1070 5511 habitent.

1234 5542 1257 5598 l

1264 5543 1328 5599 V.

472 5652 486 5681 ε
549 5647 849 5718 Episcopus
892 5642 961 5697 ab
986 5640 1240 5697 omnibus
1268 5640 1544 5711 episcopis
1574 5642 1884 5713 ordinetur,
1917 5648 1997 5703 vel
2039 5664 2067 5704 a

470 5740 646 5795 trib-is
674 5754 794 5793 cum
820 5735 1233 5805 metropolitani
1266 5748 1562 5790 consensu.

2003 2901 2374 2921 -ᾘ

2979 3060 3045 3113 V.

2286 3146 2594 3217 Episcopus
2625 3150 2858 3205 alterius
2876 3152 3121 3222 episcopi
3146 3153 3412 3209 clericum
3434 3170 3541 3210 non
3562 3156 3815 3228 accipiat,

2207 3240 2293 3293 vel
2325 3241 2889 3297 excommunicatum.
2928 3244 3072 3299 Duas
3096 3246 3249 3301 vices
3273 3247 3322 3301 in
3349 3261 3554 3303 annum
3585 3250 3818 3306 concilia

2208 3331 2340 3387 ﬁant
2363 3347 2588 3404 pr0pter
2609 3336 2955 3393 diversorum
2984 3341 3353 3407 querimonia.

2970 3451 3056 3506 Vl.

2277 3541 2689 3600 Alexandrinus
2737 3554 2791 3600 et
2830 3545 3111 3602 Romanus
3162 3562 3316 3619 papa:
3378 3549 3669 3618 primatum
3722 3551 3813 3607 ba-

2202 3634 2391 3687 beant.

2948 3732 3065 3787 VII.

2276 3817 2651 3875 I’Iurimorum
2673 3822 3059 3893 episcoporum
3088 3840 3387 3893 consensu,
3424 3828 3660 3885 maxime
3692 3845 3810 3886 me-

2201 3913 2531 3981 tropolitani
2562 3930 2838 3971 consensu
2871 3919 3146 3988 eligantur
3177 3921 3487 3994 presbyteri
3530 3923 3698 3993 (forte
3731 3934 3812 3980 ta-

2199 4018 2324 4059 men
2356 4007 2625 4075 scriptum
2657 4018 2743 4064 est
2764 4011 3042 4083 episcopi).

2932 4124 3068 4179 VIII.

2268 4206 2805 4282 Ilierosolymitanus
2850 4216 3144 4287 episcopus
3208 4222 3503 4290 primatum
3556 4224 3801 4296 habeat,

2192 4298 2343 4355 Salvo
2368 4303 2658 4376 privilegio
2684 4310 3123 4379 metrOpolitani.

2954 4403 3048 4460 IX.

2272 4486 2511 4557 Catbari,
2540 4492 2589 4544 id
2615 4502 2701 4547 est
2721 4493 3008 4551 Novatiani
3034 4502 3295 4556 conversi
3318 4502 3505 4559 clerici
3522 4506 3794 4577 recipian-

2201 4590 2288 4635 tur
2321 4582 2375 4635 in
2406 4583 2578 4639 clero.
2616 4585 2919 4659 EpiscOpus
2959 4605 3094 4647 vero
3127 4591 3181 4647 in
3232 4596 3564 4667 presbyterii
3614 4599 3795 4656 locum

2196 4672 2510 4742 recipiatur.

2965 4777 3035 4832 X.

2266 4860 2320 4916 In
2355 4876 2461 4918 una
2487 4864 2708 4922 civitate
2727 4866 2837 4924 duo
2868 4872 3107 4941 episcOpi
3140 4888 3247 4929 non
3271 4874 3399 4931 sint.

2937 4984 3030 5041 XI.

2259 5070 2315 5126 Si
2345 5081 2471 5141 post
2516 5076 2924 5135 ordinationem
2959 5083 3253 5139 sacerdOIii
3304 5084 3561 5145 detectus
3592 5090 3782 5164 fuerit,

2185 5162 2519 5235 deponatur;
2549 5171 2716 5226 simili
2746 5172 2908 5229 modo
2935 5184 3020 5231 est
3045 5176 3326 5249 delapsis.

2914 5286 3032 5344 XII.

2254 5371 2415 5442 Lapsi
2444 5374 2564 5432 sine
2595 5380 2884 5435 tormentis
2933 5391 3142 5451 septem
3171 5398 3347 5441 annos
3387 5389 3776 5457 paenitentiam

2177 5478 2360 5536 agant.

2915 5568 3051 5624 XIII.

2248 5652 2374 5708 Post
2404 5655 2652 5711 militiam
2677 5658 2722 5713 si
2751 5674 3055 5717 conversus
3088 5661 3273 5731 fuerit,
3306 5674 3362 5721 et
3386 5664 3589 5723 iterum
3612 5668 3777 5725 'mili—

2176 5748 2395 5814 laverit,
2431 5764 2523 5803 xm
2553 5765 2728 5807 annos
2747 5754 3032 5823 peeniteat.
