4190 6190
426 268 525 326 651

1183 264 1529 322 APPENDIX
1571 266 1661 321 AD
1706 263 2087 319 EPISTULAS
2131 266 2186 319 S.
2232 261 2626 317 INNOCENTII
2667 262 2684 318 1
2729 260 2952 317 ΡᾹΡΔΕ.

3622 262 3729 320 632

429 382 559 441 sede
605 394 727 448 sua,
779 396 840 436 re
895 394 1002 435 non
1044 378 1306 449 judicata,
1361 393 1616 451 magnum
1672 377 1836 432 totius
1883 379 2072 439 orbis.

2176 380 2432 452 ἶκουμένης
2461 377 2770 435 διδάσκαλον
2800 381 2855 434 ἐκ
2883 388 2975 436 τοῦ
3002 380 3177 455 θρόνου
3205 390 3295 442 τῆς
3328 381 3610 442 ἐπισκοπῆς
3635 384 3731 437 αὖ·

429 478 742 544 Doctorem,
784 482 841 528 et
879 488 982 527 una
1030 486 1154 527 cum
1197 487 1262 526 eo
1293 470 1567 526 Christum
1599 479 1922 539 persecutus
1947 486 2026 527 es.

427 571 615 641 Neque
661 568 730 624 de
760 567 855 622 illo
900 568 972 622 ita
1004 581 1204 636 queror
1236 566 1460 635 (sortem
1492 565 1635 620 enim
1666 575 1826 636 atque
1856 566 2034 623 han-e-

430 665 657 719 ditatem
689 669 1015 716 consecutus
1041 670 1124 715 est
1152 674 1273 713 cum
1308 660 1513 715 sanctis
1545 661 1822 729 ApOslnliS
1854 664 1907 715 in
1941 662 2032 717 Dei

430 766 488 812 et
528 753 826 810 servatoris
869 753 1041 808 nostri
1085 751 1213 807 Jesu
1258 750 1462 806 Christi
1496 752 1696 824 regno)
1731 769 1746 806 :
1791 755 2036 822 quamvis

431 844 798 903 intolerabilis
845 859 906 900 ea
951 844 1163 914 jactura
1207 842 1311 909 sit;
1354 843 1448 898 sed
1478 843 1691 914 alﬂigor
1722 857 2032 914 propterea,

432 939 578 1011 quod
609 940 842 1009 primum
865 938 934 994 de
956 926 1589 993 animarunfvestrarum
1615 939 1811 1005 salute,
1839 939 2038 995 deinde

432 1033 503 1088 de
547 1033 664 1098 eis,
707 1032 798 1101 qui
830 1045 952 1085 cum
986 1017 1392 1101 sapientissima
1426 1041 1478 1084 et
1510 1032 1739 1101 spiritali
1772 1042 1826 1087 et
1857 1032 2038 1087 divina

435 1123 680 1180 doctrina
720 1133 776 1177 et
819 1123 1160 1177 institutione
1204 1123 1323 1192 ejus
1364 1123 1613 1177 destituti
1658 1124 1795 1190 sint,
1841 1123 2038 1179 famem

434 1220 544 1291 jam
577 1220 691 1290 pati
721 1230 1012 1290 coguntur.
1046 1218 1234 1288 Neque
1263 1221 1405 1274 enim
1432 1221 2042 1289 Constantinopolitana

441 1325 650 1369 tantum
692 1313 923 1369 ecclesia
971 1313 1193 1368 mellita:
1241 1313 1400 1383 hujus
1430 1315 1630 1383 lingua:
1659 1314 1930 1383 jacturam
1964 1315 2044 1369 fe-

440 1407 537 1472 cit,
578 1406 674 1461 sed
726 1414 779 1461 et
828 1405 1048 1460 viduata
1093 1414 1180 1460 est
1229 1407 1411 1460 omnis
1459 1414 1603 1460 terra
1644 1423 1764 1470 quae
1805 1407 1906 1460 sub
1931 1407 2044 1460 sole

442 1508 548 1563 est,
573 1499 776 1552 amisso
800 1497 990 1552 divino
1019 1497 1328 1566 hujusmodi
1354 1499 1473 1552 viro
1503 1497 1856 1568 persuasione
1885 1498 2045 1552 unius

443 1591 711 1656 mulieris,
742 1605 862 1660 qua:
897 1590 997 1645 hoc
1035 1589 1300 1660 ﬂagitium
1333 1590 1545 1644 admitti
1579 1590 1847 1660 permisit.
1873 1591 2046 1644 (ὶιυιρ-

446 1701 564 1740 rum
609 1684 699 1738 illa
739 1694 794 1738 et
839 1692 1166 1754 prmscntem
1202 1681 1287 1738 hie
1319 1697 1533 1753 paenam
1568 1694 1620 1738 et
1652 1682 2048 1752 sempiternum

2133 477 2228 527 τοῦ
2254 472 2475 548 ἀκρίτως
2497 512 2510 536 ,
2540 471 2880 538 συνεκδιὼξας
2911 475 3056 548 αὐτῷ
3083 477 3168 530 καὶ
3200 476 3287 530 τὸν
3313 474 3556 551 Χριστόν.
3599 474 3731 530 Οὔτε

2133 567 2236 639 γάρ
2266 565 2429 627 οὕτως
2458 564 2711 639 ὀδύρομαι
2743 570 2864 643 περὶ
2889 568 3078 622 ἐκείνου
3109 565 3283 638 (οὗτος
3309 570 3412 643 γὰρ
3436 569 3522 625 τὸν
3558 570 3735 644 κλῆρον

2137 655 2296 728 ἔλαχε
2319 659 2450 730 μετὰ
2468 665 2568 714 τῶν
2587 657 2742 731 ἁγίων
2767 658 3067 714 ἀποστόλων
3093 662 3142 714 ἐν
3169 668 3232 736 τῇ
3256 665 3350 715 τοῦ
3377 666 3508 716 Θεοῦ
3535 663 3622 714 καί
3639 682 3739 716 σω-

2137 758 2295 826 τῆρος
2337 753 2478 824 ἡμῶν
2521 752 2692 808 Ἰησοῦ
2733 759 2963 825 Χριστοῦ
2992 753 3276 829 βασιλεία)’
3313 749 3405 826 κᾷν
3431 755 3680 831 ἀφόρητος
3708 757 3739 814 ri

2139 847 2396 921 συμφορά⁶
2427 847 2551 900 ἀλλὰ
2572 847 2806 919 θλίϐομαι
2828 849 3122 924 φροντίζων.
3155 853 3359 924 πρῶτον
3388 849 3478 918 μὲν
3515 857 3604 908 τῆς
3635 870 3742 902 σω·

2140 940 2322 1012 τηρίας
2347 947 2446 995 τῶν
2475 939 2735 1018 ὑμετέρων
2756 941 2970 1012 ψυχῶν,
3003 943 3090 995 καί
3113 944 3235 1012 περί
3272 948 3371 996 τῶν
3399 943 3738 1018 στερηθέντων

2141 1035 2226 1085 καὶ
2256 1031 2580 1104 λιμωξάντων
2616 1042 2709 1095 τῆς
2745 1035 2935 1088 ἐκείνου
2970 1033 3237 1108 πανσόφου
3280 1035 3366 1088 καὶ
3392 1041 3742 1106 πνευματικῆς

2143 1125 2279 1184 θείας
2303 1123 2530 1197 διδαχῆς
2558 1129 2642 1180 καί
2666 1128 2951 1186 νουθεσίας.
2983 1128 3056 1180 Οῦ
3078 1128 3179 1202 γάρ
3207 1125 3354 1197 μόνον
3379 1127 3409 1184 ή
3430 1140 3743 1183 Κωνσταντι-

2145 1217 2458 1272 νουπολιτῶν
2499 1217 2740 1275 ἐκκλησία
2782 1215 3034 1290 ἐζημιώθη
3074 1225 3166 1278 τῆς
3207 1219 3397 1272 ἐκείνου
3439 1218 3743 1293 μελιῤῥύτου

2146 1309 2397 1382 γλώττης,
2417 1309 2541 1366 ἀλλά
2569 1313 2654 1364 καί
2680 1315 2831 1365 πᾶσα
2851 1311 2881 1368 ἡ
2904 1309 3108 1382 ὑφήλιος
3133 1311 3425 1385 ἐχήρευσεν
3449 1309 3748 1365 ἀπολέσασα

2147 1408 2377 1458 τοιοῦτον
2406 1401 2566 1458 ἔνθεον
2593 1399 2777 1479 ἄνδρα,
2799 1404 3056 1464 πειθηνίοις
3076 1409 3199 1475 μιᾶς
3223 1403 3463 1476 γυναικὸς
3491 1424 3750 1480 παραχω-

2149 1497 2390 1571 ρησάσης
2413 1501 2566 1550 τοῦτο
2589 1497 2824 1568 ’γενέσθαι
2839 1498 2896 1551 τὸ
2926 1495 3393 1572 δραματούργημα.
3418 1497 3542 1556 Πλὴν
3564 1494 3752 1560 ἐκδέξη-

2148 1611 2236 1644 ται
2264 1593 2354 1647 τήν
2383 1589 2608 1644 ἐντεῦθεν
2638 1591 2888 1664 τιμωρίαν
2920 1592 3003 1643 καὶ
3049 1595 3141 1649 τήν
3166 1590 3451 1661 μέλλουσαν
3480 1590 3723 1648 άτελεῦτη
3740 1619 3754 1628 -

2153 1704 2240 1738 τον
2269 1683 2501 1749 κόλασιν,
2534 1684 2592 1736 οὐ
2618 1684 2748 1754 μετά
2789 1683 2979 1744 πολλὰς
3009 1685 3206 1745 ταύτας
3247 1685 3440 1761 ἡμέρας
3471 1684 3758 1760 ἐπερχομέ-

445 1778 673 1852 posthac
722 1777 1076 1848 supplicium,
1115 1778 1254 1845 quod
1284 1777 1331 1830 ei
1365 1790 1471 1830 non
1507 1777 1577 1829 itt
1610 1775 1779 1830 ttmlto
1805 1784 1929 1844 post
1959 1790 2049 1828 su-

2176 1799 2238 1835 νην
2264 1777 2416 1847 αὐτῇ.
2445 1777 2502 1830 Εἰ
2526 1778 2611 1829 καὶ
2639 1777 2740 1850 γὰρ
2772 1773 2797 1829 6
2820 1774 3082 1850 ’μακάριος
3105 1774 3332 1835 Ἰωάννης
3355 1776 3442 1830 τόν
3469 1775 3580 1845 βίον
3606 1775 3756 1830 κατέ-

446 1882 841 1945 perventurum
892 1881 1012 1935 est,
1067 1871 1324 1939 excipiet.
1378 1869 1616 1924 Tametsi
1663 1868 1810 1923 enim
1863 1869 2054 1922 beatus

448 1969 728 2032 Joannes,
784 1975 1070 2036 postquam
1124 1962 1286 2017 ﬁdem
1344 1973 1655 2028 servasset,
1713 1975 1918 2031 eosque
1962 1959 2056 2030 qui

450 2060 786 2116 ﬂuctuabant
835 2055 1236 2120 conﬁrmasset,
1280 2055 1445 2109 vitam
1489 2054 1731 2124 reliquit,
1767 2055 1822 2109 in
1851 2065 2054 2109 aeterna

454 2165 638 2210 tamen
686 2152 886 2207 saecula
915 2148 1369 2219 sempiternarum
1402 2147 1717 2202 deliciarum
1753 2156 1809 2201 et
1839 2147 2061 2201 immor-

455 2245 582 2301 talis
619 2245 744 2299 vitae
784 2243 1149 2297 hereditatem
1193 2249 1521 2296 consecutos
1548 2250 1652 2295 est.
1689 2239 1931 2294 Eudoxia
1967 2254 2062 2294 att-

455 2347 590 2406 tem,
644 2349 782 2390 nova
829 2334 919 2389 illa
950 2333 1144 2397 Dalila,
1176 2347 1297 2403 qua:
1329 2331 1588 2402 paulatim
1622 2332 1936 2401 imposturae
1966 2346 2064 2384 no-

460 2427 653 2484 vacula
702 2436 757 2482 te
801 2427 956 2492 rasit,
998 2425 1102 2479 sibi
1147 2422 1250 2494 ipsi
1295 2439 1363 2479 ex
1403 2424 1698 2478 multorum
1729 2439 1825 2478 ore
1854 2423 2066 2479 induxit

463 2519 932 2584 maledictionem,
963 2532 1136 2588 grave
1167 2525 1192 2553 ⁸
1224 2527 1280 2572 et
1307 2516 1454 2587 quod
1487 2517 1691 2586 portari
1723 2527 1961 2586 nequeat
1987 2517 2066 2571 al-

460 2613 649 2686 ligavit
688 2621 1036 2683 peccatorum
1076 2623 1237 2676 onus,
1287 2607 1532 2678 illudque
1571 2608 1846 2679 prioribus
1879 2623 2069 2678 pecca-

462 2709 535 2763 tis
565 2707 680 2762 suis
709 2702 1083 2775 superaddidit
1109 2701 1266 2771 (Jud.
1297 2716 1410 2769 xvi,
1443 2700 1556 2773 l9).

541 2802 598 2856 2.
622 2800 989 2868 Quamobrem
1033 2812 1134 2865 ego
1180 2795 1440 2851 minimus
1478 2805 1533 2850 et
1564 2802 1840 2864 peccator,
1889 2805 1946 2848 ut
1984 2795 2069 2848 cui

468 2894 648 2964 magni
677 2891 907 2964 apostoli
943 2890 1086 2946 Petri
1115 2889 1277 2944 sedes
1307 2887 1514 2943 credita
1545 2897 1652 2951 est,
1681 2901 1910 2957 segrego
1943 2895 1994 2941 te
2020 2895 2076 2940 et

468 2984 620 3041 illam
677 3000 708 3038 a
769 2983 1123 3053 perceptione
1172 2979 1641 3034 immaculatorum
1692 2978 2075 3050 mysteriorum

474 3075 677 3133 Christi
727 3075 824 3130 Dei
875 3073 1068 3128 nostri.
1115 3072 1223 3129 Sed
1270 3080 1325 3125 et
1365 3087 1580 3126 omnem
1621 3072 1940 3141 episcopum
1983 3078 2080 3125 aut

2156 1869 2293 1934 λίπε,
2325 1873 2414 1927 τήν
2440 1869 2616 1923 πίστιν
2659 1871 2893 1943 τηρήσας
2914 1870 2997 1921 καὶ
3026 1870 3272 1944 στηρίξας
3316 1869 3437 1928 τοὺς
3478 1868 3761 1942 σαλευομέ-

2156 1982 2272 2024 νους
2291 2003 2304 2025 ,
2337 1961 2441 2016 ἀλλ’
2470 1966 2541 2023 εἰς
2569 1962 2820 2022 ἀλήκτους
2857 1963 3045 2021 αἰῶνας
3084 1965 3173 2020 τήν
3216 1959 3538 2019 άδαπάνητον
3567 1966 3761 2033 τρυφήν

2161 2057 2248 2110 καὶ
2273 2055 2521 2110 ἀθάνατον
2547 2059 2678 2119 ζωήν
2706 2055 3127 2130 ἐκληρονόμησεν.
3153 2052 3206 2107 'u
3227 2057 3308 2108 καί
3347 2054 3434 2108 νέα
3473 2053 3653 2108 Δαλιλὰ
3673 2056 3768 2107 Εὺο

2167 2145 2330 2216 δοξία,
2358 2149 2389 2206 ή
2419 2151 2550 2203 κατά
2579 2149 2762 2220 μικρὸν
2789 2155 2863 2222 τῷ
2887 2150 3025 2224 ξυρῷ
3045 2155 3139 2208 τῆς
3163 2147 3356 2207 πλάνης
3386 2147 3658 2222 ξυρήσασά
3680 2167 3763 2214 σε,

2165 2244 2418 2316 ἐπήγαγεν
2457 2241 2615 2317 ἑαυτῇ
2640 2241 2871 2320 κατάραν
2914 2243 2968 2296 ἐκ
2996 2241 3191 2296 πολλῶν
3222 2241 3516 2315 στομάτων,
3546 2238 3768 2310 δεσμεύ-

2168 2355 2312 2390 σασα
2362 2336 2558 2411 φορτίον
2604 2334 2992 2411 ἁμαρτημάτων
3035 2336 3172 2411 βαρὺ
3216 2338 3301 2390 καὶ
3345 2332 3766 2402 δυσϐάστακτον,

2169 2429 2455 2504 προσθεῖσα
2479 2434 2632 2485 τοῦτο
2659 2437 2769 2491 τοῖς
2790 2431 2968 2505 πρώην
2997 2433 3160 2490 αὐτῆς
3189 2428 3550 2506 ἁμαρτήμασι.

2246 2805 2302 2857 2.
2331 2805 2413 2859 Διὸ
2431 2804 2528 2876 ἐγώ
2550 2803 2576 2858 6
2599 2803 2900 2872 ἐλάχιστος,
2931 2804 3017 2856 καί
3042 2800 3362 2879 ἁμαρτωλὸς,
3390 2801 3459 2860 ὡς
3486 2800 3778 2859 πιστευθείς

2177 2897 2264 2952 τὸν
2293 2895 2463 2972 θρόνον
2499 2901 2592 2949 τοῦ
2624 2893 2850 2965 μεγάλου
2889 2891 3181 2946 ἀποστόλου
3216 2893 3402 2967 Πέτρου
3423 2931 3438 2955 ,
3469 2891 3692 2962 ἀφορίζω
3720 2892 3780 2944 σέ

2180 3009 2236 3044 τε
2263 2989 2494 3063 κακείνην
2535 2995 2627 3046 τῆς
2664 2984 2994 3057 μεταλήψεως
3023 2991 3123 3037 τῶν
3164 2983 3444 3058 ἀχράντων
3483 2983 3782 3052 μυστηρίων

2181 3090 2406 3156 Χριστοῦ
2425 3087 2515 3134 τοῦ
2546 3085 2672 3134 Θεοῦ
2704 3080 2864 3149 ἡμῶν·
2904 3078 2960 3130 οὐ
2987 3081 3084 3148 μὴν
3114 3076 3238 3131 άλλὰ
3274 3077 3363 3130 καί
3389 3082 3632 3130 παντοῖον
3673 3075 3782 3129 ἐπί·

475 3169 735 3224 elericum
774 3164 986 3222 ordinis
1027 3176 1229 3219 saneta:
1264 3164 1356 3217 Dei
1390 3161 1674 3226 Ecclesite,
1707 3162 1797 3232 qui
1827 3177 1891 3217 ea
1925 3162 2072 3216 vobis

2186 3197 2403 3241 σκοπον,
2434 3174 2465 3234 ἦ
2509 3175 2744 3250 κληρικὸν
2791 3169 2914 3227 ὅντα
2957 3178 3050 3226 τοῦ
3097 3172 3361 3245 τάγματος
3387 3177 3480 3230 τῆς
3517 3167 3664 3242 άογίας
3692 3175 3783 3226 τοῦ

476 3262 863 3317 administrare
904 3268 1000 3313 aut
1039 3258 1257 3312 tradere
1299 3270 1462 3310 ausus
1512 3254 1670 3310 fuerit
1713 3256 1784 3311 ab
1825 3271 1887 3311 ea
1921 3257 2079 3320 liora,

481 3371 586 3426 qua
628 3349 658 3388 δ
699 3351 973 3405 vinculqu
1017 3365 1127 3420 quo
1166 3365 1262 3403 vos
1283 3349 1418 3418 ligo,
1467 3358 1650 3402 notum
1701 3348 1855 3403 vobis
1896 3347 2080 3413 fuerit,

482 3446 747 3517 dignitate
768 3459 866 3500 sua
891 3442 1161 3498 excidisse
1183 3441 1487 3515 [decerno].
1510 3441 1663 3511 Quod
1688 3444 1734 3498 si
1758 3451 1815 3498 ut
1836 3444 2086 3517 homines

483 3516 736 3610 potentes
753 3551 1078 3608 quemquam
1100 3534 1166 3589 ad
1184 3534 1235 3589 id
1259 3538 1306 3589 vi
1329 3535 1646 3606 adegeritis,
1670 3547 1723 3590 et
1742 3516 1981 3590 canones
1993 3519 2089 3590 θοι

484 3636 572 3692 bis
601 3649 632 3688 a
662 3634 955 3690 SerVatore
988 3646 1084 3701 per
1111 3639 1332 3686 sanctos
1365 3629 1656 3698 Apostolos
1675 3630 2089 3683 lraditostrans-

486 3730 662 3802 gressi
703 3727 950 3792 fueritis;
992 3727 1044 3781 in
1085 3725 1368 3781 tremenda
1408 3723 1595 3792 judicii
1626 3724 1716 3778 die
1743 3723 2091 3792 eomperietis

489 3824 726 3894 primum
750 3819 969 3892 quidem
1000 3834 1110 3873 non
1138 3833 1362 3889 parvum
1397 3818 1501 3872 hoe
1529 3815 1680 3870 vobis
1714 3815 1947 3869 futurqu
1972 3829 2094 3869 esse

491 3923 798 3986 peccatum,
842 3910 1041 3967 deinde
1082 3925 1183 3964 nec
1221 3923 1547 3980 quemquam
1583 3907 1687 3960 ulla
1718 3906 1877 3975 hujus
1907 3905 2098 3960 szeculi

492 4007 756 4077 dignitate
781 4012 895 4057 tum
923 4001 1169 4072 adjuvari
1199 4014 1358 4070 posse
1385 4015 1398 4051 :
1426 3999 1523 4053 sed
1549 3998 1854 4052 animorum
1884 3997 2097 4051 occulta

497 4109 789 4170 erumpent
803 4106 859 4151 et
882 4095 1284 4151 exbibebuntur
1307 4102 1436 4148 ante
1457 4098 1811 4158 conspectum
1827 4088 2069 4144 omnium
2082 4130 2095 4142 .

568 4198 624 4252 5.
677 4194 965 4251 Arsacium
1007 4201 1224 4253 autem,
1266 4204 1428 4260 quem
1481 4187 1662 4260 magni
1706 4186 1933 4242 Joannis
1979 4187 2099 4240 loco

500 4291 558 4346 in
585 4289 769 4344 sedem
785 4285 1152 4356 episcopalem
1169 4294 1190 4321 ε
1211 4281 1526 4343 intrusistis,
1542 4281 1704 4334 etiam
1727 4289 1847 4349 post
1867 4290 2099 4334 mortem

500 4381 697 4438 ordine
729 4391 1012 4432 movemus
1037 4389 1162 4428 cum
1195 4371 1471 4442 episc0pis
1505 4371 1779 4436 omnibus,
1805 4369 1896 4440 qui
1917 4367 1944 4408 δ
1971 4385 2103 4424 con-

503 4473 648 4530 sulto
687 4484 810 4526 cum
850 4469 968 4538 ipso
998 4464 1491 4521 communiearunt.
1517 4461 1703 4532 Neque
1731 4475 1928 4516 nomen
1958 4461 2104 4515 illius

502 4563 677 4622 sacris
705 4563 758 4617 in
792 4558 989 4616 tabulis
1018 4555 1346 4612 inscribatur
1380 4575 1393 4611 :
1424 4555 1528 4609 hoc
1556 4554 1700 4610 enim
1733 4553 1987 4622 indiguus
2015 4565 2101 4607 est

2189 3274 2318 3324 Θεοῦ
2347 3267 2651 3326 Ἐκκλησίας
2678 3265 2970 3336 τολμῶντας
3000 3266 3336 3338 ἐπιχειρῆσαι
3374 3265 3462 3316 καί
3489 3259 3789 3332 μεταδοῦναι

2189 3363 2339 3432 ὑμῖν,
2374 3359 2456 3432 ἀφ’
2484 3355 2544 3420 ἧς
2575 3359 2715 3434 ὧρας
2751 3356 3004 3427 ἁναγνῶτέ
3039 3376 3138 3427 μου
3170 3356 3254 3410 τὸν
3291 3353 3528 3431 παρόντα
3567 3350 3751 3424 δέσμον
3772 3393 3786 3415 ,

2191 3456 2292 3510 ὑπὸ
2311 3454 2608 3530 καθαίρεσιν
2622 3447 2764 3508 εἶναι.
2783 3455 2836 3504 Εἰ
2857 3450 2911 3506 δέ
2930 3452 3176 3523 βιάσησθέ
3190 3473 3322 3514 τινα,
3349 3452 3418 3512 ὡς
3434 3451 3788 3514 ἐξουσιασταὶ,

2192 3551 2278 3602 καί
2307 3547 2640 3623 παρεξελθῆτε
2672 3547 2794 3606 τοὺς
2825 3543 3058 3606 δοθέντας
3100 3545 3226 3615 ὑμῖν
3276 3544 3490 3604 κανόνας
3519 3544 3666 3618 παρὰ
3700 3548 3792 3598 τοῦ

2195 3649 2426 3712 σωτῆρος
2458 3638 2544 3695 διὰ
2571 3647 2671 3695 τῶν
2709 3638 2864 3712 ἁγίων
2895 3639 3196 3694 ἀποστόλων
3216 3679 3230 3704 ,
3261 3635 3440 3694 ἔσεσθε
3473 3638 3798 3708 ἐπιστάμενοι

2197 3739 2267 3797 ὡς
2295 3737 2500 3813 πρώτον
2525 3738 2616 3805 μὲν
2646 3735 2702 3788 οὐ
2731 3733 2908 3807 μικρὸν
2953 3733 3072 3804 ὑμῖν
3109 3731 3166 3786 τὸ
3197 3731 3480 3806 ἁμάρτημα
3527 3731 3798 3801 γενήσεται

2199 3831 2248 3883 ἐν
2292 3838 2355 3900 τῇ
2405 3829 2598 3903 φοϐἐρᾳ
2637 3829 2806 3904 ἡμέρᾳ
2857 3834 2949 3886 τῆς
2977 3829 3225 3903 κρίσεως,
3261 3821 3379 3879 οὔτε
3428 3824 3483 3877 οὐ
3526 3821 3801 3880 δυνήσεται

2200 3923 2400 3992 ἀξίωμα
2423 3918 2660 3995 βιωτικόν
2692 3941 2806 3974 τινα
2848 3918 3117 3990 ὠφελῆσαι·
3154 3919 3348 3971 ἐκείνων
3391 3913 3444 3971 δέ
3473 3917 3538 3971 τά
3560 3915 3699 3975 ἐντός
3730 3914 3802 3967 ἐκο

2204 4014 2528 4082 χυθήσονται
2551 4011 2683 4084 πρὸς
2704 4007 2994 4082 ὑπόδειγμα
3012 4010 3232 4064 πάντων.

2278 4195 2333 4248 5.
2359 4192 2628 4268 ’Δρσάκιον
2657 4188 2730 4253 δέ,
2768 4186 2822 4243 ὃν
2847 4191 3132 4262 εἰσενήγετε
3157 4192 3230 4250 είς
3259 4188 3342 4244 τὸν
3379 4185 3548 4264 θρόνον
3575 4194 3667 4246 τῆς
3695 4187 3803 4239 ἐπι-

2209 4298 2408 4348 σκοπῆς
2447 4291 2560 4343 ἀντὶ
2597 4292 2690 4342 τοῦ
2733 4285 2952 4358 μεγάλου
2998 4284 3248 4350 Ἰωάννου,
3297 4285 3377 4337 καί
3416 4282 3550 4354 μετὰ
3601 4282 3810 4336 θάνατον

2209 4390 2539 4458 καθαιροῦμεν
2585 4383 2679 4436 σὺν
2711 4385 2844 4435 πᾶσι
2874 4387 2985 4439 τοῖς
3023 4381 3490 4451 συγκοινωήσασιν
3519 4377 3656 4448 αὐτῷ
3681 4396 3812 4452 προ-

2209 4479 2346 4532 θέσει
2373 4471 2692 4536 ἐπισκόποις.
2726 4469 2938 4533 Οὖτινος
2983 4469 3110 4544 μηδέ
3145 4471 3202 4527 τὸ
3238 4467 3398 4541 ὄνομα
3437 4470 3595 4524 αὐτοῦ
3625 4469 3814 4544 ἐγγρα-

2210 4572 2374 4644 esse...
2403 4575 2511 4628 τοῖς
2541 4568 2696 4641 ἱεροῖς
2723 4563 3026 4636 διπτύχοις’
3050 4566 3254 4630 ἀνάξιος
3276 4565 3376 4638 ¹γάρ
3405 4564 3546 4617 ἐστιν
3567 4601 3580 4623 ,
3601 4561 3670 4621 ώς
3699 4581 3810 4632 μοι·

501 4659 714 4714 honore
732 4663 940 4724 ,utpote
958 4652 1048 4723 qui
1065 4654 1434 4721 episcopatum
1454 4646 1686 4718 quodam
1706 4646 1970 4699 adulterio
1988 4646 2072 4714 pol

2176 4657 2185 4699 ⁵
2211 4663 2414 4734 χεύσας
2443 4665 2532 4718 τήν
2555 4661 2854 4716 ἐπισκοπὴν.
2891 4662 3038 4713 Πᾶσα
3066 4659 3167 4733 γάρ
3193 4658 3367 4728 φυτεία
3396 4659 3465 4726 μή
3501 4655 3813 4727 φυτευθεῖσα

499 4753 618 4808 luit.
650 4749 841 4806 Omnis
870 4747 1070 4818 quippe
1103 4743 1392 4815 plantatio,
1425 4758 1545 4812 qnze
1575 4742 1812 4810 plantata
1849 4755 1954 4792 non
1989 4739 2101 4792 fne-

500 4847 574 4901 rit
619 4859 650 4898 a
699 4844 858 4898 Patre
911 4850 1096 4894 nostro
1140 4837 1230 4908 qui
1279 4845 1365 4890 est
1414 4835 1464 4888 in
1515 4834 1692 4898 caelis,
1741 4832 2109 4889 eradicabitur

511 4935 729 5009 (Matth.
776 4949 867 4999 xv,
917 4933 1034 5002 l5).
1078 4928 1440 4998 Theophilum
1472 4937 1651 4982 autem
1683 4944 1789 4981 non
1821 4925 1982 4981 modo
2013 4925 2110 4979 de-

504 5027 708 5098 jectum
759 5040 791 5079 e
830 5023 963 5078 sede
992 5036 1111 5086 sua,
1143 5021 1236 5076 sed
1269 5021 1434 5076 etiam
1463 5017 2027 5075 exeomniuoieatioue
2055 5026 2113 5071 et

2209 4757 2358 4830 παρὰ
2381 4760 2472 4811 τοῦ
2500 4754 2699 4824 Πάτρος
2729 4753 2871 4824 ἡμῶν
2898 4756 2993 4807 τοῦ
3023 4753 3071 4804 ἐν
3100 4752 3334 4826 οὐρανοῖς
3353 4788 3370 4814 ,
3394 4748 3810 4824 ἐκριζωθήσεται.

2211 4847 2586 4922 Προστιθέμεθα
2621 4843 2675 4899 δέ
2706 4853 2768 4918 τῇ
2812 4844 3103 4914 καθαιρέσει
3141 4841 3380 4913 Θεοφίλου
3418 4842 3696 4916 ἀφορισμόν
3732 4840 3815 4893 καί

2211 4936 2620 5010 άναθεματισμὸν
2668 4937 2758 4990 καί
2784 4935 2979 4990 τελείαν
3040 4931 3370 5011 ἀλλοτρίωσιν
3419 4936 3514 4987 τοῦ
3565 4951 3812 5009 χριστια-

2213 5050 2421 5100 νισμου.

503 5096 850 5174 anathemate
873 5115 1158 5168 multatum
1188 5110 1408 5166 omnino
1431 5126 1461 5165 a
1491 5109 1927 5165 Christianorum
1955 5103 2230 5162 consortio
2256 5096 2490 5155 alienum
2517 5096 2876 5152 declaramus.

579 5265 606 5293 α
650 5253 800 5323 Apud
849 5254 1074 5324 Glycam
1129 5260 1442 5323 portamque
1488 5247 1891 5324 difﬁcillimum.
1945 5245 2113 5312 Magis

502 5327 683 5399 placet
697 5319 844 5392 quod
870 5319 1328 5399 portari‘neqneut,
1360 5319 1860 5399 ettm_ltttttc_lpett_ttt
1890 5330 2111 5399 expres.

503 5387 623 5453 sum
653 5387 774 5453 esse
802 5387 978 5466 pateat
1010 5394 1076 5447 ad
1107 5387 1460 5466 imitationem
1485 5387 2026 5466 hujushlattthttt,
2057 5391 2108 5439 ιι

501 5471 566 5523 Al
581 5469 743 5540 ligant
773 5460 1096 5540 ehimgnera
1118 5464 1302 5540 gravia
1327 5471 1375 5516 et
1401 5460 1769 5540 imporlaoilia.

575 5525 766 5594 b“Lab.
816 5553 880 5592 ex
902 5535 1067 5607 Glyca
1109 5525 1321 5607 Graece,
1363 5525 1778 5607 τόν-ξπιμφθίντα
1802 5525 2106 5607 σόνδςσμον.

578 5623 600 5650 ε
631 5611 680 5666 Is
708 5599 990 5671 Arsacius:
1013 5608 1104 5677 qui
1138 5605 1288 5659 fratri
1317 5620 1416 5658 suo
1446 5599 1719 5659 Nec'ta'rio.
1746 5599 1906 5677 tactis
1933 5599 2102 5650 Evan-

500 5682 674 5751 geliis,
720 5669 1084 5749 spoponderat
1127 5685 1292 5751 atque
1330 5677 1626 5751 juraverat,
1657 5686 1716 5751 se
1750 5669 1950 5724 nullius
1980 5682 2097 5750 um:

497 5743 670 5821 quam
714 5743 1056 5820 episcopttus
1105 5743 1508 5804 Ordinationem
1560 5743 1963 5806 admissurum,
2022 5743 2098 5793 uti

2221 5247 2406 5295 narrat
2428 5235 2698 5292 Palladius
2729 5249 2852 5304 pag.
2883 5234 2974 5299 οι,
3009 5233 3419 5302 quatuortlecim
3451 5243 3571 5304 post
3599 5233 3820 5289 ordina-

2220 5314 2420 5366 tionem
2455 5308 2734 5362 mensibus
2761 5306 2992 5373 exactis,
3026 5316 3277 5360 mortuus
3306 5313 3410 5360 est.

2284 5379 2310 5417 ἀ
2347 5381 2584 5452 Verbum
2621 5391 2859 5447 graecum
2880 5378 3138 5452 *προθέσει
3165 5376 3307 5442 apud
3346 5375 3568 5452 Glycam
3596 5375 3818 5452 deside-

2215 5463 2384 5507 ratur.
2433 5446 2687 5505 Adulituiu
2730 5457 2819 5502 est
2861 5446 3041 5502 dedita
3072 5462 3238 5515 opera
3271 5466 3284 5502 :
3316 5463 3382 5500 ne
3414 5446 3513 5499 hac
3542 5449 3820 5501 seittentia

2219 5523 2391 5579 teneri
2430 5520 2743 5575 viderentur
2779 5529 2833 5572 et
2865 5518 2922 5585 ii,
2953 5519 3044 5588 qui
3075 5533 3196 5572 eum
3225 5519 3449 5571 Arsacio
3477 5518 3632 5572 inviti
3659 5532 3821 5572 eom-

2216 5595 2574 5648 municarant.
2607 5590 2776 5644 Etiam
2805 5606 2926 5643 ettm
2957 5591 3127 5656 ipsius
3155 5602 3475 5642 successore
3503 5589 3683 5643 Attico
3709 5589 3798 5656 ple

2216 5603 2574 5648 municarant.
2607 5603 2776 5644 ultam
2805 5606 2926 5643 cum
2957 5604 3127 5656 IpSIlls
3155 5603 3475 5642 successore
3503 5603 3683 5643 Atttco
3749 5603 3819 5643 te-

2211 5677 2636 5790 ιοςιιιὲοὸιῖῗέιιᾶξῗ
2677 5676 2789 5716 non
2832 5668 3026 5730 sponte
3070 5658 3504 5716 communicasse
3544 5603 3819 5714 Palladius

2211 5753 2332 5790 nae.
2633 5757 2645 5783 δ

2209 5734 2339 5808 pag.
2360 5735 2434 5790 95
2463 5734 2645 5788 tradit.
