  <div class='ocr_page' id='page_1' title='image "/cluster/home/n/w/nwhite01/storage/ocr_20150623/20/hvd.32044096580469/322.png"; bbox 0 0 4190 6190; ppageno 0'>
   <div class='ocr_carea' id='block_1_1' title="bbox 473 263 2023 326">
    <p class='ocr_par' dir='ltr' id='par_1_1' title="bbox 473 263 2023 323">
     <span class='ocr_line' id='line_1_1' title="bbox 473 263 2023 323; baseline 0 -4"><span class='ocrx_word' id='word_1_1' title='bbox 473 267 541 320; x_wconf 72' lang='lat'><strong>35</strong></span> <span class='ocrx_word' id='word_1_2' title='bbox 1377 263 1727 323; x_wconf 78' lang='lat' dir='ltr'><strong>EPISTOL/E</strong></span> <span class='ocrx_word' id='word_1_3' title='bbox 1764 265 1820 321; x_wconf 88' lang='lat' dir='ltr'><strong>S.</strong></span> <span class='ocrx_word' id='word_1_4' title='bbox 1863 263 2023 320; x_wconf 77' lang='grc' dir='ltr'><strong>ΙΝΝο</strong></span> 
     </span>
    </p>
   </div>
   <div class='ocr_carea' id='block_1_2' title="bbox 2129 263 2766 326">
    <p class='ocr_par' dir='ltr' id='par_1_2' title="bbox 2129 263 2766 326">
     <span class='ocr_line' id='line_1_2' title="bbox 2129 263 2766 326; baseline 0.002 -5"><span class='ocrx_word' id='word_1_5' title='bbox 2129 264 2278 322; x_wconf 77' lang='lat' dir='ltr'><strong>NTIO</strong></span> <span class='ocrx_word' id='word_1_6' title='bbox 2320 263 2766 326; x_wconf 66' lang='grc' dir='ltr'><strong>ΑΤΤιιΙΒυΤιΕ.</strong></span> 
     </span>
    </p>
   </div>
   <div class='ocr_carea' id='block_1_3' title="bbox 3633 273 3738 328">
    <p class='ocr_par' dir='ltr' id='par_1_3' title="bbox 3633 273 3738 328">
     <span class='ocr_line' id='line_1_3' title="bbox 3633 273 3738 328; baseline 0.01 -1"><span class='ocrx_word' id='word_1_7' title='bbox 3633 273 3738 328; x_wconf 69' lang='grc' dir='ltr'><strong>οδι</strong></span> 
     </span>
    </p>
   </div>
   <div class='ocr_carea' id='block_1_4' title="bbox 1860 461 2306 521">
    <p class='ocr_par' dir='ltr' id='par_1_4' title="bbox 1860 461 2306 521">
     <span class='ocr_line' id='line_1_4' title="bbox 1860 461 2306 521; baseline 0.002 -1"><span class='ocrx_word' id='word_1_8' title='bbox 1860 461 2192 520; x_wconf 67' lang='grc' dir='ltr'><strong>ΕΡΙΒΤΟΙΛ</strong></span> <span class='ocrx_word' id='word_1_9' title='bbox 2245 465 2306 521; x_wconf 92' lang='lat' dir='ltr'><strong>ll.</strong></span> 
     </span>
    </p>
   </div>
   <div class='ocr_carea' id='block_1_5' title="bbox 530 600 1900 658">
    <p class='ocr_par' dir='ltr' id='par_1_5' title="bbox 530 600 1900 658">
     <span class='ocr_line' id='line_1_5' title="bbox 530 600 1900 658; baseline 0 -4"><span class='ocrx_word' id='word_1_10' title='bbox 530 600 540 644; x_wconf 55' lang='lat'><strong>&#39;-</strong></span> <span class='ocrx_word' id='word_1_11' title='bbox 573 614 784 656; x_wconf 73' lang='lat' dir='ltr'><strong>ABCADII</strong></span> <span class='ocrx_word' id='word_1_12' title='bbox 816 614 1170 658; x_wconf 73' lang='lat' dir='ltr'><strong>IIIPERATOBIS</strong></span> <span class='ocrx_word' id='word_1_13' title='bbox 1201 617 1267 657; x_wconf 80' lang='grc' dir='ltr'><strong>ΑΙ)</strong></span> <span class='ocrx_word' id='word_1_14' title='bbox 1297 615 1654 657; x_wconf 70' lang='lat' dir='ltr'><strong>INNOCENTIUH</strong></span> <span class='ocrx_word' id='word_1_15' title='bbox 1708 616 1900 655; x_wconf 71' lang='lat' dir='ltr'><strong>PAPAI.</strong></span> 
     </span>
    </p>
   </div>
   <div class='ocr_carea' id='block_1_6' title="bbox 2061 598 3743 668">
    <p class='ocr_par' dir='ltr' id='par_1_6' title="bbox 2061 598 3743 668">
     <span class='ocr_line' id='line_1_6' title="bbox 2061 598 3743 668; baseline 0.012 -20"><span class='ocrx_word' id='word_1_16' title='bbox 2061 598 2116 658; x_wconf 75' lang='grc' dir='ltr'><strong>Α</strong></span> <span class='ocrx_word' id='word_1_17' title='bbox 2143 615 2379 654; x_wconf 78' lang='grc' dir='ltr'><strong>ΕΠΙΣΤΟΛΗ</strong></span> <span class='ocrx_word' id='word_1_18' title='bbox 2404 619 2640 657; x_wconf 74' lang='grc' dir='ltr'><strong>ΑΡΚΔΔῙΟΥ</strong></span> <span class='ocrx_word' id='word_1_19' title='bbox 2661 621 3028 660; x_wconf 72' lang='grc' dir='ltr'><strong>ΑΥΤΟΚΡΑΤΟΡΟΣ</strong></span> <span class='ocrx_word' id='word_1_20' title='bbox 3071 625 3191 662; x_wconf 78' lang='grc' dir='ltr'><strong>ΠΡΟΣ</strong></span> <span class='ocrx_word' id='word_1_21' title='bbox 3230 626 3560 666; x_wconf 72' lang='lat' dir='ltr'><strong>INNOKENTION</strong></span> <span class='ocrx_word' id='word_1_22' title='bbox 3585 630 3743 668; x_wconf 66' lang='grc' dir='ltr'>Ροιιιιῑ</span> 
     </span>
    </p>
   </div>
   <div class='ocr_carea' id='block_1_7' title="bbox 2819 686 3070 723">
    <p class='ocr_par' dir='ltr' id='par_1_7' title="bbox 2819 686 3070 723">
     <span class='ocr_line' id='line_1_7' title="bbox 2819 686 3070 723; baseline 0.008 -3"><span class='ocrx_word' id='word_1_23' title='bbox 2819 686 3070 723; x_wconf 74' lang='grc' dir='ltr'><strong>ΑΡΧῘΕΡΕΛ.</strong></span> 
     </span>
    </p>
   </div>
   <div class='ocr_carea' id='block_1_8' title="bbox 1356 768 2785 840">
    <p class='ocr_par' dir='ltr' id='par_1_8' title="bbox 1356 768 2785 840">
     <span class='ocr_line' id='line_1_8' title="bbox 1356 768 2785 840; baseline 0.001 -16"><span class='ocrx_word' id='word_1_24' title='bbox 1356 768 1448 840; x_wconf 62' lang='grc' dir='ltr'>ίιΙι</span> <span class='ocrx_word' id='word_1_25' title='bbox 1477 785 1530 822; x_wconf 84' lang='lat' dir='ltr'><strong>se</strong></span> <span class='ocrx_word' id='word_1_26' title='bbox 1556 779 1604 822; x_wconf 89' lang='lat' dir='ltr'><strong>et</strong></span> <span class='ocrx_word' id='word_1_27' title='bbox 1633 769 1927 824; x_wconf 76' lang='lat' dir='ltr'><strong>Eudoximn</strong></span> <span class='ocrx_word' id='word_1_28' title='bbox 1955 770 2018 824; x_wconf 86' lang='lat' dir='ltr'><strong>ab</strong></span> <span class='ocrx_word' id='word_1_29' title='bbox 2043 771 2569 826; x_wconf 70' lang='lat' dir='ltr'><strong>excommunicatione</strong></span> <span class='ocrx_word' id='word_1_30' title='bbox 2591 772 2785 826; x_wconf 78' lang='lat' dir='ltr'><strong>liberet.</strong></span> 
     </span>
    </p>
   </div>
   <div class='ocr_carea' id='block_1_9' title="bbox 500 885 2027 956">
    <p class='ocr_par' dir='ltr' id='par_1_9' title="bbox 500 885 2027 956">
     <span class='ocr_line' id='line_1_9' title="bbox 500 885 2027 956; baseline -0.001 -14"><span class='ocrx_word' id='word_1_31' title='bbox 500 887 709 942; x_wconf 83' lang='lat' dir='ltr'><strong>Noruut</strong></span> <span class='ocrx_word' id='word_1_32' title='bbox 750 900 942 941; x_wconf 87' lang='lat' dir='ltr'><strong>onmes</strong></span> <span class='ocrx_word' id='word_1_33' title='bbox 987 885 1237 941; x_wconf 87' lang='lat' dir='ltr'><strong>homines</strong></span> <span class='ocrx_word' id='word_1_34' title='bbox 1280 887 1478 940; x_wconf 90' lang='lat' dir='ltr'><strong>mentis</strong></span> <span class='ocrx_word' id='word_1_35' title='bbox 1518 896 1828 956; x_wconf 84' lang='lat' dir='ltr'><strong>compotes,</strong></span> <span class='ocrx_word' id='word_1_36' title='bbox 1874 901 2027 941; x_wconf 78' lang='lat' dir='ltr'><strong>com-</strong></span> 
     </span>
    </p>
   </div>
   <div class='ocr_carea' id='block_1_10' title="bbox 427 979 2028 1050">
    <p class='ocr_par' dir='ltr' id='par_1_10' title="bbox 427 979 2028 1050">
     <span class='ocr_line' id='line_1_10' title="bbox 427 979 2028 1050; baseline -0.001 -13"><span class='ocrx_word' id='word_1_37' title='bbox 427 981 592 1036; x_wconf 86' lang='lat' dir='ltr'><strong>missa</strong></span> <span class='ocrx_word' id='word_1_38' title='bbox 641 995 738 1050; x_wconf 90' lang='lat' dir='ltr'><strong>per</strong></span> <span class='ocrx_word' id='word_1_39' title='bbox 781 979 1178 1050; x_wconf 88' lang='lat' dir='ltr'><strong>ignorationem</strong></span> <span class='ocrx_word' id='word_1_40' title='bbox 1208 995 1307 1036; x_wconf 89' lang='lat' dir='ltr'><strong>nec</strong></span> <span class='ocrx_word' id='word_1_41' title='bbox 1335 981 1595 1036; x_wconf 83' lang='lat' dir='ltr'><strong>divinitus</strong></span> <span class='ocrx_word' id='word_1_42' title='bbox 1625 995 1725 1035; x_wconf 91' lang='lat' dir='ltr'><strong>nec</strong></span> <span class='ocrx_word' id='word_1_43' title='bbox 1755 995 1850 1048; x_wconf 90' lang='lat' dir='ltr'><strong>per</strong></span> <span class='ocrx_word' id='word_1_44' title='bbox 1883 983 2028 1049; x_wconf 82' lang='lat' dir='ltr'><strong>leges</strong></span> 
     </span>
    </p>
   </div>
   <div class='ocr_carea' id='block_1_11' title="bbox 427 1071 2027 1142">
    <p class='ocr_par' dir='ltr' id='par_1_11' title="bbox 427 1071 2027 1142">
     <span class='ocr_line' id='line_1_11' title="bbox 427 1071 2027 1142; baseline 0.002 -17"><span class='ocrx_word' id='word_1_45' title='bbox 427 1073 607 1142; x_wconf 89' lang='lat' dir='ltr'><strong>puniri</strong></span> <span class='ocrx_word' id='word_1_46' title='bbox 656 1089 670 1125; x_wconf 89' lang='lat'>:</span> <span class='ocrx_word' id='word_1_47' title='bbox 717 1071 812 1126; x_wconf 88' lang='lat' dir='ltr'><strong>sed</strong></span> <span class='ocrx_word' id='word_1_48' title='bbox 843 1086 1020 1142; x_wconf 89' lang='lat' dir='ltr'><strong>neque</strong></span> <span class='ocrx_word' id='word_1_49' title='bbox 1049 1087 1376 1142; x_wconf 88' lang='lat' dir='ltr'><strong>quemquam</strong></span> <span class='ocrx_word' id='word_1_50' title='bbox 1403 1072 1630 1128; x_wconf 77' lang='lat' dir='ltr'><strong>alterius</strong></span> <span class='ocrx_word' id='word_1_51' title='bbox 1659 1072 1881 1127; x_wconf 86' lang='lat' dir='ltr'><strong>nomine</strong></span> <span class='ocrx_word' id='word_1_52' title='bbox 1912 1087 2027 1142; x_wconf 71' lang='lat' dir='ltr'><strong>pa:—</strong></span> 
     </span>
    </p>
   </div>
   <div class='ocr_carea' id='block_1_12' title="bbox 427 1163 2024 1234">
    <p class='ocr_par' dir='ltr' id='par_1_12' title="bbox 427 1163 2024 1234">
     <span class='ocr_line' id='line_1_12' title="bbox 427 1163 2024 1234; baseline 0.001 -14"><span class='ocrx_word' id='word_1_53' title='bbox 427 1180 525 1220; x_wconf 88' lang='lat' dir='ltr'><strong>nas</strong></span> <span class='ocrx_word' id='word_1_54' title='bbox 569 1165 736 1218; x_wconf 90' lang='lat' dir='ltr'><strong>luere.</strong></span> <span class='ocrx_word' id='word_1_55' title='bbox 765 1163 1030 1232; x_wconf 80' lang='lat' dir='ltr'><strong>Quocirca</strong></span> <span class='ocrx_word' id='word_1_56' title='bbox 1063 1163 1177 1220; x_wconf 68' lang='lat' dir='ltr'><strong>haec</strong></span> <span class='ocrx_word' id='word_1_57' title='bbox 1208 1165 1424 1234; x_wconf 84' lang='lat' dir='ltr'><strong>scripsi,</strong></span> <span class='ocrx_word' id='word_1_58' title='bbox 1456 1175 1516 1220; x_wconf 92' lang='lat' dir='ltr'><strong>ut</strong></span> <span class='ocrx_word' id='word_1_59' title='bbox 1557 1164 2024 1221; x_wconf 77' lang='lat' dir='ltr'><strong>mansuetudinem</strong></span> 
     </span>
    </p>
   </div>
   <div class='ocr_carea' id='block_1_13' title="bbox 428 1257 2022 1328">
    <p class='ocr_par' dir='ltr' id='par_1_13' title="bbox 428 1257 2022 1328">
     <span class='ocr_line' id='line_1_13' title="bbox 428 1257 2022 1328; baseline 0 -16"><span class='ocrx_word' id='word_1_60' title='bbox 428 1265 574 1312; x_wconf 88' lang='lat' dir='ltr'><strong>tuam</strong></span> <span class='ocrx_word' id='word_1_61' title='bbox 613 1267 818 1312; x_wconf 88' lang='lat' dir='ltr'><strong>certam</strong></span> <span class='ocrx_word' id='word_1_62' title='bbox 869 1257 1154 1312; x_wconf 84' lang='lat' dir='ltr'><strong>redderem</strong></span> <span class='ocrx_word' id='word_1_63' title='bbox 1194 1257 1370 1328; x_wconf 79' lang='lat' dir='ltr'><strong>(cujus</strong></span> <span class='ocrx_word' id='word_1_64' title='bbox 1415 1259 1493 1312; x_wconf 86' lang='lat' dir='ltr'><strong>rei</strong></span> <span class='ocrx_word' id='word_1_65' title='bbox 1534 1257 1824 1328; x_wconf 88' lang='lat' dir='ltr'><strong>benignum</strong></span> <span class='ocrx_word' id='word_1_66' title='bbox 1854 1257 2022 1312; x_wconf 88' lang='lat' dir='ltr'><strong>Deum</strong></span> 
     </span>
    </p>
   </div>
   <div class='ocr_carea' id='block_1_14' title="bbox 427 1351 2021 1422">
    <p class='ocr_par' dir='ltr' id='par_1_14' title="bbox 427 1351 2021 1422">
     <span class='ocr_line' id='line_1_14' title="bbox 427 1351 2021 1422; baseline 0.001 -16"><span class='ocrx_word' id='word_1_67' title='bbox 427 1361 616 1407; x_wconf 89' lang='lat' dir='ltr'><strong>testem</strong></span> <span class='ocrx_word' id='word_1_68' title='bbox 661 1351 935 1422; x_wconf 90' lang='lat' dir='ltr'><strong>imploro),</strong></span> <span class='ocrx_word' id='word_1_69' title='bbox 986 1368 1071 1407; x_wconf 92' lang='lat' dir='ltr'><strong>me</strong></span> <span class='ocrx_word' id='word_1_70' title='bbox 1118 1352 1251 1408; x_wconf 79' lang='lat' dir='ltr'><strong>nihil</strong></span> <span class='ocrx_word' id='word_1_71' title='bbox 1299 1368 1486 1408; x_wconf 91' lang='lat' dir='ltr'><strong>eorum</strong></span> <span class='ocrx_word' id='word_1_72' title='bbox 1536 1355 1812 1422; x_wconf 84' lang='lat' dir='ltr'><strong>cognitum</strong></span> <span class='ocrx_word' id='word_1_73' title='bbox 1861 1364 1887 1390; x_wconf 71' lang='grc' dir='ltr'><strong>ἰ</strong></span> <span class='ocrx_word' id='word_1_74' title='bbox 1929 1354 2021 1408; x_wconf 84' lang='lat' dir='ltr'><strong>Ita-</strong></span> 
     </span>
    </p>
   </div>
   <div class='ocr_carea' id='block_1_15' title="bbox 425 1443 2020 1514">
    <p class='ocr_par' dir='ltr' id='par_1_15' title="bbox 425 1443 2020 1514">
     <span class='ocr_line' id='line_1_15' title="bbox 425 1443 2020 1514; baseline 0 -16"><span class='ocrx_word' id='word_1_75' title='bbox 425 1443 628 1508; x_wconf 90' lang='lat' dir='ltr'><strong>buisse,</strong></span> <span class='ocrx_word' id='word_1_76' title='bbox 679 1459 799 1514; x_wconf 82' lang='lat' dir='ltr'><strong>quae</strong></span> <span class='ocrx_word' id='word_1_77' title='bbox 839 1445 1039 1499; x_wconf 84' lang='lat' dir='ltr'><strong>nostris</strong></span> <span class='ocrx_word' id='word_1_78' title='bbox 1083 1445 1414 1500; x_wconf 83' lang='lat' dir='ltr'><strong>antistitibus</strong></span> <span class='ocrx_word' id='word_1_79' title='bbox 1452 1445 1765 1501; x_wconf 84' lang='lat' dir='ltr'><strong>et&#39;clericis</strong></span> <span class='ocrx_word' id='word_1_80' title='bbox 1800 1443 2020 1500; x_wconf 88' lang='lat' dir='ltr'><strong>accide-</strong></span> 
     </span>
    </p>
   </div>
   <div class='ocr_carea' id='block_1_16' title="bbox 423 1536 2020 1608">
    <p class='ocr_par' dir='ltr' id='par_1_16' title="bbox 423 1536 2020 1608">
     <span class='ocr_line' id='line_1_16' title="bbox 423 1536 2020 1608; baseline 0.001 -18"><span class='ocrx_word' id='word_1_81' title='bbox 423 1545 571 1602; x_wconf 90' lang='lat' dir='ltr'><strong>runt,</strong></span> <span class='ocrx_word' id='word_1_82' title='bbox 615 1546 671 1590; x_wconf 92' lang='lat' dir='ltr'><strong>et</strong></span> <span class='ocrx_word' id='word_1_83' title='bbox 712 1537 1077 1591; x_wconf 81' lang='lat' dir='ltr'><strong>damnationis</strong></span> <span class='ocrx_word' id='word_1_84' title='bbox 1115 1536 1142 1574; x_wconf 74' lang='grc' dir='ltr'>ι»</span> <span class='ocrx_word' id='word_1_85' title='bbox 1183 1553 1374 1593; x_wconf 91' lang='lat' dir='ltr'><strong>eorum</strong></span> <span class='ocrx_word' id='word_1_86' title='bbox 1420 1553 1642 1608; x_wconf 90' lang='lat' dir='ltr'><strong>prorsus</strong></span> <span class='ocrx_word' id='word_1_87' title='bbox 1675 1551 1799 1593; x_wconf 89' lang='lat' dir='ltr'><strong>esse</strong></span> <span class='ocrx_word' id='word_1_88' title='bbox 1830 1538 2020 1592; x_wconf 92' lang='lat' dir='ltr'><strong>inson-</strong></span> 
     </span>
    </p>
   </div>
   <div class='ocr_carea' id='block_1_17' title="bbox 425 1627 2020 1697">
    <p class='ocr_par' dir='ltr' id='par_1_17' title="bbox 425 1627 2020 1697">
     <span class='ocr_line' id='line_1_17' title="bbox 425 1627 2020 1697; baseline 0.001 -15"><span class='ocrx_word' id='word_1_89' title='bbox 425 1633 554 1682; x_wconf 88' lang='lat' dir='ltr'><strong>tem.</strong></span> <span class='ocrx_word' id='word_1_90' title='bbox 599 1627 734 1682; x_wconf 89' lang='lat' dir='ltr'><strong>Cum</strong></span> <span class='ocrx_word' id='word_1_91' title='bbox 763 1628 908 1682; x_wconf 91' lang='lat' dir='ltr'><strong>enim</strong></span> <span class='ocrx_word' id='word_1_92' title='bbox 938 1644 1128 1684; x_wconf 87' lang='lat' dir='ltr'><strong>eorum</strong></span> <span class='ocrx_word' id='word_1_93' title='bbox 1157 1632 1536 1685; x_wconf 91' lang='lat' dir='ltr'><strong>communione</strong></span> <span class='ocrx_word' id='word_1_94' title='bbox 1571 1642 1592 1670; x_wconf 75' lang='grc' dir='ltr'><strong>ε</strong></span> <span class='ocrx_word' id='word_1_95' title='bbox 1627 1631 1726 1685; x_wconf 92' lang='lat' dir='ltr'><strong>sim</strong></span> <span class='ocrx_word' id='word_1_96' title='bbox 1759 1645 1909 1697; x_wconf 91' lang='lat' dir='ltr'><strong>usus,</strong></span> <span class='ocrx_word' id='word_1_97' title='bbox 1943 1633 2020 1685; x_wconf 88' lang='lat' dir='ltr'><strong>ni-</strong></span> 
     </span>
    </p>
   </div>
   <div class='ocr_carea' id='block_1_18' title="bbox 423 1718 2019 1794">
    <p class='ocr_par' dir='ltr' id='par_1_18' title="bbox 423 1718 2019 1794">
     <span class='ocr_line' id='line_1_18' title="bbox 423 1718 2019 1794; baseline 0.002 -21"><span class='ocrx_word' id='word_1_98' title='bbox 423 1718 497 1776; x_wconf 87' lang='lat' dir='ltr'><strong>hil</strong></span> <span class='ocrx_word' id='word_1_99' title='bbox 540 1734 718 1774; x_wconf 74' lang='lat' dir='ltr'><strong>causa:</strong></span> <span class='ocrx_word' id='word_1_100' title='bbox 762 1731 880 1775; x_wconf 84' lang='lat' dir='ltr'><strong>erat</strong></span> <span class='ocrx_word' id='word_1_101' title='bbox 928 1737 1026 1776; x_wconf 90' lang='lat' dir='ltr'><strong>cur</strong></span> <span class='ocrx_word' id='word_1_102' title='bbox 1077 1738 1170 1777; x_wconf 89' lang='lat' dir='ltr'><strong>eos</strong></span> <span class='ocrx_word' id='word_1_103' title='bbox 1201 1722 1523 1794; x_wconf 83' lang='lat' dir='ltr'><strong>afﬂigercm.</strong></span> <span class='ocrx_word' id='word_1_104' title='bbox 1554 1725 1705 1790; x_wconf 69' lang='lat' dir='ltr'><strong>Quod</strong></span> <span class='ocrx_word' id='word_1_105' title='bbox 1737 1734 1918 1778; x_wconf 88' lang='lat' dir='ltr'><strong>autem</strong></span> <span class='ocrx_word' id='word_1_106' title='bbox 1952 1723 2019 1777; x_wconf 87' lang='lat' dir='ltr'><strong>ad</strong></span> 
     </span>
    </p>
   </div>
   <div class='ocr_carea' id='block_1_19' title="bbox 425 1811 2024 1881">
    <p class='ocr_par' dir='ltr' id='par_1_19' title="bbox 425 1811 2024 1881">
     <span class='ocr_line' id='line_1_19' title="bbox 425 1811 2024 1881; baseline 0.004 -14"><span class='ocrx_word' id='word_1_107' title='bbox 425 1811 585 1868; x_wconf 84' lang='lat' dir='ltr'><strong>filiam</strong></span> <span class='ocrx_word' id='word_1_108' title='bbox 633 1825 776 1868; x_wconf 91' lang='lat' dir='ltr'><strong>tuam</strong></span> <span class='ocrx_word' id='word_1_109' title='bbox 820 1814 1118 1870; x_wconf 80' lang='lat' dir='ltr'><strong>Eudoxiam</strong></span> <span class='ocrx_word' id='word_1_110' title='bbox 1159 1819 1372 1881; x_wconf 85' lang='lat' dir='ltr'><strong>attinet,</strong></span> <span class='ocrx_word' id='word_1_111' title='bbox 1420 1819 1556 1873; x_wconf 91' lang='lat' dir='ltr'><strong>scito</strong></span> <span class='ocrx_word' id='word_1_112' title='bbox 1597 1833 1683 1873; x_wconf 90' lang='lat' dir='ltr'><strong>me</strong></span> <span class='ocrx_word' id='word_1_113' title='bbox 1729 1818 1869 1872; x_wconf 83' lang='lat' dir='ltr'><strong>haud</strong></span> <span class='ocrx_word' id='word_1_114' title='bbox 1912 1834 2024 1874; x_wconf 91' lang='lat' dir='ltr'><strong>me-</strong></span> 
     </span>
    </p>
   </div>
   <div class='ocr_carea' id='block_1_20' title="bbox 422 1905 2016 1981">
    <p class='ocr_par' dir='ltr' id='par_1_20' title="bbox 422 1905 2016 1981">
     <span class='ocr_line' id='line_1_20' title="bbox 422 1905 2016 1981; baseline 0.004 -21"><span class='ocrx_word' id='word_1_115' title='bbox 422 1905 638 1960; x_wconf 87' lang='lat' dir='ltr'><strong>diocres</strong></span> <span class='ocrx_word' id='word_1_116' title='bbox 674 1906 744 1961; x_wconf 89' lang='lat' dir='ltr'><strong>ab</strong></span> <span class='ocrx_word' id='word_1_117' title='bbox 792 1923 851 1962; x_wconf 89' lang='lat' dir='ltr'><strong>ea</strong></span> <span class='ocrx_word' id='word_1_118' title='bbox 895 1922 997 1978; x_wconf 88' lang='lat' dir='ltr'><strong>pro</strong></span> <span class='ocrx_word' id='word_1_119' title='bbox 1036 1909 1247 1963; x_wconf 84' lang='lat' dir='ltr'><strong>ratione</strong></span> <span class='ocrx_word' id='word_1_120' title='bbox 1294 1910 1475 1965; x_wconf 80' lang='lat' dir='ltr'><strong>delicti</strong></span> <span class='ocrx_word' id='word_1_121' title='bbox 1518 1926 1704 1980; x_wconf 70' lang='lat' dir='ltr'><strong>poenas</strong></span> <span class='ocrx_word' id='word_1_122' title='bbox 1745 1913 2016 1981; x_wconf 75' lang='lat' dir='ltr'><strong>exegisse,</strong></span> 
     </span>
    </p>
   </div>
   <div class='ocr_carea' id='block_1_21' title="bbox 423 1999 2022 2077">
    <p class='ocr_par' dir='ltr' id='par_1_21' title="bbox 423 1999 2022 2077">
     <span class='ocr_line' id='line_1_21' title="bbox 423 1999 2022 2077; baseline 0.004 -22"><span class='ocrx_word' id='word_1_123' title='bbox 423 1999 498 2055; x_wconf 88' lang='lat' dir='ltr'><strong>ita</strong></span> <span class='ocrx_word' id='word_1_124' title='bbox 535 2009 593 2055; x_wconf 92' lang='lat' dir='ltr'><strong>ut</strong></span> <span class='ocrx_word' id='word_1_125' title='bbox 635 2016 745 2070; x_wconf 67' lang='lat' dir='ltr'><strong>pra:</strong></span> <span class='ocrx_word' id='word_1_126' title='bbox 791 2001 1104 2072; x_wconf 90' lang='lat' dir='ltr'><strong>bujusmodi</strong></span> <span class='ocrx_word' id='word_1_127' title='bbox 1152 2019 1387 2060; x_wconf 78' lang='lat' dir='ltr'><strong>mmrore</strong></span> <span class='ocrx_word' id='word_1_128' title='bbox 1422 2016 1475 2060; x_wconf 90' lang='lat' dir='ltr'><strong>et</strong></span> <span class='ocrx_word' id='word_1_129' title='bbox 1505 2011 1778 2077; x_wconf 82' lang='lat' dir='ltr'><strong>angustia,</strong></span> <span class='ocrx_word' id='word_1_130' title='bbox 1807 2006 2022 2077; x_wconf 81' lang='lat' dir='ltr'><strong>gravis-</strong></span> 
     </span>
    </p>
   </div>
   <div class='ocr_carea' id='block_1_22' title="bbox 422 2092 2023 2163">
    <p class='ocr_par' dir='ltr' id='par_1_22' title="bbox 422 2092 2023 2163">
     <span class='ocr_line' id='line_1_22' title="bbox 422 2092 2023 2163; baseline 0.004 -17"><span class='ocrx_word' id='word_1_131' title='bbox 422 2092 563 2147; x_wconf 91' lang='lat' dir='ltr'><strong>simo</strong></span> <span class='ocrx_word' id='word_1_132' title='bbox 607 2102 859 2163; x_wconf 89' lang='lat' dir='ltr'><strong>correpta</strong></span> <span class='ocrx_word' id='word_1_133' title='bbox 903 2095 1095 2149; x_wconf 91' lang='lat' dir='ltr'><strong>morbo</strong></span> <span class='ocrx_word' id='word_1_134' title='bbox 1136 2095 1442 2150; x_wconf 88' lang='lat' dir='ltr'><strong>decumbat.</strong></span> <span class='ocrx_word' id='word_1_135' title='bbox 1483 2093 1752 2152; x_wconf 64' lang='lat' dir='ltr'><strong>Caeterum</strong></span> <span class='ocrx_word' id='word_1_136' title='bbox 1795 2097 2023 2152; x_wconf 90' lang='lat' dir='ltr'><strong>obsecro</strong></span> 
     </span>
    </p>
   </div>
   <div class='ocr_carea' id='block_1_23' title="bbox 423 2185 2021 2261">
    <p class='ocr_par' dir='ltr' id='par_1_23' title="bbox 423 2185 2021 2261">
     <span class='ocr_line' id='line_1_23' title="bbox 423 2185 2021 2261; baseline 0.004 -23"><span class='ocrx_word' id='word_1_137' title='bbox 423 2193 480 2238; x_wconf 93' lang='lat' dir='ltr'><strong>ut</strong></span> <span class='ocrx_word' id='word_1_138' title='bbox 510 2199 612 2238; x_wconf 91' lang='lat' dir='ltr'><strong>nos</strong></span> <span class='ocrx_word' id='word_1_139' title='bbox 637 2199 666 2237; x_wconf 91' lang='lat' dir='ltr'><strong>a</strong></span> <span class='ocrx_word' id='word_1_140' title='bbox 696 2185 1071 2256; x_wconf 75' lang='lat' dir='ltr'><strong>segregatione</strong></span> <span class='ocrx_word' id='word_1_141' title='bbox 1102 2186 1325 2253; x_wconf 88' lang='lat' dir='ltr'><strong>liberes,</strong></span> <span class='ocrx_word' id='word_1_142' title='bbox 1351 2203 1413 2242; x_wconf 90' lang='lat' dir='ltr'><strong>ac</strong></span> <span class='ocrx_word' id='word_1_143' title='bbox 1438 2203 1505 2243; x_wconf 92' lang='lat' dir='ltr'><strong>ne</strong></span> <span class='ocrx_word' id='word_1_144' title='bbox 1535 2189 1904 2260; x_wconf 87' lang='lat' dir='ltr'><strong>multipliciter</strong></span> <span class='ocrx_word' id='word_1_145' title='bbox 1927 2205 2021 2261; x_wconf 84' lang='lat' dir='ltr'><strong>pu-</strong></span> 
     </span>
    </p>
   </div>
   <div class='ocr_carea' id='block_1_24' title="bbox 423 2275 2022 2348">
    <p class='ocr_par' dir='ltr' id='par_1_24' title="bbox 423 2275 2022 2348">
     <span class='ocr_line' id='line_1_24' title="bbox 423 2275 2022 2348; baseline 0.004 -18"><span class='ocrx_word' id='word_1_146' title='bbox 423 2275 566 2330; x_wconf 84' lang='lat' dir='ltr'><strong>nias.</strong></span> <span class='ocrx_word' id='word_1_147' title='bbox 594 2275 706 2331; x_wconf 84' lang='lat' dir='ltr'><strong>Nec</strong></span> <span class='ocrx_word' id='word_1_148' title='bbox 757 2279 903 2332; x_wconf 87' lang='lat' dir='ltr'><strong>enim</strong></span> <span class='ocrx_word' id='word_1_149' title='bbox 945 2279 1062 2348; x_wconf 93' lang='lat' dir='ltr'><strong>ipse</strong></span> <span class='ocrx_word' id='word_1_150' title='bbox 1098 2279 1354 2334; x_wconf 73' lang='lat' dir='ltr'><strong>Dominus</strong></span> <span class='ocrx_word' id='word_1_151' title='bbox 1387 2282 1467 2335; x_wconf 89' lang='lat' dir='ltr'><strong>bis</strong></span> <span class='ocrx_word' id='word_1_152' title='bbox 1491 2282 1561 2336; x_wconf 91' lang='lat' dir='ltr'><strong>ob</strong></span> <span class='ocrx_word' id='word_1_153' title='bbox 1590 2281 1734 2337; x_wconf 90' lang='lat' dir='ltr'><strong>idem</strong></span> <span class='ocrx_word' id='word_1_154' title='bbox 1764 2282 2022 2338; x_wconf 85' lang='lat' dir='ltr'><strong>delictum</strong></span> 
     </span>
    </p>
   </div>
   <div class='ocr_carea' id='block_1_25' title="bbox 424 2368 1060 2441">
    <p class='ocr_par' dir='ltr' id='par_1_25' title="bbox 424 2368 1060 2441">
     <span class='ocr_line' id='line_1_25' title="bbox 424 2368 1060 2441; baseline 0.005 -19"><span class='ocrx_word' id='word_1_155' title='bbox 424 2368 659 2438; x_wconf 85' lang='lat' dir='ltr'><strong>percutit</strong></span> <span class='ocrx_word' id='word_1_156' title='bbox 688 2369 886 2441; x_wconf 83' lang='lat' dir='ltr'><strong>(Naum</strong></span> <span class='ocrx_word' id='word_1_157' title='bbox 912 2385 952 2437; x_wconf 83' lang='grc' dir='ltr'>ι,</span> <span class='ocrx_word' id='word_1_158' title='bbox 982 2370 1060 2440; x_wconf 88' lang='grc'><strong>9).</strong></span> 
     </span>
    </p>
   </div>
   <div class='ocr_carea' id='block_1_26' title="bbox 903 2507 1545 2566">
    <p class='ocr_par' dir='ltr' id='par_1_26' title="bbox 903 2507 1545 2566">
     <span class='ocr_line' id='line_1_26' title="bbox 903 2507 1545 2566; baseline 0.003 -3"><span class='ocrx_word' id='word_1_159' title='bbox 903 2507 1334 2566; x_wconf 77' lang='lat' dir='ltr'><strong>EPISTOLA</strong></span> <span class='ocrx_word' id='word_1_160' title='bbox 1384 2510 1406 2547; x_wconf 72' lang='grc' dir='ltr'><strong>ά</strong></span> <span class='ocrx_word' id='word_1_161' title='bbox 1462 2511 1545 2566; x_wconf 86' lang='lat' dir='ltr'><strong>Ill.</strong></span> 
     </span>
    </p>
   </div>
   <div class='ocr_carea' id='block_1_27' title="bbox 531 2659 1907 2704">
    <p class='ocr_par' dir='ltr' id='par_1_27' title="bbox 531 2659 1907 2704">
     <span class='ocr_line' id='line_1_27' title="bbox 531 2659 1907 2704; baseline 0.003 -4"><span class='ocrx_word' id='word_1_162' title='bbox 531 2659 742 2701; x_wconf 74' lang='lat' dir='ltr'><strong>ABCADII</strong></span> <span class='ocrx_word' id='word_1_163' title='bbox 780 2660 1138 2701; x_wconf 69' lang='lat' dir='ltr'><strong>IIPERATORIS</strong></span> <span class='ocrx_word' id='word_1_164' title='bbox 1192 2663 1258 2701; x_wconf 74' lang='lat' dir='ltr'><strong>AD</strong></span> <span class='ocrx_word' id='word_1_165' title='bbox 1310 2661 1674 2703; x_wconf 68' lang='lat' dir='ltr'><strong>INNOCENTIUM</strong></span> <span class='ocrx_word' id='word_1_166' title='bbox 1713 2664 1907 2704; x_wconf 74' lang='grc' dir='ltr'><strong>ΡΔΡΔΙ.</strong></span> 
     </span>
    </p>
   </div>
   <div class='ocr_carea' id='block_1_28' title="bbox 424 2761 2016 2834">
    <p class='ocr_par' dir='ltr' id='par_1_28' title="bbox 424 2761 2016 2834">
     <span class='ocr_line' id='line_1_28' title="bbox 424 2761 2016 2834; baseline 0.002 -19"><span class='ocrx_word' id='word_1_167' title='bbox 424 2761 497 2816; x_wconf 86' lang='lat' dir='ltr'><strong>Se</strong></span> <span class='ocrx_word' id='word_1_168' title='bbox 523 2762 778 2816; x_wconf 77' lang='lat' dir='ltr'><strong>insontem</strong></span> <span class='ocrx_word' id='word_1_169' title='bbox 801 2777 911 2816; x_wconf 78' lang='lat' dir='ltr'><strong>esse</strong></span> <span class='ocrx_word' id='word_1_170' title='bbox 945 2777 1122 2815; x_wconf 87' lang='lat' dir='ltr'><strong>eorum</strong></span> <span class='ocrx_word' id='word_1_171' title='bbox 1151 2778 1266 2834; x_wconf 76' lang='lat' dir='ltr'><strong>qua:</strong></span> <span class='ocrx_word' id='word_1_172' title='bbox 1302 2763 1354 2816; x_wconf 86' lang='lat' dir='ltr'><strong>in</strong></span> <span class='ocrx_word' id='word_1_173' title='bbox 1385 2764 1580 2834; x_wconf 82' lang='lat' dir='ltr'><strong>legatos</strong></span> <span class='ocrx_word' id='word_1_174' title='bbox 1619 2764 1782 2833; x_wconf 80' lang='lat' dir='ltr'><strong>ipsius</strong></span> <span class='ocrx_word' id='word_1_175' title='bbox 1829 2774 1919 2817; x_wconf 88' lang='lat' dir='ltr'><strong>aut</strong></span> <span class='ocrx_word' id='word_1_176' title='bbox 1964 2765 2016 2819; x_wconf 89' lang='lat' dir='ltr'><strong>in</strong></span> 
     </span>
    </p>
   </div>
   <div class='ocr_carea' id='block_1_29' title="bbox 492 2853 2016 2924">
    <p class='ocr_par' dir='ltr' id='par_1_29' title="bbox 492 2853 2016 2924">
     <span class='ocr_line' id='line_1_29' title="bbox 492 2853 2016 2924; baseline 0.002 -16"><span class='ocrx_word' id='word_1_177' title='bbox 492 2853 752 2910; x_wconf 77' lang='lat' dir='ltr'><strong>Joannem</strong></span> <span class='ocrx_word' id='word_1_178' title='bbox 793 2856 1022 2910; x_wconf 77' lang='lat' dir='ltr'><strong>admissa</strong></span> <span class='ocrx_word' id='word_1_179' title='bbox 1053 2865 1195 2923; x_wconf 80' lang='lat' dir='ltr'><strong>sunt,</strong></span> <span class='ocrx_word' id='word_1_180' title='bbox 1221 2872 1397 2909; x_wconf 80' lang='lat' dir='ltr'><strong>eorum</strong></span> <span class='ocrx_word' id='word_1_181' title='bbox 1439 2866 1673 2910; x_wconf 75' lang='lat' dir='ltr'><strong>auctores</strong></span> <span class='ocrx_word' id='word_1_182' title='bbox 1703 2873 1733 2909; x_wconf 86' lang='grc' dir='ltr'><strong>α</strong></span> <span class='ocrx_word' id='word_1_183' title='bbox 1779 2875 1830 2914; x_wconf 84' lang='lat' dir='ltr'><strong>se</strong></span> <span class='ocrx_word' id='word_1_184' title='bbox 1855 2859 2016 2924; x_wconf 82' lang='lat' dir='ltr'><strong>puni-</strong></span> 
     </span>
    </p>
   </div>
   <div class='ocr_carea' id='block_1_30' title="bbox 497 2949 2019 3023">
    <p class='ocr_par' dir='ltr' id='par_1_30' title="bbox 497 2949 2019 3023">
     <span class='ocr_line' id='line_1_30' title="bbox 497 2949 2019 3023; baseline 0.002 -21"><span class='ocrx_word' id='word_1_185' title='bbox 497 2960 594 3003; x_wconf 82' lang='lat' dir='ltr'><strong>tos.</strong></span> <span class='ocrx_word' id='word_1_186' title='bbox 621 2949 861 3021; x_wconf 79' lang='lat' dir='ltr'><strong>Adeoque</strong></span> <span class='ocrx_word' id='word_1_187' title='bbox 885 2950 1080 3004; x_wconf 66' lang='lat' dir='ltr'><strong>relaxet</strong></span> <span class='ocrx_word' id='word_1_188' title='bbox 1099 2951 1430 3012; x_wconf 70' lang='lat' dir='ltr'><strong>sententiam,</strong></span> <span class='ocrx_word' id='word_1_189' title='bbox 1453 2967 1552 3021; x_wconf 83' lang='lat' dir='ltr'><strong>qua</strong></span> <span class='ocrx_word' id='word_1_190' title='bbox 1575 2966 1627 3004; x_wconf 84' lang='lat' dir='ltr'><strong>se</strong></span> <span class='ocrx_word' id='word_1_191' title='bbox 1652 2966 1769 3003; x_wconf 86' lang='lat' dir='ltr'><strong>cum</strong></span> <span class='ocrx_word' id='word_1_192' title='bbox 1800 2955 2019 3023; x_wconf 72' lang='lat' dir='ltr'><strong>conjuge</strong></span> 
     </span>
    </p>
   </div>
   <div class='ocr_carea' id='block_1_31' title="bbox 495 3043 1186 3112">
    <p class='ocr_par' dir='ltr' id='par_1_31' title="bbox 495 3043 1186 3112">
     <span class='ocr_line' id='line_1_31' title="bbox 495 3043 1186 3112; baseline 0 -17"><span class='ocrx_word' id='word_1_193' title='bbox 495 3060 524 3095; x_wconf 82' lang='lat' dir='ltr'><strong>tt</strong></span> <span class='ocrx_word' id='word_1_194' title='bbox 552 3043 714 3097; x_wconf 73' lang='lat' dir='ltr'><strong>sacris</strong></span> <span class='ocrx_word' id='word_1_195' title='bbox 741 3043 1001 3112; x_wconf 80' lang='lat' dir='ltr'><strong>mysteriis</strong></span> <span class='ocrx_word' id='word_1_196' title='bbox 1029 3054 1186 3098; x_wconf 76' lang='lat' dir='ltr'><strong>arcet.</strong></span> 
     </span>
    </p>
   </div>
   <div class='ocr_carea' id='block_1_32' title="bbox 493 3179 2017 3253">
    <p class='ocr_par' dir='ltr' id='par_1_32' title="bbox 493 3179 2017 3253">
     <span class='ocr_line' id='line_1_32' title="bbox 493 3179 2017 3253; baseline -0.001 -17"><span class='ocrx_word' id='word_1_197' title='bbox 493 3180 751 3249; x_wconf 89' lang='lat' dir='ltr'><strong>Omnino,</strong></span> <span class='ocrx_word' id='word_1_198' title='bbox 787 3195 820 3233; x_wconf 91' lang='lat' dir='ltr'><strong>o</strong></span> <span class='ocrx_word' id='word_1_199' title='bbox 860 3179 1108 3250; x_wconf 84' lang='lat' dir='ltr'><strong>pontifex</strong></span> <span class='ocrx_word' id='word_1_200' title='bbox 1149 3181 1270 3251; x_wconf 87' lang='lat' dir='ltr'><strong>Dei,</strong></span> <span class='ocrx_word' id='word_1_201' title='bbox 1307 3181 1664 3252; x_wconf 79' lang='lat' dir='ltr'><strong>nequidquam</strong></span> <span class='ocrx_word' id='word_1_202' title='bbox 1707 3179 1912 3253; x_wconf 74' lang='lat' dir='ltr'><strong>[Forte</strong></span> <span class='ocrx_word' id='word_1_203' title='bbox 1944 3182 2017 3235; x_wconf 92' lang='lat' dir='ltr'><strong>uil</strong></span> 
     </span>
    </p>
   </div>
   <div class='ocr_carea' id='block_1_33' title="bbox 423 3271 2018 3345">
    <p class='ocr_par' dir='ltr' id='par_1_33' title="bbox 423 3271 2018 3345">
     <span class='ocr_line' id='line_1_33' title="bbox 423 3271 2018 3345; baseline 0.003 -21"><span class='ocrx_word' id='word_1_204' title='bbox 423 3271 759 3345; x_wconf 88' lang='lat' dir='ltr'><strong>quidquam]</strong></span> <span class='ocrx_word' id='word_1_205' title='bbox 811 3289 998 3328; x_wconf 90' lang='lat' dir='ltr'><strong>eorum</strong></span> <span class='ocrx_word' id='word_1_206' title='bbox 1023 3317 1037 3338; x_wconf 92' lang='lat'><strong>,</strong></span> <span class='ocrx_word' id='word_1_207' title='bbox 1073 3291 1178 3342; x_wconf 87' lang='lat' dir='ltr'><strong>que</strong></span> <span class='ocrx_word' id='word_1_208' title='bbox 1211 3275 1263 3328; x_wconf 90' lang='lat' dir='ltr'><strong>in</strong></span> <span class='ocrx_word' id='word_1_209' title='bbox 1305 3275 1513 3344; x_wconf 80' lang='lat' dir='ltr'><strong>legatos</strong></span> <span class='ocrx_word' id='word_1_210' title='bbox 1549 3285 1570 3312; x_wconf 79' lang='grc' dir='ltr'>ο</span> <span class='ocrx_word' id='word_1_211' title='bbox 1604 3276 1863 3329; x_wconf 89' lang='lat' dir='ltr'><strong>audacter</strong></span> <span class='ocrx_word' id='word_1_212' title='bbox 1898 3290 2018 3344; x_wconf 90' lang='lat' dir='ltr'><strong>per-</strong></span> 
     </span>
    </p>
   </div>
   <div class='ocr_carea' id='block_1_34' title="bbox 425 3363 2019 3435">
    <p class='ocr_par' dir='ltr' id='par_1_34' title="bbox 425 3363 2019 3435">
     <span class='ocr_line' id='line_1_34' title="bbox 425 3363 2019 3435; baseline 0 -17"><span class='ocrx_word' id='word_1_213' title='bbox 425 3373 634 3433; x_wconf 87' lang='lat' dir='ltr'><strong>petrata</strong></span> <span class='ocrx_word' id='word_1_214' title='bbox 667 3373 814 3433; x_wconf 88' lang='lat' dir='ltr'><strong>sunt,</strong></span> <span class='ocrx_word' id='word_1_215' title='bbox 868 3363 1078 3418; x_wconf 85' lang='lat' dir='ltr'><strong>sciente</strong></span> <span class='ocrx_word' id='word_1_216' title='bbox 1127 3380 1213 3419; x_wconf 88' lang='lat' dir='ltr'><strong>me</strong></span> <span class='ocrx_word' id='word_1_217' title='bbox 1267 3363 1462 3419; x_wconf 86' lang='lat' dir='ltr'><strong>factum</strong></span> <span class='ocrx_word' id='word_1_218' title='bbox 1495 3376 1576 3420; x_wconf 88' lang='lat' dir='ltr'><strong>est</strong></span> <span class='ocrx_word' id='word_1_219' title='bbox 1610 3384 1622 3420; x_wconf 93' lang='lat'>:</span> <span class='ocrx_word' id='word_1_220' title='bbox 1659 3366 1818 3435; x_wconf 88' lang='lat' dir='ltr'><strong>idque</strong></span> <span class='ocrx_word' id='word_1_221' title='bbox 1855 3380 1920 3420; x_wconf 81' lang='lat' dir='ltr'><strong>ex</strong></span> <span class='ocrx_word' id='word_1_222' title='bbox 1952 3380 2019 3420; x_wconf 91' lang='lat' dir='ltr'><strong>eo</strong></span> 
     </span>
    </p>
   </div>
   <div class='ocr_carea' id='block_1_35' title="bbox 2201 886 3740 975">
    <p class='ocr_par' dir='ltr' id='par_1_35' title="bbox 2201 886 3740 975">
     <span class='ocr_line' id='line_1_35' title="bbox 2201 886 3740 975; baseline 0.008 -32"><span class='ocrx_word' id='word_1_223' title='bbox 2201 886 2390 949; x_wconf 78' lang='grc' dir='ltr'><strong>Πάντες</strong></span> <span class='ocrx_word' id='word_1_224' title='bbox 2421 886 2676 965; x_wconf 79' lang='grc' dir='ltr'>ἅνθρωποι</span> <span class='ocrx_word' id='word_1_225' title='bbox 2703 887 2880 946; x_wconf 80' lang='grc' dir='ltr'>ἴσασιν</span> <span class='ocrx_word' id='word_1_226' title='bbox 2925 892 2972 945; x_wconf 75' lang='grc' dir='ltr'>οἱ</span> <span class='ocrx_word' id='word_1_227' title='bbox 3000 894 3384 968; x_wconf 73' lang='grc' dir='ltr'>εύφρονοῦντες,</span> <span class='ocrx_word' id='word_1_228' title='bbox 3424 895 3504 953; x_wconf 82' lang='grc' dir='ltr'><strong>ὅτι</strong></span> <span class='ocrx_word' id='word_1_229' title='bbox 3531 919 3630 975; x_wconf 88' lang='grc' dir='ltr'><strong>περ</strong></span> <span class='ocrx_word' id='word_1_230' title='bbox 3675 902 3740 956; x_wconf 80' lang='grc' dir='ltr'>τὰ</span> 
     </span>
    </p>
   </div>
   <div class='ocr_carea' id='block_1_36' title="bbox 2128 977 3736 1060">
    <p class='ocr_par' dir='ltr' id='par_1_36' title="bbox 2128 977 3736 1060">
     <span class='ocr_line' id='line_1_36' title="bbox 2128 977 3736 1060; baseline 0.007 -25"><span class='ocrx_word' id='word_1_231' title='bbox 2128 981 2261 1036; x_wconf 80' lang='grc' dir='ltr'>κατὰ</span> <span class='ocrx_word' id='word_1_232' title='bbox 2287 978 2494 1053; x_wconf 77' lang='grc' dir='ltr'><strong>ἄγνοιαν</strong></span> <span class='ocrx_word' id='word_1_233' title='bbox 2522 977 2780 1052; x_wconf 77' lang='grc' dir='ltr'><strong>γινόμενα.</strong></span> <span class='ocrx_word' id='word_1_234' title='bbox 2811 981 2930 1038; x_wconf 72' lang='grc' dir='ltr'>οὔτε</span> <span class='ocrx_word' id='word_1_235' title='bbox 2959 985 3090 1050; x_wconf 81' lang='grc' dir='ltr'><strong>θεὸς,</strong></span> <span class='ocrx_word' id='word_1_236' title='bbox 3118 983 3234 1042; x_wconf 73' lang='grc' dir='ltr'>οὔτε</span> <span class='ocrx_word' id='word_1_237' title='bbox 3259 987 3401 1060; x_wconf 80' lang='grc' dir='ltr'><strong>νόμοι</strong></span> <span class='ocrx_word' id='word_1_238' title='bbox 3420 988 3736 1054; x_wconf 78' lang='grc' dir='ltr'>κολάζουσιν·</span> 
     </span>
    </p>
   </div>
   <div class='ocr_carea' id='block_1_37' title="bbox 2129 1075 3739 1156">
    <p class='ocr_par' dir='ltr' id='par_1_37' title="bbox 2129 1075 3739 1156">
     <span class='ocr_line' id='line_1_37' title="bbox 2129 1075 3739 1156; baseline 0.01 -28"><span class='ocrx_word' id='word_1_239' title='bbox 2129 1075 2233 1128; x_wconf 78' lang='grc' dir='ltr'>ἀλλ’</span> <span class='ocrx_word' id='word_1_240' title='bbox 2280 1075 2394 1131; x_wconf 85' lang='grc' dir='ltr'>ούδέ</span> <span class='ocrx_word' id='word_1_241' title='bbox 2441 1099 2520 1138; x_wconf 80' lang='grc' dir='ltr'><strong>τις</strong></span> <span class='ocrx_word' id='word_1_242' title='bbox 2565 1077 2699 1154; x_wconf 83' lang='grc' dir='ltr'>ύπέρ</span> <span class='ocrx_word' id='word_1_243' title='bbox 2745 1078 2918 1154; x_wconf 81' lang='grc' dir='ltr'>ἑτέρου</span> <span class='ocrx_word' id='word_1_244' title='bbox 2968 1078 3110 1139; x_wconf 78' lang='grc' dir='ltr'>δίκην</span> <span class='ocrx_word' id='word_1_245' title='bbox 3159 1084 3547 1156; x_wconf 80' lang='grc' dir='ltr'><strong>εἰσπράττεται.</strong></span> <span class='ocrx_word' id='word_1_246' title='bbox 3589 1085 3739 1144; x_wconf 78' lang='grc' dir='ltr'>Ὀθεν</span> 
     </span>
    </p>
   </div>
   <div class='ocr_carea' id='block_1_38' title="bbox 2128 1169 3738 1252">
    <p class='ocr_par' dir='ltr' id='par_1_38' title="bbox 2128 1169 3738 1252">
     <span class='ocr_line' id='line_1_38' title="bbox 2128 1169 3738 1252; baseline 0.006 -29"><span class='ocrx_word' id='word_1_247' title='bbox 2128 1174 2293 1223; x_wconf 76' lang='grc' dir='ltr'>ταῦτα</span> <span class='ocrx_word' id='word_1_248' title='bbox 2320 1169 2551 1243; x_wconf 73' lang='grc' dir='ltr'>γέγραφα</span> <span class='ocrx_word' id='word_1_249' title='bbox 2579 1169 2911 1245; x_wconf 83' lang='grc' dir='ltr'>πληροφορῶν</span> <span class='ocrx_word' id='word_1_250' title='bbox 2949 1177 3039 1232; x_wconf 75' lang='grc' dir='ltr'><strong>τήν</strong></span> <span class='ocrx_word' id='word_1_251' title='bbox 3067 1173 3318 1248; x_wconf 79' lang='grc' dir='ltr'><strong>ὑμετέραν</strong></span> <span class='ocrx_word' id='word_1_252' title='bbox 3343 1176 3636 1252; x_wconf 73' lang='grc' dir='ltr'><strong>πρᾳότητα,</strong></span> <span class='ocrx_word' id='word_1_253' title='bbox 3669 1181 3738 1242; x_wconf 78' lang='grc' dir='ltr'><strong>ὡς</strong></span> 
     </span>
    </p>
   </div>
   <div class='ocr_carea' id='block_1_39' title="bbox 2127 1260 3737 1340">
    <p class='ocr_par' dir='ltr' id='par_1_39' title="bbox 2127 1260 3737 1340">
     <span class='ocr_line' id='line_1_39' title="bbox 2127 1260 3737 1340; baseline 0.007 -28"><span class='ocrx_word' id='word_1_254' title='bbox 2127 1260 2602 1336; x_wconf 77' lang='grc' dir='ltr'>ἐπιμαρτυροῦντος</span> <span class='ocrx_word' id='word_1_255' title='bbox 2647 1267 2738 1316; x_wconf 81' lang='grc' dir='ltr'>τοῦ</span> <span class='ocrx_word' id='word_1_256' title='bbox 2771 1261 3124 1340; x_wconf 77' lang='grc' dir='ltr'><strong>φιλανθρώπου</strong></span> <span class='ocrx_word' id='word_1_257' title='bbox 3172 1271 3334 1330; x_wconf 82' lang='grc' dir='ltr'>Θεοῦ,</span> <span class='ocrx_word' id='word_1_258' title='bbox 3365 1269 3453 1320; x_wconf 87' lang='grc' dir='ltr'>ούκ</span> <span class='ocrx_word' id='word_1_259' title='bbox 3507 1266 3663 1339; x_wconf 74' lang='grc' dir='ltr'><strong>ἔγνων</strong></span> <span class='ocrx_word' id='word_1_260' title='bbox 3687 1293 3737 1325; x_wconf 81' lang='grc' dir='ltr'>τι</span> 
     </span>
    </p>
   </div>
   <div class='ocr_carea' id='block_1_40' title="bbox 2127 1352 3734 1438">
    <p class='ocr_par' dir='ltr' id='par_1_40' title="bbox 2127 1352 3734 1438">
     <span class='ocr_line' id='line_1_40' title="bbox 2127 1352 3734 1438; baseline 0.006 -31"><span class='ocrx_word' id='word_1_261' title='bbox 2127 1357 2227 1407; x_wconf 83' lang='grc' dir='ltr'>τῶν</span> <span class='ocrx_word' id='word_1_262' title='bbox 2250 1352 2561 1422; x_wconf 81' lang='grc' dir='ltr'><strong>συμϐάντων</strong></span> <span class='ocrx_word' id='word_1_263' title='bbox 2589 1361 2703 1414; x_wconf 79' lang='grc' dir='ltr'>τοῖς</span> <span class='ocrx_word' id='word_1_264' title='bbox 2730 1356 2995 1432; x_wconf 79' lang='grc' dir='ltr'><strong>ἡμετέροις</strong></span> <span class='ocrx_word' id='word_1_265' title='bbox 3017 1358 3318 1420; x_wconf 82' lang='grc' dir='ltr'><strong>ἐπισκόποις</strong></span> <span class='ocrx_word' id='word_1_266' title='bbox 3341 1362 3424 1414; x_wconf 81' lang='grc' dir='ltr'><strong>καὶ</strong></span> <span class='ocrx_word' id='word_1_267' title='bbox 3452 1361 3734 1438; x_wconf 77' lang='grc' dir='ltr'><strong>κληρικοῑς,</strong></span> 
     </span>
    </p>
   </div>
   <div class='ocr_carea' id='block_1_41' title="bbox 2123 1444 3735 1530">
    <p class='ocr_par' dir='ltr' id='par_1_41' title="bbox 2123 1444 3735 1530">
     <span class='ocr_line' id='line_1_41' title="bbox 2123 1444 3735 1530; baseline 0.009 -35"><span class='ocrx_word' id='word_1_268' title='bbox 2123 1444 2227 1500; x_wconf 78' lang='grc' dir='ltr'>ἀλλ’</span> <span class='ocrx_word' id='word_1_269' title='bbox 2269 1445 2431 1504; x_wconf 82' lang='grc' dir='ltr'><strong>ἀθὼὁς</strong></span> <span class='ocrx_word' id='word_1_270' title='bbox 2461 1447 2563 1516; x_wconf 83' lang='grc' dir='ltr'><strong>εἰμι</strong></span> <span class='ocrx_word' id='word_1_271' title='bbox 2599 1453 2688 1501; x_wconf 81' lang='grc' dir='ltr'>τοῦ</span> <span class='ocrx_word' id='word_1_272' title='bbox 2728 1449 2973 1518; x_wconf 77' lang='grc' dir='ltr'>κρίματος</span> <span class='ocrx_word' id='word_1_273' title='bbox 3004 1451 3189 1506; x_wconf 79' lang='grc' dir='ltr'>αὐτῶν.</span> <span class='ocrx_word' id='word_1_274' title='bbox 3221 1454 3276 1505; x_wconf 80' lang='grc' dir='ltr'>εἰ</span> <span class='ocrx_word' id='word_1_275' title='bbox 3303 1455 3404 1530; x_wconf 76' lang='grc' dir='ltr'><strong>γὰρ</strong></span> <span class='ocrx_word' id='word_1_276' title='bbox 3431 1454 3564 1526; x_wconf 75' lang='grc' dir='ltr'><strong>ἥμην</strong></span> <span class='ocrx_word' id='word_1_277' title='bbox 3597 1479 3735 1529; x_wconf 82' lang='grc' dir='ltr'>συμ-</span> 
     </span>
    </p>
   </div>
   <div class='ocr_carea' id='block_1_42' title="bbox 2122 1538 3731 1615">
    <p class='ocr_par' dir='ltr' id='par_1_42' title="bbox 2122 1538 3731 1615">
     <span class='ocr_line' id='line_1_42' title="bbox 2122 1538 3731 1615; baseline 0.006 -24"><span class='ocrx_word' id='word_1_278' title='bbox 2122 1538 2348 1607; x_wconf 79' lang='grc' dir='ltr'>μέτοχος</span> <span class='ocrx_word' id='word_1_279' title='bbox 2378 1540 2564 1604; x_wconf 81' lang='grc' dir='ltr'>αὐτῶν,</span> <span class='ocrx_word' id='word_1_280' title='bbox 2608 1542 2678 1599; x_wconf 84' lang='grc' dir='ltr'><strong>εἰς</strong></span> <span class='ocrx_word' id='word_1_281' title='bbox 2715 1546 2873 1596; x_wconf 78' lang='grc' dir='ltr'>τοῦτο</span> <span class='ocrx_word' id='word_1_282' title='bbox 2915 1543 3006 1598; x_wconf 81' lang='grc' dir='ltr'><strong>οὐκ</strong></span> <span class='ocrx_word' id='word_1_283' title='bbox 3034 1538 3180 1615; x_wconf 80' lang='grc' dir='ltr'>εἶχον</span> <span class='ocrx_word' id='word_1_284' title='bbox 3215 1543 3434 1606; x_wconf 78' lang='grc' dir='ltr'>τούτους</span> <span class='ocrx_word' id='word_1_285' title='bbox 3475 1555 3731 1604; x_wconf 82' lang='grc' dir='ltr'><strong>κακῶσαι.</strong></span> 
     </span>
    </p>
   </div>
   <div class='ocr_carea' id='block_1_43' title="bbox 2123 1632 3733 1713">
    <p class='ocr_par' dir='ltr' id='par_1_43' title="bbox 2123 1632 3733 1713">
     <span class='ocr_line' id='line_1_43' title="bbox 2123 1632 3733 1713; baseline 0.007 -29"><span class='ocrx_word' id='word_1_286' title='bbox 2123 1633 2239 1706; x_wconf 77' lang='grc' dir='ltr'>Περὶ</span> <span class='ocrx_word' id='word_1_287' title='bbox 2268 1634 2352 1684; x_wconf 77' lang='grc' dir='ltr'><strong>καὶ</strong></span> <span class='ocrx_word' id='word_1_288' title='bbox 2380 1640 2472 1692; x_wconf 77' lang='grc' dir='ltr'><strong>τῆς</strong></span> <span class='ocrx_word' id='word_1_289' title='bbox 2499 1640 2595 1692; x_wconf 77' lang='grc' dir='ltr'>σῆς</span> <span class='ocrx_word' id='word_1_290' title='bbox 2626 1633 2881 1705; x_wconf 73' lang='grc' dir='ltr'>θυγατρὸς</span> <span class='ocrx_word' id='word_1_291' title='bbox 2923 1632 3161 1699; x_wconf 82' lang='grc' dir='ltr'>Εύδοξίας</span> <span class='ocrx_word' id='word_1_292' title='bbox 3190 1637 3366 1708; x_wconf 73' lang='grc' dir='ltr'><strong>γνῶθι,</strong></span> <span class='ocrx_word' id='word_1_293' title='bbox 3395 1635 3472 1693; x_wconf 83' lang='grc' dir='ltr'><strong>ὅτι</strong></span> <span class='ocrx_word' id='word_1_294' title='bbox 3501 1642 3582 1693; x_wconf 82' lang='grc' dir='ltr'><strong>καὶ</strong></span> <span class='ocrx_word' id='word_1_295' title='bbox 3607 1641 3733 1713; x_wconf 82' lang='grc' dir='ltr'>αύτῇ</span> 
     </span>
    </p>
   </div>
   <div class='ocr_carea' id='block_1_44' title="bbox 2124 1721 3733 1805">
    <p class='ocr_par' dir='ltr' id='par_1_44' title="bbox 2124 1721 3733 1805">
     <span class='ocr_line' id='line_1_44' title="bbox 2124 1721 3733 1805; baseline 0.006 -29"><span class='ocrx_word' id='word_1_296' title='bbox 2124 1721 2467 1778; x_wconf 61' lang='grc' dir='ltr'>ὼταπέδωκα</span> <span class='ocrx_word' id='word_1_297' title='bbox 2509 1725 2642 1779; x_wconf 82' lang='grc' dir='ltr'><strong>κατά</strong></span> <span class='ocrx_word' id='word_1_298' title='bbox 2682 1725 2739 1779; x_wconf 85' lang='grc' dir='ltr'>τὸ</span> <span class='ocrx_word' id='word_1_299' title='bbox 2780 1726 2989 1799; x_wconf 74' lang='grc' dir='ltr'>σφάλμα</span> <span class='ocrx_word' id='word_1_300' title='bbox 3016 1728 3176 1788; x_wconf 77' lang='grc' dir='ltr'><strong>αὐτῆς·</strong></span> <span class='ocrx_word' id='word_1_301' title='bbox 3204 1730 3260 1782; x_wconf 84' lang='grc' dir='ltr'><strong>ού</strong></span> <span class='ocrx_word' id='word_1_302' title='bbox 3288 1731 3532 1805; x_wconf 79' lang='grc' dir='ltr'><strong>μετρίως.</strong></span> <span class='ocrx_word' id='word_1_303' title='bbox 3583 1733 3651 1791; x_wconf 81' lang='grc' dir='ltr'><strong>ὡς</strong></span> <span class='ocrx_word' id='word_1_304' title='bbox 3681 1733 3733 1785; x_wconf 82' lang='grc' dir='ltr'><em>ἐκ</em></span> 
     </span>
    </p>
   </div>
   <div class='ocr_carea' id='block_1_45' title="bbox 2125 1812 3732 1898">
    <p class='ocr_par' dir='ltr' id='par_1_45' title="bbox 2125 1812 3732 1898">
     <span class='ocr_line' id='line_1_45' title="bbox 2125 1812 3732 1898; baseline 0.009 -35"><span class='ocrx_word' id='word_1_305' title='bbox 2125 1821 2216 1872; x_wconf 76' lang='grc' dir='ltr'><strong>τῆς</strong></span> <span class='ocrx_word' id='word_1_306' title='bbox 2242 1814 2484 1874; x_wconf 76' lang='grc' dir='ltr'>τοιαύτης</span> <span class='ocrx_word' id='word_1_307' title='bbox 2521 1812 2688 1874; x_wconf 81' lang='grc' dir='ltr'>λύπης</span> <span class='ocrx_word' id='word_1_308' title='bbox 2715 1818 2803 1869; x_wconf 79' lang='grc' dir='ltr'><strong>καὶ</strong></span> <span class='ocrx_word' id='word_1_309' title='bbox 2841 1816 3057 1887; x_wconf 69' lang='grc' dir='ltr'>θλίψεως</span> <span class='ocrx_word' id='word_1_310' title='bbox 3081 1818 3128 1870; x_wconf 85' lang='grc' dir='ltr'><strong>ἐν</strong></span> <span class='ocrx_word' id='word_1_311' title='bbox 3161 1819 3431 1895; x_wconf 73' lang='grc' dir='ltr'>ἀρρωστίᾳ</span> <span class='ocrx_word' id='word_1_312' title='bbox 3461 1821 3732 1898; x_wconf 77' lang='grc' dir='ltr'>βαρυτάτῃ</span> 
     </span>
    </p>
   </div>
   <div class='ocr_carea' id='block_1_46' title="bbox 2126 1906 3730 1985">
    <p class='ocr_par' dir='ltr' id='par_1_46' title="bbox 2126 1906 3730 1985">
     <span class='ocr_line' id='line_1_46' title="bbox 2126 1906 3730 1985; baseline 0.007 -29"><span class='ocrx_word' id='word_1_313' title='bbox 2126 1906 2452 1960; x_wconf 78' lang='grc' dir='ltr'>κατακεῖσθαι</span> <span class='ocrx_word' id='word_1_314' title='bbox 2479 1907 2650 1964; x_wconf 79' lang='grc' dir='ltr'>αὑτήν.</span> <span class='ocrx_word' id='word_1_315' title='bbox 2684 1908 2963 1982; x_wconf 79' lang='grc' dir='ltr'>Παρακαλῶ</span> <span class='ocrx_word' id='word_1_316' title='bbox 2989 1909 3161 1964; x_wconf 83' lang='grc' dir='ltr'>λοῖπον</span> <span class='ocrx_word' id='word_1_317' title='bbox 3179 1955 3191 1977; x_wconf 92' lang='grc'>,</span> <span class='ocrx_word' id='word_1_318' title='bbox 3221 1911 3300 1964; x_wconf 81' lang='grc' dir='ltr'><strong>ἵνα</strong></span> <span class='ocrx_word' id='word_1_319' title='bbox 3325 1917 3418 1965; x_wconf 81' lang='grc' dir='ltr'><strong>τοῦ</strong></span> <span class='ocrx_word' id='word_1_320' title='bbox 3442 1915 3730 1985; x_wconf 77' lang='grc' dir='ltr'>ἀφορισμοῦ</span> 
     </span>
    </p>
   </div>
   <div class='ocr_carea' id='block_1_47' title="bbox 2123 1995 3728 2080">
    <p class='ocr_par' dir='ltr' id='par_1_47' title="bbox 2123 1995 3728 2080">
     <span class='ocr_line' id='line_1_47' title="bbox 2123 1995 3728 2080; baseline 0.008 -33"><span class='ocrx_word' id='word_1_321' title='bbox 2123 1995 2284 2069; x_wconf 70' lang='grc' dir='ltr'>λύσῃς</span> <span class='ocrx_word' id='word_1_322' title='bbox 2311 1998 2468 2067; x_wconf 77' lang='grc' dir='ltr'><em>ἡμᾶς,</em></span> <span class='ocrx_word' id='word_1_323' title='bbox 2494 2002 2580 2053; x_wconf 82' lang='grc' dir='ltr'><strong>καὶ</strong></span> <span class='ocrx_word' id='word_1_324' title='bbox 2602 2003 2673 2069; x_wconf 83' lang='grc' dir='ltr'><strong><em>μή</em></strong></span> <span class='ocrx_word' id='word_1_325' title='bbox 2700 1997 2973 2072; x_wconf 73' lang='grc' dir='ltr'><strong>ἐκδικήσῃς</strong></span> <span class='ocrx_word' id='word_1_326' title='bbox 3003 2000 3302 2074; x_wconf 77' lang='grc' dir='ltr'>πολλαχῶς.</span> <span class='ocrx_word' id='word_1_327' title='bbox 3332 2004 3402 2058; x_wconf 81' lang='grc' dir='ltr'><strong>Ού</strong></span> <span class='ocrx_word' id='word_1_328' title='bbox 3426 2005 3523 2080; x_wconf 68' lang='grc' dir='ltr'><strong>γὰρ</strong></span> <span class='ocrx_word' id='word_1_329' title='bbox 3555 2006 3697 2060; x_wconf 84' lang='grc' dir='ltr'>πατὰ</span> <span class='ocrx_word' id='word_1_330' title='bbox 3716 2034 3728 2045; x_wconf 90' lang='grc'><strong>·</strong></span> 
     </span>
    </p>
   </div>
   <div class='ocr_carea' id='block_1_48' title="bbox 2126 2086 2873 2164">
    <p class='ocr_par' dir='ltr' id='par_1_48' title="bbox 2126 2086 2873 2164">
     <span class='ocr_line' id='line_1_48' title="bbox 2126 2086 2873 2164; baseline 0.007 -24"><span class='ocrx_word' id='word_1_331' title='bbox 2126 2087 2198 2151; x_wconf 83' lang='grc' dir='ltr'><strong>ξει</strong></span> <span class='ocrx_word' id='word_1_332' title='bbox 2229 2090 2407 2164; x_wconf 79' lang='grc' dir='ltr'>Κύριος</span> <span class='ocrx_word' id='word_1_333' title='bbox 2433 2086 2510 2149; x_wconf 82' lang='grc' dir='ltr'><strong>δὶς</strong></span> <span class='ocrx_word' id='word_1_334' title='bbox 2537 2090 2620 2144; x_wconf 82' lang='grc' dir='ltr'><strong>ἐπὶ</strong></span> <span class='ocrx_word' id='word_1_335' title='bbox 2649 2091 2706 2144; x_wconf 87' lang='grc' dir='ltr'>τὸ</span> <span class='ocrx_word' id='word_1_336' title='bbox 2731 2090 2873 2145; x_wconf 80' lang='grc' dir='ltr'>αύτό.</span> 
     </span>
    </p>
   </div>
   <div class='ocr_carea' id='block_1_49' title="bbox 2128 2434 3730 2508">
    <p class='ocr_par' dir='ltr' id='par_1_49' title="bbox 2128 2434 3730 2508">
     <span class='ocr_line' id='line_1_49' title="bbox 2128 2434 3730 2508; baseline 0.006 -22"><span class='ocrx_word' id='word_1_337' title='bbox 2128 2446 2382 2488; x_wconf 75' lang='lat' dir='ltr'><strong>assensus</strong></span> <span class='ocrx_word' id='word_1_338' title='bbox 2414 2449 2554 2490; x_wconf 73' lang='lat' dir='ltr'><strong>sum.</strong></span> <span class='ocrx_word' id='word_1_339' title='bbox 2631 2435 2749 2500; x_wconf 85' lang='lat' dir='ltr'><strong>Quo</strong></span> <span class='ocrx_word' id='word_1_340' title='bbox 2794 2434 2853 2489; x_wconf 87' lang='lat' dir='ltr'><strong>lit</strong></span> <span class='ocrx_word' id='word_1_341' title='bbox 2897 2443 2953 2488; x_wconf 92' lang='lat' dir='ltr'><strong>ut</strong></span> <span class='ocrx_word' id='word_1_342' title='bbox 2983 2435 3082 2504; x_wconf 90' lang='lat' dir='ltr'><strong>ipsi</strong></span> <span class='ocrx_word' id='word_1_343' title='bbox 3117 2437 3290 2508; x_wconf 88' lang='lat' dir='ltr'><strong>magis</strong></span> <span class='ocrx_word' id='word_1_344' title='bbox 3321 2437 3374 2491; x_wconf 91' lang='lat' dir='ltr'><strong>in</strong></span> <span class='ocrx_word' id='word_1_345' title='bbox 3419 2437 3572 2508; x_wconf 90' lang='lat' dir='ltr'><strong>culpa</strong></span> <span class='ocrx_word' id='word_1_346' title='bbox 3599 2439 3730 2495; x_wconf 89' lang='lat' dir='ltr'><strong>sint.</strong></span> 
     </span>
    </p>
   </div>
   <div class='ocr_carea' id='block_1_50' title="bbox 2129 2524 3732 2596">
    <p class='ocr_par' dir='ltr' id='par_1_50' title="bbox 2129 2524 3732 2596">
     <span class='ocr_line' id='line_1_50' title="bbox 2129 2524 3732 2596; baseline 0.004 -17"><span class='ocrx_word' id='word_1_347' title='bbox 2129 2524 2204 2579; x_wconf 77' lang='lat' dir='ltr'><strong>Ex</strong></span> <span class='ocrx_word' id='word_1_348' title='bbox 2237 2525 2434 2595; x_wconf 88' lang='lat' dir='ltr'><strong>quibus</strong></span> <span class='ocrx_word' id='word_1_349' title='bbox 2467 2535 2518 2580; x_wconf 90' lang='lat' dir='ltr'><strong>et</strong></span> <span class='ocrx_word' id='word_1_350' title='bbox 2549 2526 2641 2596; x_wconf 79' lang='lat' dir='ltr'><strong>qui</strong></span> <span class='ocrx_word' id='word_1_351' title='bbox 2670 2526 2847 2581; x_wconf 87' lang='lat' dir='ltr'><strong>adhuc</strong></span> <span class='ocrx_word' id='word_1_352' title='bbox 2881 2527 2968 2581; x_wconf 86' lang='lat' dir='ltr'><strong>hic</strong></span> <span class='ocrx_word' id='word_1_353' title='bbox 2990 2538 3230 2596; x_wconf 79' lang='lat' dir='ltr'><strong>exstant,</strong></span> <span class='ocrx_word' id='word_1_354' title='bbox 3267 2531 3524 2585; x_wconf 81' lang='lat' dir='ltr'><strong>Acacium</strong></span> <span class='ocrx_word' id='word_1_355' title='bbox 3555 2540 3609 2585; x_wconf 91' lang='lat' dir='ltr'><strong>et</strong></span> <span class='ocrx_word' id='word_1_356' title='bbox 3631 2533 3732 2586; x_wconf 89' lang='lat' dir='ltr'><strong>Se-</strong></span> 
     </span>
    </p>
   </div>
   <div class='ocr_carea' id='block_1_51' title="bbox 2127 2616 3732 2690">
    <p class='ocr_par' dir='ltr' id='par_1_51' title="bbox 2127 2616 3732 2690">
     <span class='ocr_line' id='line_1_51' title="bbox 2127 2616 3732 2690; baseline 0.006 -24"><span class='ocrx_word' id='word_1_357' title='bbox 2127 2616 2432 2684; x_wconf 76' lang='lat' dir='ltr'><strong>verianum,</strong></span> <span class='ocrx_word' id='word_1_358' title='bbox 2466 2626 2522 2672; x_wconf 89' lang='lat' dir='ltr'><strong>et</strong></span> <span class='ocrx_word' id='word_1_359' title='bbox 2551 2633 2648 2672; x_wconf 90' lang='lat' dir='ltr'><strong>eos</strong></span> <span class='ocrx_word' id='word_1_360' title='bbox 2675 2616 2766 2687; x_wconf 92' lang='lat' dir='ltr'><strong>qui</strong></span> <span class='ocrx_word' id='word_1_361' title='bbox 2798 2619 3127 2673; x_wconf 87' lang='lat' dir='ltr'><strong>sceleratum</strong></span> <span class='ocrx_word' id='word_1_362' title='bbox 3162 2619 3530 2690; x_wconf 85' lang='lat' dir='ltr'><strong>TheOpbilum</strong></span> <span class='ocrx_word' id='word_1_363' title='bbox 3555 2622 3732 2677; x_wconf 86' lang='lat' dir='ltr'><strong>secuti</strong></span> 
     </span>
    </p>
   </div>
   <div class='ocr_carea' id='block_1_52' title="bbox 2123 2711 3732 2787">
    <p class='ocr_par' dir='ltr' id='par_1_52' title="bbox 2123 2711 3732 2787">
     <span class='ocr_line' id='line_1_52' title="bbox 2123 2711 3732 2787; baseline 0.004 -24"><span class='ocrx_word' id='word_1_364' title='bbox 2123 2718 2285 2776; x_wconf 89' lang='lat' dir='ltr'><strong>sunt,</strong></span> <span class='ocrx_word' id='word_1_365' title='bbox 2332 2717 2391 2764; x_wconf 88' lang='grc' dir='ltr'><strong>ιιι</strong></span> <span class='ocrx_word' id='word_1_366' title='bbox 2435 2720 2636 2778; x_wconf 87' lang='lat' dir='ltr'><strong>quanta</strong></span> <span class='ocrx_word' id='word_1_367' title='bbox 2696 2711 2931 2765; x_wconf 79' lang='lat' dir='ltr'><strong>maxima</strong></span> <span class='ocrx_word' id='word_1_368' title='bbox 2992 2713 3295 2779; x_wconf 84' lang='lat' dir='ltr'><strong>celeritate,</strong></span> <span class='ocrx_word' id='word_1_369' title='bbox 3343 2715 3732 2787; x_wconf 87' lang='lat' dir='ltr'><strong>comprehendi</strong></span> 
     </span>
    </p>
   </div>
   <div class='ocr_carea' id='block_1_53' title="bbox 2131 2799 3734 2876">
    <p class='ocr_par' dir='ltr' id='par_1_53' title="bbox 2131 2799 3734 2876">
     <span class='ocr_line' id='line_1_53' title="bbox 2131 2799 3734 2876; baseline 0.004 -21"><span class='ocrx_word' id='word_1_370' title='bbox 2131 2799 2453 2871; x_wconf 74' lang='lat' dir='ltr'><strong>fjussimus,</strong></span> <span class='ocrx_word' id='word_1_371' title='bbox 2477 2811 2534 2858; x_wconf 93' lang='lat' dir='ltr'><strong>et</strong></span> <span class='ocrx_word' id='word_1_372' title='bbox 2561 2804 2770 2873; x_wconf 72' lang='lat' dir='ltr'><strong>ens’qui</strong></span> <span class='ocrx_word' id='word_1_373' title='bbox 2799 2804 2911 2858; x_wconf 89' lang='lat' dir='ltr'><strong>illic</strong></span> <span class='ocrx_word' id='word_1_374' title='bbox 2938 2814 3084 2871; x_wconf 91' lang='lat' dir='ltr'><strong>sunt,</strong></span> <span class='ocrx_word' id='word_1_375' title='bbox 3121 2814 3176 2858; x_wconf 94' lang='lat' dir='ltr'><strong>ut</strong></span> <span class='ocrx_word' id='word_1_376' title='bbox 3206 2820 3395 2876; x_wconf 74' lang='lat' dir='ltr'><strong>poenas</strong></span> <span class='ocrx_word' id='word_1_377' title='bbox 3421 2807 3556 2863; x_wconf 90' lang='lat' dir='ltr'><strong>dent</strong></span> <span class='ocrx_word' id='word_1_378' title='bbox 3585 2809 3734 2862; x_wconf 88' lang='lat' dir='ltr'><strong>ausi-</strong></span> 
     </span>
    </p>
   </div>
   <div class='ocr_carea' id='block_1_54' title="bbox 2123 2893 3727 2968">
    <p class='ocr_par' dir='ltr' id='par_1_54' title="bbox 2123 2893 3727 2968">
     <span class='ocr_line' id='line_1_54' title="bbox 2123 2893 3727 2968; baseline 0.005 -20"><span class='ocrx_word' id='word_1_379' title='bbox 2123 2893 2225 2948; x_wconf 87' lang='lat' dir='ltr'><strong>bus</strong></span> <span class='ocrx_word' id='word_1_380' title='bbox 2253 2895 2368 2949; x_wconf 85' lang='lat' dir='ltr'><strong>suis</strong></span> <span class='ocrx_word' id='word_1_381' title='bbox 2398 2895 2632 2950; x_wconf 84' lang='lat' dir='ltr'><strong>debilas.</strong></span> <span class='ocrx_word' id='word_1_382' title='bbox 2685 2895 2850 2952; x_wconf 75' lang='lat' dir='ltr'><strong>Nobis</strong></span> <span class='ocrx_word' id='word_1_383' title='bbox 2876 2907 3057 2951; x_wconf 87' lang='lat' dir='ltr'><strong>autem</strong></span> <span class='ocrx_word' id='word_1_384' title='bbox 3095 2899 3339 2965; x_wconf 82' lang='lat' dir='ltr'><strong>placetur</strong></span> <span class='ocrx_word' id='word_1_385' title='bbox 3367 2910 3590 2968; x_wconf 88' lang='lat' dir='ltr'><strong>paterna</strong></span> <span class='ocrx_word' id='word_1_386' title='bbox 3625 2902 3727 2956; x_wconf 80' lang='lat' dir='ltr'><strong>ltu-</strong></span> 
     </span>
    </p>
   </div>
   <div class='ocr_carea' id='block_1_55' title="bbox 2123 2988 3726 3064">
    <p class='ocr_par' dir='ltr' id='par_1_55' title="bbox 2123 2988 3726 3064">
     <span class='ocr_line' id='line_1_55' title="bbox 2123 2988 3726 3064; baseline 0.002 -22"><span class='ocrx_word' id='word_1_387' title='bbox 2123 2988 2362 3042; x_wconf 84' lang='lat' dir='ltr'><strong>manitas</strong></span> <span class='ocrx_word' id='word_1_388' title='bbox 2395 2999 2484 3042; x_wconf 87' lang='lat' dir='ltr'><strong>tua</strong></span> <span class='ocrx_word' id='word_1_389' title='bbox 2521 3005 2535 3042; x_wconf 89' lang='lat'><strong>:</strong></span> <span class='ocrx_word' id='word_1_390' title='bbox 2571 3005 2748 3060; x_wconf 89' lang='lat' dir='ltr'><strong>neque</strong></span> <span class='ocrx_word' id='word_1_391' title='bbox 2779 2990 3001 3045; x_wconf 88' lang='lat' dir='ltr'><strong>deseras</strong></span> <span class='ocrx_word' id='word_1_392' title='bbox 3025 3007 3122 3044; x_wconf 85' lang='lat' dir='ltr'><strong>nos</strong></span> <span class='ocrx_word' id='word_1_393' title='bbox 3149 3001 3404 3060; x_wconf 68' lang='lat' dir='ltr'><strong>expertes</strong></span> <span class='ocrx_word' id='word_1_394' title='bbox 3437 2994 3726 3064; x_wconf 87' lang='lat' dir='ltr'><strong>mysterio-</strong></span> 
     </span>
    </p>
   </div>
   <div class='ocr_carea' id='block_1_56' title="bbox 2121 3084 3722 3140">
    <p class='ocr_par' dir='ltr' id='par_1_56' title="bbox 2121 3084 3722 3140">
     <span class='ocr_line' id='line_1_56' title="bbox 2121 3084 3722 3140; baseline 0.002 -4"><span class='ocrx_word' id='word_1_395' title='bbox 2121 3099 2241 3137; x_wconf 91' lang='lat' dir='ltr'><strong>rttm</strong></span> <span class='ocrx_word' id='word_1_396' title='bbox 2289 3084 2870 3138; x_wconf 90' lang='lat' dir='ltr'><strong>incontaminatorum.</strong></span> <span class='ocrx_word' id='word_1_397' title='bbox 2946 3084 3097 3139; x_wconf 84' lang='lat' dir='ltr'><strong>Tunc</strong></span> <span class='ocrx_word' id='word_1_398' title='bbox 3145 3086 3310 3138; x_wconf 89' lang='lat' dir='ltr'><strong>etiam</strong></span> <span class='ocrx_word' id='word_1_399' title='bbox 3361 3085 3526 3140; x_wconf 84' lang='lat' dir='ltr'><strong>filiam</strong></span> <span class='ocrx_word' id='word_1_400' title='bbox 3576 3093 3722 3140; x_wconf 89' lang='lat' dir='ltr'><strong>tuam</strong></span> 
     </span>
    </p>
   </div>
   <div class='ocr_carea' id='block_1_57' title="bbox 2125 3175 3724 3247">
    <p class='ocr_par' dir='ltr' id='par_1_57' title="bbox 2125 3175 3724 3247">
     <span class='ocr_line' id='line_1_57' title="bbox 2125 3175 3724 3247; baseline 0.002 -18"><span class='ocrx_word' id='word_1_401' title='bbox 2125 3175 2425 3231; x_wconf 69' lang='lat' dir='ltr'><strong>Endosiam</strong></span> <span class='ocrx_word' id='word_1_402' title='bbox 2453 3192 2576 3247; x_wconf 75' lang='lat' dir='ltr'><strong>qnze</strong></span> <span class='ocrx_word' id='word_1_403' title='bbox 2599 3176 2910 3246; x_wconf 86' lang='lat' dir='ltr'><strong>peccaverit</strong></span> <span class='ocrx_word' id='word_1_404' title='bbox 2939 3178 3082 3231; x_wconf 82' lang='lat' dir='ltr'><strong>ultus</strong></span> <span class='ocrx_word' id='word_1_405' title='bbox 3121 3192 3239 3231; x_wconf 88' lang='lat' dir='ltr'><strong>sum</strong></span> <span class='ocrx_word' id='word_1_406' title='bbox 3264 3220 3278 3244; x_wconf 91' lang='lat'><strong>,</strong></span> <span class='ocrx_word' id='word_1_407' title='bbox 3311 3194 3434 3247; x_wconf 80' lang='lat' dir='ltr'><strong>quae</strong></span> <span class='ocrx_word' id='word_1_408' title='bbox 3466 3178 3628 3232; x_wconf 87' lang='lat' dir='ltr'><strong>etiam</strong></span> <span class='ocrx_word' id='word_1_409' title='bbox 3658 3193 3724 3232; x_wconf 78' lang='lat' dir='ltr'><strong>ex</strong></span> 
     </span>
    </p>
   </div>
   <div class='ocr_carea' id='block_1_58' title="bbox 2125 3268 3723 3339">
    <p class='ocr_par' dir='ltr' id='par_1_58' title="bbox 2125 3268 3723 3339">
     <span class='ocr_line' id='line_1_58' title="bbox 2125 3268 3723 3339; baseline 0.002 -17"><span class='ocrx_word' id='word_1_410' title='bbox 2125 3268 2211 3322; x_wconf 84' lang='lat' dir='ltr'><strong>bis</strong></span> <span class='ocrx_word' id='word_1_411' title='bbox 2240 3270 2566 3339; x_wconf 83' lang='lat' dir='ltr'><strong>gravissimo</strong></span> <span class='ocrx_word' id='word_1_412' title='bbox 2598 3270 2789 3323; x_wconf 92' lang='lat' dir='ltr'><strong>morbo</strong></span> <span class='ocrx_word' id='word_1_413' title='bbox 2825 3280 3077 3339; x_wconf 89' lang='lat' dir='ltr'><strong>correpta</strong></span> <span class='ocrx_word' id='word_1_414' title='bbox 3121 3271 3172 3324; x_wconf 92' lang='lat' dir='ltr'><strong>in</strong></span> <span class='ocrx_word' id='word_1_415' title='bbox 3204 3270 3405 3325; x_wconf 89' lang='lat' dir='ltr'><strong>lectulo</strong></span> <span class='ocrx_word' id='word_1_416' title='bbox 3430 3271 3723 3326; x_wconf 84' lang='lat' dir='ltr'><strong>decumbit.</strong></span> 
     </span>
    </p>
   </div>
   <div class='ocr_carea' id='block_1_59' title="bbox 2126 3364 3727 3435">
    <p class='ocr_par' dir='ltr' id='par_1_59' title="bbox 2126 3364 3727 3435">
     <span class='ocr_line' id='line_1_59' title="bbox 2126 3364 3727 3435; baseline -0.001 -14"><span class='ocrx_word' id='word_1_417' title='bbox 2126 3365 2204 3421; x_wconf 85' lang='lat' dir='ltr'><strong>Ne</strong></span> <span class='ocrx_word' id='word_1_418' title='bbox 2238 3366 2402 3435; x_wconf 76' lang='lat' dir='ltr'><strong>igitur</strong></span> <span class='ocrx_word' id='word_1_419' title='bbox 2451 3365 2654 3433; x_wconf 65' lang='lat' dir='ltr'><strong>saepius</strong></span> <span class='ocrx_word' id='word_1_420' title='bbox 2705 3380 2893 3433; x_wconf 72' lang='lat' dir='ltr'><strong>pmnas</strong></span> <span class='ocrx_word' id='word_1_421' title='bbox 2946 3381 3152 3428; x_wconf 76' lang='lat' dir='ltr'><strong>sumas,</strong></span> <span class='ocrx_word' id='word_1_422' title='bbox 3205 3382 3237 3418; x_wconf 87' lang='lat' dir='ltr'><strong>o</strong></span> <span class='ocrx_word' id='word_1_423' title='bbox 3267 3364 3727 3420; x_wconf 79' lang='lat' dir='ltr'><strong>reverendissitnc</strong></span> 
     </span>
    </p>
   </div>
   <div class='ocr_carea' id='block_1_60' title="bbox 429 3447 3727 3529">
    <p class='ocr_par' dir='ltr' id='par_1_60' title="bbox 429 3447 3727 3529">
     <span class='ocr_line' id='line_1_60' title="bbox 429 3447 3727 3529; baseline -0 -20"><span class='ocrx_word' id='word_1_424' title='bbox 429 3454 666 3525; x_wconf 86' lang='lat' dir='ltr'><strong>perspici</strong></span> <span class='ocrx_word' id='word_1_425' title='bbox 709 3464 907 3526; x_wconf 90' lang='lat' dir='ltr'><strong>potest,</strong></span> <span class='ocrx_word' id='word_1_426' title='bbox 954 3455 1099 3528; x_wconf 90' lang='lat' dir='ltr'><strong>quod</strong></span> <span class='ocrx_word' id='word_1_427' title='bbox 1150 3472 1247 3512; x_wconf 90' lang='lat' dir='ltr'><strong>eos</strong></span> <span class='ocrx_word' id='word_1_428' title='bbox 1291 3472 1319 3509; x_wconf 86' lang='lat' dir='ltr'><strong>a</strong></span> <span class='ocrx_word' id='word_1_429' title='bbox 1352 3457 1550 3526; x_wconf 90' lang='lat' dir='ltr'><strong>quibus</strong></span> <span class='ocrx_word' id='word_1_430' title='bbox 1594 3457 1689 3511; x_wconf 87' lang='lat' dir='ltr'><strong>illa</strong></span> <span class='ocrx_word' id='word_1_431' title='bbox 1718 3467 1833 3512; x_wconf 90' lang='lat' dir='ltr'><strong>orta</strong></span> <span class='ocrx_word' id='word_1_432' title='bbox 1869 3467 2014 3520; x_wconf 78' lang='lat' dir='ltr'><strong>sunt,</strong></span> <span class='ocrx_word' id='word_1_433' title='bbox 2046 3447 2090 3509; x_wconf 85' lang='lat' dir='ltr'><strong>C</strong></span> <span class='ocrx_word' id='word_1_434' title='bbox 2125 3469 2280 3529; x_wconf 88' lang='lat' dir='ltr'><strong>pater</strong></span> <span class='ocrx_word' id='word_1_435' title='bbox 2305 3476 2315 3511; x_wconf 89' lang='lat'>:</span> <span class='ocrx_word' id='word_1_436' title='bbox 2340 3473 2518 3526; x_wconf 89' lang='lat' dir='ltr'><strong>neque</strong></span> <span class='ocrx_word' id='word_1_437' title='bbox 2549 3457 2693 3510; x_wconf 92' lang='lat' dir='ltr'><strong>enim</strong></span> <span class='ocrx_word' id='word_1_438' title='bbox 2717 3457 2982 3510; x_wconf 87' lang='lat' dir='ltr'><strong>Dominus</strong></span> <span class='ocrx_word' id='word_1_439' title='bbox 3010 3455 3061 3509; x_wconf 91' lang='lat' dir='ltr'><strong>in</strong></span> <span class='ocrx_word' id='word_1_440' title='bbox 3087 3456 3278 3510; x_wconf 85' lang='lat' dir='ltr'><strong>eadem</strong></span> <span class='ocrx_word' id='word_1_441' title='bbox 3304 3457 3386 3510; x_wconf 92' lang='lat' dir='ltr'><strong>bis</strong></span> <span class='ocrx_word' id='word_1_442' title='bbox 3424 3471 3611 3521; x_wconf 57' lang='lat' dir='ltr'><strong>[ruinas</strong></span> <span class='ocrx_word' id='word_1_443' title='bbox 3639 3472 3727 3509; x_wconf 91' lang='lat' dir='ltr'><strong>su-</strong></span> 
     </span>
    </p>
   </div>
   <div class='ocr_carea' id='block_1_61' title="bbox 428 3547 2022 3620">
    <p class='ocr_par' dir='ltr' id='par_1_61' title="bbox 428 3547 2022 3620">
     <span class='ocr_line' id='line_1_61' title="bbox 428 3547 2022 3620; baseline 0 -18"><span class='ocrx_word' id='word_1_444' title='bbox 428 3560 620 3603; x_wconf 82' lang='lat' dir='ltr'><strong>severe</strong></span> <span class='ocrx_word' id='word_1_445' title='bbox 661 3547 806 3601; x_wconf 90' lang='lat' dir='ltr'><strong>ultus</strong></span> <span class='ocrx_word' id='word_1_446' title='bbox 839 3563 981 3602; x_wconf 89' lang='lat' dir='ltr'><strong>sum.</strong></span> <span class='ocrx_word' id='word_1_447' title='bbox 1041 3547 1228 3617; x_wconf 87' lang='lat' dir='ltr'><strong>Neque</strong></span> <span class='ocrx_word' id='word_1_448' title='bbox 1280 3550 1422 3618; x_wconf 88' lang='lat' dir='ltr'><strong>quod</strong></span> <span class='ocrx_word' id='word_1_449' title='bbox 1457 3564 1684 3620; x_wconf 88' lang='lat' dir='ltr'><strong>magnus</strong></span> <span class='ocrx_word' id='word_1_450' title='bbox 1737 3550 1828 3604; x_wconf 90' lang='lat' dir='ltr'><strong>ille</strong></span> <span class='ocrx_word' id='word_1_451' title='bbox 1856 3548 2022 3604; x_wconf 85' lang='lat' dir='ltr'><strong>Joan-</strong></span> 
     </span>
    </p>
   </div>
   <div class='ocr_carea' id='block_1_62' title="bbox 426 3642 2022 3712">
    <p class='ocr_par' dir='ltr' id='par_1_62' title="bbox 426 3642 2022 3712">
     <span class='ocr_line' id='line_1_62' title="bbox 426 3642 2022 3712; baseline -0.002 -15"><span class='ocrx_word' id='word_1_452' title='bbox 426 3658 523 3697; x_wconf 86' lang='lat' dir='ltr'><strong>nes</strong></span> <span class='ocrx_word' id='word_1_453' title='bbox 550 3642 828 3712; x_wconf 88' lang='lat' dir='ltr'><strong>depositus</strong></span> <span class='ocrx_word' id='word_1_454' title='bbox 858 3644 966 3710; x_wconf 87' lang='lat' dir='ltr'><strong>sit&#39;,</strong></span> <span class='ocrx_word' id='word_1_455' title='bbox 1001 3643 1122 3707; x_wconf 41' lang='lat' dir='ltr'><strong>ulla.</strong></span> <span class='ocrx_word' id='word_1_456' title='bbox 1152 3644 1204 3696; x_wconf 94' lang='lat' dir='ltr'><strong>in</strong></span> <span class='ocrx_word' id='word_1_457' title='bbox 1242 3658 1328 3698; x_wconf 90' lang='lat' dir='ltr'><strong>tne</strong></span> <span class='ocrx_word' id='word_1_458' title='bbox 1358 3644 1514 3712; x_wconf 89' lang='lat' dir='ltr'><strong>culpa</strong></span> <span class='ocrx_word' id='word_1_459' title='bbox 1547 3643 1666 3712; x_wconf 87' lang='lat' dir='ltr'><strong>ejus</strong></span> <span class='ocrx_word' id='word_1_460' title='bbox 1706 3645 1782 3697; x_wconf 88' lang='lat' dir='ltr'><strong>rei</strong></span> <span class='ocrx_word' id='word_1_461' title='bbox 1823 3643 2022 3710; x_wconf 71' lang='lat' dir='ltr'><strong>lueret,</strong></span> 
     </span>
    </p>
   </div>
   <div class='ocr_carea' id='block_1_63' title="bbox 423 3732 2022 3804">
    <p class='ocr_par' dir='ltr' id='par_1_63' title="bbox 423 3732 2022 3804">
     <span class='ocr_line' id='line_1_63' title="bbox 423 3732 2022 3804; baseline -0.001 -16"><span class='ocrx_word' id='word_1_462' title='bbox 423 3733 518 3788; x_wconf 88' lang='lat' dir='ltr'><strong>sed</strong></span> <span class='ocrx_word' id='word_1_463' title='bbox 568 3732 882 3788; x_wconf 89' lang='lat' dir='ltr'><strong>infelicibus</strong></span> <span class='ocrx_word' id='word_1_464' title='bbox 931 3733 1226 3804; x_wconf 86' lang='lat' dir='ltr'><strong>episcopis,</strong></span> <span class='ocrx_word' id='word_1_465' title='bbox 1267 3734 1409 3803; x_wconf 89' lang='lat' dir='ltr'><strong>quod</strong></span> <span class='ocrx_word' id='word_1_466' title='bbox 1440 3735 1651 3788; x_wconf 89' lang='lat' dir='ltr'><strong>scilicet</strong></span> <span class='ocrx_word' id='word_1_467' title='bbox 1679 3749 1799 3788; x_wconf 91' lang='lat' dir='ltr'><strong>cum</strong></span> <span class='ocrx_word' id='word_1_468' title='bbox 1835 3747 2022 3787; x_wconf 77' lang='lat' dir='ltr'><strong>sacras</strong></span> 
     </span>
    </p>
   </div>
   <div class='ocr_carea' id='block_1_64' title="bbox 423 3825 2022 3896">
    <p class='ocr_par' dir='ltr' id='par_1_64' title="bbox 423 3825 2022 3896">
     <span class='ocr_line' id='line_1_64' title="bbox 423 3825 2022 3896; baseline 0 -16"><span class='ocrx_word' id='word_1_469' title='bbox 423 3839 665 3880; x_wconf 86' lang='lat' dir='ltr'><strong>canones</strong></span> <span class='ocrx_word' id='word_1_470' title='bbox 698 3825 1132 3896; x_wconf 63' lang='lat' dir='ltr'><strong>prretenderenl,</strong></span> <span class='ocrx_word' id='word_1_471' title='bbox 1166 3825 1424 3895; x_wconf 84' lang='lat' dir='ltr'><strong>judicium</strong></span> <span class='ocrx_word' id='word_1_472' title='bbox 1469 3825 1829 3895; x_wconf 87' lang='lat' dir='ltr'><strong>depositionis</strong></span> <span class='ocrx_word' id='word_1_473' title='bbox 1879 3825 2022 3880; x_wconf 89' lang='lat' dir='ltr'><strong>illius</strong></span> 
     </span>
    </p>
   </div>
   <div class='ocr_carea' id='block_1_65' title="bbox 425 3918 2019 3990">
    <p class='ocr_par' dir='ltr' id='par_1_65' title="bbox 425 3918 2019 3990">
     <span class='ocr_line' id='line_1_65' title="bbox 425 3918 2019 3990; baseline 0.001 -16"><span class='ocrx_word' id='word_1_474' title='bbox 425 3919 478 3974; x_wconf 91' lang='lat' dir='ltr'><strong>in</strong></span> <span class='ocrx_word' id='word_1_475' title='bbox 523 3935 620 3974; x_wconf 87' lang='lat' dir='ltr'><strong>sua</strong></span> <span class='ocrx_word' id='word_1_476' title='bbox 669 3920 909 3989; x_wconf 87' lang='lat' dir='ltr'><strong>ipsorum</strong></span> <span class='ocrx_word' id='word_1_477' title='bbox 957 3918 1177 3988; x_wconf 84' lang='lat' dir='ltr'><strong>profana</strong></span> <span class='ocrx_word' id='word_1_478' title='bbox 1225 3919 1402 3990; x_wconf 86' lang='lat' dir='ltr'><strong>capita</strong></span> <span class='ocrx_word' id='word_1_479' title='bbox 1445 3931 1855 3986; x_wconf 76' lang='lat' dir='ltr'><strong>converterunt,</strong></span> <span class='ocrx_word' id='word_1_480' title='bbox 1886 3935 2019 3990; x_wconf 90' lang='lat' dir='ltr'><strong>quo-</strong></span> 
     </span>
    </p>
   </div>
   <div class='ocr_carea' id='block_1_66' title="bbox 426 4011 2020 4083">
    <p class='ocr_par' dir='ltr' id='par_1_66' title="bbox 426 4011 2020 4083">
     <span class='ocr_line' id='line_1_66' title="bbox 426 4011 2020 4083; baseline 0.002 -18"><span class='ocrx_word' id='word_1_481' title='bbox 426 4025 546 4065; x_wconf 88' lang='lat' dir='ltr'><strong>rum</strong></span> <span class='ocrx_word' id='word_1_482' title='bbox 578 4025 835 4066; x_wconf 88' lang='lat' dir='ltr'><strong>sermone</strong></span> <span class='ocrx_word' id='word_1_483' title='bbox 864 4011 1051 4066; x_wconf 90' lang='lat' dir='ltr'><strong>nescio</strong></span> <span class='ocrx_word' id='word_1_484' title='bbox 1077 4013 1353 4081; x_wconf 88' lang='lat' dir='ltr'><strong>quomodo</strong></span> <span class='ocrx_word' id='word_1_485' title='bbox 1387 4011 1659 4080; x_wconf 89' lang='lat' dir='ltr'><strong>inductus,</strong></span> <span class='ocrx_word' id='word_1_486' title='bbox 1707 4013 1870 4067; x_wconf 87' lang='lat' dir='ltr'><strong>etiam</strong></span> <span class='ocrx_word' id='word_1_487' title='bbox 1905 4013 2020 4083; x_wconf 89' lang='lat' dir='ltr'><strong>ipse</strong></span> 
     </span>
    </p>
   </div>
   <div class='ocr_carea' id='block_1_67' title="bbox 424 4102 2015 4178">
    <p class='ocr_par' dir='ltr' id='par_1_67' title="bbox 424 4102 2015 4178">
     <span class='ocr_line' id='line_1_67' title="bbox 424 4102 2015 4178; baseline 0.003 -20"><span class='ocrx_word' id='word_1_488' title='bbox 424 4117 614 4158; x_wconf 87' lang='lat' dir='ltr'><strong>eorum</strong></span> <span class='ocrx_word' id='word_1_489' title='bbox 645 4102 932 4158; x_wconf 67' lang='lat' dir='ltr'><strong>sententiae</strong></span> <span class='ocrx_word' id='word_1_490' title='bbox 954 4146 969 4170; x_wconf 94' lang='lat'><strong>,</strong></span> <span class='ocrx_word' id='word_1_491' title='bbox 1007 4103 1149 4173; x_wconf 91' lang='lat' dir='ltr'><strong>quod</strong></span> <span class='ocrx_word' id='word_1_492' title='bbox 1181 4104 1386 4157; x_wconf 85' lang='lat' dir='ltr'><strong>utinam</strong></span> <span class='ocrx_word' id='word_1_493' title='bbox 1422 4120 1712 4173; x_wconf 88' lang='lat' dir='ltr'><strong>numquam</strong></span> <span class='ocrx_word' id='word_1_494' title='bbox 1747 4107 2015 4178; x_wconf 79' lang='lat' dir='ltr'><strong>fecissem,</strong></span> 
     </span>
    </p>
   </div>
   <div class='ocr_carea' id='block_1_68' title="bbox 495 4281 2025 4353">
    <p class='ocr_par' dir='ltr' id='par_1_68' title="bbox 495 4281 2025 4353">
     <span class='ocr_line' id='line_1_68' title="bbox 495 4281 2025 4353; baseline -0.003 -12"><span class='ocrx_word' id='word_1_495' title='bbox 495 4295 522 4324; x_wconf 73' lang='grc' dir='ltr'>ει</span> <span class='ocrx_word' id='word_1_496' title='bbox 553 4285 630 4341; x_wconf 90' lang='lat' dir='ltr'><strong>De</strong></span> <span class='ocrx_word' id='word_1_497' title='bbox 675 4284 762 4347; x_wconf 91' lang='lat' dir='ltr'><strong>iis,</strong></span> <span class='ocrx_word' id='word_1_498' title='bbox 806 4297 927 4353; x_wconf 72' lang='lat' dir='ltr'><strong>qum</strong></span> <span class='ocrx_word' id='word_1_499' title='bbox 967 4297 1089 4335; x_wconf 89' lang='lat' dir='ltr'><strong>cum</strong></span> <span class='ocrx_word' id='word_1_500' title='bbox 1133 4281 1324 4350; x_wconf 80' lang='lat' dir='ltr'><strong>legatis</strong></span> <span class='ocrx_word' id='word_1_501' title='bbox 1354 4291 1470 4336; x_wconf 70' lang='lat' dir='ltr'><strong>acta</strong></span> <span class='ocrx_word' id='word_1_502' title='bbox 1502 4292 1645 4342; x_wconf 89' lang='lat' dir='ltr'><strong>sunt,</strong></span> <span class='ocrx_word' id='word_1_503' title='bbox 1682 4284 1753 4336; x_wconf 87' lang='lat' dir='ltr'><strong>ita</strong></span> <span class='ocrx_word' id='word_1_504' title='bbox 1785 4283 2025 4350; x_wconf 82' lang='lat' dir='ltr'><strong>loquitur</strong></span> 
     </span>
    </p>
   </div>
   <div class='ocr_carea' id='block_1_69' title="bbox 424 4353 2022 4425">
    <p class='ocr_par' dir='ltr' id='par_1_69' title="bbox 424 4353 2022 4425">
     <span class='ocr_line' id='line_1_69' title="bbox 424 4353 2022 4425; baseline -0.003 -12"><span class='ocrx_word' id='word_1_505' title='bbox 424 4356 703 4413; x_wconf 84' lang='lat' dir='ltr'><strong>Palladius</strong></span> <span class='ocrx_word' id='word_1_506' title='bbox 745 4369 866 4425; x_wconf 88' lang='lat' dir='ltr'><strong>pag.</strong></span> <span class='ocrx_word' id='word_1_507' title='bbox 901 4353 970 4408; x_wconf 74' lang='grc'><strong>52</strong></span> <span class='ocrx_word' id='word_1_508' title='bbox 1014 4362 1066 4406; x_wconf 91' lang='lat' dir='ltr'><strong>et</strong></span> <span class='ocrx_word' id='word_1_509' title='bbox 1108 4365 1378 4425; x_wconf 86' lang='lat' dir='ltr'><strong>seqq.,_ut</strong></span> <span class='ocrx_word' id='word_1_510' title='bbox 1413 4354 1800 4425; x_wconf 75' lang='lat' dir='ltr'><strong>Imperatorem</strong></span> <span class='ocrx_word' id='word_1_511' title='bbox 1833 4370 2022 4408; x_wconf 91' lang='lat' dir='ltr'><strong>eorum</strong></span> 
     </span>
    </p>
   </div>
   <div class='ocr_carea' id='block_1_70' title="bbox 423 4423 2027 4492">
    <p class='ocr_par' dir='ltr' id='par_1_70' title="bbox 423 4423 2027 4492">
     <span class='ocr_line' id='line_1_70' title="bbox 423 4423 2027 4492; baseline -0.004 -9"><span class='ocrx_word' id='word_1_512' title='bbox 423 4428 701 4483; x_wconf 90' lang='lat' dir='ltr'><strong>conscium</strong></span> <span class='ocrx_word' id='word_1_513' title='bbox 745 4423 865 4480; x_wconf 81' lang='lat' dir='ltr'><strong>esse</strong></span> <span class='ocrx_word' id='word_1_514' title='bbox 903 4440 1007 4477; x_wconf 94' lang='lat' dir='ltr'><strong>non</strong></span> <span class='ocrx_word' id='word_1_515' title='bbox 1051 4425 1264 4492; x_wconf 87' lang='lat' dir='ltr'><strong>prodat.</strong></span> <span class='ocrx_word' id='word_1_516' title='bbox 1311 4423 1479 4478; x_wconf 88' lang='lat' dir='ltr'><strong>ltnmu</strong></span> <span class='ocrx_word' id='word_1_517' title='bbox 1522 4423 1719 4479; x_wconf 86' lang='lat' dir='ltr'><strong>missos</strong></span> <span class='ocrx_word' id='word_1_518' title='bbox 1747 4440 1872 4479; x_wconf 82' lang='lat' dir='ltr'><strong>esse</strong></span> <span class='ocrx_word' id='word_1_519' title='bbox 1904 4441 2027 4477; x_wconf 91' lang='lat' dir='ltr'><strong>nar-</strong></span> 
     </span>
    </p>
   </div>
   <div class='ocr_carea' id='block_1_71' title="bbox 425 4496 2025 4567">
    <p class='ocr_par' dir='ltr' id='par_1_71' title="bbox 425 4496 2025 4567">
     <span class='ocr_line' id='line_1_71' title="bbox 425 4496 2025 4567; baseline -0.003 -13"><span class='ocrx_word' id='word_1_520' title='bbox 425 4516 574 4564; x_wconf 89' lang='lat' dir='ltr'><strong>rans,</strong></span> <span class='ocrx_word' id='word_1_521' title='bbox 618 4498 708 4567; x_wconf 87' lang='lat' dir='ltr'><strong>qui</strong></span> <span class='ocrx_word' id='word_1_522' title='bbox 739 4497 943 4564; x_wconf 86' lang='lat' dir='ltr'><strong>legatos</strong></span> <span class='ocrx_word' id='word_1_523' title='bbox 987 4507 1302 4563; x_wconf 71' lang='lat' dir='ltr'><strong>pervertere</strong></span> <span class='ocrx_word' id='word_1_524' title='bbox 1331 4507 1698 4560; x_wconf 82' lang='lat' dir='ltr'><strong>conarentur;</strong></span> <span class='ocrx_word' id='word_1_525' title='bbox 1735 4496 1859 4551; x_wconf 90' lang='lat' dir='ltr'><strong>idne</strong></span> <span class='ocrx_word' id='word_1_526' title='bbox 1890 4496 2025 4550; x_wconf 86' lang='lat' dir='ltr'><strong>auli-</strong></span> 
     </span>
    </p>
   </div>
   <div class='ocr_carea' id='block_1_72' title="bbox 429 4567 2029 4636">
    <p class='ocr_par' dir='ltr' id='par_1_72' title="bbox 429 4567 2029 4636">
     <span class='ocr_line' id='line_1_72' title="bbox 429 4567 2029 4636; baseline -0.003 -12"><span class='ocrx_word' id='word_1_527' title='bbox 429 4585 614 4624; x_wconf 89' lang='lat' dir='ltr'><strong>corum</strong></span> <span class='ocrx_word' id='word_1_528' title='bbox 660 4569 1030 4636; x_wconf 75' lang='lat' dir='ltr'><strong>Imperatoris,</strong></span> <span class='ocrx_word' id='word_1_529' title='bbox 1078 4581 1144 4620; x_wconf 89' lang='lat' dir='ltr'><strong>an</strong></span> <span class='ocrx_word' id='word_1_530' title='bbox 1193 4569 1351 4620; x_wconf 81' lang='lat' dir='ltr'><strong>Attici</strong></span> <span class='ocrx_word' id='word_1_531' title='bbox 1386 4582 1552 4636; x_wconf 84' lang='lat' dir='ltr'><strong>opera</strong></span> <span class='ocrx_word' id='word_1_532' title='bbox 1587 4567 1785 4620; x_wconf 80' lang='lat' dir='ltr'><strong>factum</strong></span> <span class='ocrx_word' id='word_1_533' title='bbox 1815 4568 1906 4632; x_wconf 89' lang='lat' dir='ltr'><strong>sit,</strong></span> <span class='ocrx_word' id='word_1_534' title='bbox 1941 4584 2029 4620; x_wconf 68' lang='lat' dir='ltr'><strong>ne.</strong></span> 
     </span>
    </p>
   </div>
   <div class='ocr_carea' id='block_1_73' title="bbox 2129 3545 3722 3618">
    <p class='ocr_par' dir='ltr' id='par_1_73' title="bbox 2129 3545 3722 3618">
     <span class='ocr_line' id='line_1_73' title="bbox 2129 3545 3722 3618; baseline -0.003 -14"><span class='ocrx_word' id='word_1_535' title='bbox 2129 3551 2260 3618; x_wconf 90' lang='lat' dir='ltr'><strong>mit,</strong></span> <span class='ocrx_word' id='word_1_536' title='bbox 2305 3560 2363 3602; x_wconf 91' lang='grc' dir='ltr'><strong>ιιι</strong></span> <span class='ocrx_word' id='word_1_537' title='bbox 2393 3549 2658 3617; x_wconf 89' lang='lat' dir='ltr'><strong>scriptum</strong></span> <span class='ocrx_word' id='word_1_538' title='bbox 2693 3557 2774 3600; x_wconf 86' lang='lat' dir='ltr'><strong>cst</strong></span> <span class='ocrx_word' id='word_1_539' title='bbox 2808 3547 3032 3618; x_wconf 85' lang='lat' dir='ltr'><strong>(Nuum.</strong></span> <span class='ocrx_word' id='word_1_540' title='bbox 3067 3563 3104 3602; x_wconf 94' lang='grc' dir='ltr'>ι.</span> <span class='ocrx_word' id='word_1_541' title='bbox 3141 3547 3194 3614; x_wconf 81' lang='lat'><strong>9,</strong></span> <span class='ocrx_word' id='word_1_542' title='bbox 3227 3564 3329 3600; x_wconf 82' lang='lat' dir='ltr'><strong>sec.</strong></span> <span class='ocrx_word' id='word_1_543' title='bbox 3361 3546 3548 3616; x_wconf 79' lang='lat' dir='ltr'><strong>LXX).</strong></span> <span class='ocrx_word' id='word_1_544' title='bbox 3619 3545 3722 3601; x_wconf 85' lang='lat' dir='ltr'><strong>Ubi</strong></span> 
     </span>
    </p>
   </div>
   <div class='ocr_carea' id='block_1_74' title="bbox 2127 3639 3727 3709">
    <p class='ocr_par' dir='ltr' id='par_1_74' title="bbox 2127 3639 3727 3709">
     <span class='ocr_line' id='line_1_74' title="bbox 2127 3639 3727 3709; baseline -0.001 -14"><span class='ocrx_word' id='word_1_545' title='bbox 2127 3652 2307 3696; x_wconf 89' lang='lat' dir='ltr'><strong>autem</strong></span> <span class='ocrx_word' id='word_1_546' title='bbox 2340 3639 2445 3694; x_wconf 89' lang='lat' dir='ltr'><strong>erit</strong></span> <span class='ocrx_word' id='word_1_547' title='bbox 2475 3639 2813 3708; x_wconf 73' lang='lat' dir='ltr'><strong>ptenitentiae</strong></span> <span class='ocrx_word' id='word_1_548' title='bbox 2845 3648 2867 3685; x_wconf 67' lang='grc' dir='ltr'><strong>ε</strong></span> <span class='ocrx_word' id='word_1_549' title='bbox 2921 3641 3120 3692; x_wconf 89' lang='lat' dir='ltr'><strong>bonum</strong></span> <span class='ocrx_word' id='word_1_550' title='bbox 3145 3680 3157 3701; x_wconf 93' lang='lat'><strong>,</strong></span> <span class='ocrx_word' id='word_1_551' title='bbox 3212 3639 3315 3693; x_wconf 84' lang='lat' dir='ltr'><strong>nisi</strong></span> <span class='ocrx_word' id='word_1_552' title='bbox 3349 3639 3414 3692; x_wconf 79' lang='lat' dir='ltr'><strong>iis</strong></span> <span class='ocrx_word' id='word_1_553' title='bbox 3444 3654 3578 3709; x_wconf 85' lang='lat' dir='ltr'><strong>quos</strong></span> <span class='ocrx_word' id='word_1_554' title='bbox 3613 3654 3727 3706; x_wconf 75' lang='lat' dir='ltr'><strong>pm-</strong></span> 
     </span>
    </p>
   </div>
   <div class='ocr_carea' id='block_1_75' title="bbox 2127 3730 3726 3800">
    <p class='ocr_par' dir='ltr' id='par_1_75' title="bbox 2127 3730 3726 3800">
     <span class='ocr_line' id='line_1_75' title="bbox 2127 3730 3726 3800; baseline -0.006 -9"><span class='ocrx_word' id='word_1_555' title='bbox 2127 3737 2298 3791; x_wconf 89' lang='lat' dir='ltr'><strong>niteat</strong></span> <span class='ocrx_word' id='word_1_556' title='bbox 2328 3734 2480 3788; x_wconf 87' lang='lat' dir='ltr'><strong>venia</strong></span> <span class='ocrx_word' id='word_1_557' title='bbox 2517 3733 2832 3787; x_wconf 84' lang='lat' dir='ltr'><strong>tribuatur?</strong></span> <span class='ocrx_word' id='word_1_558' title='bbox 2884 3732 3048 3800; x_wconf 55' lang='lat' dir='ltr'><strong>Igitur</strong></span> <span class='ocrx_word' id='word_1_559' title='bbox 3079 3733 3121 3784; x_wconf 89' lang='lat' dir='ltr'><strong>si</strong></span> <span class='ocrx_word' id='word_1_560' title='bbox 3147 3747 3246 3785; x_wconf 92' lang='lat' dir='ltr'><strong>nos</strong></span> <span class='ocrx_word' id='word_1_561' title='bbox 3269 3730 3485 3800; x_wconf 89' lang='lat' dir='ltr'><strong>quidem</strong></span> <span class='ocrx_word' id='word_1_562' title='bbox 3513 3745 3579 3782; x_wconf 78' lang='lat' dir='ltr'><strong>ex</strong></span> <span class='ocrx_word' id='word_1_563' title='bbox 3613 3744 3726 3798; x_wconf 79' lang='lat' dir='ltr'><strong>pm-</strong></span> 
     </span>
    </p>
   </div>
   <div class='ocr_carea' id='block_1_76' title="bbox 2130 3821 3720 3889">
    <p class='ocr_par' dir='ltr' id='par_1_76' title="bbox 2130 3821 3720 3889">
     <span class='ocr_line' id='line_1_76' title="bbox 2130 3821 3720 3889; baseline -0.004 -8"><span class='ocrx_word' id='word_1_564' title='bbox 2130 3827 2426 3882; x_wconf 88' lang='lat' dir='ltr'><strong>nitentibus</strong></span> <span class='ocrx_word' id='word_1_565' title='bbox 2475 3841 2580 3880; x_wconf 92' lang='lat' dir='ltr'><strong>non</strong></span> <span class='ocrx_word' id='word_1_566' title='bbox 2630 3839 2901 3889; x_wconf 86' lang='lat' dir='ltr'><strong>essemus,</strong></span> <span class='ocrx_word' id='word_1_567' title='bbox 2955 3824 3150 3876; x_wconf 85' lang='lat' dir='ltr'><strong>merito</strong></span> <span class='ocrx_word' id='word_1_568' title='bbox 3185 3822 3366 3876; x_wconf 78' lang='lat' dir='ltr'><strong>aditus</strong></span> <span class='ocrx_word' id='word_1_569' title='bbox 3407 3821 3472 3875; x_wconf 88' lang='lat' dir='ltr'><strong>ad</strong></span> <span class='ocrx_word' id='word_1_570' title='bbox 3503 3823 3720 3875; x_wconf 89' lang='lat' dir='ltr'><strong>veniam</strong></span> 
     </span>
    </p>
   </div>
   <div class='ocr_carea' id='block_1_77' title="bbox 2127 3913 3724 3975">
    <p class='ocr_par' dir='ltr' id='par_1_77' title="bbox 2127 3913 3724 3975">
     <span class='ocr_line' id='line_1_77' title="bbox 2127 3913 3724 3975; baseline -0.005 -1"><span class='ocrx_word' id='word_1_571' title='bbox 2127 3920 2513 3975; x_wconf 86' lang='lat' dir='ltr'><strong>clauderetur:</strong></span> <span class='ocrx_word' id='word_1_572' title='bbox 2551 3926 2608 3971; x_wconf 88' lang='lat' dir='ltr'><strong>et</strong></span> <span class='ocrx_word' id='word_1_573' title='bbox 2651 3917 2694 3970; x_wconf 91' lang='lat' dir='ltr'><strong>si</strong></span> <span class='ocrx_word' id='word_1_574' title='bbox 2730 3917 3106 3970; x_wconf 80' lang='lat' dir='ltr'><strong>accusavimus</strong></span> <span class='ocrx_word' id='word_1_575' title='bbox 3145 3923 3200 3969; x_wconf 84' lang='lat' dir='ltr'><strong>et</strong></span> <span class='ocrx_word' id='word_1_576' title='bbox 3237 3913 3724 3968; x_wconf 86' lang='lat' dir='ltr'><strong>condemnavitnns</strong></span> 
     </span>
    </p>
   </div>
   <div class='ocr_carea' id='block_1_78' title="bbox 2127 4003 3722 4082">
    <p class='ocr_par' dir='ltr' id='par_1_78' title="bbox 2127 4003 3722 4082">
     <span class='ocr_line' id='line_1_78' title="bbox 2127 4003 3722 4082; baseline -0.007 -14"><span class='ocrx_word' id='word_1_577' title='bbox 2127 4029 2230 4068; x_wconf 87' lang='lat' dir='ltr'><strong>nos</strong></span> <span class='ocrx_word' id='word_1_578' title='bbox 2255 4014 2403 4082; x_wconf 77' lang='lat' dir='ltr'><strong>ipSos</strong></span> <span class='ocrx_word' id='word_1_579' title='bbox 2434 4011 2502 4064; x_wconf 90' lang='lat' dir='ltr'><strong>ab</strong></span> <span class='ocrx_word' id='word_1_580' title='bbox 2531 4011 2597 4064; x_wconf 91' lang='lat' dir='ltr'><strong>iis</strong></span> <span class='ocrx_word' id='word_1_581' title='bbox 2623 4023 2746 4079; x_wconf 70' lang='lat' dir='ltr'><strong>qua:</strong></span> <span class='ocrx_word' id='word_1_582' title='bbox 2779 4008 2919 4063; x_wconf 90' lang='lat' dir='ltr'><strong>male</strong></span> <span class='ocrx_word' id='word_1_583' title='bbox 2949 4010 3196 4077; x_wconf 83' lang='lat' dir='ltr'><strong>egimus;</strong></span> <span class='ocrx_word' id='word_1_584' title='bbox 3231 4023 3297 4059; x_wconf 89' lang='lat' dir='ltr'><strong>ne</strong></span> <span class='ocrx_word' id='word_1_585' title='bbox 3326 4007 3467 4059; x_wconf 90' lang='lat' dir='ltr'><strong>bono</strong></span> <span class='ocrx_word' id='word_1_586' title='bbox 3507 4003 3722 4074; x_wconf 89' lang='lat' dir='ltr'><strong>quidem</strong></span> 
     </span>
    </p>
   </div>
   <div class='ocr_carea' id='block_1_79' title="bbox 2128 4102 3590 4178">
    <p class='ocr_par' dir='ltr' id='par_1_79' title="bbox 2128 4102 3590 4178">
     <span class='ocr_line' id='line_1_79' title="bbox 2128 4102 3590 4178; baseline -0.004 -18"><span class='ocrx_word' id='word_1_587' title='bbox 2128 4108 2486 4178; x_wconf 62' lang='lat' dir='ltr'><strong>posuitentite,</strong></span> <span class='ocrx_word' id='word_1_588' title='bbox 2521 4105 2664 4176; x_wconf 88' lang='lat' dir='ltr'><strong>quod</strong></span> <span class='ocrx_word' id='word_1_589' title='bbox 2692 4104 2912 4174; x_wconf 87' lang='lat' dir='ltr'><strong>quidem</strong></span> <span class='ocrx_word' id='word_1_590' title='bbox 2933 4103 3090 4158; x_wconf 79' lang='lat' dir='ltr'><strong>venia</strong></span> <span class='ocrx_word' id='word_1_591' title='bbox 3116 4112 3221 4164; x_wconf 89' lang='lat' dir='ltr'><strong>est,</strong></span> <span class='ocrx_word' id='word_1_592' title='bbox 3256 4102 3590 4156; x_wconf 76' lang='lat' dir='ltr'><strong>rxcidamus.</strong></span> 
     </span>
    </p>
   </div>
   <div class='ocr_carea' id='block_1_80' title="bbox 2135 4283 3729 4351">
    <p class='ocr_par' dir='ltr' id='par_1_80' title="bbox 2135 4283 3729 4351">
     <span class='ocr_line' id='line_1_80' title="bbox 2135 4283 3729 4351; baseline -0.001 -15"><span class='ocrx_word' id='word_1_593' title='bbox 2135 4284 2297 4339; x_wconf 89' lang='lat' dir='ltr'><strong>dente</strong></span> <span class='ocrx_word' id='word_1_594' title='bbox 2323 4283 2583 4351; x_wconf 89' lang='lat' dir='ltr'><strong>scriptum</strong></span> <span class='ocrx_word' id='word_1_595' title='bbox 2615 4292 2754 4336; x_wconf 90' lang='lat' dir='ltr'><strong>erat.</strong></span> <span class='ocrx_word' id='word_1_596' title='bbox 2786 4283 3047 4348; x_wconf 78' lang='lat' dir='ltr'><strong>Quocirca</strong></span> <span class='ocrx_word' id='word_1_597' title='bbox 3075 4295 3212 4348; x_wconf 84' lang='lat' dir='ltr'><strong>opus</strong></span> <span class='ocrx_word' id='word_1_598' title='bbox 3235 4295 3357 4335; x_wconf 85' lang='lat' dir='ltr'><strong>esse</strong></span> <span class='ocrx_word' id='word_1_599' title='bbox 3383 4283 3729 4350; x_wconf 86' lang='lat' dir='ltr'><strong>suspicamur</strong></span> 
     </span>
    </p>
   </div>
   <div class='ocr_carea' id='block_1_81' title="bbox 2139 4353 3523 4422">
    <p class='ocr_par' dir='ltr' id='par_1_81' title="bbox 2139 4353 3523 4422">
     <span class='ocr_line' id='line_1_81' title="bbox 2139 4353 3523 4422; baseline -0.001 -14"><span class='ocrx_word' id='word_1_600' title='bbox 2139 4355 2380 4408; x_wconf 84' lang='lat' dir='ltr'><strong>hominis</strong></span> <span class='ocrx_word' id='word_1_601' title='bbox 2407 4355 2591 4418; x_wconf 73' lang='lat' dir='ltr'><strong>otiosi,</strong></span> <span class='ocrx_word' id='word_1_602' title='bbox 2618 4353 2710 4419; x_wconf 88' lang='lat' dir='ltr'><strong>qui</strong></span> <span class='ocrx_word' id='word_1_603' title='bbox 2746 4354 2943 4422; x_wconf 80' lang='lat' dir='ltr'><strong>styltttn</strong></span> <span class='ocrx_word' id='word_1_604' title='bbox 2972 4368 3236 4406; x_wconf 66' lang='lat' dir='ltr'><strong>careret-re</strong></span> <span class='ocrx_word' id='word_1_605' title='bbox 3271 4353 3523 4406; x_wconf 75' lang='lat' dir='ltr'><strong>Volucril.</strong></span> 
     </span>
    </p>
   </div>
   <div class='ocr_carea' id='block_1_82' title="bbox 2211 4421 3728 4494">
    <p class='ocr_par' dir='ltr' id='par_1_82' title="bbox 2211 4421 3728 4494">
     <span class='ocr_line' id='line_1_82' title="bbox 2211 4421 3728 4494; baseline -0.001 -17"><span class='ocrx_word' id='word_1_606' title='bbox 2211 4437 2233 4463; x_wconf 76' lang='grc' dir='ltr'><strong>ε</strong></span> <span class='ocrx_word' id='word_1_607' title='bbox 2278 4424 2748 4492; x_wconf 83' lang='lat' dir='ltr'><strong>Quemadmodum</strong></span> <span class='ocrx_word' id='word_1_608' title='bbox 2789 4421 3212 4494; x_wconf 76' lang='lat' dir='ltr'><strong>Clit-ystistomus</strong></span> <span class='ocrx_word' id='word_1_609' title='bbox 3251 4426 3432 4494; x_wconf 79' lang='lat' dir='ltr'><strong>statim</strong></span> <span class='ocrx_word' id='word_1_610' title='bbox 3470 4433 3632 4494; x_wconf 89' lang='lat' dir='ltr'><strong>atque</strong></span> <span class='ocrx_word' id='word_1_611' title='bbox 3660 4425 3728 4477; x_wconf 89' lang='lat' dir='ltr'><strong>ab</strong></span> 
     </span>
    </p>
   </div>
   <div class='ocr_carea' id='block_1_83' title="bbox 2139 4493 3724 4563">
    <p class='ocr_par' dir='ltr' id='par_1_83' title="bbox 2139 4493 3724 4563">
     <span class='ocr_line' id='line_1_83' title="bbox 2139 4493 3724 4563; baseline -0.002 -12"><span class='ocrx_word' id='word_1_612' title='bbox 2139 4499 2372 4552; x_wconf 85' lang='lat' dir='ltr'><strong>ecclesia</strong></span> <span class='ocrx_word' id='word_1_613' title='bbox 2420 4511 2514 4550; x_wconf 90' lang='lat' dir='ltr'><strong>sua</strong></span> <span class='ocrx_word' id='word_1_614' title='bbox 2572 4497 2800 4562; x_wconf 87' lang='lat' dir='ltr'><strong>primqu</strong></span> <span class='ocrx_word' id='word_1_615' title='bbox 2845 4493 3054 4563; x_wconf 86' lang='lat' dir='ltr'><strong>ejectus</strong></span> <span class='ocrx_word' id='word_1_616' title='bbox 3099 4503 3204 4556; x_wconf 86' lang='lat' dir='ltr'><strong>est,</strong></span> <span class='ocrx_word' id='word_1_617' title='bbox 3254 4494 3319 4547; x_wconf 89' lang='lat' dir='ltr'><strong>ad</strong></span> <span class='ocrx_word' id='word_1_618' title='bbox 3348 4493 3724 4550; x_wconf 79' lang='lat' dir='ltr'><strong>Innocentium</strong></span> 
     </span>
    </p>
   </div>
   <div class='ocr_carea' id='block_1_84' title="bbox 2141 4565 3727 4636">
    <p class='ocr_par' dir='ltr' id='par_1_84' title="bbox 2141 4565 3727 4636">
     <span class='ocr_line' id='line_1_84' title="bbox 2141 4565 3727 4636; baseline -0.002 -15"><span class='ocrx_word' id='word_1_619' title='bbox 2141 4571 2302 4636; x_wconf 85' lang='lat' dir='ltr'><strong>epist.</strong></span> <span class='ocrx_word' id='word_1_620' title='bbox 2337 4583 2375 4634; x_wconf 85' lang='grc' dir='ltr'>ι,</span> <span class='ocrx_word' id='word_1_621' title='bbox 2411 4584 2466 4620; x_wconf 86' lang='grc' dir='ltr'>ιι.</span> <span class='ocrx_word' id='word_1_622' title='bbox 2503 4568 2558 4632; x_wconf 86' lang='grc'><strong>5,</strong></span> <span class='ocrx_word' id='word_1_623' title='bbox 2589 4565 2833 4620; x_wconf 80' lang='lat' dir='ltr'><strong>scribens</strong></span> <span class='ocrx_word' id='word_1_624' title='bbox 2858 4607 2873 4627; x_wconf 89' lang='lat'><strong>,</strong></span> <span class='ocrx_word' id='word_1_625' title='bbox 2921 4569 3098 4618; x_wconf 88' lang='lat' dir='ltr'><strong>omnia</strong></span> <span class='ocrx_word' id='word_1_626' title='bbox 3134 4581 3255 4634; x_wconf 70' lang='lat' dir='ltr'><strong>qua:</strong></span> <span class='ocrx_word' id='word_1_627' title='bbox 3285 4566 3448 4633; x_wconf 89' lang='lat' dir='ltr'><strong>impie</strong></span> <span class='ocrx_word' id='word_1_628' title='bbox 3480 4575 3588 4618; x_wconf 91' lang='lat' dir='ltr'><strong>tum</strong></span> <span class='ocrx_word' id='word_1_629' title='bbox 3632 4581 3727 4634; x_wconf 86' lang='lat' dir='ltr'><strong>pa-</strong></span> 
     </span>
    </p>
   </div>
   <div class='ocr_carea' id='block_1_85' title="bbox 429 4635 3728 4708">
    <p class='ocr_par' dir='ltr' id='par_1_85' title="bbox 429 4635 3728 4708">
     <span class='ocr_line' id='line_1_85' title="bbox 429 4635 3728 4708; baseline -0.002 -14"><span class='ocrx_word' id='word_1_630' title='bbox 429 4640 573 4694; x_wconf 82' lang='lat' dir='ltr'><strong>scire</strong></span> <span class='ocrx_word' id='word_1_631' title='bbox 613 4655 672 4695; x_wconf 87' lang='lat' dir='ltr'><strong>se</strong></span> <span class='ocrx_word' id='word_1_632' title='bbox 699 4635 923 4693; x_wconf 73' lang='lat' dir='ltr'><strong>fatetur.</strong></span> <span class='ocrx_word' id='word_1_633' title='bbox 960 4636 1112 4693; x_wconf 87' lang='lat' dir='ltr'><strong>Unde</strong></span> <span class='ocrx_word' id='word_1_634' title='bbox 1147 4638 1316 4707; x_wconf 82' lang='lat' dir='ltr'><strong>magis</strong></span> <span class='ocrx_word' id='word_1_635' title='bbox 1342 4653 1404 4692; x_wconf 89' lang='lat' dir='ltr'><strong>ac</strong></span> <span class='ocrx_word' id='word_1_636' title='bbox 1425 4635 1603 4708; x_wconf 83' lang='lat' dir='ltr'><strong>magis</strong></span> <span class='ocrx_word' id='word_1_637' title='bbox 1632 4639 1918 4692; x_wconf 78' lang='lat' dir='ltr'><strong>manifesta</strong></span> <span class='ocrx_word' id='word_1_638' title='bbox 1948 4649 2032 4692; x_wconf 89' lang='lat' dir='ltr'><strong>est</strong></span> <span class='ocrx_word' id='word_1_639' title='bbox 2063 4635 2113 4694; x_wconf 91' lang='lat' dir='ltr'><strong>D</strong></span> <span class='ocrx_word' id='word_1_640' title='bbox 2141 4635 2280 4693; x_wconf 84' lang='lat' dir='ltr'><strong>truta</strong></span> <span class='ocrx_word' id='word_1_641' title='bbox 2316 4639 2552 4702; x_wconf 88' lang='lat' dir='ltr'><strong>fuerant,</strong></span> <span class='ocrx_word' id='word_1_642' title='bbox 2583 4646 2778 4708; x_wconf 46' lang='lat' dir='ltr'><strong>praeter</strong></span> <span class='ocrx_word' id='word_1_643' title='bbox 2809 4637 3135 4708; x_wconf 81' lang='lat' dir='ltr'><strong>sententiam</strong></span> <span class='ocrx_word' id='word_1_644' title='bbox 3168 4636 3387 4708; x_wconf 77' lang='lat' dir='ltr'><strong>Arcadii</strong></span> <span class='ocrx_word' id='word_1_645' title='bbox 3418 4648 3571 4708; x_wconf 83' lang='lat' dir='ltr'><strong>gesta</strong></span> <span class='ocrx_word' id='word_1_646' title='bbox 3604 4651 3728 4690; x_wconf 70' lang='lat' dir='ltr'><strong>esse</strong></span> 
     </span>
    </p>
   </div>
   <div class='ocr_carea' id='block_1_86' title="bbox 430 4710 2032 4777">
    <p class='ocr_par' dir='ltr' id='par_1_86' title="bbox 430 4710 2032 4777">
     <span class='ocr_line' id='line_1_86' title="bbox 430 4710 2032 4777; baseline -0.001 -12"><span class='ocrx_word' id='word_1_647' title='bbox 430 4711 636 4766; x_wconf 76' lang='lat' dir='ltr'><strong>falsitas</strong></span> <span class='ocrx_word' id='word_1_648' title='bbox 682 4712 870 4764; x_wconf 88' lang='lat' dir='ltr'><strong>barmn</strong></span> <span class='ocrx_word' id='word_1_649' title='bbox 916 4710 1244 4773; x_wconf 87' lang='lat' dir='ltr'><strong>litterarum,</strong></span> <span class='ocrx_word' id='word_1_650' title='bbox 1288 4711 1483 4775; x_wconf 88' lang='lat' dir='ltr'><strong>quibus</strong></span> <span class='ocrx_word' id='word_1_651' title='bbox 1523 4711 1840 4776; x_wconf 79' lang='lat' dir='ltr'><strong>gravissima</strong></span> <span class='ocrx_word' id='word_1_652' title='bbox 1874 4725 2032 4777; x_wconf 69' lang='lat' dir='ltr'><strong>poena</strong></span> 
     </span>
    </p>
   </div>
   <div class='ocr_carea' id='block_1_87' title="bbox 429 4779 2028 4852">
    <p class='ocr_par' dir='ltr' id='par_1_87' title="bbox 429 4779 2028 4852">
     <span class='ocr_line' id='line_1_87' title="bbox 429 4779 2028 4852; baseline -0.002 -17"><span class='ocrx_word' id='word_1_653' title='bbox 429 4781 648 4852; x_wconf 85' lang='lat' dir='ltr'><strong>punitur</strong></span> <span class='ocrx_word' id='word_1_654' title='bbox 697 4780 960 4835; x_wconf 79' lang='lat' dir='ltr'><strong>Arcadius</strong></span> <span class='ocrx_word' id='word_1_655' title='bbox 1008 4779 1078 4833; x_wconf 92' lang='lat' dir='ltr'><strong>ob</strong></span> <span class='ocrx_word' id='word_1_656' title='bbox 1124 4793 1186 4832; x_wconf 87' lang='lat' dir='ltr'><strong>ca</strong></span> <span class='ocrx_word' id='word_1_657' title='bbox 1230 4795 1352 4845; x_wconf 70' lang='lat' dir='ltr'><strong>qua:</strong></span> <span class='ocrx_word' id='word_1_658' title='bbox 1395 4781 1551 4848; x_wconf 81' lang='lat' dir='ltr'><strong>legati</strong></span> <span class='ocrx_word' id='word_1_659' title='bbox 1593 4782 1736 4848; x_wconf 87' lang='lat' dir='ltr'><strong>passi</strong></span> <span class='ocrx_word' id='word_1_660' title='bbox 1778 4782 2028 4845; x_wconf 74' lang='grc' dir='ltr'>[ιι‹·ιίιιιι;</span> 
     </span>
    </p>
   </div>
   <div class='ocr_carea' id='block_1_88' title="bbox 425 4852 2032 4920">
    <p class='ocr_par' dir='ltr' id='par_1_88' title="bbox 425 4852 2032 4920">
     <span class='ocr_line' id='line_1_88' title="bbox 425 4852 2032 4920; baseline -0.002 -13"><span class='ocrx_word' id='word_1_661' title='bbox 425 4870 550 4908; x_wconf 91' lang='lat' dir='ltr'><strong>cum</strong></span> <span class='ocrx_word' id='word_1_662' title='bbox 594 4853 710 4908; x_wconf 74' lang='lat' dir='ltr'><strong>hmc</strong></span> <span class='ocrx_word' id='word_1_663' title='bbox 753 4866 835 4918; x_wconf 91' lang='lat' dir='ltr'><strong>se,</strong></span> <span class='ocrx_word' id='word_1_664' title='bbox 879 4854 997 4919; x_wconf 63' lang='lat' dir='ltr'><strong>ipsi»</strong></span> <span class='ocrx_word' id='word_1_665' title='bbox 1042 4854 1288 4914; x_wconf 84' lang='lat' dir='ltr'><strong>conscio,</strong></span> <span class='ocrx_word' id='word_1_666' title='bbox 1322 4866 1514 4919; x_wconf 83' lang='lat' dir='ltr'><strong>passos</strong></span> <span class='ocrx_word' id='word_1_667' title='bbox 1544 4866 1668 4905; x_wconf 88' lang='lat' dir='ltr'><strong>esse</strong></span> <span class='ocrx_word' id='word_1_668' title='bbox 1705 4868 1770 4904; x_wconf 89' lang='lat' dir='ltr'><strong>ne</strong></span> <span class='ocrx_word' id='word_1_669' title='bbox 1802 4852 1878 4905; x_wconf 90' lang='lat' dir='ltr'><strong>illi</strong></span> <span class='ocrx_word' id='word_1_670' title='bbox 1906 4852 2032 4920; x_wconf 86' lang='lat' dir='ltr'><strong>qui-</strong></span> 
     </span>
    </p>
   </div>
   <div class='ocr_carea' id='block_1_89' title="bbox 428 4921 2032 4990">
    <p class='ocr_par' dir='ltr' id='par_1_89' title="bbox 428 4921 2032 4990">
     <span class='ocr_line' id='line_1_89' title="bbox 428 4921 2032 4990; baseline -0.003 -11"><span class='ocrx_word' id='word_1_671' title='bbox 428 4925 552 4979; x_wconf 90' lang='lat' dir='ltr'><strong>dem</strong></span> <span class='ocrx_word' id='word_1_672' title='bbox 601 4923 880 4977; x_wconf 83' lang='lat' dir='ltr'><strong>ailirmare</strong></span> <span class='ocrx_word' id='word_1_673' title='bbox 914 4930 1160 4990; x_wconf 66' lang='lat' dir='ltr'><strong>possent.</strong></span> <span class='ocrx_word' id='word_1_674' title='bbox 1195 4921 1326 4975; x_wconf 89' lang='lat' dir='ltr'><strong>Idne</strong></span> <span class='ocrx_word' id='word_1_675' title='bbox 1355 4936 1477 4974; x_wconf 90' lang='lat' dir='ltr'><strong>cum</strong></span> <span class='ocrx_word' id='word_1_676' title='bbox 1512 4922 1897 4990; x_wconf 86' lang='lat' dir='ltr'><strong>potentissimo</strong></span> <span class='ocrx_word' id='word_1_677' title='bbox 1931 4926 2032 4974; x_wconf 83' lang='lat' dir='ltr'><strong>itii-</strong></span> 
     </span>
    </p>
   </div>
   <div class='ocr_carea' id='block_1_90' title="bbox 465 4991 2034 5062">
    <p class='ocr_par' dir='ltr' id='par_1_90' title="bbox 465 4991 2034 5062">
     <span class='ocr_line' id='line_1_90' title="bbox 465 4991 2034 5062; baseline -0.004 -12"><span class='ocrx_word' id='word_1_678' title='bbox 465 5004 684 5050; x_wconf 89' lang='lat' dir='ltr'><strong>eratore</strong></span> <span class='ocrx_word' id='word_1_679' title='bbox 710 4995 886 5062; x_wconf 83' lang='lat' dir='ltr'><strong>egisse</strong></span> <span class='ocrx_word' id='word_1_680' title='bbox 916 4991 1226 5046; x_wconf 86' lang='lat' dir='ltr'><strong>credendus</strong></span> <span class='ocrx_word' id='word_1_681' title='bbox 1263 5001 1344 5046; x_wconf 88' lang='lat' dir='ltr'><strong>est</strong></span> <span class='ocrx_word' id='word_1_682' title='bbox 1387 4991 1824 5060; x_wconf 80' lang='lat' dir='ltr'><strong>sapientissimus</strong></span> <span class='ocrx_word' id='word_1_683' title='bbox 1857 4993 2034 5059; x_wconf 91' lang='lat' dir='ltr'><strong>ponti-</strong></span> 
     </span>
    </p>
   </div>
   <div class='ocr_carea' id='block_1_91' title="bbox 426 5012 2034 5134">
    <p class='ocr_par' dir='ltr' id='par_1_91' title="bbox 426 5012 2034 5134">
     <span class='ocr_line' id='line_1_91' title="bbox 465 5012 2034 5062; baseline -0.004 -12"><span class='ocrx_word' id='word_1_684' title='bbox 465 5012 684 5050; x_wconf 88' lang='lat' dir='ltr'><strong>eratore</strong></span> <span class='ocrx_word' id='word_1_685' title='bbox 710 5012 886 5062; x_wconf 76' lang='lat' dir='ltr'><strong>egisse</strong></span> <span class='ocrx_word' id='word_1_686' title='bbox 916 5012 1226 5046; x_wconf 83' lang='lat' dir='ltr'><strong>creuenuus</strong></span> <span class='ocrx_word' id='word_1_687' title='bbox 1263 5012 1344 5046; x_wconf 70' lang='grc' dir='ltr'><strong>εει</strong></span> <span class='ocrx_word' id='word_1_688' title='bbox 1387 5012 1824 5060; x_wconf 76' lang='lat' dir='ltr'><strong>sapientissmius</strong></span> <span class='ocrx_word' id='word_1_689' title='bbox 1857 5012 2034 5059; x_wconf 87' lang='lat' dir='ltr'><strong>ponu-</strong></span> 
     </span>
     <span class='ocr_line' id='line_1_92' title="bbox 426 5012 2034 5134; baseline -0.003 -12"><span class='ocrx_word' id='word_1_690' title='bbox 426 5012 540 5132; x_wconf 43' lang='grc' dir='ltr'>ἴθι,</span> <span class='ocrx_word' id='word_1_691' title='bbox 582 5064 727 5131; x_wconf 85' lang='lat' dir='ltr'><strong>quod</strong></span> <span class='ocrx_word' id='word_1_692' title='bbox 768 5065 1017 5134; x_wconf 89' lang='lat' dir='ltr'><strong>quemvis</strong></span> <span class='ocrx_word' id='word_1_693' title='bbox 1039 5063 1278 5134; x_wconf 77' lang='lat' dir='ltr'><strong>iudicem</strong></span> <span class='ocrx_word' id='word_1_694' title='bbox 1308 5079 1428 5116; x_wconf 87' lang='lat' dir='ltr'><strong>cum</strong></span> <span class='ocrx_word' id='word_1_695' title='bbox 1464 5063 1790 5116; x_wconf 82' lang='lat' dir='ltr'><strong>tenuissimo</strong></span> <span class='ocrx_word' id='word_1_696' title='bbox 1817 5079 2034 5132; x_wconf 87' lang='lat' dir='ltr'><strong>qunque</strong></span> 
     </span>
    </p>
   </div>
   <div class='ocr_carea' id='block_1_92' title="bbox 430 5133 2034 5203">
    <p class='ocr_par' dir='ltr' id='par_1_92' title="bbox 430 5133 2034 5203">
     <span class='ocr_line' id='line_1_93' title="bbox 430 5133 2034 5203; baseline -0.002 -11"><span class='ocrx_word' id='word_1_697' title='bbox 430 5140 651 5192; x_wconf 82' lang='lat' dir='ltr'><strong>homine</strong></span> <span class='ocrx_word' id='word_1_698' title='bbox 689 5133 853 5203; x_wconf 71' lang='lat' dir='ltr'><strong>agere</strong></span> <span class='ocrx_word' id='word_1_699' title='bbox 885 5133 1153 5202; x_wconf 81' lang='lat' dir='ltr'><strong>puderet?</strong></span> <span class='ocrx_word' id='word_1_700' title='bbox 1193 5149 1318 5188; x_wconf 91' lang='lat' dir='ltr'><strong>cum</strong></span> <span class='ocrx_word' id='word_1_701' title='bbox 1349 5134 1652 5203; x_wconf 89' lang='lat' dir='ltr'><strong>quemlibet</strong></span> <span class='ocrx_word' id='word_1_702' title='bbox 1695 5134 1798 5188; x_wconf 90' lang='lat' dir='ltr'><strong>nisi</strong></span> <span class='ocrx_word' id='word_1_703' title='bbox 1844 5135 2034 5188; x_wconf 90' lang='lat' dir='ltr'><strong>convi-</strong></span> 
     </span>
    </p>
   </div>
   <div class='ocr_carea' id='block_1_93' title="bbox 428 5205 1686 5275">
    <p class='ocr_par' dir='ltr' id='par_1_93' title="bbox 428 5205 1686 5275">
     <span class='ocr_line' id='line_1_94' title="bbox 428 5205 1686 5275; baseline -0.005 -12"><span class='ocrx_word' id='word_1_704' title='bbox 428 5217 578 5264; x_wconf 89' lang='lat' dir='ltr'><strong>ctum</strong></span> <span class='ocrx_word' id='word_1_705' title='bbox 607 5208 691 5261; x_wconf 87' lang='lat' dir='ltr'><strong>vel</strong></span> <span class='ocrx_word' id='word_1_706' title='bbox 723 5206 1032 5260; x_wconf 68' lang='lat' dir='ltr'><strong>confeSs-um</strong></span> <span class='ocrx_word' id='word_1_707' title='bbox 1061 5205 1266 5274; x_wconf 91' lang='lat' dir='ltr'><strong>puniri,</strong></span> <span class='ocrx_word' id='word_1_708' title='bbox 1301 5205 1448 5275; x_wconf 81' lang='lat' dir='ltr'><strong>leges</strong></span> <span class='ocrx_word' id='word_1_709' title='bbox 1479 5213 1686 5258; x_wconf 89' lang='lat' dir='ltr'><strong>vetent.</strong></span> 
     </span>
    </p>
   </div>
   <div class='ocr_carea' id='block_1_94' title="bbox 499 5275 2031 5348">
    <p class='ocr_par' dir='ltr' id='par_1_94' title="bbox 499 5275 2031 5348">
     <span class='ocr_line' id='line_1_95' title="bbox 499 5275 2031 5348; baseline -0.003 -15"><span class='ocrx_word' id='word_1_710' title='bbox 499 5279 526 5318; x_wconf 71' lang='grc' dir='ltr'>ι)</span> <span class='ocrx_word' id='word_1_711' title='bbox 555 5278 742 5348; x_wconf 84' lang='lat' dir='ltr'><strong>Neque</strong></span> <span class='ocrx_word' id='word_1_712' title='bbox 770 5278 872 5331; x_wconf 90' lang='lat' dir='ltr'><strong>ista</strong></span> <span class='ocrx_word' id='word_1_713' title='bbox 899 5291 1023 5330; x_wconf 93' lang='lat' dir='ltr'><strong>cum</strong></span> <span class='ocrx_word' id='word_1_714' title='bbox 1054 5275 1279 5348; x_wconf 85' lang='lat' dir='ltr'><strong>Palladii</strong></span> <span class='ocrx_word' id='word_1_715' title='bbox 1314 5279 1626 5330; x_wconf 85' lang='lat' dir='ltr'><strong>narratione</strong></span> <span class='ocrx_word' id='word_1_716' title='bbox 1655 5277 2031 5348; x_wconf 78' lang='lat' dir='ltr'><strong>consentiunt,</strong></span> 
     </span>
    </p>
   </div>
   <div class='ocr_carea' id='block_1_95' title="bbox 427 5345 2032 5417">
    <p class='ocr_par' dir='ltr' id='par_1_95' title="bbox 427 5345 2032 5417">
     <span class='ocr_line' id='line_1_96' title="bbox 427 5345 2032 5417; baseline -0.002 -12"><span class='ocrx_word' id='word_1_717' title='bbox 427 5365 494 5406; x_wconf 83' lang='lat' dir='ltr'><strong>ex</strong></span> <span class='ocrx_word' id='word_1_718' title='bbox 542 5345 859 5417; x_wconf 41' lang='lat' dir='ltr'><strong>qtta‘omnia</strong></span> <span class='ocrx_word' id='word_1_719' title='bbox 891 5356 1002 5401; x_wconf 88' lang='lat' dir='ltr'><strong>tum</strong></span> <span class='ocrx_word' id='word_1_720' title='bbox 1035 5362 1132 5415; x_wconf 87' lang='lat' dir='ltr'><strong>per</strong></span> <span class='ocrx_word' id='word_1_721' title='bbox 1155 5347 1289 5412; x_wconf 82' lang='lat' dir='ltr'><strong>vim,</strong></span> <span class='ocrx_word' id='word_1_722' title='bbox 1323 5348 1474 5401; x_wconf 90' lang='lat' dir='ltr'><strong>nullo</strong></span> <span class='ocrx_word' id='word_1_723' title='bbox 1507 5345 1865 5401; x_wconf 84' lang='lat' dir='ltr'><strong>antecedente</strong></span> <span class='ocrx_word' id='word_1_724' title='bbox 1887 5347 2032 5416; x_wconf 89' lang='lat' dir='ltr'><strong>judi-</strong></span> 
     </span>
    </p>
   </div>
   <div class='ocr_carea' id='block_1_96' title="bbox 428 5419 1255 5490">
    <p class='ocr_par' dir='ltr' id='par_1_96' title="bbox 428 5419 1255 5490">
     <span class='ocr_line' id='line_1_97' title="bbox 428 5419 1255 5490; baseline 0 -18"><span class='ocrx_word' id='word_1_725' title='bbox 428 5423 536 5487; x_wconf 88' lang='lat' dir='ltr'><strong>cio,</strong></span> <span class='ocrx_word' id='word_1_726' title='bbox 567 5429 718 5490; x_wconf 90' lang='lat' dir='ltr'><strong>gesta</strong></span> <span class='ocrx_word' id='word_1_727' title='bbox 750 5434 874 5474; x_wconf 86' lang='lat' dir='ltr'><strong>esse</strong></span> <span class='ocrx_word' id='word_1_728' title='bbox 903 5419 1120 5490; x_wconf 90' lang='lat' dir='ltr'><strong>planum</strong></span> <span class='ocrx_word' id='word_1_729' title='bbox 1150 5427 1255 5472; x_wconf 87' lang='lat' dir='ltr'><strong>est.</strong></span> 
     </span>
    </p>
   </div>
   <div class='ocr_carea' id='block_1_97' title="bbox 503 5489 2032 5558">
    <p class='ocr_par' dir='ltr' id='par_1_97' title="bbox 503 5489 2032 5558">
     <span class='ocr_line' id='line_1_98' title="bbox 503 5489 2032 5558; baseline -0.001 -13"><span class='ocrx_word' id='word_1_730' title='bbox 503 5502 525 5530; x_wconf 75' lang='grc' dir='ltr'><strong>ο</strong></span> <span class='ocrx_word' id='word_1_731' title='bbox 557 5489 843 5558; x_wconf 86' lang='lat' dir='ltr'><strong>Quomodo</strong></span> <span class='ocrx_word' id='word_1_732' title='bbox 885 5489 992 5543; x_wconf 92' lang='lat' dir='ltr'><strong>dici</strong></span> <span class='ocrx_word' id='word_1_733' title='bbox 1039 5491 1212 5556; x_wconf 67' lang='lat' dir='ltr'><strong>possit</strong></span> <span class='ocrx_word' id='word_1_734' title='bbox 1240 5489 1502 5544; x_wconf 87' lang='lat' dir='ltr'><strong>Arcadius</strong></span> <span class='ocrx_word' id='word_1_735' title='bbox 1531 5503 1720 5544; x_wconf 90' lang='lat' dir='ltr'><strong>eorum</strong></span> <span class='ocrx_word' id='word_1_736' title='bbox 1745 5502 1877 5543; x_wconf 91' lang='lat' dir='ltr'><strong>usus</strong></span> <span class='ocrx_word' id='word_1_737' title='bbox 1909 5504 2032 5544; x_wconf 90' lang='lat' dir='ltr'><strong>esse</strong></span> 
     </span>
    </p>
   </div>
   <div class='ocr_carea' id='block_1_98' title="bbox 429 5561 2030 5632">
    <p class='ocr_par' dir='ltr' id='par_1_98' title="bbox 429 5561 2030 5632">
     <span class='ocr_line' id='line_1_99' title="bbox 429 5561 2030 5632; baseline -0.003 -17"><span class='ocrx_word' id='word_1_738' title='bbox 429 5564 839 5628; x_wconf 82' lang='lat' dir='ltr'><strong>communione,</strong></span> <span class='ocrx_word' id='word_1_739' title='bbox 865 5562 957 5632; x_wconf 91' lang='lat' dir='ltr'><strong>qui</strong></span> <span class='ocrx_word' id='word_1_740' title='bbox 990 5575 1090 5615; x_wconf 90' lang='lat' dir='ltr'><strong>nec</strong></span> <span class='ocrx_word' id='word_1_741' title='bbox 1122 5561 1297 5628; x_wconf 79' lang='lat' dir='ltr'><strong>ipsum</strong></span> <span class='ocrx_word' id='word_1_742' title='bbox 1325 5562 1584 5632; x_wconf 77' lang='lat' dir='ltr'><strong>salutare,</strong></span> <span class='ocrx_word' id='word_1_743' title='bbox 1622 5561 1790 5632; x_wconf 86' lang='lat' dir='ltr'><strong>immo</strong></span> <span class='ocrx_word' id='word_1_744' title='bbox 1817 5574 1915 5613; x_wconf 90' lang='lat' dir='ltr'><strong>nec</strong></span> <span class='ocrx_word' id='word_1_745' title='bbox 1944 5577 2030 5632; x_wconf 82' lang='lat' dir='ltr'><strong>nr-</strong></span> 
     </span>
    </p>
   </div>
   <div class='ocr_carea' id='block_1_99' title="bbox 428 5631 2028 5703">
    <p class='ocr_par' dir='ltr' id='par_1_99' title="bbox 428 5631 2028 5703">
     <span class='ocr_line' id='line_1_100' title="bbox 428 5631 2028 5703; baseline -0.003 -14"><span class='ocrx_word' id='word_1_746' title='bbox 428 5633 552 5689; x_wconf 89' lang='lat' dir='ltr'><strong>bem</strong></span> <span class='ocrx_word' id='word_1_747' title='bbox 606 5633 811 5703; x_wconf 77' lang='lat' dir='ltr'><strong>regiam</strong></span> <span class='ocrx_word' id='word_1_748' title='bbox 859 5631 1099 5702; x_wconf 85' lang='lat' dir='ltr'><strong>ingredi,</strong></span> <span class='ocrx_word' id='word_1_749' title='bbox 1127 5633 1204 5686; x_wconf 93' lang='lat' dir='ltr'><strong>uti</strong></span> <span class='ocrx_word' id='word_1_750' title='bbox 1249 5635 1400 5688; x_wconf 75' lang='lat' dir='ltr'><strong>Iesus</strong></span> <span class='ocrx_word' id='word_1_751' title='bbox 1427 5642 1512 5687; x_wconf 87' lang='lat' dir='ltr'><strong>est</strong></span> <span class='ocrx_word' id='word_1_752' title='bbox 1551 5631 1823 5686; x_wconf 86' lang='lat' dir='ltr'><strong>Palladius</strong></span> <span class='ocrx_word' id='word_1_753' title='bbox 1855 5646 1906 5701; x_wconf 92' lang='lat' dir='ltr'><strong>p.</strong></span> <span class='ocrx_word' id='word_1_754' title='bbox 1937 5631 2028 5697; x_wconf 62' lang='grc' dir='ltr'><strong>δε,</strong></span> 
     </span>
    </p>
   </div>
   <div class='ocr_carea' id='block_1_100' title="bbox 430 5705 882 5776">
    <p class='ocr_par' dir='ltr' id='par_1_100' title="bbox 430 5705 882 5776">
     <span class='ocr_line' id='line_1_101' title="bbox 430 5705 882 5776; baseline -0.004 -16"><span class='ocrx_word' id='word_1_755' title='bbox 430 5705 686 5776; x_wconf 83' lang='lat' dir='ltr'><strong>permissi</strong></span> <span class='ocrx_word' id='word_1_756' title='bbox 715 5705 882 5758; x_wconf 85' lang='lat' dir='ltr'><strong>sunt?</strong></span> 
     </span>
    </p>
   </div>
   <div class='ocr_carea' id='block_1_101' title="bbox 508 5773 2028 5846">
    <p class='ocr_par' dir='ltr' id='par_1_101' title="bbox 508 5773 2028 5846">
     <span class='ocr_line' id='line_1_102' title="bbox 508 5773 2028 5846; baseline -0.004 -15"><span class='ocrx_word' id='word_1_757' title='bbox 508 5774 533 5811; x_wconf 74' lang='grc' dir='ltr'>α</span> <span class='ocrx_word' id='word_1_758' title='bbox 577 5777 632 5831; x_wconf 89' lang='lat' dir='ltr'><strong>In</strong></span> <span class='ocrx_word' id='word_1_759' title='bbox 667 5774 766 5831; x_wconf 89' lang='lat' dir='ltr'><strong>hac</strong></span> <span class='ocrx_word' id='word_1_760' title='bbox 797 5775 1026 5843; x_wconf 85' lang='lat' dir='ltr'><strong>epistola</strong></span> <span class='ocrx_word' id='word_1_761' title='bbox 1070 5777 1353 5846; x_wconf 88' lang='lat' dir='ltr'><strong>repetitur,</strong></span> <span class='ocrx_word' id='word_1_762' title='bbox 1390 5774 1533 5844; x_wconf 89' lang='lat' dir='ltr'><strong>quod</strong></span> <span class='ocrx_word' id='word_1_763' title='bbox 1561 5774 1671 5845; x_wconf 79' lang='lat' dir='ltr'><strong>jam</strong></span> <span class='ocrx_word' id='word_1_764' title='bbox 1715 5773 1767 5828; x_wconf 89' lang='lat' dir='ltr'><strong>in</strong></span> <span class='ocrx_word' id='word_1_765' title='bbox 1803 5783 2028 5829; x_wconf 82' lang='lat' dir='ltr'><strong>antece-</strong></span> 
     </span>
    </p>
   </div>
   <div class='ocr_carea' id='block_1_102' title="bbox 2141 4705 3730 4775">
    <p class='ocr_par' dir='ltr' id='par_1_102' title="bbox 2141 4705 3730 4775">
     <span class='ocr_line' id='line_1_103' title="bbox 2141 4705 3730 4775; baseline -0.002 -13"><span class='ocrx_word' id='word_1_766' title='bbox 2141 4720 2370 4763; x_wconf 84' lang='lat' dir='ltr'><strong>testatus</strong></span> <span class='ocrx_word' id='word_1_767' title='bbox 2414 4720 2498 4763; x_wconf 87' lang='lat' dir='ltr'><strong>est</strong></span> <span class='ocrx_word' id='word_1_768' title='bbox 2531 4728 2544 4760; x_wconf 86' lang='lat'>:</span> <span class='ocrx_word' id='word_1_769' title='bbox 2581 4709 2650 4760; x_wconf 83' lang='lat' dir='ltr'><strong>ita</strong></span> <span class='ocrx_word' id='word_1_770' title='bbox 2683 4705 2844 4760; x_wconf 80' lang='lat' dir='ltr'><strong>etiam</strong></span> <span class='ocrx_word' id='word_1_771' title='bbox 2877 4706 3134 4775; x_wconf 86' lang='lat' dir='ltr'><strong>quidquid</strong></span> <span class='ocrx_word' id='word_1_772' title='bbox 3185 4705 3417 4758; x_wconf 70' lang='lat' dir='ltr'><strong>subinde</strong></span> <span class='ocrx_word' id='word_1_773' title='bbox 3467 4705 3730 4775; x_wconf 77' lang='lat' dir='ltr'><strong>adversus</strong></span> 
     </span>
    </p>
   </div>
   <div class='ocr_carea' id='block_1_103' title="bbox 2139 4774 3733 4850">
    <p class='ocr_par' dir='ltr' id='par_1_103' title="bbox 2139 4774 3733 4850">
     <span class='ocr_line' id='line_1_104' title="bbox 2139 4774 3733 4850; baseline -0.003 -16"><span class='ocrx_word' id='word_1_774' title='bbox 2139 4781 2349 4850; x_wconf 86' lang='lat' dir='ltr'><strong>legatos</strong></span> <span class='ocrx_word' id='word_1_775' title='bbox 2377 4789 2558 4832; x_wconf 91' lang='lat' dir='ltr'><strong>actum</strong></span> <span class='ocrx_word' id='word_1_776' title='bbox 2591 4787 2711 4840; x_wconf 90' lang='lat' dir='ltr'><strong>est,</strong></span> <span class='ocrx_word' id='word_1_777' title='bbox 2758 4792 2964 4850; x_wconf 68' lang='lat' dir='ltr'><strong>segnem</strong></span> <span class='ocrx_word' id='word_1_778' title='bbox 3009 4777 3290 4850; x_wconf 67' lang='lat' dir='ltr'><strong>Art-adium</strong></span> <span class='ocrx_word' id='word_1_779' title='bbox 3318 4776 3544 4830; x_wconf 87' lang='lat' dir='ltr'><strong>latuisse</strong></span> <span class='ocrx_word' id='word_1_780' title='bbox 3574 4774 3733 4830; x_wconf 81' lang='lat' dir='ltr'><strong>Nice-</strong></span> 
     </span>
    </p>
   </div>
   <div class='ocr_carea' id='block_1_104' title="bbox 2139 4847 3138 4920">
    <p class='ocr_par' dir='ltr' id='par_1_104' title="bbox 2139 4847 3138 4920">
     <span class='ocr_line' id='line_1_105' title="bbox 2139 4847 3138 4920; baseline 0 -18"><span class='ocrx_word' id='word_1_781' title='bbox 2139 4847 2346 4920; x_wconf 64' lang='lat' dir='ltr'><strong>pliorus</strong></span> <span class='ocrx_word' id='word_1_782' title='bbox 2371 4851 2465 4904; x_wconf 86' lang='lat' dir='ltr'><strong>lib.</strong></span> <span class='ocrx_word' id='word_1_783' title='bbox 2499 4864 2614 4910; x_wconf 78' lang='lat' dir='ltr'><strong>XIII,</strong></span> <span class='ocrx_word' id='word_1_784' title='bbox 2646 4862 2765 4920; x_wconf 76' lang='lat' dir='ltr'><strong>cup.</strong></span> <span class='ocrx_word' id='word_1_785' title='bbox 2803 4847 2896 4920; x_wconf 64' lang='lat'><strong>53,</strong></span> <span class='ocrx_word' id='word_1_786' title='bbox 2927 4847 3138 4902; x_wconf 78' lang='lat' dir='ltr'><strong>scribit.</strong></span> 
     </span>
    </p>
   </div>
   <div class='ocr_carea' id='block_1_105' title="bbox 2215 4917 3730 4986">
    <p class='ocr_par' dir='ltr' id='par_1_105' title="bbox 2215 4917 3730 4986">
     <span class='ocr_line' id='line_1_106' title="bbox 2215 4917 3730 4986; baseline -0.003 -12"><span class='ocrx_word' id='word_1_787' title='bbox 2215 4921 2233 4958; x_wconf 66' lang='grc' dir='ltr'>ί</span> <span class='ocrx_word' id='word_1_788' title='bbox 2276 4926 2453 4986; x_wconf 78' lang='lat' dir='ltr'><strong>Quam</strong></span> <span class='ocrx_word' id='word_1_789' title='bbox 2487 4918 2936 4984; x_wconf 89' lang='lat' dir='ltr'><strong>impudenterhic</strong></span> <span class='ocrx_word' id='word_1_790' title='bbox 2965 4920 3266 4972; x_wconf 88' lang='lat' dir='ltr'><strong>mentiatur</strong></span> <span class='ocrx_word' id='word_1_791' title='bbox 3295 4917 3485 4972; x_wconf 87' lang='lat' dir='ltr'><strong>barum</strong></span> <span class='ocrx_word' id='word_1_792' title='bbox 3518 4917 3730 4972; x_wconf 89' lang='lat' dir='ltr'><strong>littera-</strong></span> 
     </span>
    </p>
   </div>
   <div class='ocr_carea' id='block_1_106' title="bbox 2139 4989 3731 5058">
    <p class='ocr_par' dir='ltr' id='par_1_106' title="bbox 2139 4989 3731 5058">
     <span class='ocr_line' id='line_1_107' title="bbox 2139 4989 3731 5058; baseline -0.001 -14"><span class='ocrx_word' id='word_1_793' title='bbox 2139 5008 2257 5045; x_wconf 90' lang='lat' dir='ltr'><strong>rum</strong></span> <span class='ocrx_word' id='word_1_794' title='bbox 2286 4992 2646 5053; x_wconf 83' lang='lat' dir='ltr'><strong>architectus,</strong></span> <span class='ocrx_word' id='word_1_795' title='bbox 2707 4990 2900 5056; x_wconf 81' lang='lat' dir='ltr'><strong>probat</strong></span> <span class='ocrx_word' id='word_1_796' title='bbox 2926 4989 3094 5055; x_wconf 81' lang='lat' dir='ltr'><strong>ipsius</strong></span> <span class='ocrx_word' id='word_1_797' title='bbox 3132 4992 3348 5043; x_wconf 86' lang='lat' dir='ltr'><strong>Arcadii</strong></span> <span class='ocrx_word' id='word_1_798' title='bbox 3383 4991 3731 5058; x_wconf 80' lang='lat' dir='ltr'><strong>rescriptum,</strong></span> 
     </span>
    </p>
   </div>
   <div class='ocr_carea' id='block_1_107' title="bbox 2137 5058 3735 5132">
    <p class='ocr_par' dir='ltr' id='par_1_107' title="bbox 2137 5058 3735 5132">
     <span class='ocr_line' id='line_1_108' title="bbox 2137 5058 3735 5132; baseline -0.001 -16"><span class='ocrx_word' id='word_1_799' title='bbox 2137 5063 2281 5132; x_wconf 88' lang='lat' dir='ltr'><strong>quod</strong></span> <span class='ocrx_word' id='word_1_800' title='bbox 2316 5062 2549 5124; x_wconf 87' lang='lat' dir='ltr'><strong>Atticus,</strong></span> <span class='ocrx_word' id='word_1_801' title='bbox 2583 5061 2839 5132; x_wconf 79' lang='lat' dir='ltr'><strong>nemiuem</strong></span> <span class='ocrx_word' id='word_1_802' title='bbox 2868 5058 3214 5114; x_wconf 79' lang='lat' dir='ltr'><strong>Orientalium</strong></span> <span class='ocrx_word' id='word_1_803' title='bbox 3245 5077 3416 5114; x_wconf 81' lang='lat' dir='ltr'><strong>secum</strong></span> <span class='ocrx_word' id='word_1_804' title='bbox 3449 5061 3735 5114; x_wconf 86' lang='lat' dir='ltr'><strong>communi-</strong></span> 
     </span>
    </p>
   </div>
   <div class='ocr_carea' id='block_1_108' title="bbox 2138 5130 3736 5203">
    <p class='ocr_par' dir='ltr' id='par_1_108' title="bbox 2138 5130 3736 5203">
     <span class='ocr_line' id='line_1_109' title="bbox 2138 5130 3736 5203; baseline -0.002 -16"><span class='ocrx_word' id='word_1_805' title='bbox 2138 5130 2258 5188; x_wconf 80' lang='lat' dir='ltr'><strong>care</strong></span> <span class='ocrx_word' id='word_1_806' title='bbox 2289 5133 2480 5202; x_wconf 88' lang='lat' dir='ltr'><strong>iniquo</strong></span> <span class='ocrx_word' id='word_1_807' title='bbox 2521 5131 2702 5203; x_wconf 85' lang='lat' dir='ltr'><strong>animo</strong></span> <span class='ocrx_word' id='word_1_808' title='bbox 2753 5130 2936 5185; x_wconf 87' lang='lat' dir='ltr'><strong>ferens</strong></span> <span class='ocrx_word' id='word_1_809' title='bbox 2956 5132 3069 5203; x_wconf 86' lang='lat' dir='ltr'><strong>,_ab</strong></span> <span class='ocrx_word' id='word_1_810' title='bbox 3103 5133 3209 5186; x_wconf 88' lang='lat' dir='ltr'><strong>boc</strong></span> <span class='ocrx_word' id='word_1_811' title='bbox 3239 5133 3568 5203; x_wconf 74' lang='lat' dir='ltr'><strong>imperatore</strong></span> <span class='ocrx_word' id='word_1_812' title='bbox 3593 5132 3736 5186; x_wconf 88' lang='lat' dir='ltr'><strong>obti-</strong></span> 
     </span>
    </p>
   </div>
   <div class='ocr_carea' id='block_1_109' title="bbox 2139 5200 3734 5274">
    <p class='ocr_par' dir='ltr' id='par_1_109' title="bbox 2139 5200 3734 5274">
     <span class='ocr_line' id='line_1_110' title="bbox 2139 5200 3734 5274; baseline -0.003 -16"><span class='ocrx_word' id='word_1_813' title='bbox 2139 5207 2279 5267; x_wconf 90' lang='lat' dir='ltr'><strong>nuit,</strong></span> <span class='ocrx_word' id='word_1_814' title='bbox 2319 5200 2510 5274; x_wconf 81' lang='lat' dir='ltr'><strong>inquo</strong></span> <span class='ocrx_word' id='word_1_815' title='bbox 2536 5201 2772 5274; x_wconf 78' lang='lat' dir='ltr'><strong>scilicet,</strong></span> <span class='ocrx_word' id='word_1_816' title='bbox 2805 5211 2944 5256; x_wconf 87' lang='lat' dir='ltr'><strong>teste</strong></span> <span class='ocrx_word' id='word_1_817' title='bbox 2973 5200 3216 5257; x_wconf 87' lang='lat' dir='ltr'><strong>Palladio</strong></span> <span class='ocrx_word' id='word_1_818' title='bbox 3247 5200 3369 5273; x_wconf 70' lang='lat' dir='ltr'><strong>pag.</strong></span> <span class='ocrx_word' id='word_1_819' title='bbox 3402 5204 3491 5268; x_wconf 81' lang='lat'><strong>95,</strong></span> <span class='ocrx_word' id='word_1_820' title='bbox 3518 5203 3734 5256; x_wconf 86' lang='lat' dir='ltr'><strong>sancie-</strong></span> 
     </span>
    </p>
   </div>
   <div class='ocr_carea' id='block_1_110' title="bbox 2137 5273 3734 5344">
    <p class='ocr_par' dir='ltr' id='par_1_110' title="bbox 2137 5273 3734 5344">
     <span class='ocr_line' id='line_1_111' title="bbox 2137 5273 3734 5344; baseline -0.002 -17"><span class='ocrx_word' id='word_1_821' title='bbox 2137 5275 2333 5331; x_wconf 85' lang='lat' dir='ltr'><strong>batur:</strong></span> <span class='ocrx_word' id='word_1_822' title='bbox 2371 5274 2432 5328; x_wconf 87' lang='lat' dir='ltr'><strong>Si</strong></span> <span class='ocrx_word' id='word_1_823' title='bbox 2480 5273 2596 5344; x_wconf 71' lang='lat' dir='ltr'><strong>quis</strong></span> <span class='ocrx_word' id='word_1_824' title='bbox 2649 5273 3008 5344; x_wconf 79' lang='lat' dir='ltr'><strong>episc0porum</strong></span> <span class='ocrx_word' id='word_1_825' title='bbox 3073 5291 3178 5327; x_wconf 86' lang='lat' dir='ltr'><strong>non</strong></span> <span class='ocrx_word' id='word_1_826' title='bbox 3229 5277 3573 5328; x_wconf 85' lang='lat' dir='ltr'><strong>communicat</strong></span> <span class='ocrx_word' id='word_1_827' title='bbox 3619 5289 3734 5344; x_wconf 78' lang='lat' dir='ltr'><strong>cum</strong></span> 
     </span>
    </p>
   </div>
   <div class='ocr_carea' id='block_1_111' title="bbox 2140 5341 3736 5416">
    <p class='ocr_par' dir='ltr' id='par_1_111' title="bbox 2140 5341 3736 5416">
     <span class='ocr_line' id='line_1_112' title="bbox 2140 5341 3736 5416; baseline -0.003 -17"><span class='ocrx_word' id='word_1_828' title='bbox 2140 5345 2460 5410; x_wconf 82' lang='lat' dir='ltr'><strong>Theophila,</strong></span> <span class='ocrx_word' id='word_1_829' title='bbox 2493 5341 2833 5416; x_wconf 24' lang='lat' dir='ltr'><strong>&#39;Porpliyrio‘</strong></span> <span class='ocrx_word' id='word_1_830' title='bbox 2867 5354 2914 5398; x_wconf 90' lang='lat' dir='ltr'><strong>et</strong></span> <span class='ocrx_word' id='word_1_831' title='bbox 2966 5344 3139 5398; x_wconf 83' lang='lat' dir='ltr'><strong>Attico</strong></span> <span class='ocrx_word' id='word_1_832' title='bbox 3171 5386 3186 5411; x_wconf 95' lang='lat'><strong>,</strong></span> <span class='ocrx_word' id='word_1_833' title='bbox 3240 5344 3476 5398; x_wconf 72' lang='lat' dir='ltr'><strong>Ecclesia</strong></span> <span class='ocrx_word' id='word_1_834' title='bbox 3529 5341 3736 5411; x_wconf 83' lang='lat' dir='ltr'><strong>quidem</strong></span> 
     </span>
    </p>
   </div>
   <div class='ocr_carea' id='block_1_112' title="bbox 2142 5416 3474 5489">
    <p class='ocr_par' dir='ltr' id='par_1_112' title="bbox 2142 5416 3474 5489">
     <span class='ocr_line' id='line_1_113' title="bbox 2142 5416 3474 5489; baseline -0.003 -20"><span class='ocrx_word' id='word_1_835' title='bbox 2142 5417 2445 5489; x_wconf 74' lang='lat' dir='ltr'><strong>dejiciatur,</strong></span> <span class='ocrx_word' id='word_1_836' title='bbox 2475 5425 2520 5469; x_wconf 89' lang='lat' dir='ltr'><strong>et</strong></span> <span class='ocrx_word' id='word_1_837' title='bbox 2546 5416 2825 5489; x_wconf 75' lang='lat' dir='ltr'><strong>apmpriis</strong></span> <span class='ocrx_word' id='word_1_838' title='bbox 2856 5416 3186 5489; x_wconf 75' lang='lat' dir='ltr'><strong>facultatibus</strong></span> <span class='ocrx_word' id='word_1_839' title='bbox 3216 5418 3474 5489; x_wconf 73' lang='lat' dir='ltr'><strong>abigattrr.</strong></span> 
     </span>
    </p>
   </div>
   <div class='ocr_carea' id='block_1_113' title="bbox 2215 5485 3741 5557">
    <p class='ocr_par' dir='ltr' id='par_1_113' title="bbox 2215 5485 3741 5557">
     <span class='ocr_line' id='line_1_114' title="bbox 2215 5485 3741 5557; baseline -0.002 -16"><span class='ocrx_word' id='word_1_840' title='bbox 2215 5498 2241 5535; x_wconf 77' lang='grc' dir='ltr'><strong>ε</strong></span> <span class='ocrx_word' id='word_1_841' title='bbox 2286 5487 2424 5542; x_wconf 88' lang='lat' dir='ltr'><strong>Vere</strong></span> <span class='ocrx_word' id='word_1_842' title='bbox 2452 5485 2736 5557; x_wconf 62' lang='lat' dir='ltr'><strong>pmni&#39;tenti</strong></span> <span class='ocrx_word' id='word_1_843' title='bbox 2774 5485 3008 5554; x_wconf 83' lang='lat' dir='ltr'><strong>primum</strong></span> <span class='ocrx_word' id='word_1_844' title='bbox 3043 5487 3177 5541; x_wconf 90' lang='lat' dir='ltr'><strong>illud</strong></span> <span class='ocrx_word' id='word_1_845' title='bbox 3210 5485 3478 5555; x_wconf 84' lang='lat' dir='ltr'><strong>agendum</strong></span> <span class='ocrx_word' id='word_1_846' title='bbox 3509 5495 3649 5557; x_wconf 86' lang='lat' dir='ltr'><strong>erat,</strong></span> <span class='ocrx_word' id='word_1_847' title='bbox 3683 5493 3741 5557; x_wconf 84' lang='lat' dir='ltr'><strong>ut</strong></span> 
     </span>
    </p>
   </div>
   <div class='ocr_carea' id='block_1_114' title="bbox 2141 5555 3739 5625">
    <p class='ocr_par' dir='ltr' id='par_1_114' title="bbox 2141 5555 3739 5625">
     <span class='ocr_line' id='line_1_115' title="bbox 2141 5555 3739 5625; baseline -0.003 -11"><span class='ocrx_word' id='word_1_848' title='bbox 2141 5558 2340 5614; x_wconf 79' lang='lat' dir='ltr'><strong>Joanni</strong></span> <span class='ocrx_word' id='word_1_849' title='bbox 2377 5555 2549 5613; x_wconf 84' lang='lat' dir='ltr'><strong>honor</strong></span> <span class='ocrx_word' id='word_1_850' title='bbox 2593 5559 2775 5625; x_wconf 87' lang='lat' dir='ltr'><strong>inique</strong></span> <span class='ocrx_word' id='word_1_851' title='bbox 2824 5559 3071 5613; x_wconf 84' lang='lat' dir='ltr'><strong>sublatus</strong></span> <span class='ocrx_word' id='word_1_852' title='bbox 3103 5558 3499 5611; x_wconf 89' lang='lat' dir='ltr'><strong>restitueretur.</strong></span> <span class='ocrx_word' id='word_1_853' title='bbox 3532 5555 3602 5609; x_wconf 84' lang='lat' dir='ltr'><strong>At</strong></span> <span class='ocrx_word' id='word_1_854' title='bbox 3650 5555 3739 5609; x_wconf 75' lang='lat' dir='ltr'><strong>vix</strong></span> 
     </span>
    </p>
   </div>
   <div class='ocr_carea' id='block_1_115' title="bbox 2142 5627 3742 5697">
    <p class='ocr_par' dir='ltr' id='par_1_115' title="bbox 2142 5627 3742 5697">
     <span class='ocr_line' id='line_1_116' title="bbox 2142 5627 3742 5697; baseline -0.004 -12"><span class='ocrx_word' id='word_1_855' title='bbox 2142 5632 2284 5685; x_wconf 83' lang='lat' dir='ltr'><strong>circa</strong></span> <span class='ocrx_word' id='word_1_856' title='bbox 2315 5645 2516 5684; x_wconf 85' lang='lat' dir='ltr'><strong>annum</strong></span> <span class='ocrx_word' id='word_1_857' title='bbox 2558 5629 2687 5691; x_wconf 74' lang='grc'><strong>415,</strong></span> <span class='ocrx_word' id='word_1_858' title='bbox 2743 5634 2844 5684; x_wconf 81' lang='lat' dir='ltr'><strong>hoc</strong></span> <span class='ocrx_word' id='word_1_859' title='bbox 2872 5640 2954 5684; x_wconf 88' lang='lat' dir='ltr'><strong>est</strong></span> <span class='ocrx_word' id='word_1_860' title='bbox 2977 5641 3100 5697; x_wconf 85' lang='lat' dir='ltr'><strong>post</strong></span> <span class='ocrx_word' id='word_1_861' title='bbox 3128 5627 3354 5682; x_wconf 86' lang='lat' dir='ltr'><strong>Joannis</strong></span> <span class='ocrx_word' id='word_1_862' title='bbox 3386 5635 3616 5680; x_wconf 79' lang='lat' dir='ltr'><strong>mortem</strong></span> <span class='ocrx_word' id='word_1_863' title='bbox 3644 5641 3742 5680; x_wconf 90' lang='lat' dir='ltr'><strong>an-</strong></span> 
     </span>
    </p>
   </div>
   <div class='ocr_carea' id='block_1_116' title="bbox 2146 5698 3743 5769">
    <p class='ocr_par' dir='ltr' id='par_1_116' title="bbox 2146 5698 3743 5769">
     <span class='ocr_line' id='line_1_117' title="bbox 2146 5698 3743 5769; baseline -0.002 -14"><span class='ocrx_word' id='word_1_864' title='bbox 2146 5702 2232 5756; x_wconf 88' lang='lat' dir='ltr'><strong>uis</strong></span> <span class='ocrx_word' id='word_1_865' title='bbox 2277 5717 2492 5766; x_wconf 86' lang='lat' dir='ltr'><strong>novem,</strong></span> <span class='ocrx_word' id='word_1_866' title='bbox 2540 5699 2853 5769; x_wconf 86' lang='lat' dir='ltr'><strong>impetravit</strong></span> <span class='ocrx_word' id='word_1_867' title='bbox 2902 5700 3278 5763; x_wconf 91' lang='lat' dir='ltr'><strong>Innocentius,</strong></span> <span class='ocrx_word' id='word_1_868' title='bbox 3325 5705 3383 5749; x_wconf 92' lang='lat' dir='ltr'><strong>ut</strong></span> <span class='ocrx_word' id='word_1_869' title='bbox 3412 5698 3743 5769; x_wconf 80' lang='lat' dir='ltr'><strong>sanctissimi</strong></span> 
     </span>
    </p>
   </div>
   <div class='ocr_carea' id='block_1_117' title="bbox 2146 5766 3736 5841">
    <p class='ocr_par' dir='ltr' id='par_1_117' title="bbox 2146 5766 3736 5841">
     <span class='ocr_line' id='line_1_118' title="bbox 2146 5766 3736 5841; baseline -0.001 -17"><span class='ocrx_word' id='word_1_870' title='bbox 2146 5772 2306 5840; x_wconf 81' lang='lat' dir='ltr'><strong>hujus</strong></span> <span class='ocrx_word' id='word_1_871' title='bbox 2339 5771 2592 5841; x_wconf 73' lang='lat' dir='ltr'><strong>prmsulis</strong></span> <span class='ocrx_word' id='word_1_872' title='bbox 2617 5766 2812 5827; x_wconf 83' lang='lat' dir='ltr'><strong>nomen</strong></span> <span class='ocrx_word' id='word_1_873' title='bbox 2859 5771 2909 5822; x_wconf 91' lang='lat' dir='ltr'><strong>in</strong></span> <span class='ocrx_word' id='word_1_874' title='bbox 2955 5784 3142 5825; x_wconf 87' lang='lat' dir='ltr'><strong>sacras</strong></span> <span class='ocrx_word' id='word_1_875' title='bbox 3184 5769 3394 5826; x_wconf 81' lang='lat' dir='ltr'><strong>tabulas</strong></span> <span class='ocrx_word' id='word_1_876' title='bbox 3422 5766 3736 5824; x_wconf 69' lang='lat' dir='ltr'><strong>referretur.</strong></span> 
     </span>
    </p>
   </div>
  </div>
