4206 6174
443 219 551 300 vis

1813 241 1851 299 S
1913 239 2135 299 ZOSIMI
2173 239 2381 298 PAPE

3638 233 3743 296 ΒΗ

433 359 677 429 qualibet
705 356 1004 415 Galliarum
1036 365 1211 427 parte,
1249 356 1351 412 sub
1382 356 1628 426 quolibet
1657 356 2036 412 ecclesiastico
2071 370 2115 430 Α
2215 355 2345 411 Cap.
2375 355 2438 410 ll.
2469 385 2540 398 --
2563 355 2620 410 ἢ.
2652 355 2918 410 Jussimus
2951 361 3131 410 autem
3184 352 3540 425 prteoipuam,
3583 350 3740 406 sicuti

438 450 633 519 gradu,
667 450 733 504 ad
795 465 892 504 nos
936 449 1164 502 Romam
1215 448 1403 503 venire
1454 446 1756 511 contendit,
1787 449 1876 502 vel
1933 450 2043 504 alio

440 539 596 611 [Περ.
649 557 743 594 ms.
787 540 853 594 ad
887 539 1017 612 alia]
1049 549 1314 596 terrarum
1345 541 1425 595 ire
1455 542 1715 608 disponit,
1743 555 1850 594 non
1884 541 2044 597 aliter

440 634 862 704 proficiscatur,
897 633 996 688 nisi
1047 633 1465 706 metropolitani
1499 635 1512 664 ¹
1548 633 1888 690 Arelatensis
1925 637 2042 704 epi-

444 725 600 795 scopi
640 725 901 781 formatas
933 727 1231 796 acceperit,
1255 727 1452 796 quibus
1478 726 1841 782 sacerdotium
1865 741 2042 790 suum,

440 820 527 873 vel
567 819 740 872 locum
783 817 1225 874 ecclesiasticum
1280 833 1442 888 quem
1495 818 1679 883 habet,
1709 820 2044 888 scriptorum

443 909 562 979 ejus
590 908 1014 978 adstipulatione
1063 911 1377 982 perdoceat.
1411 909 1566 977 Quod
1617 925 1678 965 ea
1731 911 1901 980 gratia
1934 920 2044 964 sta-

442 1001 665 1068 tuimus,
723 1002 846 1071 quia
875 1003 1145 1072 tlplurimi
1197 1018 1258 1058 se
1306 1001 1620 1074 episcopos,
1671 1003 2046 1074 presbyteros,

442 1094 560 1150 sive
582 1093 987 1152 ecclesiasticos
1015 1095 1355 1160 simulantes,
1374 1095 1495 1164 quia
1523 1095 1732 1150 nullum
1755 1095 2050 1150 documen-

446 1194 560 1242 tum
602 1185 961 1242 formatarutn
999 1197 1182 1242 exstat
1207 1204 1302 1258 per
1326 1187 1474 1260 quod
1504 1188 1722 1244 valeant
1755 1189 2048 1254 confutari,

447 1279 500 1334 in
532 1295 730 1334 nomen
760 1279 1136 1336 venerationis
1164 1283 1438 1351 irrepant,
1465 1291 1522 1338 et
1565 1281 1862 1337 indebitam
1893 1297 2051 1338 reve-

449 1374 684 1429 rentiam
701 1383 1102 1442 promerentur.
1117 1374 1378 1443 Quisquis
1401 1375 1590 1444 igitur,
1618 1375 1814 1430 fratres
1841 1373 2048 1429 charis-

447 1465 596 1532 simi,
620 1467 988 1535 prretermissa
1010 1466 1307 1535 supradicti
1331 1470 1582 1531 formata,
1604 1468 1720 1522 sive
1742 1469 2051 1538 episcopus,

449 1557 563 1613 sive
590 1557 902 1629 presbyter,
935 1558 1056 1613 sive
1087 1558 1371 1624 diaconus,
1403 1569 1501 1613 aut
1525 1559 1778 1628 deinceps
1809 1558 2056 1614 inferiori

450 1651 620 1722 gradu
659 1652 753 1716 sit,
784 1651 850 1706 ad
899 1666 1000 1706 nos
1043 1654 1278 1714 venerit,
1308 1653 1447 1707 sciat
1473 1667 1534 1707 se
1577 1653 1805 1708 omnino
1851 1653 2054 1721 suscipi

2146 443 2173 484 ἀ
2197 462 2414 514 semper
2443 447 2654 514 habuit,
2673 446 3137 516 metropolitanus
3155 446 3447 517 episcopus
3465 443 3746 499 Arelaten-

2145 539 2285 594 sium
2338 539 2620 595 civitatis’
2672 539 2724 592 in
2773 537 3097 593 ordinandis
3137 535 3513 593 sacerdotibus
3567 541 3748 589 teneat

2147 633 2553 691 aucmritatcm.
2581 629 2979 697 Viennensem,
3002 629 3412 686 Narbonensem
3437 627 3668 699 primam
3697 635 3750 682 et

2147 723 2561 781 Narbonensem
2599 724 2898 780 secundam
2948 723 3260 794 provincias
3311 721 3380 776 ad
3411 719 3749 791 pontiﬁcium

2149 833 2305 874 suum
2333 827 2571 873 revocet.
2615 818 2869 890 Quisquis
2910 831 3041 872 vero
3067 815 3294 887 posthac
3317 824 3505 870 contra
3534 821 3749 880 aposto-

2153 909 2272 966 licae
2301 910 2449 966 sedis
2480 919 2681 966 statuta
2709 919 2764 965 et
2794 917 3068 980 praecepta
3104 904 3620 977 tnajorum,omisso
3641 917 3751 958 me-

2149 1002 2485 1072 tropolitano
2506 1003 2789 1072 episc0po,
2812 1002 2864 1055 in
2893 1000 3191 1070 provinciis
3217 997 3548 1068 supradictis
3565 1011 3756 1066 quem-

2152 1108 2316 1164 quam
2364 1093 2620 1148 ordinare
2668 1093 3104 1162 prmsumpserit,
3133 1090 3286 1146 velis
3309 1091 3398 1161 qui
3426 1088 3668 1144 ordinari
3696 1102 3756 1144 se

2153 1187 2343 1244 illicite
2391 1188 2607 1252 siverit,
2656 1196 2885 1256 uterque
2917 1197 2939 1223 ο
2972 1185 3284 1250 sacerdotio
3338 1201 3399 1244 se
3437 1199 3626 1248 carere
3663 1198 3754 1237 co-

2153 1289 2403 1350 gttOant.
2431 1280 2717 1348 Quomodo
2751 1281 2897 1336 enim
2941 1287 3118 1351 potest
3145 1280 3531 1335 auctoritatem
3560 1276 3755 1333 summi

2159 1371 2724 1442 pontificisobtinere,
2754 1372 2849 1442 qui
2884 1386 3007 1442 quat
3027 1381 3192 1428 erant
3217 1371 3494 1442 pontiﬁcis
3536 1383 3760 1425 servare

2161 1465 2537 1534 contempsit?

2228 1557 2358 1614 Car.
2395 1557 2482 1612 lll.
2509 1558 2806 1613 -—-0mnes
2857 1573 2989 1616 sane
3030 1558 3409 1627 admonemus,
3457 1565 3518 1615 ut
3563 1556 3760 1628 quique

2169 1650 2367 1704 linilms
2398 1651 2801 1720 territoriisque
2830 1653 2947 1706 suis
2975 1651 3219 1705 contenti
3254 1651 3364 1705 sint
3398 1648 3415 1687 ί
3448 1665 3458 1699 :
3495 1664 3620 1702 nam
3647 1647 3764 1703 bar-

450 1758 559 1798 non
586 1759 770 1812 posse.
798 1743 971 1809 Quam
1000 1742 1027 1782 b
1058 1745 1440 1798 auctoritatem
1473 1744 1676 1814 ubique
1704 1759 1807 1798 nos
1840 1743 2056 1799 misisse
2088 1758 2132 1818 ῃ
2164 1744 2290 1800 hara
2331 1752 2387 1798 et
2428 1743 2589 1814 impia
2629 1743 2736 1797 ista
2777 1743 3026 1798 confusio
3057 1753 3136 1798 est
3181 1742 3358 1798 aliena
3406 1754 3758 1813 praesumere.

454 1836 804 1890 manifestum
856 1846 941 1891 est
973 1854 984 1890 :
1021 1843 1079 1890 ut
1107 1837 1320 1892 cunctis
1368 1836 1684 1907 regionibus
1730 1835 2057 1904 innotescat,

448 1927 502 1980 id
534 1927 676 1998 quod
730 1929 1022 1984 statuimus
1065 1929 1402 1982 omnimodis
1440 1944 1566 1984 esse
1611 1929 1966 1984 servandum.
2001 1929 2056 1986 Si

449 2023 575 2090 quis
600 2031 781 2074 autem
814 2020 932 2074 lucc
958 2019 1250 2074 salubriter
1271 2020 1564 2073 constituta
1591 2026 1856 2073 temerare
1889 2029 2059 2074 tenta-

450 2115 610 2178 verit,
643 2123 840 2182 sponte
881 2128 976 2167 sua
1029 2128 1091 2168 se
1140 2127 1166 2164 a
1202 2122 1386 2168 nostra
1425 2111 1636 2167 noverit
1679 2113 2059 2171 communione

451 2205 768 2262 discretum.
789 2207 902 2263 lloc
919 2219 1100 2263 autem
1125 2205 1467 2276 privilegium
1494 2207 1845 2262 formatarum
1867 2219 2054 2264 sancto

455 2299 710 2356 Patroclo
734 2299 886 2353 fratri
917 2309 974 2355 et
1005 2300 1334 2369 coepiscopo
1363 2309 1550 2354 nostro
1581 2301 1900 2356 meritorum
1936 2302 2054 2372 ejus

454 2402 478 2431 ο
510 2393 824 2462 specialiter
849 2390 1314 2462 contemplatione
1340 2393 1735 2446 concessimus.

528 2606 552 2633 α
583 2596 721 2650 Editi
753 2610 875 2650 cum
912 2610 1016 2650 ms.
1049 2595 1204 2650 Arel.
1225 2638 1239 2663 ,
1273 2594 1447 2668 plures
1472 2596 1715 2668 episwpi,
1746 2597 2048 2668 presbyteri,

451 2670 556 2724 sive
579 2668 918 2722 ecclesiastici
943 2683 963 2721 :
989 2665 1339 2738 corriguntur
1359 2682 1462 2737 cpe
1493 2665 1626 2722 mss.
1644 2665 1787 2738 Reg.
1811 2665 1972 2724 Colb.
2002 2678 2057 2724 et

455 2738 711 2795 biblioth.
746 2738 896 2792 Flor.

526 2810 555 2850 ι)
585 2810 684 2868 llic
714 2827 813 2864 vox
843 2810 1218 2874 auctoritatem,
1263 2824 1416 2866 more
1442 2810 1638 2880 priscis
1673 2811 1931 2866 Romamn
1963 2825 2056 2866 ec-

455 2883 639 2937 clesia:
661 2881 1008 2950 pontificibus
1035 2881 1310 2944 familiari,
1337 2885 1622 2950 epistolam
1654 2893 1835 2936 sonat.

531 2965 554 2992 ο
592 2953 666 3006 ιιι.
691 2953 860 3008 codex
886 2953 1087 3023 Regius
1109 2967 1232 3007 cum
1259 2953 1411 3009 Arel.
1433 2963 1487 3007 et
1510 2954 1751 3008 Morbac.
1775 2953 1880 3008 Alii
1901 2967 2054 3020 vero,

455 3025 693 3095 speciali.

527 3094 555 3133 ά
584 3097 862 3151 Novumne
889 3097 979 3162 ius
1029 3110 1169 3150 nunc
1201 3095 1452 3150 Zosimus
1486 3096 1742 3151 Patroclo
1767 3095 2054 3160 concedat,

453 3168 732 3237 disputant
759 3167 977 3222 eruditi.
1008 3166 1216 3221 Novum
1243 3167 1653 3222 tribuicensent
1688 3167 1833 3222 Petri
1864 3167 2058 3221 Marem

452 3241 808 3293 continuator
827 3239 1016 3308 Steph.
1038 3239 1286 3291 Baluzins
1312 3239 1410 3292 lib.
1426 3253 1454 3289 ν
1478 3239 1547 3292 de
1568 3237 1862 3304 Concord,
1893 3255 1942 3292 c.
1963 3238 2054 3302 '50,

453 3325 518 3364 ac
549 3311 933 3364 'l‘illemontius
972 3322 1103 3361 tom.
1137 3309 1204 3372 Χ,
1243 3327 1294 3376 p.
1323 3309 1420 3364 68l
1449 3319 1501 3364 et
1544 3324 1697 3378 seqq.
1725 3309 2057 3377 Quesnellus

456 3395 587 3436 vero
614 3381 666 3434 itt
697 3379 913 3434 laudata
939 3380 1322 3434 dissertatione
1343 3381 1395 3444 5,
1421 3396 1541 3451 cap.
1568 3382 1624 3444 li,
1648 3382 1925 3437 observat.
1955 3379 2058 3435 Zo-

453 3452 650 3506 simunt
685 3469 790 3505 non
812 3467 998 3504 novum
1017 3454 1107 3522 jus
1137 3451 1354 3504 condere
1378 3468 1468 3504 nec
1501 3452 1881 3506 nudiustertius
1905 3453 2056 3505 insti-

456 3532 619 3576 tutum
662 3523 890 3591 ﬁrmare,
922 3523 1010 3576 sed
1055 3532 1192 3574 vetus
1239 3522 1564 3592 privilegium
1614 3539 1886 3590 asserere,
1921 3536 1973 3577 et
2006 3523 2056 3576 id

456 3593 671 3667 quidem
696 3597 746 3667 in
779 3594 962 3667 nativis
984 3594 1300 3667 Arelatensis
1313 3594 1898 3667 juribusprintwvisquc
1926 3610 2056 3665 pra:-

455 3666 698 3736 ιυυρσιιὶτὶδ
722 3665 1017 3736 fundatum.
1043 3664 1138 3718 Cui
1164 3664 1485 3722 nunc'l'avet
1510 3664 1779 3729 Zos'imus,
1803 3664 1896 3719 ubi
1928 3664 2058 3720 Are-

453 3735 646 3790 Ιίιῐιειιςιὶ
667 3735 923 3805 episeopo
947 3735 997 3789 id
1027 3736 1374 3789 committere
1399 3751 1459 3790 se
1480 3746 1732 3803 testatur,
1763 3736 1899 3804 quod
1923 3753 2058 3790 sent-

455 3825 546 3878 per
569 3807 770 3862 habut'l.
801 3806 882 3861 Illi
912 3822 1128 3876 quoque
1146 3805 1510 3877 “ﬁngantur
1527 3806 1789 3864 Gallicini
1811 3808 2055 3875 episcopi

457 3881 508 3932 in
535 3880 786 3948 precibus
814 3878 880 3931 ad
905 3879 1139 3933 Leonem
1172 3894 1274 3948 pap
1293 3896 1362 3930 llll
1389 3890 1509 3948 post
1527 3880 1927 3933 ordinationem
1952 3878 2059 3932 Ra-

455 3952 637 4004 vennii
666 3949 1015 4034 Arelatensis
1045 3949 1287 4034 episeopi
1334 3949 1683 4034 missis'apud
1710 3951 1892 4034 ipsum
1915 3950 2054 4034 Leo-

457 4036 578 4076 nem
611 4022 771 4088 epist.
796 4021 884 4075 M.
913 4021 1017 4076 Sed
1051 4021 1353 4090 refragatur
1381 4022 1495 4091 ipse
1527 4020 1635 4075 Leo
1667 4020 1825 4091 epist.
1863 4020 2054 4088 9,c.4,

455 4092 548 4145 ubi
592 4093 880 4157 llilarium,
910 4093 1000 4162 qui
1031 4093 1322 4160 episcopos
1347 4106 1500 4146 extra
1532 4094 1870 4162 provinciam
1901 4105 2054 4162 suam

455 4163 760 4227 ordinarat,
792 4163 843 4217 id
873 4160 1164 4234 usurpasse
1195 4163 1460 4234 queritur.
1485 4160 1626 4234 quod
1651 4161 1825 4216 nullus
1876 4160 2055 4215 deces-

453 4251 630 4307 sorttot
659 4236 821 4307 ipsius
841 4243 959 4288 ante
985 4233 1285 4307 Patroclum
1313 4231 1512 4307 habuit.
1545 4233 2054 4307 Minusambiguum

455 4316 560 4362 est.
608 4304 984 4361 Arelatensem
1021 4304 1343 4373 episcopum
1385 4319 1412 4356 a
1445 4304 1659 4358 Zositno
1689 4305 1775 4358 ltic
1806 4320 1871 4358 eo
1893 4320 2055 4359 sensu

457 4379 911 4444 metropolitanum
943 4378 1272 4444 nuncUpari,
1294 4388 1402 4443 quo
1425 4375 1696 4430 intellexit
1731 4375 1834 4430 hoc
1859 4391 2058 4430 nomen

457 4447 698 4520 synodus
740 4447 1304 4520 Taurinensistcum
1345 4447 1560 4520 urbium
1612 4447 1952 4520 Arelatensis
2006 4456 2062 4520 et

456 4515 786 4576 Viennensis
813 4518 1082 4587 episcopis
1118 4515 1186 4570 de
1225 4516 1491 4584 primatus
1525 4517 1576 4571 in
1627 4518 1738 4572 illis
1765 4518 2062 4585 provinciis

455 4591 667 4649 honore
697 4595 836 4647 inter
859 4605 919 4646 se
939 4587 1276 4645 certantibus
1305 4587 1551 4644 definivit
1576 4607 1588 4642 :
1622 4590 1777 4659 utqui
1793 4604 1860 4643 ex
1882 4590 1956 4642 eis
1973 4607 2066 4659 (ιρι

533 4759 550 4788 ί
578 4753 864 4812 Formatas
911 4765 1007 4807 seu
1051 4750 1566 4810 communicatorias
1622 4748 1902 4820 epistolas,
1935 4748 2052 4804 sine

458 4828 655 4899 quibus
686 4823 977 4899 peregrini
1009 4821 1289 4899 clericiad
1332 4823 1773 4899 communionem
1821 4835 1926 4899 non
1957 4822 2051 4874 ad-

460 4893 844 4963 mittebantur,
865 4893 1113 4959 accipere
1142 4893 1410 4960 solebant,
1451 4909 1574 4950 cuni
1604 4893 1712 4948 alio
1747 4893 2054 4963 proﬁciscer-

461 4971 676 5035 bantur,
711 4962 1035 5037 presbyteri,
1071 4964 1306 5025 diaconi.
1341 4973 1396 5018 et
1426 4963 1612 5020 caeteri
1667 4964 1948 5032 deinceps,
1985 4962 2053 5037 ab

459 5033 724 5109 episcopo
743 5054 863 5104 suo,
878 5033 1140 5104 'episcopi
1173 5051 1202 5089 a
1258 5039 1703 5109 metropolitano,
1721 5033 2054 5109 ‘metropoli-

461 5105 572 5168 lani
597 5125 629 5165 a
654 5105 886 5180 primate
915 5124 1010 5164 seu
1063 5109 1388 5180 patriarcha.
1412 5108 1566 5175 Quod
1607 5108 1666 5162 S.
1693 5106 1954 5180 Maximus
1999 5105 2052 5159 in

459 5176 828 5254 disputatione
856 5197 980 5254 cum
1012 5179 1220 5254 Pyrrho
1243 5181 1342 5234 sub
1365 5182 1526 5254 linem
1555 5180 1736 5241 docet,
1767 5192 1887 5231 cum
1921 5176 2053 5254 Pyr-

461 5250 832 5326 rhi-synodum
865 5253 1024 5308 ullam
1051 5251 1226 5326 fuisse
1245 5261 1428 5326 negat,
1453 5251 1708 5326 adquam
1732 5250 2054 5326 συστᾳηκάς

461 5322 670 5386 litteras
696 5341 794 5381 nec
822 5325 1062 5395 episcopi
1093 5338 1122 5376 tt
1147 5322 1581 5395 tnetropolitanis
1604 5323 1716 5374 suis
1748 5322 2052 5395 attulerint,

459 5417 561 5456 nec
587 5390 987 5465 metropolitani
1015 5390 1048 5465 ’τι
1083 5394 1424 5465 patriurcitis.
1473 5394 1810 5465 Eoo-mortuae.
1856 5390 2053 5460 inquit,

456 5475 507 5529 oi
530 5463 847 5530 συῦιλθόνέτες
864 5471 961 5539 ρύκ
990 5464 1136 5539 εἶχον
1155 5508 1168 5532 ,
1194 5463 1310 5539 οὔτε
1339 5465 1384 5519 οἱ
1413 5465 1680 5539 ἐπίσκοποι
1707 5463 1809 5519 ἀτὸ
1834 5471 1932 5518 τῶν
1961 5486 2057 5536 μη-

458 5545 792 5622 τροπολιτῶν,
825 5537 942 5595 οὔτε
973 5541 1019 5622 ρί
1038 5536 1414 5622 ᾗητροποᾈῑται
1433 5536 1535 5618 ὰπρ
1560 5542 2054 5622 Ξῶνβατξξαρχῶγ.

459 5605 531 5671 Ᾱι
561 5605 812 5668 Zosimus
843 5614 945 5663 hoc
978 5605 1096 5664 loco
1125 5605 1405 5674 singulare
1440 5605 1781 5677 privilegium
1799 5605 2059 5677 Patroclo

459 5685 859 5740 Arelatensium
893 5683 1154 5748 episcopo
1175 5677 1365 5732 tribuit
1385 5678 1437 5732 in
1464 5676 1661 5742 Gallia,
1688 5688 1744 5731 ut
1767 5676 2061 5746 cujuslibet

458 5754 658 5824 gradus
707 5750 1090 5817 ecclesiastici,
1146 5749 1258 5805 sive
1309 5749 1558 5818 Romam,
1601 5749 1723 5804 sive
1751 5749 1862 5803 alio
1887 5754 2062 5804 terra-

2169 1838 2242 1894 De
2270 1854 2376 1908 qua
2409 1854 2468 1891 re
2509 1854 2575 1892 ne
2603 1837 2670 1893 ad
2702 1851 2800 1891 nos
2829 1838 3053 1906 querela
3097 1836 3328 1892 ulterius
3359 1835 3544 1896 redeat
3577 1834 3766 1890 admo-

2163 1947 2378 1986 nemus.
2414 1931 2576 1984 Dedit
2612 1930 2760 1985 enim
2793 1930 3107 1999 exemplum
3139 1928 3480 1984 Arelatensis
3507 1925 3760 1992 ecclesia,

2160 2039 2282 2096 quae
2320 2022 2424 2078 sibi
2449 2022 2469 2054 ³
2509 2022 2861 2078 Citharistam
2894 2032 2950 2077 et
2992 2032 3016 2069 ε
3048 2021 3371 2093 Gargarinm
3418 2023 3684 2092 parmcias
3711 2022 3762 2074 in

2163 2116 2440 2173 territorio
2465 2130 2566 2170 suo
2595 2116 2730 2170 sitas
2759 2114 3101 2184 incorporari
3118 2114 3240 2181 jure
3263 2114 3542 2170 desiderat
3569 2133 3581 2170 :
3608 2129 3676 2170 ne
3701 2112 3768 2168 de

2159 2218 2362 2264 cancro
2387 2208 2529 2263 ullus
2549 2207 2807 2263 sacerdos
2831 2208 2882 2260 in
2909 2207 3135 2262 alterius
3159 2207 3459 2263 sacerdotis
3474 2215 3769 2275 praesumat

2162 2303 2443 2372 lnjnriam.
2497 2302 2642 2358 Sane
2690 2302 2946 2372 quoniam
2991 2301 3432 2371 metropolitana‘.
3482 2300 3771 2356 Arelaten-

2165 2397 2304 2450 sium
2350 2395 2470 2450 urbi
2523 2407 2680 2450 vetus
2728 2393 3070 2465 privilegium
3121 2393 3344 2448 minime
3395 2391 3768 2464 derogandum

2160 2600 2448 2671 probaverit
2497 2616 2645 2656 suam.
2697 2601 2951 2654 civitatem
3003 2616 3112 2655 esse
3141 2616 3503 2663 nernorouu,
3541 2602 3584 2654 is
3613 2602 3768 2654 totius

2162 2673 2438 2739 provincitv
2461 2672 2707 2725 honorem
2737 2673 2990 2743 primatus
3031 2671 3276 2744 obtineat,
3297 2684 3347 2744 ct
3374 2673 3482 2744 ipse
3495 2675 3652 2744 juxta
3676 2689 3768 2726 ra-

2163 2759 2379 2815 t_t_onunt_
2410 2742 3162 2815 prwccptum'_ort!inationttm
3213 2742 3400 2797 habeat
3443 2742 3764 2815 potestatem.

2163 2812 2322 2868 Unde
2350 2812 2522 2885 liquet
2544 2812 2666 2868 eum
2697 2813 2767 2867 ibi
2794 2815 3272 2884 metropolitanum
3297 2812 3527 2881 dici,cui
3561 2818 3612 2868 in
3639 2830 3770 2874 con-

2166 2887 2429 2939 troversis
2455 2886 2750 2953 provinciis
2787 2886 3056 2956 primatus
3081 2885 3256 2942 honor
3285 2896 3338 2941 et
3363 2887 3765 2942 ordinationutn

2167 2958 2436 3024 Competit
2468 2965 2730 3026 potestas.

2241 3029 2461 3093 cQuam
2513 3031 2564 3082 in
2625 3027 2934 3098 huiusmodi
2991 3029 3170 3083 causis
3220 3028 3511 3084 concilium
3573 3027 3769 3082 Tauri-

2166 3113 2337 3152 nense
2377 3114 2501 3152 can.
2547 3101 2580 3154 5
2622 3099 2950 3154 decreverat
2983 3099 3290 3156 ordinantis
3331 3115 3566 3168 pmnam,
3610 3098 3765 3153 Zosi-

2166 3185 2286 3224 ntns
2316 3170 2403 3223 hic
2435 3179 2620 3242 auget.
2664 3172 2789 3223 l|:rc
2828 3171 3025 3242 quippe
3052 3172 3296 3240 synodus
3323 3186 3482 3242 eum,
3511 3171 3596 3239 qui
3629 3171 3768 3224 ordi-

2165 3251 2317 3294 natus
2357 3241 2512 3313 fuerit
2541 3284 2555 3302 ,
2598 3242 2875 3295 sacerdotii
2912 3241 3101 3313 honori
3132 3241 3442 3313 privandum
3480 3241 3760 3312 judicans,

2164 3314 2305 3367 scire
2336 3312 2593 3367 voluitet
2622 3329 2744 3366 eum
2775 3314 2861 3382 qtti
2891 3312 3208 3367 ordinauerit
3239 3314 3602 3368 auctoritatem
3637 3329 3690 3366 se
3713 3314 3766 3364 in

2163 3382 2578 3437 ordinationibus
2603 3384 2681 3436 vel
2711 3385 2763 3437 in
2792 3384 3027 3436 conciliis
3055 3385 3268 3437 minimc
3298 3395 3644 3450 retenturum,
3669 3384 3765 3438 sed

2165 3453 2477 3508 sacerdotio
2506 3456 2730 3510 minime
2762 3456 2960 3515 privat.
2995 3454 3222 3510 Zosiino
3253 3465 3432 3508 autem
3464 3457 3762 3510 concinens

2164 3523 2488 3580 Arelatense
2518 3541 2553 3579 ll
2581 3528 2902 3592 concilium,
2935 3535 2993 3581 ttt
3021 3527 3110 3595 qui
3138 3525 3412 3586 ordinatus
3443 3535 3517 3581 est
3541 3542 3659 3584 cum
3683 3542 3767 3582 or-

2163 3594 2490 3650 dinatoribus
2517 3599 2845 3662 excludatur,
2877 3594 3190 3652 constituit.

2242 3665 2336 3720 fln
2359 3683 2491 3721 mss.
2513 3668 2667 3740 (ξοην.
2698 3677 2753 3724 et
2786 3668 2928 3724 \rel.
2959 3679 3014 3723 ut
3043 3666 3097 3724 in
3127 3669 3364 3740 vulgatis
3393 3668 3762 3740 contentisiut.

2165 3737 2374 3812 Deique
2405 3755 2482 3792 re.
2527 3739 2876 3812 Sententiain
2923 3737 3306 3796 intermediam
3349 3756 3416 3796 ex
3450 3755 3584 3794 mss.
3628 3738 3762 3812 Reg.

2163 3819 2218 3864 et
2247 3809 2484 3864 Morbac.
2514 3809 2852 3878 suppletnus.

2236 3883 2333 3933 8111
2357 3881 2611 3953 vulgatis,
2643 3880 2979 3953 Gargariam.
3010 3883 3221 3938 Melius.
3254 3898 3364 3938 mss
3419 3881 3592 3945 Arel.,
3624 3880 3760 3951 Reg.

2163 3963 2216 4006 et
2245 3952 2487 4026 Mprbac.
2523 3950 2876 4026 Gargariunt,
2911 3955 2986 4008 uti
3028 3955 3314 4026 legendum
3362 3969 3484 4026 esse
3530 3950 3764 4026 monue-

2163 4036 2245 4077 rat
2279 4021 2608 4078 Sirmondns
2637 4021 2975 4080 auctoritate
3007 4021 3207 4081 vet—eris
3249 4025 3448 4084 tabula;
3482 4025 3767 4078 Arelateno

2163 4094 2344 4183 iishin
2377 4109 2484 4183 qua
2517 4103 2702 4183 pastat
2725 4140 2737 4162 ,
2775 4093 2978 4183 Pagpiti
3014 4099 3138 4183 pagi
3176 4095 3531 4183 LuttretiA_thti
3560 4105 3680 4176 sunt
3711 4095 3761 4148 in

2161 4164 2352 4234 ﬁnibus
2409 4165 2788 4238 Arelatensium
2813 4207 2828 4231 ,
2857 4164 3328 4238 'loco'Gargario.
3381 4164 3765 4238 Citltaristana:

2165 4245 2292 4288 item
2329 4237 2582 4304 parrecize
2612 4236 2666 4290 in
2698 4238 2838 4292 libro
2858 4237 2893 4291 2
2920 4235 3058 4293 Vitae
3089 4235 3398 4294 SICaasarii
3426 4237 3766 4294 Arelatensis

2163 4307 2504 4363 mentionem
2536 4307 2651 4363 fieri
2685 4307 2829 4363 idem
2859 4308 3189 4364 Sirmondns
3218 4309 3496 4366 observat.
3530 4307 3762 4363 Additur

2167 4386 2220 4432 et
2269 4379 2515 4450 in_notis
2565 4379 2683 4450 ejus
2737 4381 3041 4450 posthumis
3091 4395 3121 4435 a
3174 4379 3394 4437 Labbeo
3442 4379 3508 4432 ad
3554 4381 3762 4434 calcem

2173 4457 2302 4520 tom.
2334 4448 2378 4503 ll
2399 4448 2608 4506 Concili
2640 4448 2760 4518 pag}
2789 4450 2930 4505 18M
2960 4451 3402 4520 editis,Plinium
3436 4451 3602 4520 lib.5,
3632 4464 3682 4504 c.
3708 4450 3762 4514 4.

2173 4519 2483 4592 citharista:
2510 4522 2560 4573 in
2592 4536 2685 4575 ora
2720 4519 3144 4577 Massiliensium
3179 4519 3541 4592 promunturii
3572 4521 3768 4576 memi-

2177 4590 2345 4646 nisse.
2385 4591 2625 4661 Uterque
2653 4593 2804 4648 locus
2832 4594 3126 4649 etiamnum
3154 4590 3238 4648 est
3268 4601 3453 4648 notus.

2160 4763 2279 4803 rum
2314 4746 2608 4814 profecturi
2642 4761 2794 4803 extra
2827 4749 3056 4806 Galliam
3083 4764 3275 4805 omnes
3313 4750 3382 4804 ab
3403 4765 3470 4810 eo
3500 4750 3762 4812 formatas

2157 4820 2452 4906 accipiant,
2474 4829 2528 4874 ct
2549 4819 2784 4906 s'i‘ue_hi.s
2803 4822 2929 4906 alibi
2964 4837 3069 4906 n_on
3093 4821 3478 4904 suscipiantur.

2231 4893 2249 4921 ι
2281 4887 2536 4966 _Zosiir_m_~z_
2569 4891 2830 4966 Eccle~im
2879 4887 3521 4966 Arelatensis‘cpiscopo
3570 4904 3760 4962 vetus.

2159 4971 2218 5015 ut
2248 4963 2343 5027 ait,
2380 4959 2725 5029 privilegium
2757 4972 2811 5018 et
2865 4965 3244 5018 auctoritatem
3283 4959 3594 5029 conﬁrmat,
3628 4959 3758 5021 utin

2159 5031 2481 5106 ordinaudis
2523 5035 2804 5106 episgotiis
2855 5035 3259 5105 metropolitani
3299 5035 3388 5106 ius
3440 5037 3640 5092 habent
3662 5052 3760 5106 per

2159 5113 2270 5159 tres
2288 5105 2619 5174 provincias,
2652 5103 3018 5162 Viennensem
3037 5103 3101 5161 et
3127 5103 3414 5173 utramque
3435 5103 3761 5164 Narbonen-

2163 5191 2312 5249 sem;
2344 5176 2414 5229 ita
2445 5185 2502 5229 ιιι
2531 5175 2738 5249 honore
2782 5189 3028 5238 careant.
3057 5180 3150 5248 qui
3206 5178 3258 5232 in
3313 5177 3398 5233 bis
3443 5179 3758 5249 provinciis,

2165 5248 2367 5302 omisso
2401 5248 2842 5318 metropolitano,
2875 5249 2926 5303 id
2976 5256 3063 5304 est
3107 5249 3440 5318 Arelatensi,
3471 5248 3763 5317 episcopos

2164 5319 2495 5386 ordinarint,
2522 5320 2605 5373 vel
2637 5320 2878 5391 episcopi
2909 5319 3117 5376 fuerint
3143 5320 3403 5376 ordinati.
3456 5321 3573 5390 Qua
3599 5320 3668 5378 de
3701 5338 3762 5378 re

2164 5393 2356 5446 iterum
2387 5391 2522 5444 alias
2549 5393 2770 5457 sa-pius.
3133 5430 3139 5436 .

2236 5460 2257 5492 ⁸
2285 5459 2596 5518 Citltaristre
2628 5463 2682 5516 itt
2708 5479 2799 5516 ora
2821 5462 3238 5518 Massiliensium
3260 5466 3623 5533 prommttorii
3648 5484 3764 5527 me-

2167 5533 2324 5587 minit
2348 5534 2510 5588 etiam
2544 5533 2751 5605 Plinius
2791 5533 2887 5588 lib.
2918 5550 2997 5599 ut,
3029 5549 3078 5590 c.
3113 5536 3166 5598 ις
3196 5533 3446 5605 Gargarii
3496 5553 3625 5593 vero
3655 5541 3762 5595 loci

2165 5613 2322 5660 vetus
2345 5605 2630 5674 inscriptio
2647 5604 2881 5674 antiquae
2906 5605 3129 5670 tabulae,
3150 5621 3270 5666 aute
3284 5604 3474 5662 exstat
3495 5611 3711 5667 Arelate
3739 5625 3760 5668 :

2166 5675 2370 5732 PAGANI
2405 5692 2524 5733 PAGI
2556 5693 2783 5733 LUCRE'I'I
2819 5692 2908 5740 QUI
2938 5691 3073 5731 SUH'I‘
3105 5692 3311 5734 VIRIBUS
3342 5681 3758 5739 ΑιιηΑτεκεσωι

2169 5762 2307 5804 Loco
2335 5746 2634 5817 GARGARIO,
2660 5756 2717 5804 et
2741 5763 2866 5820 quae
2893 5755 3216 5817 sequuntur.
3671 5743 3677 5748 '
