4190 6190
434 246 544 307 ως)

1647 240 2008 301 EPISTOLIE
2052 239 2139 296 ΕΤ
2180 237 2500 296 DECRETA
2515 278 2527 299 .

3630 245 3735 303 650

434 357 679 436 creditur
727 357 952 436 dixisse.
1010 357 1294 436 Patroclus
1343 364 1523 411 autem
1549 397 1564 436 ε
1610 365 1683 436 ut_
1714 357 1947 426 Prosper
1973 358 2026 413 in
2057 376 2107 436 Α
2138 352 2338 408 tudinis
2367 350 2703 407 abundantia
2728 350 3034 422 gratulatur
3065 367 3079 405 :
3107 365 3231 406 cum
3262 352 3307 406 si
3340 352 3468 419 quid
3498 354 3586 409 vel
3614 368 3737 410 sus.

432 427 708 485 Chronico
738 431 928 499 docet,
972 436 1080 484 tam
1113 427 1340 498 perdita:
1383 428 1736 483 conscientia:
1784 437 1939 491 erat,
1971 437 2030 483 ut

441 517 462 552 ι
481 500 670 555 infami
692 511 931 557 mercatu
954 520 973 553 ι
994 499 1589 556 sacerdmiavenditare
1609 515 1715 553 non
1736 499 2027 555 dubitaret.

435 571 588 643 Quod
616 573 743 628 dum
777 572 1277 643 iguoratZosimus,
1306 586 1374 625 ex
1403 585 1499 643 ore
1532 572 1693 643 trium
1717 571 1933 625 testium
1963 570 2031 643 de

433 641 640 698 Lazaro
661 653 715 699 et
738 641 939 699 llerote
963 644 1110 699 inter
1134 658 1194 699 se
1214 641 1698 709 consentientium,
1727 656 1941 706 tenuant
1963 642 2031 697 de

436 714 546 769 illis
567 714 834 784 judicium
868 714 1117 785 proferre
1148 729 1210 770 se
1239 712 1594 770 existimavit.
1628 713 1739 785 Nec
1769 713 2027 785 advertit,

436 785 695 842 absentes
741 802 807 840 ex
838 783 1106 854 suspectis
1137 784 1574 841 adversariorum
1621 784 1738 838 sive
1769 783 2029 839 manifes-

437 865 616 912 tornm
656 857 771 911 sive
801 857 1084 913 latentium
1112 856 1439 912 testimoniis
1480 871 1548 910 eo
1578 855 1696 923 ipso
1727 865 1974 925 tempore
1999 870 2029 910 a

433 943 494 985 se
524 927 792 997 damnari,
819 944 927 997 quo
957 927 1116 984 Afros
1146 928 1306 984 dictis
1336 928 1390 981 in
1417 927 1674 982 absentes
1696 926 2030 997 credendum

433 1016 541 1055 non
564 1015 688 1055 esse
717 996 960 1055 Sedulius
986 998 1334 1055 admonebat.
1372 998 1520 1054 Adeo
1562 1014 1745 1052 verum
1788 1006 1873 1053 e.~t
1903 996 2032 1051 faci-

432 1069 540 1126 lius
561 1072 715 1126 cerni
756 1071 917 1143 qnod
958 1070 1080 1125 aliis
1110 1069 1410 1143 cavendum
1438 1071 1524 1123 vel
1574 1069 1882 1143 faciendum
1913 1082 2025 1143 est,

435 1157 595 1213 quam
626 1142 770 1212 quod
792 1139 986 1206 nobis;
1017 1159 1080 1196 ac
1106 1141 1253 1197 \‘il’OS
1284 1142 1532 1213 oculatos
1583 1139 1855 1213 interdum
1890 1142 1942 1193 in
1977 1140 2029 1194 id

434 1211 545 1269 labi
573 1211 768 1269 senon
810 1213 1121 1279 advertere,
1154 1211 1298 1283 quod
1328 1213 1381 1265 in
1428 1212 1549 1266 aliis
1596 1211 2024 1279 reprehendunt.

435 1286 508 1340 At
537 1302 693 1354 quam
728 1286 871 1339 nulla
903 1286 955 1339 iit
987 1301 1229 1338 errorem
1259 1284 1621 1353 propemione
1643 1283 1890 1354 Zosimtts
1924 1283 2029 1350 pri-

435 1353 583 1411 mum
639 1355 923 1411 fallacibus
973 1356 1250 1411 haereticis
1286 1357 1443 1424 paulo
1509 1354 1784 1409 credutior
1833 1353 2026 1421 fuerit,

434 1427 780 1497 postmodum
810 1428 1024 1484 detecta
1080 1426 1309 1481 veritate
1340 1425 1612 1495 patefecit.
1646 1425 1755 1481 Nec
1800 1426 1919 1481 sine
1949 1428 2030 1480 di-

430 1498 560 1554 vino
617 1506 747 1553 nutu
800 1498 945 1554 factu
970 1522 999 1548 ε.
1029 1507 1146 1565 est,
1180 1509 1295 1551 uta
1328 1514 1435 1568 quo
1484 1513 1580 1567 per
1633 1507 1805 1551 totum
1838 1497 2026 1552 orbem

434 1569 819 1639 proscribenda
860 1582 1043 1626 essent
1086 1584 1343 1638 perversa
1378 1584 1685 1624 commenta
1713 1613 1727 1635 ,
1762 1570 1806 1621 is
1836 1583 2025 1623 eotum

429 1653 681 1711 auctores
704 1642 851 1710 prius
869 1640 1130 1711 singulari
1157 1640 1532 1711 benevolentia
1551 1644 2022 1708 complecteretur.

428 1710 557 1767 Inde
595 1712 738 1768 enim
765 1710 1086 1781 persuasum
1117 1711 1369 1765 omnibus
1397 1710 1515 1777 fuit,
1546 1711 1887 1780 peStilentem
1916 1712 2023 1766 Ine-

428 1783 594 1838 resitn
628 1784 731 1838 soli
760 1774 1004 1839 i'eritatis
1039 1783 1087 1837 vi
1115 1823 1131 1849 ,
1163 1797 1225 1838 ac
1270 1782 1403 1837 nulli
1442 1774 1651 1852 privato
1674 1782 1800 1837 odio
1838 1799 2029 1838 succu-
2060 1774 2107 1834 Β

429 1853 498 1909 bu
506 1854 634 1910 isse.

1010 1950 1347 2007 EPISTULA
1382 1951 1490 2007 11⁸.

948 2055 1024 2112 De
1051 2070 1217 2111 causa
1242 2053 1506 2110 Caelestii.

432 2172 574 2242 Quid
604 2174 891 2226 instaurata
944 2169 1126 2225 Roma:
1164 2168 1390 2225 Calestii
1439 2167 1645 2239 judicio
1677 2178 1873 2242 gestum
1939 2169 2028 2223 sit.

501 2242 662 2310 Eum,
696 2244 797 2297 nisi
822 2243 958 2296 intra
987 2242 1121 2296 duos
1147 2257 1346 2296 menses
1378 2242 1583 2294 veniant
1606 2241 1695 2311 qui
1728 2248 2030 2309 prwsentent

502 2317 840 2385 redarguunt,
881 2322 926 2367 et
956 2313 1108 2368 aliter
1134 2315 1325 2366 sentire
1356 2311 1566 2381 probent
1585 2326 1744 2382 quam
1766 2313 2032 2383 professus

501 2388 572 2441 sit
595 2427 611 2453 ,
644 2383 936 2440 absolutioni
965 2388 1096 2456 fore.

422 2479 658 2538 Zosnws
683 2482 923 2534 Auneuo
952 2489 1006 2533 et
1042 2478 1320 2533 universis
1352 2476 1625 2549 episcopis
1660 2492 1757 2547 per
1784 2474 2027 2531 Africam

497 2575 811 2631 constitutis
839 2572 1217 2630 dilectissimis
1242 2571 1505 2626 fratribus
1534 2572 1590 2626 in
1625 2570 1856 2626 Domino
1887 2570 2033 2625 salu-

500 2675 631 2723 tem.

501 2761 551 2815 i.
583 2760 837 2832 Magnum
868 2760 1083 2832 pondus
1110 2761 1387 2816 examinis
1415 2775 1608 2832 magna
1634 2758 1661 2797 ι»
1688 2757 2027 2824 desiderant,

426 2858 486 2907 ut
514 2867 621 2906 non
649 2851 721 2905 sit
752 2850 916 2907 rebus
948 2851 1079 2922 ipsis
1104 2896 1117 2919 ,
1146 2864 1268 2920 qua:
1295 2858 1602 2920 geruntur,
1637 2848 1863 2903 inferior
1895 2848 2029 2903 libra

420 2944 638 3016 judicii.
677 2945 771 2999 llis
802 2945 1015 3001 accedit
1044 2944 1367 3016 aposmlicte
1396 2944 1544 2999 sedis
1591 2945 1916 3011 auctoritas,
1943 2944 2029 2999 cui

424 3038 481 3095 in
524 3039 792 3095 honorem
822 3039 1125 3095 beatissimi
1178 3038 1326 3094 Petri
1358 3046 1574 3109 patrum
1617 3037 1841 3093 decreta
1860 3053 2025 3108 pecu-

427 3128 616 3186 liarem
678 3129 971 3200 quamdam
1022 3144 1260 3186 sanxere
1300 3129 1689 3185 reverentiam.
1741 3128 2024 3185 Urandum

424 3222 620 3293 igitur,
652 3234 701 3277 et
736 3223 1076 3277 inceSsantt-r
1103 3221 1371 3277 orandum
1400 3263 1415 3287 ,
1472 3231 1531 3277 ut
1560 3223 1819 3278 continua
1851 3226 2023 3293 gratia

425 3316 768 3386 pereunique
794 3315 1072 3385 adjutorio
1101 3316 1217 3381 Dei,
1248 3331 1313 3371 ex
1346 3316 1448 3371 hoc
1477 3315 1628 3371 fonte
1650 3315 1703 3370 in
1736 3325 1907 3370 totum
1934 3331 2019 3370 or-

426 3407 550 3463 bem
580 3424 684 3478 pax
705 3408 828 3464 ﬁdei
854 3419 906 3465 et
941 3408 1230 3464 catholicae
1257 3408 1540 3465 societatis
1562 3408 1728 3464 nullis
1761 3422 1781 3447 ε
1813 3409 2026 3464 nebulis

428 3500 558 3557 inter
577 3501 778 3557 fuscata
803 3502 1339 3558 mittatur.Charitas
1363 3503 1528 3568 enim,
1549 3519 1668 3573 qua:
1693 3502 2025 3573 sicutscrip-

429 3604 544 3653 tum
573 3607 656 3653 est
697 3596 717 3668 (
759 3597 776 3652 Ι
809 3597 970 3653 Joan.
1003 3614 1081 3666 tv,
1112 3598 1146 3654 8
1170 3597 1218 3663 ὶ,
1246 3597 1389 3653 Deus
1421 3605 1533 3661 est.
1564 3597 1801 3667 perlecta
1850 3597 2026 3667 pleni-

499 3852 524 3881 ιι
576 3842 863 3911 Exemplar
914 3840 1124 3914 Vatic.,
1165 3841 1358 3914 Incipit
1398 3840 1687 3914 exemptum
1732 3842 1968 3914 epistola:
2005 3856 2023 3896 ι

423 3914 622 3971 Zosimi
648 3913 875 3986 episwpi
907 3914 958 3967 in
989 3911 1337 3986 defensionem
1373 3911 1597 3986 Caelestii
1645 3922 1826 3986 contra
1858 3911 2018 3986 Peta-

422 3987 602 4057 gianos
631 3984 945 4056 episcopos;
990 4000 1110 4055 tjuze
1158 3984 1441 4055 inscriptio
1497 3984 1807 4055 imperitqu
1857 3984 2024 4039 habet

424 4065 727 4111 auclm'eut.
1204 4096 1209 4101 .

496 4126 525 4165 ι)
559 4127 710 4196 Apud
742 4128 968 4193 Baron.,
1003 4125 1286 4182 desiderat.
1316 4125 1536 4181 Rectius
1565 4125 1758 4193 Garn.,
1810 4126 2016 4182 deside-

423 4207 563 4253 rant.
597 4198 1014 4254 tionStitntionis
1055 4197 1431 4267 Honoriiiinp.
1462 4212 1489 4251 a
1543 4198 1778 4252 Baronio
1807 4198 1873 4250 ad
1923 4215 2017 4253 an-

424 4286 555 4325 num
599 4271 705 4324 Mil
752 4270 910 4324 editze
957 4268 1134 4323 simile
1166 4279 1250 4323 est
1276 4269 1597 4340 enordiuni,
1626 4286 1732 4336 quo
1764 4269 2016 4340 Symma-

424 4342 585 4396 chum
620 4340 781 4396 Urbis
818 4341 1132 4409 pra-fectum
1162 4340 1239 4393 sic
1268 4338 1462 4393 atl'atur
1490 4356 1502 4392 :
1539 4337 1857 4409 Magnarum
1886 4339 2020 4394 deli-

428 4411 749 4466 berationum
780 4429 880 4466 non
913 4411 1059 4466 debet
1085 4411 1242 4464 citum
1268 4427 1378 4464 esse
1397 4411 1687 4482 judicium,
1709 4428 1803 4464 nec
1834 4422 2021 4465 temere

424 4484 733 4555 proferenda
758 4492 896 4551 sunt,
920 4498 1036 4552 quo:
1064 4484 1315 4536 servanda
1360 4482 1415 4555 in
1443 4482 2023 4555 perpetuuinsanciun-

426 4553 532 4610 tnr.
568 4554 613 4622 Q
637 4555 984 4608 taeseittcntia
1018 4555 1139 4608 licet
1168 4568 1294 4608 vera
1327 4553 1436 4619 sit,
1471 4553 1563 4607 ubi
1589 4553 1797 4622 magnis
1826 4554 1895 4607 de
1936 4569 2022 4608 re-

426 4625 528 4679 bus
561 4629 791 4692 primum
833 4624 1238 4678 deliberandum
1264 4634 1380 4689 est;
1414 4623 1502 4678 tibi
1547 4637 1728 4677 tatnen
1755 4624 2019 4694 judicium

426 4710 620 4766 magna
647 4696 966 4750 deliberatio
1008 4705 1061 4751 et
1090 4695 1406 4749 diuturnum
1433 4709 1669 4749 examen
1699 4698 2019 4765 praecessit,

426 4782 520 4823 res
549 4768 813 4835 tudicatas
838 4768 901 4820 a.|
939 4783 1135 4820 norum
1166 4781 1391 4821 examen
1422 4771 1664 4820 revocari
1696 4782 1801 4821 non
1839 4768 2017 4822 decet.

426 4838 688 4906 Quot-irca
720 4839 1063 4892 Innocentius
1091 4840 1249 4906 epist.
1281 4837 1347 4890 5i
1372 4852 1492 4891 cum
1542 4838 1907 4906 pertinaCIbus
1960 4852 2024 4892 ac

426 4909 714 4963 fallacibus
767 4910 1060 4973 Iucreticis,
1101 4908 1404 4976 eujusmodi
1438 4908 1687 4976 Pelagius
1732 4922 1795 4962 ac
1824 4910 2025 4964 Caeles-

428 4979 537 5034 tius
563 4990 712 5033 erant
743 5025 756 5047 ,
788 4993 994 5033 matura
1024 4982 1201 5049 potius
1228 4980 1597 5048 correptione,
1630 4994 1790 5047 quam
1820 4978 2025 5031 diutur-

426 5066 494 5104 na
524 5050 798 5104 collatione
825 5050 1093 5114 agendum
1127 5059 1332 5106 censet.
1367 5049 1498 5106 Vide
1549 5060 1605 5105 et
1632 5049 1876 5120 ejusdem
1911 5049 2026 5119 opi-

424 5121 621 5177 stolatn
650 5120 741 5189 29,
773 5141 828 5177 ιι.
861 5123 915 5176 7.

503 5203 525 5230 ε
557 5190 730 5259 Editi,
764 5192 1005 5247 nubibus.
1046 5192 1383 5247 Coneinnius
1415 5207 1516 5245 ms.
1547 5190 1745 5258 Vatic.,
1800 5190 2019 5243 nebulis.

500 5260 526 5299 ιι
561 5264 634 5316 lla
672 5264 1031 5336 archetypum
1059 5263 1258 5336 Vatic.,
1293 5264 1394 5336 nisi
1418 5262 1557 5336 quod
1582 5270 1949 5336 supraeastat
1975 5263 2025 5314 in

427 5348 496 5390 eo
522 5349 623 5389 vox
663 5332 993 5403 intentionis,
1030 5349 1126 5403 pro
1160 5335 1473 5399 intentione,
1507 5333 1596 5386 ubi
1635 5332 1777 5403 apud
1818 5332 2017 5386 Baron.

427 5407 770 5461 contentione.
802 5402 997 5461 TOHItlt
1024 5402 1166 5458 hunc
1193 5404 1368 5458 locum
1391 5403 1687 5458 Garnerius
1726 5402 1793 5458 de
1823 5417 1921 5456 suo
1948 5404 2017 5456 ita

427 5477 739 5546 castigavit.
760 5478 803 5529 si
819 5494 935 5532 cum
957 5477 1163 5546 aliquid
1177 5474 1489 5546 suspicionis
1504 5474 1742 5546 [tabuerit
1772 5473 1850 5527 vel
1871 5473 2014 5546 ﬁdei,

427 5544 644 5601 intentio
672 5548 896 5602 sollicita
918 5588 934 5614 ,
964 5549 1042 5601 vel
1071 5548 1125 5601 in
1147 5544 1357 5617 long'utn
1381 5544 1634 5613 producta
1659 5546 1937 5612 contentio,
1963 5544 2018 5597 id

428 5633 548 5672 vero
585 5620 945 5692 emendatione
988 5616 1337 5692 corrigitnr_:
1371 5617 1438 5692 de
1464 5616 1859 5692 grammatica
1883 5630 2019 5692 con-

426 5692 727 5760 structione
758 5690 959 5760 magis,
984 5685 1235 5757 quanitlo
1275 5687 1477 5760 Zosimi
1509 5695 1691 5741 mente
1718 5685 2023 5760 exhibenda

428 5759 645 5818 videtur
666 5760 835 5815 fuisse
852 5756 1137 5815 sollicitus.
1170 5760 1400 5815 Nitidior
1426 5759 1580 5816 ﬁeret
1599 5760 1775 5814 oratio
1801 5759 1851 5815 in
1879 5756 2023 5813 hunc

742 5856 1021 5919 ΡΛτιιοι.
1074 5855 1221 5917 XX.

2134 446 2366 517 picionis
2425 444 2716 511 habuerit,
2773 444 2897 500 ﬁdei
2934 444 3235 501 intentione
3285 446 3517 502 sollicita
3546 449 3633 504 vel
3683 449 3736 503 in

2135 540 2354 610 longum
2386 539 2652 609 perducta
2678 536 2704 576 ά
2733 539 3015 595 contentio
3061 548 3158 594 aut
3187 540 3577 597 emendatione
3620 557 3743 598 cor-

2132 632 2350 704 rigitur.

2205 727 2258 781 2.
2293 725 2586 783 Caelestius
2613 726 2899 798 presbyter
2919 736 3109 783 nostro
3136 743 3198 783 se
3227 727 3455 799 ingessit
3477 727 3739 797 examini,

2132 826 2400 888 expetens
2429 834 2491 873 ea
2522 835 2643 889 qua:
2674 819 2743 875 de
2770 834 2831 875 se
2854 820 3174 889 apostolicae
3217 819 3336 875 sedi
3361 820 3543 887 aliter,
3575 836 3738 891 quam

2133 914 2407 981 oportuit,
2451 921 2640 968 essent
2668 912 2939 968 inculcata
2966 953 2981 976 ,
3025 913 3265 984 purgari.
3299 911 3371 967 Et
3400 912 3528 968 licet
3553 915 3741 969 multa:

2132 1004 2522 1071 occupationes
2541 1004 2843 1074 majoribus
2863 1004 3098 1059 vinculis
3125 1005 3623 1061 ecclesiasticorum
3653 1023 3748 1063 ne-

2132 1098 2403 1164 gotiorum
2435 1112 2620 1151 curant
2679 1106 2919 1151 nostram
2972 1098 3515 1171 sollicitudinemun
3544 1101 3743 1156 distra-

2132 1185 2364 1244 herent:
2402 1200 2584 1244 tamen
2611 1205 2681 1243 ne
2704 1188 3069 1245 fraternitatis
3093 1190 3325 1263 [Baran.
3354 1194 3742 1267 paternitatis]

2134 1295 2327 1336 vestrae
2376 1283 2445 1337 de
2494 1282 2734 1338 adventu
2767 1300 2828 1337 ac
2872 1284 3213 1340 discussione
3258 1286 3503 1355 prtrdicti
3535 1287 3742 1343 diutius

2134 1375 2392 1440 penderet
2411 1375 2772 1444 exspectatio,
2796 1376 3124 1445 posthabitis
3148 1377 3423 1441 omnibus,
3445 1377 3534 1433 die
3557 1381 3738 1451 cogni-

2134 1464 2299 1519 tionis
2324 1465 2633 1521 resedimus
2666 1466 2721 1520 in
2750 1468 2924 1522 sancti
2965 1467 3264 1523 Clementis
3310 1469 3556 1536 basilica,
3593 1482 3617 1508 θ
3646 1473 3744 1541 qui

2136 1555 2375 1612 imbutus
2426 1557 2569 1613 beati
2604 1558 2751 1613 Petri
2778 1559 3010 1628 apostoli
3043 1560 3344 1630 disciplinis
3367 1602 3382 1626 ,
3418 1561 3511 1616 tali
3541 1563 3740 1634 magis-

2136 1659 2221 1705 tro
2284 1660 2504 1707 veteres
2546 1652 2897 1708 emendasset
2943 1668 3196 1722 errores,
3266 1664 3555 1727 tantosque
3610 1671 3739 1726 pro-

2136 1743 2307 1800 fectus
2340 1745 2655 1815 habuisset,
2688 1755 2749 1802 ut
2773 1746 2935 1802 ﬁdem
2963 1764 3125 1818 quam
3154 1747 3422 1805 didicerat
3448 1760 3503 1804 et
3532 1750 3739 1807 docue-

2138 1847 2249 1906 rat,
2275 1838 2440 1894 etiam
2473 1839 2735 1911 martyrio
2760 1849 3115 1897 consecraret
3140 1858 3153 1894 :
3177 1841 3386 1897 scilicet
3418 1852 3476 1897 ut
3501 1843 3569 1898 ad
3592 1844 3742 1899 salu-

2138 1930 2351 1987 tiferam
2410 1933 2827 2003 castigationem
2883 1932 3016 1987 tanti
3066 1933 3370 1989 sacerdotis
3438 1937 3737 1994 auctoritas

2136 2026 2390 2094 pra-senti
2409 2025 2711 2097 cognitioni
2742 2035 2887 2081 esset
2908 2028 3179 2096 exemplo.

2204 2118 2261 2171 5.
2302 2116 2494 2172 Omnia
2530 2116 2716 2187 igitur,
2752 2132 2873 2186 qua!
2907 2117 3060 2186 pritts
3094 2116 3314 2171 fuerant
3356 2130 3502 2190 acta,
3532 2121 3744 2175 discus-

2133 2208 2334 2277 sinms,
2366 2210 2507 2263 sicut
2550 2217 2827 2278 gestorum
2884 2207 3011 2262 huic
3048 2209 3298 2278 epistola:
3343 2209 3739 2267 cohaerentium

2133 2298 2499 2356 instructioue
2529 2300 2786 2365 discetis;
2820 2312 2875 2355 et
2910 2301 3229 2356 inti-omisso
3266 2300 3552 2373 leestio,
3588 2305 3742 2361 libel-

2134 2393 2243 2447 lum
2274 2392 2416 2462 ejus,
2452 2408 2612 2463 quem
2647 2392 2907 2459 dederat,
2944 2392 3172 2447 fecimus
3204 2394 3425 2449 recitari
3460 2413 3473 2449 :
3508 2412 3608 2452 nec
3638 2396 3742 2453 hoc

2132 2487 2403 2555 contenti,
2437 2494 2623 2540 utrum
2658 2486 2795 2555 haec,
2827 2501 2949 2555 quae
2980 2485 3317 2556 scripsisset,
3359 2488 3527 2545 corde
3556 2490 3742 2561 loque-

2132 2589 2303 2641 retur,
2356 2594 2426 2633 an
2479 2577 2667 2645 labiis,
2719 2592 3104 2647 saepenumero
3147 2579 3582 2647 exploravimus;
3617 2597 3740 2637 cum

2131 2672 2200 2727 de
2249 2671 2481 2727 occultis
2513 2670 2825 2724 animorum
2859 2670 3033 2724 solius
3067 2670 3161 2725 Dei
3207 2672 3381 2726 nostri
3418 2674 3589 2742 possit
3622 2688 3744 2730 esse

2126 2763 2420 2835 judicium,
2451 2763 2538 2818 cui
2589 2778 2699 2817 non
2746 2769 2959 2817 tantum
3013 2763 3273 2832 cogitata,
3309 2766 3404 2819 sed
3448 2767 3735 2836 cogitanda

2130 2858 2296 2913 etiam
2344 2866 2548 2926 praesto
2594 2864 2743 2911 sunt.
2798 2855 2937 2922 Quid
2990 2872 3153 2911 voces
3194 2855 3355 2925 ejusf
3388 2860 3730 2930 contineant,

2131 2948 2584 3019 compendiosius
2615 2948 2875 3003 duximus
2903 2963 2931 3000 a
2966 2947 3255 3002 sanctitate
3288 2959 3470 3003 vestra
3500 2950 3733 3022 legendo

2131 3043 2387 3114 Cognosci
2398 3081 2411 3094 .

2205 3134 2257 3189 4.
2300 3133 2480 3190 Unum
2507 3148 2639 3188 sane
2672 3140 2857 3188 mmet
2888 3147 3009 3200 nos,
3046 3142 3103 3187 ut
3129 3150 3253 3190 eum
3287 3136 3339 3191 in
3370 3139 3623 3207 praesenti
3656 3139 3730 3196 ibi

2130 3227 2445 3283 C(Blestium
2501 3227 2834 3296 habueritis,
2867 3225 3004 3281 nihil
3055 3228 3258 3298 liquido
3290 3230 3594 3297 judicatum
3637 3235 3730 3289 sit.

2132 3322 2213 3376 Ad
2245 3321 2458 3376 litteras
2504 3321 2723 3376 llerotis
2757 3328 2814 3375 et
2840 3320 3033 3376 Lazari
3063 3323 3234 3392 priori
3269 3326 3536 3381 relatione
3562 3327 3732 3384 desti-

2132 3420 2308 3480 natas,
2344 3411 2597 3482 equidem
2630 3412 2703 3467 ob
2740 3411 3014 3469 terrorem
3063 3412 3280 3485 [Bar0n.
3337 3417 3442 3473 hoc
3489 3418 3729 3494 terrore]

2133 3504 2292 3572 fidei,
2346 3503 2777 3573 praelestinatunt
2810 3519 2935 3560 esse
2966 3506 3437 3576 promptissimum
3480 3522 3587 3566 est.
3624 3514 3731 3569 Sed

2131 3611 2255 3652 cum
2287 3595 2357 3650 de
2389 3595 2474 3650 his
2506 3597 2960 3666 interrogaretur,
3014 3597 3249 3653 asseruit
3288 3600 3497 3655 nullum
3528 3601 3630 3659 sibi
3660 3604 3730 3661 de

2123 3842 2344 3897 modum
2378 3859 2391 3896 :
2421 3841 2546 3911 ﬁdei
2598 3842 2854 3895 contentio

2888 3839 3028 3912 (hoc
3051 3851 3137 3896 est
3163 3846 3542 3903 controversia
3581 3851 3727 3908 circa

2125 3914 2321 3989 tidem)
2349 3912 2633 3989 intentione
2659 3912 2882 3989 sollicita
2901 3956 2914 3979 ,
2946 3921 3054 3967 etc.
3081 3914 3193 3968 Non
3225 3915 3567 3989 displiceret,
3601 3922 3727 3989 ﬁdei

2123 3985 2339 4039 intentio
2394 3984 2623 4038 sollicita
2660 3993 2709 4038 et
2765 3983 2817 4036 in
2853 3982 3064 4056 longum
3113 3982 3368 4055 perducia
3393 3982 3725 4049 cunctatione

2121 4066 2233 4109 aut.

2197 4136 2220 4163 ε
2243 4125 2596 4203 Garner._liie
2615 4124 2761 4203 addit
2786 4126 3010 4203 quippe;
3041 4135 3096 4180 et
3135 4143 3258 4203 mox
3288 4130 3583 4203 magisterio
3627 4151 3724 4203 pro

2124 4200 2371 4269 magistro
2414 4197 2695 4251 substituit
2726 4214 2738 4249 :
2775 4198 2918 4269 nulla
2953 4199 3299 4269 necessitate.
3334 4197 3569 4257 Felicius
3596 4197 3725 4263 sub-

2124 4266 2553 4348 ittti'etatttosque,
2578 4268 2668 4348 ubi
2698 4269 2749 4321 in
2785 4266 2932 4348 edita
2957 4268 3155 4348 Baro_t_i.
3189 4279 3246 4323 et
3265 4272 3464 4326 concil.
3488 4285 3725 4348 rotasque

2122 4340 2456 4404 oﬂ'enderat,
2489 4339 2785 4409 archetypa
2817 4338 2988 4412 V‘atic.
3018 4340 3346 4410 suffragante
3365 4338 3717 4412 νερυδιιίι.’8.

2122 4412 2380 4466 Clemens
2403 4426 2508 4465 non
2530 4408 2799 4485 timreseos
2817 4408 3070 4485 alicujus,
3090 4408 3526 4485 sedieentilitatis
3546 4421 3722 4485 potius

2124 4494 2339 4537 veteres
2361 4497 2577 4537 errores
2592 4482 2916 4537 emendasse
2938 4481 3025 4535 hic
3045 4482 3422 4552 intelligendus
3443 4481 3557 4541 ρει]
3574 4490 3657 4545 An
3674 4494 3720 4546 si

2124 4553 2367 4618 .ludmus,
2384 4565 2437 4605 ut
2464 4553 2703 4607 nonnulli
2730 4552 3058 4620 conjectaut,
3083 4555 3401 4623 CXSIlliaSct,
3427 4558 3494 4611 ad
3518 4556 3722 4616 Christi

2129 4623 2287 4678 tidem
2311 4638 2607 4696 conversus
2630 4633 2821 4678 veteres
2850 4638 3048 4696 errares
3069 4624 3393 4680 emendasse
3413 4640 3536 4696 apte
3567 4630 3718 4687 diee-

2047 4670 2102 4730 D
2128 4697 2306 4751 retur?
2328 4695 2431 4749 Pro
2454 4695 2569 4764 ejus
2600 4695 2878 4765 martyrio,
2900 4694 3043 4762 quod
3064 4710 3091 4745 a
3124 4696 3397 4765 nonnulls
3418 4670 3717 4757 it'itlttbiitin

2126 4777 2381 4844 Vocatur,
2431 4763 2759 4844 iiiSigtiisest
2792 4764 2880 4818 hic
2914 4763 3227 4844 locusi‘lpsi
3260 4780 3477 4835 quoque
3524 4784 3718 4844 marty-

2126 4838 2197 4890 ris
2229 4836 2444 4889 titulum
2477 4853 2597 4890 cum
2630 4834 2855 4888 Rufinus
2903 4833 3045 4903 apud
3070 4833 3356 4905 Origenetn
3379 4878 3392 4897 ,
3446 4847 3558 4893 tttm
3613 4833 3717 4898 V5.

2126 4921 2288 4962 sense
2321 4922 2336 4960 ι
2386 4908 2676 4961 ceucitium
2723 4921 2867 4959 anno
2896 4905 3001 4959 442
3031 4905 3274 4960 habitum
3325 4922 3446 4962 can.
3479 4910 3514 4963 2
3563 4920 3720 4971 attri-

2130 4980 2320 5032 buunt.
2348 4977 2480 5031 lluic
2504 4987 2681 5030 autem
2707 4977 3019 5041 convcutni,
3071 4976 3122 5029 in
3152 4992 3257 5046 quo
3287 4978 3528 5035 leestii
3557 4999 3719 5042 causa

2129 5048 2342 5125 cognita
2370 5058 2474 5125 est,
2510 5046 3046 5125 praetersacerdotes
3082 5050 3195 5125 qui,
3226 5058 3285 5102 ut
3306 5049 3444 5125 infra
3484 5053 3714 5125 dicitur,

2130 5136 2160 5173 e
2201 5116 2445 5174 diversis
2502 5118 2814 5187 regionibus
2864 5116 3122 5179 aderant,
3158 5119 3476 5177 interfuerat
3514 5136 3569 5179 et
3606 5116 3713 5183 lto:

2129 5204 2319 5265 manus
2357 5191 2554 5265 clerus.
2588 5188 2950 5265 Quiamobrem
3007 5188 3285 5265 gelagiani
3332 5194 3471 5259 apud
3502 5197 3715 5265 Augus-

2131 5261 2319 5323 tinum,
2357 5261 2451 5315 lib.
2481 5275 2528 5333 ιι
2553 5259 2621 5333 ad
2649 5257 3073 5333 Boriifac.gc._3_,
3105 5257 3559 5333 ipsoiAugustino
3587 5257 3717 5321 con-

2126 5332 2436 5404 sentiente,
2480 5331 2533 5386 id
2574 5329 2834 5385 Romanis
2878 5330 3093 5404 clericis
3122 5329 3521 5401 attribuerunt,
3569 5339 3713 5404 quod

2124 5404 2330 5457 tumin
2386 5401 2519 5469 hoc,
2580 5411 2691 5457 tum
2750 5403 2801 5456 in
2865 5403 3167 5472 posteriore
3188 5414 3456 5459 conventu
3512 5401 3712 5463 factum

2117 5483 2222 5528 BSt.

2198 5543 2218 5583 ί
2267 5544 2324 5599 In
2377 5560 2480 5599 ms.
2528 5543 2729 5611 Vatic.,
2781 5552 3004 5598 teneant.
3037 5545 3158 5599 Mox
3205 5545 3345 5615 apud
3377 5545 3603 5613 Baron.,
3646 5552 3717 5604 ad

2126 5618 2447 5687 sanctitatem
2496 5627 2715 5670 vestram
2768 5617 3005 5687 legenda.
3062 5615 3254 5671 Verior
3302 5617 3414 5673 visa
3452 5630 3536 5673 est
3595 5634 3717 5677 cor-

2129 5689 2302 5744 rectio
2328 5686 2602 5745 Garncrii.

3111 5852 3186 5917 21
