  <div class='ocr_page' id='page_1' title='image "/cluster/home/n/w/nwhite01/storage/ocr_20150623/20/hvd.32044096580469/331.png"; bbox 0 0 4190 6190; ppageno 0'>
   <div class='ocr_carea' id='block_1_1' title="bbox 503 213 657 287">
    <p class='ocr_par' dir='ltr' id='par_1_1' title="bbox 503 213 657 287">
     <span class='ocr_line' id='line_1_1' title="bbox 503 213 657 287; baseline -0.013 -15"><span class='ocrx_word' id='word_1_1' title='bbox 503 213 604 272; x_wconf 75' lang='lat' dir='ltr'><strong>est</strong></span> <span class='ocrx_word' id='word_1_2' title='bbox 650 278 657 287; x_wconf 46' lang='grc'><strong>,</strong></span> 
     </span>
    </p>
   </div>
   <div class='ocr_carea' id='block_1_2' title="bbox 1858 201 3795 273">
    <p class='ocr_par' dir='ltr' id='par_1_2' title="bbox 1858 201 3795 273">
     <span class='ocr_line' id='line_1_2' title="bbox 1858 201 3795 273; baseline -0.002 -4"><span class='ocrx_word' id='word_1_3' title='bbox 1858 211 1916 269; x_wconf 88' lang='lat' dir='ltr'><strong>S.</strong></span> <span class='ocrx_word' id='word_1_4' title='bbox 1961 207 2198 269; x_wconf 77' lang='lat' dir='ltr'><strong>ZOSIMI</strong></span> <span class='ocrx_word' id='word_1_5' title='bbox 2235 207 2441 273; x_wconf 61' lang='lat' dir='ltr'><strong>PAPIE</strong></span> <span class='ocrx_word' id='word_1_6' title='bbox 3690 201 3795 265; x_wconf 57' lang='lat'><strong>63%</strong></span> 
     </span>
    </p>
   </div>
   <div class='ocr_carea' id='block_1_3' title="bbox 499 292 3798 372">
    <p class='ocr_par' dir='ltr' id='par_1_3' title="bbox 499 292 3798 372">
     <span class='ocr_line' id='line_1_3' title="bbox 499 292 3798 372; baseline -0.003 -12"><span class='ocrx_word' id='word_1_7' title='bbox 499 304 702 361; x_wconf 79' lang='lat' dir='ltr'><strong>talibus</strong></span> <span class='ocrx_word' id='word_1_8' title='bbox 724 301 1171 360; x_wconf 76' lang='lat' dir='ltr'><strong>contentionibus</strong></span> <span class='ocrx_word' id='word_1_9' title='bbox 1194 316 1448 372; x_wconf 89' lang='lat' dir='ltr'><strong>umquam</strong></span> <span class='ocrx_word' id='word_1_10' title='bbox 1472 315 1593 357; x_wconf 91' lang='lat' dir='ltr'><strong>cum</strong></span> <span class='ocrx_word' id='word_1_11' title='bbox 1617 299 1910 357; x_wconf 73' lang='lat' dir='ltr'><strong>antedictis</strong></span> <span class='ocrx_word' id='word_1_12' title='bbox 1929 299 2098 356; x_wconf 89' lang='lat' dir='ltr'><strong>fuisse</strong></span> <span class='ocrx_word' id='word_1_13' title='bbox 2126 307 2178 366; x_wconf 80' lang='grc' dir='ltr'>Α</span> <span class='ocrx_word' id='word_1_14' title='bbox 2205 299 2536 355; x_wconf 82' lang='lat' dir='ltr'><strong>Adolescens</strong></span> <span class='ocrx_word' id='word_1_15' title='bbox 2585 305 2640 352; x_wconf 91' lang='lat' dir='ltr'><strong>et</strong></span> <span class='ocrx_word' id='word_1_16' title='bbox 2682 297 2860 352; x_wconf 82' lang='lat' dir='ltr'><strong>sancti</strong></span> <span class='ocrx_word' id='word_1_17' title='bbox 2890 292 3123 366; x_wconf 78' lang='lat' dir='ltr'><strong>Spiritus</strong></span> <span class='ocrx_word' id='word_1_18' title='bbox 3165 296 3516 358; x_wconf 72' lang='lat' dir='ltr'><strong>exsecutorS,</strong></span> <span class='ocrx_word' id='word_1_19' title='bbox 3566 295 3656 364; x_wconf 84' lang='lat' dir='ltr'><strong>qui</strong></span> <span class='ocrx_word' id='word_1_20' title='bbox 3691 296 3798 349; x_wconf 84' lang='lat' dir='ltr'><strong>Su-</strong></span> 
     </span>
    </p>
   </div>
   <div class='ocr_carea' id='block_1_4' title="bbox 504 390 2096 464">
    <p class='ocr_par' dir='ltr' id='par_1_4' title="bbox 504 390 2096 464">
     <span class='ocr_line' id='line_1_4' title="bbox 504 390 2096 464; baseline -0.004 -11"><span class='ocrx_word' id='word_1_21' title='bbox 504 410 849 461; x_wconf 83' lang='lat' dir='ltr'><strong>sermonent;</strong></span> <span class='ocrx_word' id='word_1_22' title='bbox 902 409 1005 450; x_wconf 91' lang='lat' dir='ltr'><strong>nec</strong></span> <span class='ocrx_word' id='word_1_23' title='bbox 1048 402 1178 449; x_wconf 89' lang='lat' dir='ltr'><strong>ante</strong></span> <span class='ocrx_word' id='word_1_24' title='bbox 1224 392 1350 462; x_wconf 88' lang='lat' dir='ltr'><strong>sibi,</strong></span> <span class='ocrx_word' id='word_1_25' title='bbox 1387 407 1550 464; x_wconf 84' lang='lat' dir='ltr'><strong>quam</strong></span> <span class='ocrx_word' id='word_1_26' title='bbox 1585 392 1651 447; x_wconf 92' lang='lat' dir='ltr'><strong>de</strong></span> <span class='ocrx_word' id='word_1_27' title='bbox 1682 407 1741 448; x_wconf 91' lang='lat' dir='ltr'><strong>se</strong></span> <span class='ocrx_word' id='word_1_28' title='bbox 1770 390 2096 463; x_wconf 84' lang='lat' dir='ltr'><strong>scriberent,</strong></span> 
     </span>
    </p>
   </div>
   <div class='ocr_carea' id='block_1_5' title="bbox 507 484 2100 557">
    <p class='ocr_par' dir='ltr' id='par_1_5' title="bbox 507 484 2100 557">
     <span class='ocr_line' id='line_1_5' title="bbox 507 484 2100 557; baseline -0.004 -12"><span class='ocrx_word' id='word_1_29' title='bbox 507 490 626 546; x_wconf 89' lang='lat' dir='ltr'><strong>visu</strong></span> <span class='ocrx_word' id='word_1_30' title='bbox 658 489 825 544; x_wconf 88' lang='lat' dir='ltr'><strong>fuisse</strong></span> <span class='ocrx_word' id='word_1_31' title='bbox 872 494 1214 557; x_wconf 88' lang='lat' dir='ltr'><strong>compertos;</strong></span> <span class='ocrx_word' id='word_1_32' title='bbox 1259 484 1527 540; x_wconf 78' lang='lat' dir='ltr'><strong>Lazarum</strong></span> <span class='ocrx_word' id='word_1_33' title='bbox 1577 499 1712 540; x_wconf 89' lang='lat' dir='ltr'><strong>sane</strong></span> <span class='ocrx_word' id='word_1_34' title='bbox 1763 484 1818 539; x_wconf 93' lang='lat' dir='ltr'><strong>in</strong></span> <span class='ocrx_word' id='word_1_35' title='bbox 1869 484 2100 539; x_wconf 81' lang='lat' dir='ltr'><strong>transitu</strong></span> 
     </span>
    </p>
   </div>
   <div class='ocr_carea' id='block_1_6' title="bbox 506 575 2100 654">
    <p class='ocr_par' dir='ltr' id='par_1_6' title="bbox 506 575 2100 654">
     <span class='ocr_line' id='line_1_6' title="bbox 506 575 2100 654; baseline -0.003 -16"><span class='ocrx_word' id='word_1_36' title='bbox 506 583 811 654; x_wconf 81' lang='lat' dir='ltr'><strong>cognitum;</strong></span> <span class='ocrx_word' id='word_1_37' title='bbox 863 581 1122 636; x_wconf 46' lang='lat' dir='ltr'><strong>l&#39;lerotem</strong></span> <span class='ocrx_word' id='word_1_38' title='bbox 1153 592 1289 634; x_wconf 86' lang='lat' dir='ltr'><strong>vero</strong></span> <span class='ocrx_word' id='word_1_39' title='bbox 1321 578 1486 633; x_wconf 87' lang='lat' dir='ltr'><strong>etiam</strong></span> <span class='ocrx_word' id='word_1_40' title='bbox 1519 575 1895 634; x_wconf 76' lang='lat' dir='ltr'><strong>satisfactione</strong></span> <span class='ocrx_word' id='word_1_41' title='bbox 1925 577 2100 634; x_wconf 90' lang='lat' dir='ltr'><strong>inter-</strong></span> 
     </span>
    </p>
   </div>
   <div class='ocr_carea' id='block_1_7' title="bbox 509 669 2097 744">
    <p class='ocr_par' dir='ltr' id='par_1_7' title="bbox 509 669 2097 744">
     <span class='ocr_line' id='line_1_7' title="bbox 509 669 2097 744; baseline -0.003 -15"><span class='ocrx_word' id='word_1_42' title='bbox 509 675 701 744; x_wconf 86' lang='lat' dir='ltr'><strong>posita;</strong></span> <span class='ocrx_word' id='word_1_43' title='bbox 722 671 881 743; x_wconf 13' lang='lat' dir='ltr'><strong>equod</strong></span> <span class='ocrx_word' id='word_1_44' title='bbox 926 687 1087 728; x_wconf 89' lang='lat' dir='ltr'><strong>secus</strong></span> <span class='ocrx_word' id='word_1_45' title='bbox 1128 671 1197 727; x_wconf 92' lang='lat' dir='ltr'><strong>de</strong></span> <span class='ocrx_word' id='word_1_46' title='bbox 1230 670 1424 741; x_wconf 86' lang='lat' dir='ltr'><strong>ignoto</strong></span> <span class='ocrx_word' id='word_1_47' title='bbox 1466 679 1525 726; x_wconf 90' lang='lat' dir='ltr'><strong>et</strong></span> <span class='ocrx_word' id='word_1_48' title='bbox 1554 669 1783 726; x_wconf 89' lang='lat' dir='ltr'><strong>absente</strong></span> <span class='ocrx_word' id='word_1_49' title='bbox 1814 670 2097 738; x_wconf 81' lang='lat' dir='ltr'><strong>sensisset,</strong></span> 
     </span>
    </p>
   </div>
   <div class='ocr_carea' id='block_1_8' title="bbox 502 764 2100 839">
    <p class='ocr_par' dir='ltr' id='par_1_8' title="bbox 502 764 2100 839">
     <span class='ocr_line' id='line_1_8' title="bbox 502 764 2100 839; baseline -0.004 -14"><span class='ocrx_word' id='word_1_50' title='bbox 502 783 625 826; x_wconf 91' lang='lat' dir='ltr'><strong>cum</strong></span> <span class='ocrx_word' id='word_1_51' title='bbox 658 767 834 839; x_wconf 85' lang='lat' dir='ltr'><strong>gratia</strong></span> <span class='ocrx_word' id='word_1_52' title='bbox 878 766 1202 822; x_wconf 90' lang='lat' dir='ltr'><strong>recessisse.</strong></span> <span class='ocrx_word' id='word_1_53' title='bbox 1227 774 1252 803; x_wconf 75' lang='grc' dir='ltr'><strong>ιι</strong></span> <span class='ocrx_word' id='word_1_54' title='bbox 1285 764 1420 819; x_wconf 89' lang='lat' dir='ltr'><strong>Tam</strong></span> <span class='ocrx_word' id='word_1_55' title='bbox 1467 764 1677 821; x_wconf 90' lang='lat' dir='ltr'><strong>caduco</strong></span> <span class='ocrx_word' id='word_1_56' title='bbox 1708 779 1773 819; x_wconf 90' lang='lat' dir='ltr'><strong>ac</strong></span> <span class='ocrx_word' id='word_1_57' title='bbox 1800 765 1951 819; x_wconf 89' lang='lat' dir='ltr'><strong>nullo</strong></span> <span class='ocrx_word' id='word_1_58' title='bbox 1983 764 2100 818; x_wconf 87' lang='lat' dir='ltr'><strong>fun-</strong></span> 
     </span>
    </p>
   </div>
   <div class='ocr_carea' id='block_1_9' title="bbox 501 858 2102 941">
    <p class='ocr_par' dir='ltr' id='par_1_9' title="bbox 501 858 2102 941">
     <span class='ocr_line' id='line_1_9' title="bbox 501 858 2102 941; baseline -0.002 -23"><span class='ocrx_word' id='word_1_59' title='bbox 501 861 727 919; x_wconf 84' lang='lat' dir='ltr'><strong>damine</strong></span> <span class='ocrx_word' id='word_1_60' title='bbox 770 859 1177 917; x_wconf 88' lang='lat' dir='ltr'><strong>criminationis</strong></span> <span class='ocrx_word' id='word_1_61' title='bbox 1215 858 1457 930; x_wconf 82' lang='lat' dir='ltr'><strong>ignotae,</strong></span> <span class='ocrx_word' id='word_1_62' title='bbox 1509 858 1699 928; x_wconf 87' lang='lat' dir='ltr'><strong>procul</strong></span> <span class='ocrx_word' id='word_1_63' title='bbox 1746 858 1913 941; x_wconf 75' lang='lat' dir='ltr'><strong>dubio</strong></span> <span class='ocrx_word' id='word_1_64' title='bbox 1961 874 1991 914; x_wconf 91' lang='lat' dir='ltr'><strong>e</strong></span> <span class='ocrx_word' id='word_1_65' title='bbox 2040 873 2102 915; x_wconf 88' lang='lat' dir='ltr'><strong>re</strong></span> 
     </span>
    </p>
   </div>
   <div class='ocr_carea' id='block_1_10' title="bbox 502 942 2103 1025">
    <p class='ocr_par' dir='ltr' id='par_1_10' title="bbox 502 942 2103 1025">
     <span class='ocr_line' id='line_1_10' title="bbox 502 942 2103 1025; baseline -0.002 -15"><span class='ocrx_word' id='word_1_66' title='bbox 502 953 627 1023; x_wconf 90' lang='lat' dir='ltr'><strong>fuit,</strong></span> <span class='ocrx_word' id='word_1_67' title='bbox 654 963 717 1009; x_wconf 89' lang='lat' dir='ltr'><strong>ut</strong></span> <span class='ocrx_word' id='word_1_68' title='bbox 738 967 975 1023; x_wconf 85' lang='lat' dir='ltr'><strong>persona</strong></span> <span class='ocrx_word' id='word_1_69' title='bbox 1012 950 1201 1008; x_wconf 88' lang='lat' dir='ltr'><strong>talium</strong></span> <span class='ocrx_word' id='word_1_70' title='bbox 1232 996 1247 1021; x_wconf 91' lang='lat'><strong>,</strong></span> <span class='ocrx_word' id='word_1_71' title='bbox 1286 966 1408 1023; x_wconf 73' lang='lat' dir='ltr'><strong>quae</strong></span> <span class='ocrx_word' id='word_1_72' title='bbox 1447 960 1557 1006; x_wconf 89' lang='lat' dir='ltr'><strong>tam</strong></span> <span class='ocrx_word' id='word_1_73' title='bbox 1589 942 1815 1025; x_wconf 72' lang='lat' dir='ltr'><strong>ventosa</strong></span> <span class='ocrx_word' id='word_1_74' title='bbox 1864 958 1921 1006; x_wconf 89' lang='lat' dir='ltr'><strong>et</strong></span> <span class='ocrx_word' id='word_1_75' title='bbox 1967 951 2103 1007; x_wconf 85' lang='lat' dir='ltr'><strong>levis</strong></span> 
     </span>
    </p>
   </div>
   <div class='ocr_carea' id='block_1_11' title="bbox 505 1043 2102 1115">
    <p class='ocr_par' dir='ltr' id='par_1_11' title="bbox 505 1043 2102 1115">
     <span class='ocr_line' id='line_1_11' title="bbox 505 1043 2102 1115; baseline -0.001 -13"><span class='ocrx_word' id='word_1_76' title='bbox 505 1046 829 1114; x_wconf 86' lang='lat' dir='ltr'><strong>exstiterat,</strong></span> <span class='ocrx_word' id='word_1_77' title='bbox 870 1052 1236 1115; x_wconf 82' lang='lat' dir='ltr'><strong>quaereretur,</strong></span> <span class='ocrx_word' id='word_1_78' title='bbox 1266 1044 1310 1098; x_wconf 92' lang='lat' dir='ltr'><strong>si</strong></span> <span class='ocrx_word' id='word_1_79' title='bbox 1345 1043 1540 1099; x_wconf 83' lang='lat' dir='ltr'><strong>saltem</strong></span> <span class='ocrx_word' id='word_1_80' title='bbox 1572 1044 1678 1099; x_wconf 90' lang='lat' dir='ltr'><strong>illis</strong></span> <span class='ocrx_word' id='word_1_81' title='bbox 1711 1043 1815 1099; x_wconf 83' lang='lat' dir='ltr'><strong>loci</strong></span> <span class='ocrx_word' id='word_1_82' title='bbox 1844 1044 1928 1099; x_wconf 90' lang='lat' dir='ltr'><strong>sui</strong></span> <span class='ocrx_word' id='word_1_83' title='bbox 1958 1044 2102 1100; x_wconf 89' lang='lat' dir='ltr'><strong>ratio</strong></span> 
     </span>
    </p>
   </div>
   <div class='ocr_carea' id='block_1_12' title="bbox 499 1135 2101 1209">
    <p class='ocr_par' dir='ltr' id='par_1_12' title="bbox 499 1135 2101 1209">
     <span class='ocr_line' id='line_1_12' title="bbox 499 1135 2101 1209; baseline -0.001 -15"><span class='ocrx_word' id='word_1_84' title='bbox 499 1138 734 1209; x_wconf 67' lang='lat' dir='ltr'><strong>vitaeque</strong></span> <span class='ocrx_word' id='word_1_85' title='bbox 758 1144 1068 1208; x_wconf 83' lang='lat' dir='ltr'><strong>constaret,</strong></span> <span class='ocrx_word' id='word_1_86' title='bbox 1101 1144 1162 1191; x_wconf 94' lang='lat' dir='ltr'><strong>ut</strong></span> <span class='ocrx_word' id='word_1_87' title='bbox 1202 1135 1336 1191; x_wconf 89' lang='lat' dir='ltr'><strong>fides</strong></span> <span class='ocrx_word' id='word_1_88' title='bbox 1390 1136 1709 1192; x_wconf 83' lang='lat' dir='ltr'><strong>absentibus</strong></span> <span class='ocrx_word' id='word_1_89' title='bbox 1740 1137 1792 1190; x_wconf 90' lang='lat' dir='ltr'><strong>in</strong></span> <span class='ocrx_word' id='word_1_90' title='bbox 1842 1136 2101 1193; x_wconf 89' lang='lat' dir='ltr'><strong>absentes</strong></span> 
     </span>
    </p>
   </div>
   <div class='ocr_carea' id='block_1_13' title="bbox 499 1230 2103 1301">
    <p class='ocr_par' dir='ltr' id='par_1_13' title="bbox 499 1230 2103 1301">
     <span class='ocr_line' id='line_1_13' title="bbox 499 1230 2103 1301; baseline -0.002 -10"><span class='ocrx_word' id='word_1_91' title='bbox 499 1233 791 1291; x_wconf 62' lang='lat' dir='ltr'><strong>hdebuerit</strong></span> <span class='ocrx_word' id='word_1_92' title='bbox 837 1232 1114 1300; x_wconf 87' lang='lat' dir='ltr'><strong>adhiberi,</strong></span> <span class='ocrx_word' id='word_1_93' title='bbox 1163 1240 1485 1301; x_wconf 88' lang='lat' dir='ltr'><strong>tantumque</strong></span> <span class='ocrx_word' id='word_1_94' title='bbox 1528 1230 1742 1300; x_wconf 88' lang='lat' dir='ltr'><strong>pondus</strong></span> <span class='ocrx_word' id='word_1_95' title='bbox 1802 1231 1855 1286; x_wconf 92' lang='lat' dir='ltr'><strong>in</strong></span> <span class='ocrx_word' id='word_1_96' title='bbox 1906 1231 2103 1288; x_wconf 87' lang='lat' dir='ltr'><strong>litteris</strong></span> 
     </span>
    </p>
   </div>
   <div class='ocr_carea' id='block_1_14' title="bbox 499 1324 2097 1394">
    <p class='ocr_par' dir='ltr' id='par_1_14' title="bbox 499 1324 2097 1394">
     <span class='ocr_line' id='line_1_14' title="bbox 499 1324 2097 1394; baseline -0.004 -10"><span class='ocrx_word' id='word_1_97' title='bbox 499 1342 693 1385; x_wconf 85' lang='lat' dir='ltr'><strong>eorum</strong></span> <span class='ocrx_word' id='word_1_98' title='bbox 725 1338 772 1394; x_wconf 76' lang='grc' dir='ltr'>ο,</span> <span class='ocrx_word' id='word_1_99' title='bbox 824 1334 887 1382; x_wconf 87' lang='grc' dir='ltr'><strong>ιιι</strong></span> <span class='ocrx_word' id='word_1_100' title='bbox 934 1326 1319 1381; x_wconf 87' lang='lat' dir='ltr'><strong>auctoritatem</strong></span> <span class='ocrx_word' id='word_1_101' title='bbox 1377 1324 1685 1379; x_wconf 87' lang='lat' dir='ltr'><strong>testimonii</strong></span> <span class='ocrx_word' id='word_1_102' title='bbox 1731 1331 2097 1380; x_wconf 88' lang='lat' dir='ltr'><strong>mererentur.</strong></span> 
     </span>
    </p>
   </div>
   <div class='ocr_carea' id='block_1_15' title="bbox 502 1416 2103 1486">
    <p class='ocr_par' dir='ltr' id='par_1_15' title="bbox 502 1416 2103 1486">
     <span class='ocr_line' id='line_1_15' title="bbox 502 1416 2103 1486; baseline -0.003 -9"><span class='ocrx_word' id='word_1_103' title='bbox 502 1421 687 1477; x_wconf 91' lang='lat' dir='ltr'><strong>Patuit</strong></span> <span class='ocrx_word' id='word_1_104' title='bbox 734 1421 834 1477; x_wconf 89' lang='lat' dir='ltr'><strong>hos</strong></span> <span class='ocrx_word' id='word_1_105' title='bbox 866 1418 1233 1475; x_wconf 82' lang='lat' dir='ltr'><strong>inobservatis</strong></span> <span class='ocrx_word' id='word_1_106' title='bbox 1280 1416 1758 1486; x_wconf 85' lang='lat' dir='ltr'><strong>ordinationibus,</strong></span> <span class='ocrx_word' id='word_1_107' title='bbox 1804 1416 1961 1486; x_wconf 80' lang='lat' dir='ltr'><strong>plebe</strong></span> <span class='ocrx_word' id='word_1_108' title='bbox 1991 1417 2103 1472; x_wconf 89' lang='lat' dir='ltr'><strong>cle-</strong></span> 
     </span>
    </p>
   </div>
   <div class='ocr_carea' id='block_1_16' title="bbox 500 1508 2101 1587">
    <p class='ocr_par' dir='ltr' id='par_1_16' title="bbox 500 1508 2101 1587">
     <span class='ocr_line' id='line_1_16' title="bbox 500 1508 2101 1587; baseline -0.004 -16"><span class='ocrx_word' id='word_1_109' title='bbox 500 1530 675 1587; x_wconf 88' lang='lat' dir='ltr'><strong>roque</strong></span> <span class='ocrx_word' id='word_1_110' title='bbox 721 1513 1169 1579; x_wconf 87' lang='lat' dir='ltr'><strong>contradicente,</strong></span> <span class='ocrx_word' id='word_1_111' title='bbox 1222 1511 1478 1581; x_wconf 79' lang='lat' dir='ltr'><strong>ignotos,</strong></span> <span class='ocrx_word' id='word_1_112' title='bbox 1531 1510 1902 1581; x_wconf 81' lang='lat' dir='ltr'><strong>alienigenas,</strong></span> <span class='ocrx_word' id='word_1_113' title='bbox 1958 1508 2101 1565; x_wconf 88' lang='lat' dir='ltr'><strong>intra</strong></span> 
     </span>
    </p>
   </div>
   <div class='ocr_carea' id='block_1_17' title="bbox 498 1603 2101 1675">
    <p class='ocr_par' dir='ltr' id='par_1_17' title="bbox 498 1603 2101 1675">
     <span class='ocr_line' id='line_1_17' title="bbox 498 1603 2101 1675; baseline -0.005 -8"><span class='ocrx_word' id='word_1_114' title='bbox 498 1609 704 1667; x_wconf 87' lang='lat' dir='ltr'><strong>Gallias</strong></span> <span class='ocrx_word' id='word_1_115' title='bbox 729 1606 1033 1663; x_wconf 87' lang='lat' dir='ltr'><strong>sacerdotia</strong></span> <span class='ocrx_word' id='word_1_116' title='bbox 1056 1606 1389 1673; x_wconf 73' lang='lat' dir='ltr'><strong>vindicasse,</strong></span> <span class='ocrx_word' id='word_1_117' title='bbox 1416 1604 1616 1675; x_wconf 88' lang='lat' dir='ltr'><strong>quibus</strong></span> <span class='ocrx_word' id='word_1_118' title='bbox 1655 1618 1715 1660; x_wconf 90' lang='lat' dir='ltr'><strong>se</strong></span> <span class='ocrx_word' id='word_1_119' title='bbox 1756 1604 1857 1674; x_wconf 90' lang='lat' dir='ltr'><strong>ipsi</strong></span> <span class='ocrx_word' id='word_1_120' title='bbox 1884 1603 2101 1675; x_wconf 83' lang='lat' dir='ltr'><strong>propria</strong></span> 
     </span>
    </p>
   </div>
   <div class='ocr_carea' id='block_1_18' title="bbox 2202 386 3799 461">
    <p class='ocr_par' dir='ltr' id='par_1_18' title="bbox 2202 386 3799 461">
     <span class='ocr_line' id='line_1_18' title="bbox 2202 386 3799 461; baseline -0.004 -13"><span class='ocrx_word' id='word_1_121' title='bbox 2202 406 2459 461; x_wconf 79' lang='lat' dir='ltr'><strong>sannam,</strong></span> <span class='ocrx_word' id='word_1_122' title='bbox 2485 391 2764 448; x_wconf 88' lang='lat' dir='ltr'><strong>seniorum</strong></span> <span class='ocrx_word' id='word_1_123' title='bbox 2807 388 3044 445; x_wconf 82' lang='lat' dir='ltr'><strong>falsitate</strong></span> <span class='ocrx_word' id='word_1_124' title='bbox 3088 386 3425 455; x_wconf 82' lang='lat' dir='ltr'><strong>damnatam,</strong></span> <span class='ocrx_word' id='word_1_125' title='bbox 3460 387 3662 443; x_wconf 88' lang='lat' dir='ltr'><strong>invenit</strong></span> <span class='ocrx_word' id='word_1_126' title='bbox 3704 387 3799 445; x_wconf 86' lang='lat' dir='ltr'><strong>in-</strong></span> 
     </span>
    </p>
   </div>
   <div class='ocr_carea' id='block_1_19' title="bbox 2202 478 3793 553">
    <p class='ocr_par' dir='ltr' id='par_1_19' title="bbox 2202 478 3793 553">
     <span class='ocr_line' id='line_1_19' title="bbox 2202 478 3793 553; baseline -0.004 -12"><span class='ocrx_word' id='word_1_127' title='bbox 2202 492 2489 541; x_wconf 90' lang='lat' dir='ltr'><strong>nocentem</strong></span> <span class='ocrx_word' id='word_1_128' title='bbox 2539 482 2703 553; x_wconf 88' lang='lat' dir='ltr'><strong>(Dan.</strong></span> <span class='ocrx_word' id='word_1_129' title='bbox 2749 497 2865 549; x_wconf 75' lang='lat' dir='ltr'><strong>sui,</strong></span> <span class='ocrx_word' id='word_1_130' title='bbox 2916 479 3033 553; x_wconf 72' lang='lat'><strong>46).</strong></span> <span class='ocrx_word' id='word_1_131' title='bbox 3093 479 3392 537; x_wconf 82' lang='lat' dir='ltr'><strong>Reducitur</strong></span> <span class='ocrx_word' id='word_1_132' title='bbox 3439 495 3470 534; x_wconf 84' lang='lat' dir='ltr'><strong>a</strong></span> <span class='ocrx_word' id='word_1_133' title='bbox 3514 478 3793 549; x_wconf 81' lang='lat' dir='ltr'><strong>suppliciis</strong></span> 
     </span>
    </p>
   </div>
   <div class='ocr_carea' id='block_1_20' title="bbox 2200 572 3797 646">
    <p class='ocr_par' dir='ltr' id='par_1_20' title="bbox 2200 572 3797 646">
     <span class='ocr_line' id='line_1_20' title="bbox 2200 572 3797 646; baseline -0.004 -14"><span class='ocrx_word' id='word_1_134' title='bbox 2200 583 2348 632; x_wconf 86' lang='lat' dir='ltr'><strong>casta</strong></span> <span class='ocrx_word' id='word_1_135' title='bbox 2382 591 2479 646; x_wconf 89' lang='lat' dir='ltr'><strong>per</strong></span> <span class='ocrx_word' id='word_1_136' title='bbox 2505 590 2758 646; x_wconf 76' lang='lat' dir='ltr'><strong>puerum,</strong></span> <span class='ocrx_word' id='word_1_137' title='bbox 2798 588 2921 645; x_wconf 85' lang='lat' dir='ltr'><strong>quae</strong></span> <span class='ocrx_word' id='word_1_138' title='bbox 2950 589 3047 644; x_wconf 85' lang='lat' dir='ltr'><strong>per</strong></span> <span class='ocrx_word' id='word_1_139' title='bbox 3072 572 3396 643; x_wconf 64' lang='lat' dir='ltr'><strong>grands-vos</strong></span> <span class='ocrx_word' id='word_1_140' title='bbox 3428 573 3650 641; x_wconf 89' lang='lat' dir='ltr'><strong>tingitur</strong></span> <span class='ocrx_word' id='word_1_141' title='bbox 3689 572 3797 626; x_wconf 85' lang='lat' dir='ltr'><strong>im-</strong></span> 
     </span>
    </p>
   </div>
   <div class='ocr_carea' id='block_1_21' title="bbox 2201 664 3800 740">
    <p class='ocr_par' dir='ltr' id='par_1_21' title="bbox 2201 664 3800 740">
     <span class='ocr_line' id='line_1_21' title="bbox 2201 664 3800 740; baseline -0.003 -16"><span class='ocrx_word' id='word_1_142' title='bbox 2201 667 2416 740; x_wconf 90' lang='lat' dir='ltr'><strong>pudica.</strong></span> <span class='ocrx_word' id='word_1_143' title='bbox 2463 667 2581 723; x_wconf 87' lang='lat' dir='ltr'><strong>Non</strong></span> <span class='ocrx_word' id='word_1_144' title='bbox 2626 683 2759 739; x_wconf 87' lang='lat' dir='ltr'><strong>ergo</strong></span> <span class='ocrx_word' id='word_1_145' title='bbox 2806 666 2979 731; x_wconf 90' lang='lat' dir='ltr'><strong>omni,</strong></span> <span class='ocrx_word' id='word_1_146' title='bbox 3015 665 3155 720; x_wconf 90' lang='lat' dir='ltr'><strong>sicut</strong></span> <span class='ocrx_word' id='word_1_147' title='bbox 3186 674 3403 720; x_wconf 87' lang='lat' dir='ltr'><strong>cautum</strong></span> <span class='ocrx_word' id='word_1_148' title='bbox 3438 673 3545 733; x_wconf 75' lang='lat' dir='ltr'><strong>est,</strong></span> <span class='ocrx_word' id='word_1_149' title='bbox 3584 664 3800 736; x_wconf 77' lang='lat' dir='ltr'><strong>Spiritui</strong></span> 
     </span>
    </p>
   </div>
   <div class='ocr_carea' id='block_1_22' title="bbox 2201 756 3805 832">
    <p class='ocr_par' dir='ltr' id='par_1_22' title="bbox 2201 756 3805 832">
     <span class='ocr_line' id='line_1_22' title="bbox 2201 756 3805 832; baseline -0.004 -12"><span class='ocrx_word' id='word_1_150' title='bbox 2201 760 2532 821; x_wconf 88' lang='lat' dir='ltr'><strong>credendum</strong></span> <span class='ocrx_word' id='word_1_151' title='bbox 2580 771 2666 817; x_wconf 90' lang='lat' dir='ltr'><strong>est</strong></span> <span class='ocrx_word' id='word_1_152' title='bbox 2696 758 2940 832; x_wconf 83' lang='lat' dir='ltr'><strong>(lJoan.</strong></span> <span class='ocrx_word' id='word_1_153' title='bbox 2992 774 3067 827; x_wconf 78' lang='lat' dir='ltr'><strong>tv,</strong></span> <span class='ocrx_word' id='word_1_154' title='bbox 3103 759 3130 815; x_wconf 81' lang='lat' dir='ltr'><strong>l</strong></span> <span class='ocrx_word' id='word_1_155' title='bbox 3162 760 3210 829; x_wconf 87' lang='lat'><strong>);</strong></span> <span class='ocrx_word' id='word_1_156' title='bbox 3244 756 3341 816; x_wconf 86' lang='lat' dir='ltr'><strong>sed</strong></span> <span class='ocrx_word' id='word_1_157' title='bbox 3375 758 3466 812; x_wconf 90' lang='lat' dir='ltr'><strong>diu</strong></span> <span class='ocrx_word' id='word_1_158' title='bbox 3508 757 3805 827; x_wconf 88' lang='lat' dir='ltr'><strong>appensius</strong></span> 
     </span>
    </p>
   </div>
   <div class='ocr_carea' id='block_1_23' title="bbox 2200 847 3808 923">
    <p class='ocr_par' dir='ltr' id='par_1_23' title="bbox 2200 847 3808 923">
     <span class='ocr_line' id='line_1_23' title="bbox 2200 847 3808 923; baseline -0.007 -10"><span class='ocrx_word' id='word_1_159' title='bbox 2200 854 2624 913; x_wconf 82' lang='lat' dir='ltr'><strong>examinandum</strong></span> <span class='ocrx_word' id='word_1_160' title='bbox 2659 852 3098 923; x_wconf 59' lang='lat' dir='ltr'><strong>est,pratsertim</strong></span> <span class='ocrx_word' id='word_1_161' title='bbox 3149 850 3219 905; x_wconf 89' lang='lat' dir='ltr'><strong>de</strong></span> <span class='ocrx_word' id='word_1_162' title='bbox 3252 850 3360 904; x_wconf 80' lang='lat' dir='ltr'><strong>ﬁdo</strong></span> <span class='ocrx_word' id='word_1_163' title='bbox 3401 850 3662 913; x_wconf 85' lang='lat' dir='ltr'><strong>hominis,</strong></span> <span class='ocrx_word' id='word_1_164' title='bbox 3708 847 3808 902; x_wconf 88' lang='lat' dir='ltr'><strong>ubi</strong></span> 
     </span>
    </p>
   </div>
   <div class='ocr_carea' id='block_1_24' title="bbox 2202 939 3808 1015">
    <p class='ocr_par' dir='ltr' id='par_1_24' title="bbox 2202 939 3808 1015">
     <span class='ocr_line' id='line_1_24' title="bbox 2202 939 3808 1015; baseline -0.005 -12"><span class='ocrx_word' id='word_1_165' title='bbox 2202 956 2376 1004; x_wconf 85' lang='lat' dir='ltr'><strong>status</strong></span> <span class='ocrx_word' id='word_1_166' title='bbox 2422 947 2545 1014; x_wconf 83' lang='lat' dir='ltr'><strong>ejus</strong></span> <span class='ocrx_word' id='word_1_167' title='bbox 2584 955 2640 1001; x_wconf 87' lang='lat' dir='ltr'><strong>et</strong></span> <span class='ocrx_word' id='word_1_168' title='bbox 2686 944 2798 1000; x_wconf 85' lang='lat' dir='ltr'><strong>vita</strong></span> <span class='ocrx_word' id='word_1_169' title='bbox 2834 954 3095 1015; x_wconf 86' lang='lat' dir='ltr'><strong>perpetua</strong></span> <span class='ocrx_word' id='word_1_170' title='bbox 3138 954 3243 999; x_wconf 90' lang='lat' dir='ltr'><strong>est.</strong></span> <span class='ocrx_word' id='word_1_171' title='bbox 3291 939 3404 1001; x_wconf 83' lang='lat' dir='ltr'><strong>Nec</strong></span> <span class='ocrx_word' id='word_1_172' title='bbox 3448 939 3808 996; x_wconf 85' lang='lat' dir='ltr'><strong>Salomonem</strong></span> 
     </span>
    </p>
   </div>
   <div class='ocr_carea' id='block_1_25' title="bbox 2203 1032 3803 1110">
    <p class='ocr_par' dir='ltr' id='par_1_25' title="bbox 2203 1032 3803 1110">
     <span class='ocr_line' id='line_1_25' title="bbox 2203 1032 3803 1110; baseline -0.006 -14"><span class='ocrx_word' id='word_1_173' title='bbox 2203 1040 2401 1097; x_wconf 88' lang='lat' dir='ltr'><strong>fefellit</strong></span> <span class='ocrx_word' id='word_1_174' title='bbox 2424 1041 2478 1096; x_wconf 91' lang='lat' dir='ltr'><strong>in</strong></span> <span class='ocrx_word' id='word_1_175' title='bbox 2505 1040 2779 1110; x_wconf 86' lang='lat' dir='ltr'><strong>puerperii</strong></span> <span class='ocrx_word' id='word_1_176' title='bbox 2816 1035 2845 1075; x_wconf 64' lang='grc' dir='ltr'><strong>ιι</strong></span> <span class='ocrx_word' id='word_1_177' title='bbox 2882 1038 2997 1095; x_wconf 80' lang='lat' dir='ltr'><strong>rixa</strong></span> <span class='ocrx_word' id='word_1_178' title='bbox 3027 1036 3278 1093; x_wconf 72' lang='lat' dir='ltr'><strong>veritatis</strong></span> <span class='ocrx_word' id='word_1_179' title='bbox 3306 1034 3505 1105; x_wconf 79' lang='lat' dir='ltr'><strong>indago</strong></span> <span class='ocrx_word' id='word_1_180' title='bbox 3531 1033 3550 1105; x_wconf 92' lang='lat'><strong>(</strong></span> <span class='ocrx_word' id='word_1_181' title='bbox 3575 1033 3640 1088; x_wconf 93' lang='grc' dir='ltr'><strong>ιιι</strong></span> <span class='ocrx_word' id='word_1_182' title='bbox 3664 1032 3803 1105; x_wconf 84' lang='lat' dir='ltr'><strong>Reg.</strong></span> 
     </span>
    </p>
   </div>
   <div class='ocr_carea' id='block_1_26' title="bbox 2202 1127 3805 1207">
    <p class='ocr_par' dir='ltr' id='par_1_26' title="bbox 2202 1127 3805 1207">
     <span class='ocr_line' id='line_1_26' title="bbox 2202 1127 3805 1207; baseline -0.006 -16"><span class='ocrx_word' id='word_1_183' title='bbox 2202 1152 2281 1203; x_wconf 92' lang='grc' dir='ltr'>ιιι,</span> <span class='ocrx_word' id='word_1_184' title='bbox 2312 1134 2430 1207; x_wconf 74' lang='lat'><strong>25).</strong></span> <span class='ocrx_word' id='word_1_185' title='bbox 2462 1133 2580 1190; x_wconf 86' lang='lat' dir='ltr'><strong>Non</strong></span> <span class='ocrx_word' id='word_1_186' title='bbox 2622 1134 2768 1189; x_wconf 91' lang='lat' dir='ltr'><strong>enim</strong></span> <span class='ocrx_word' id='word_1_187' title='bbox 2808 1133 2994 1187; x_wconf 90' lang='lat' dir='ltr'><strong>statim</strong></span> <span class='ocrx_word' id='word_1_188' title='bbox 3045 1130 3258 1187; x_wconf 90' lang='lat' dir='ltr'><strong>duabus</strong></span> <span class='ocrx_word' id='word_1_189' title='bbox 3299 1127 3518 1184; x_wconf 77' lang='lat' dir='ltr'><strong>feminis</strong></span> <span class='ocrx_word' id='word_1_190' title='bbox 3566 1128 3709 1181; x_wconf 89' lang='lat' dir='ltr'><strong>inter</strong></span> <span class='ocrx_word' id='word_1_191' title='bbox 3737 1140 3805 1183; x_wconf 83' lang='lat' dir='ltr'><strong>se</strong></span> 
     </span>
    </p>
   </div>
   <div class='ocr_carea' id='block_1_27' title="bbox 2197 1217 3805 1298">
    <p class='ocr_par' dir='ltr' id='par_1_27' title="bbox 2197 1217 3805 1298">
     <span class='ocr_line' id='line_1_27' title="bbox 2197 1217 3805 1298; baseline -0.007 -16"><span class='ocrx_word' id='word_1_192' title='bbox 2197 1226 2545 1298; x_wconf 83' lang='lat' dir='ltr'><strong>jurgantibus</strong></span> <span class='ocrx_word' id='word_1_193' title='bbox 2588 1240 2755 1279; x_wconf 89' lang='lat' dir='ltr'><strong>unum</strong></span> <span class='ocrx_word' id='word_1_194' title='bbox 2801 1223 2998 1294; x_wconf 82' lang='lat' dir='ltr'><strong>pignus</strong></span> <span class='ocrx_word' id='word_1_195' title='bbox 3048 1221 3263 1276; x_wconf 86' lang='lat' dir='ltr'><strong>induxit</strong></span> <span class='ocrx_word' id='word_1_196' title='bbox 3294 1239 3307 1273; x_wconf 91' lang='lat'><strong>:</strong></span> <span class='ocrx_word' id='word_1_197' title='bbox 3338 1220 3434 1275; x_wconf 85' lang='lat' dir='ltr'><strong>sed</strong></span> <span class='ocrx_word' id='word_1_198' title='bbox 3486 1219 3558 1273; x_wconf 89' lang='lat' dir='ltr'><strong>ibi</strong></span> <span class='ocrx_word' id='word_1_199' title='bbox 3595 1217 3805 1273; x_wconf 86' lang='lat' dir='ltr'><strong>arbiter</strong></span> 
     </span>
    </p>
   </div>
   <div class='ocr_carea' id='block_1_28' title="bbox 2205 1308 3809 1383">
    <p class='ocr_par' dir='ltr' id='par_1_28' title="bbox 2205 1308 3809 1383">
     <span class='ocr_line' id='line_1_28' title="bbox 2205 1308 3809 1383; baseline -0.009 -8"><span class='ocrx_word' id='word_1_200' title='bbox 2205 1319 2311 1376; x_wconf 88' lang='lat' dir='ltr'><strong>fide</strong></span> <span class='ocrx_word' id='word_1_201' title='bbox 2355 1316 2767 1375; x_wconf 83' lang='lat' dir='ltr'><strong>cunctabundus</strong></span> <span class='ocrx_word' id='word_1_202' title='bbox 2811 1315 3048 1383; x_wconf 87' lang='lat' dir='ltr'><strong>invenit,</strong></span> <span class='ocrx_word' id='word_1_203' title='bbox 3086 1313 3176 1369; x_wconf 91' lang='lat' dir='ltr'><strong>ubi</strong></span> <span class='ocrx_word' id='word_1_204' title='bbox 3208 1328 3352 1367; x_wconf 71' lang='lat' dir='ltr'><strong>verre</strong></span> <span class='ocrx_word' id='word_1_205' title='bbox 3382 1310 3597 1382; x_wconf 91' lang='lat' dir='ltr'><strong>pietatis</strong></span> <span class='ocrx_word' id='word_1_206' title='bbox 3644 1308 3809 1365; x_wconf 65' lang='lat' dir='ltr'><strong>intclo</strong></span> 
     </span>
    </p>
   </div>
   <div class='ocr_carea' id='block_1_29' title="bbox 2204 1403 3811 1478">
    <p class='ocr_par' dir='ltr' id='par_1_29' title="bbox 2204 1403 3811 1478">
     <span class='ocr_line' id='line_1_29' title="bbox 2204 1403 3811 1478; baseline -0.007 -10"><span class='ocrx_word' id='word_1_207' title='bbox 2204 1412 2337 1469; x_wconf 78' lang='lat' dir='ltr'><strong>lexit</strong></span> <span class='ocrx_word' id='word_1_208' title='bbox 2388 1410 2665 1469; x_wconf 68' lang='lat' dir='ltr'><strong>affectum.</strong></span> <span class='ocrx_word' id='word_1_209' title='bbox 2729 1409 2995 1478; x_wconf 85' lang='lat' dir='ltr'><strong>Perquant</strong></span> <span class='ocrx_word' id='word_1_210' title='bbox 3046 1420 3231 1463; x_wconf 86' lang='lat' dir='ltr'><strong>rarum</strong></span> <span class='ocrx_word' id='word_1_211' title='bbox 3262 1403 3376 1471; x_wconf 89' lang='lat' dir='ltr'><strong>sit,</strong></span> <span class='ocrx_word' id='word_1_212' title='bbox 3434 1411 3496 1460; x_wconf 91' lang='lat' dir='ltr'><strong>ut</strong></span> <span class='ocrx_word' id='word_1_213' title='bbox 3549 1403 3704 1472; x_wconf 79' lang='lat' dir='ltr'><strong>longa</strong></span> <span class='ocrx_word' id='word_1_214' title='bbox 3750 1408 3811 1456; x_wconf 88' lang='lat' dir='ltr'><strong>et</strong></span> 
     </span>
    </p>
   </div>
   <div class='ocr_carea' id='block_1_30' title="bbox 2203 1497 3807 1575">
    <p class='ocr_par' dir='ltr' id='par_1_30' title="bbox 2203 1497 3807 1575">
     <span class='ocr_line' id='line_1_30' title="bbox 2203 1497 3807 1575; baseline -0.007 -14"><span class='ocrx_word' id='word_1_215' title='bbox 2203 1503 2501 1575; x_wconf 82' lang='lat' dir='ltr'><strong>castigatai</strong></span> <span class='ocrx_word' id='word_1_216' title='bbox 2553 1503 2831 1559; x_wconf 86' lang='lat' dir='ltr'><strong>cunctatio</strong></span> <span class='ocrx_word' id='word_1_217' title='bbox 2859 1518 2969 1558; x_wconf 91' lang='lat' dir='ltr'><strong>non</strong></span> <span class='ocrx_word' id='word_1_218' title='bbox 3003 1500 3068 1556; x_wconf 87' lang='lat' dir='ltr'><strong>ad</strong></span> <span class='ocrx_word' id='word_1_219' title='bbox 3112 1500 3228 1556; x_wconf 82' lang='lat' dir='ltr'><strong>veri</strong></span> <span class='ocrx_word' id='word_1_220' title='bbox 3277 1498 3458 1554; x_wconf 84' lang='lat' dir='ltr'><strong>cubile</strong></span> <span class='ocrx_word' id='word_1_221' title='bbox 3502 1497 3807 1567; x_wconf 87' lang='lat' dir='ltr'><strong>perveniat.</strong></span> 
     </span>
    </p>
   </div>
   <div class='ocr_carea' id='block_1_31' title="bbox 2205 1590 3812 1668">
    <p class='ocr_par' dir='ltr' id='par_1_31' title="bbox 2205 1590 3812 1668">
     <span class='ocr_line' id='line_1_31' title="bbox 2205 1590 3812 1668; baseline -0.005 -13"><span class='ocrx_word' id='word_1_222' title='bbox 2205 1597 2435 1668; x_wconf 76' lang='lat' dir='ltr'><strong>Optimae</strong></span> <span class='ocrx_word' id='word_1_223' title='bbox 2482 1596 2679 1654; x_wconf 89' lang='lat' dir='ltr'><strong>mentis</strong></span> <span class='ocrx_word' id='word_1_224' title='bbox 2713 1595 2969 1651; x_wconf 88' lang='lat' dir='ltr'><strong>indicium</strong></span> <span class='ocrx_word' id='word_1_225' title='bbox 3009 1603 3123 1660; x_wconf 92' lang='lat' dir='ltr'><strong>est,</strong></span> <span class='ocrx_word' id='word_1_226' title='bbox 3155 1608 3319 1663; x_wconf 87' lang='lat' dir='ltr'><strong>prava</strong></span> <span class='ocrx_word' id='word_1_227' title='bbox 3368 1590 3647 1646; x_wconf 89' lang='lat' dir='ltr'><strong>difficilius</strong></span> <span class='ocrx_word' id='word_1_228' title='bbox 3686 1604 3812 1647; x_wconf 50' lang='lat' dir='ltr'><strong>cre‘</strong></span> 
     </span>
    </p>
   </div>
   <div class='ocr_carea' id='block_1_32' title="bbox 498 1683 3816 1770">
    <p class='ocr_par' dir='ltr' id='par_1_32' title="bbox 498 1683 3816 1770">
     <span class='ocr_line' id='line_1_32' title="bbox 498 1683 3816 1770; baseline -0.005 -13"><span class='ocrx_word' id='word_1_229' title='bbox 498 1698 525 1738; x_wconf 75' lang='grc' dir='ltr'>ἀ</span> <span class='ocrx_word' id='word_1_230' title='bbox 550 1701 873 1757; x_wconf 76' lang='lat' dir='ltr'><strong>abdicavere</strong></span> <span class='ocrx_word' id='word_1_231' title='bbox 896 1698 1200 1764; x_wconf 89' lang='lat' dir='ltr'><strong>sententia;</strong></span> <span class='ocrx_word' id='word_1_232' title='bbox 1229 1712 1458 1767; x_wconf 89' lang='lat' dir='ltr'><strong>nosque,</strong></span> <span class='ocrx_word' id='word_1_233' title='bbox 1495 1696 1621 1751; x_wconf 91' lang='lat' dir='ltr'><strong>licet</strong></span> <span class='ocrx_word' id='word_1_234' title='bbox 1653 1705 1705 1750; x_wconf 90' lang='lat' dir='ltr'><strong>et</strong></span> <span class='ocrx_word' id='word_1_235' title='bbox 1737 1695 1897 1763; x_wconf 82' lang='lat' dir='ltr'><strong>alia,e</strong></span> <span class='ocrx_word' id='word_1_236' title='bbox 1918 1706 2098 1750; x_wconf 88' lang='lat' dir='ltr'><strong>tamen</strong></span> <span class='ocrx_word' id='word_1_237' title='bbox 2136 1711 2177 1770; x_wconf 71' lang='grc' dir='ltr'>Β</span> <span class='ocrx_word' id='word_1_238' title='bbox 2207 1693 2357 1748; x_wconf 89' lang='lat' dir='ltr'><strong>dere.</strong></span> <span class='ocrx_word' id='word_1_239' title='bbox 2386 1691 2523 1747; x_wconf 86' lang='lat' dir='ltr'><strong>Nam</strong></span> <span class='ocrx_word' id='word_1_240' title='bbox 2569 1690 2839 1762; x_wconf 86' lang='lat' dir='ltr'><strong>plerique,</strong></span> <span class='ocrx_word' id='word_1_241' title='bbox 2870 1704 3103 1761; x_wconf 87' lang='lat' dir='ltr'><strong>quorum</strong></span> <span class='ocrx_word' id='word_1_242' title='bbox 3133 1687 3202 1745; x_wconf 89' lang='lat' dir='ltr'><strong>de</strong></span> <span class='ocrx_word' id='word_1_243' title='bbox 3248 1703 3308 1743; x_wconf 87' lang='lat' dir='ltr'><strong>se</strong></span> <span class='ocrx_word' id='word_1_244' title='bbox 3334 1686 3526 1747; x_wconf 63' lang='lat' dir='ltr'><strong>bonatt&#39;</strong></span> <span class='ocrx_word' id='word_1_245' title='bbox 3596 1683 3816 1745; x_wconf 78' lang='lat' dir='ltr'><strong>confes-</strong></span> 
     </span>
    </p>
   </div>
   <div class='ocr_carea' id='block_1_33' title="bbox 499 1786 2097 1863">
    <p class='ocr_par' dir='ltr' id='par_1_33' title="bbox 499 1786 2097 1863">
     <span class='ocr_line' id='line_1_33' title="bbox 499 1786 2097 1863; baseline -0.006 -13"><span class='ocrx_word' id='word_1_246' title='bbox 499 1808 690 1850; x_wconf 90' lang='lat' dir='ltr'><strong>eorum</strong></span> <span class='ocrx_word' id='word_1_247' title='bbox 722 1793 791 1847; x_wconf 90' lang='lat' dir='ltr'><strong>de</strong></span> <span class='ocrx_word' id='word_1_248' title='bbox 822 1807 883 1848; x_wconf 89' lang='lat' dir='ltr'><strong>se</strong></span> <span class='ocrx_word' id='word_1_249' title='bbox 912 1791 1308 1863; x_wconf 81' lang='lat' dir='ltr'><strong>paenitudinem</strong></span> <span class='ocrx_word' id='word_1_250' title='bbox 1353 1799 1407 1844; x_wconf 91' lang='lat' dir='ltr'><strong>et</strong></span> <span class='ocrx_word' id='word_1_251' title='bbox 1450 1788 1852 1843; x_wconf 77' lang='lat' dir='ltr'><strong>confessionem</strong></span> <span class='ocrx_word' id='word_1_252' title='bbox 1901 1786 2097 1849; x_wconf 82' lang='lat' dir='ltr'><strong>secuti,</strong></span> 
     </span>
    </p>
   </div>
   <div class='ocr_carea' id='block_1_34' title="bbox 499 1880 2100 1943">
    <p class='ocr_par' dir='ltr' id='par_1_34' title="bbox 499 1880 2100 1943">
     <span class='ocr_line' id='line_1_34' title="bbox 499 1880 2100 1943; baseline -0.006 -1"><span class='ocrx_word' id='word_1_253' title='bbox 499 1884 833 1943; x_wconf 84' lang='lat' dir='ltr'><strong>sacerdotali</strong></span> <span class='ocrx_word' id='word_1_254' title='bbox 862 1900 958 1941; x_wconf 88' lang='lat' dir='ltr'><strong>eos</strong></span> <span class='ocrx_word' id='word_1_255' title='bbox 987 1884 1109 1939; x_wconf 90' lang='lat' dir='ltr'><strong>loco</strong></span> <span class='ocrx_word' id='word_1_256' title='bbox 1139 1890 1197 1940; x_wconf 81' lang='lat' dir='ltr'><strong>et</strong></span> <span class='ocrx_word' id='word_1_257' title='bbox 1225 1881 1372 1937; x_wconf 91' lang='lat' dir='ltr'><strong>omni</strong></span> <span class='ocrx_word' id='word_1_258' title='bbox 1406 1880 1789 1937; x_wconf 89' lang='lat' dir='ltr'><strong>communione</strong></span> <span class='ocrx_word' id='word_1_259' title='bbox 1825 1880 2100 1935; x_wconf 79' lang='lat' dir='ltr'><strong>submovi-</strong></span> 
     </span>
    </p>
   </div>
   <div class='ocr_carea' id='block_1_35' title="bbox 501 1971 2102 2047">
    <p class='ocr_par' dir='ltr' id='par_1_35' title="bbox 501 1971 2102 2047">
     <span class='ocr_line' id='line_1_35' title="bbox 501 1971 2102 2047; baseline -0.006 -12"><span class='ocrx_word' id='word_1_260' title='bbox 501 1993 642 2035; x_wconf 86' lang='lat' dir='ltr'><strong>mus.</strong></span> <span class='ocrx_word' id='word_1_261' title='bbox 684 1977 829 2033; x_wconf 88' lang='lat' dir='ltr'><strong>Satis</strong></span> <span class='ocrx_word' id='word_1_262' title='bbox 869 1986 1053 2047; x_wconf 82' lang='lat' dir='ltr'><strong>urget,</strong></span> <span class='ocrx_word' id='word_1_263' title='bbox 1090 1990 1309 2029; x_wconf 87' lang='lat' dir='ltr'><strong>causam</strong></span> <span class='ocrx_word' id='word_1_264' title='bbox 1343 1989 1373 2029; x_wconf 89' lang='lat' dir='ltr'><strong>a</strong></span> <span class='ocrx_word' id='word_1_265' title='bbox 1407 1972 1608 2027; x_wconf 89' lang='lat' dir='ltr'><strong>talibus</strong></span> <span class='ocrx_word' id='word_1_266' title='bbox 1636 1971 1975 2042; x_wconf 86' lang='lat' dir='ltr'><strong>processisse</strong></span> <span class='ocrx_word' id='word_1_267' title='bbox 2005 1987 2102 2042; x_wconf 89' lang='lat' dir='ltr'><strong>per</strong></span> 
     </span>
    </p>
   </div>
   <div class='ocr_carea' id='block_1_36' title="bbox 499 2064 2101 2136">
    <p class='ocr_par' dir='ltr' id='par_1_36' title="bbox 499 2064 2101 2136">
     <span class='ocr_line' id='line_1_36' title="bbox 499 2064 2101 2136; baseline -0.003 -12"><span class='ocrx_word' id='word_1_268' title='bbox 499 2070 717 2125; x_wconf 90' lang='lat' dir='ltr'><strong>litteras</strong></span> <span class='ocrx_word' id='word_1_269' title='bbox 764 2067 784 2106; x_wconf 66' lang='grc' dir='ltr'><strong>ί</strong></span> <span class='ocrx_word' id='word_1_270' title='bbox 818 2069 870 2122; x_wconf 89' lang='lat' dir='ltr'><strong>in</strong></span> <span class='ocrx_word' id='word_1_271' title='bbox 931 2068 1175 2122; x_wconf 87' lang='lat' dir='ltr'><strong>absentis</strong></span> <span class='ocrx_word' id='word_1_272' title='bbox 1233 2065 1350 2136; x_wconf 90' lang='lat' dir='ltr'><strong>ejus</strong></span> <span class='ocrx_word' id='word_1_273' title='bbox 1401 2064 1840 2135; x_wconf 87' lang='lat' dir='ltr'><strong>accusationem,</strong></span> <span class='ocrx_word' id='word_1_274' title='bbox 1893 2064 1982 2136; x_wconf 90' lang='lat' dir='ltr'><strong>qui</strong></span> <span class='ocrx_word' id='word_1_275' title='bbox 2041 2078 2101 2119; x_wconf 89' lang='lat' dir='ltr'><strong>se</strong></span> 
     </span>
    </p>
   </div>
   <div class='ocr_carea' id='block_1_37' title="bbox 499 2155 2106 2234">
    <p class='ocr_par' dir='ltr' id='par_1_37' title="bbox 499 2155 2106 2234">
     <span class='ocr_line' id='line_1_37' title="bbox 499 2155 2106 2234; baseline -0.006 -16"><span class='ocrx_word' id='word_1_276' title='bbox 499 2176 743 2234; x_wconf 65' lang='lat' dir='ltr'><strong>praesens</strong></span> <span class='ocrx_word' id='word_1_277' title='bbox 794 2167 998 2226; x_wconf 86' lang='lat' dir='ltr'><strong>tuetur,</strong></span> <span class='ocrx_word' id='word_1_278' title='bbox 1048 2159 1139 2228; x_wconf 88' lang='lat' dir='ltr'><strong>qui</strong></span> <span class='ocrx_word' id='word_1_279' title='bbox 1179 2157 1404 2227; x_wconf 79' lang='lat' dir='ltr'><strong>exponit</strong></span> <span class='ocrx_word' id='word_1_280' title='bbox 1442 2155 1644 2225; x_wconf 87' lang='lat' dir='ltr'><strong>fidem,</strong></span> <span class='ocrx_word' id='word_1_281' title='bbox 1699 2155 1794 2227; x_wconf 90' lang='lat' dir='ltr'><strong>qui</strong></span> <span class='ocrx_word' id='word_1_282' title='bbox 1845 2163 2106 2226; x_wconf 83' lang='lat' dir='ltr'><strong>provocat</strong></span> 
     </span>
    </p>
   </div>
   <div class='ocr_carea' id='block_1_38' title="bbox 500 2261 877 2312">
    <p class='ocr_par' dir='ltr' id='par_1_38' title="bbox 500 2261 877 2312">
     <span class='ocr_line' id='line_1_38' title="bbox 500 2261 877 2312; baseline -0.016 0"><span class='ocrx_word' id='word_1_283' title='bbox 500 2261 877 2312; x_wconf 69' lang='lat' dir='ltr'><strong>accusantem.</strong></span> 
     </span>
    </p>
   </div>
   <div class='ocr_carea' id='block_1_39' title="bbox 572 2339 2098 2415">
    <p class='ocr_par' dir='ltr' id='par_1_39' title="bbox 572 2339 2098 2415">
     <span class='ocr_line' id='line_1_39' title="bbox 572 2339 2098 2415; baseline -0.004 -12"><span class='ocrx_word' id='word_1_284' title='bbox 572 2346 627 2403; x_wconf 84' lang='lat'><strong>5.</strong></span> <span class='ocrx_word' id='word_1_285' title='bbox 670 2344 974 2415; x_wconf 82' lang='lat' dir='ltr'><strong>Numquam</strong></span> <span class='ocrx_word' id='word_1_286' title='bbox 1002 2341 1174 2413; x_wconf 83' lang='lat' dir='ltr'><strong>piguit</strong></span> <span class='ocrx_word' id='word_1_287' title='bbox 1196 2342 1248 2396; x_wconf 92' lang='lat' dir='ltr'><strong>in</strong></span> <span class='ocrx_word' id='word_1_288' title='bbox 1273 2341 1470 2396; x_wconf 88' lang='lat' dir='ltr'><strong>melius</strong></span> <span class='ocrx_word' id='word_1_289' title='bbox 1493 2340 1787 2396; x_wconf 85' lang='lat' dir='ltr'><strong>retorsisse</strong></span> <span class='ocrx_word' id='word_1_290' title='bbox 1810 2339 2098 2410; x_wconf 78' lang='lat' dir='ltr'><strong>iudicium.</strong></span> 
     </span>
    </p>
   </div>
   <div class='ocr_carea' id='block_1_40' title="bbox 573 2520 2089 2591">
    <p class='ocr_par' dir='ltr' id='par_1_40' title="bbox 573 2520 2089 2591">
     <span class='ocr_line' id='line_1_40' title="bbox 573 2520 2089 2591; baseline -0.002 -10"><span class='ocrx_word' id='word_1_291' title='bbox 573 2537 601 2567; x_wconf 74' lang='grc' dir='ltr'><strong><em>λ</em></strong></span> <span class='ocrx_word' id='word_1_292' title='bbox 642 2527 869 2588; x_wconf 86' lang='lat' dir='ltr'><strong>Baron.,</strong></span> <span class='ocrx_word' id='word_1_293' title='bbox 900 2522 1025 2577; x_wconf 75' lang='lat' dir='ltr'><strong>Iam</strong></span> <span class='ocrx_word' id='word_1_294' title='bbox 1056 2522 1255 2576; x_wconf 87' lang='lat' dir='ltr'><strong>caduca</strong></span> <span class='ocrx_word' id='word_1_295' title='bbox 1285 2521 1355 2575; x_wconf 86' lang='lat' dir='ltr'><strong>ad</strong></span> <span class='ocrx_word' id='word_1_296' title='bbox 1383 2520 1533 2575; x_wconf 85' lang='lat' dir='ltr'><strong>nulla</strong></span> <span class='ocrx_word' id='word_1_297' title='bbox 1564 2521 1874 2591; x_wconf 79' lang='lat' dir='ltr'><strong>fundamina</strong></span> <span class='ocrx_word' id='word_1_298' title='bbox 1912 2524 2089 2578; x_wconf 88' lang='lat' dir='ltr'><strong>crimi-</strong></span> 
     </span>
    </p>
   </div>
   <div class='ocr_carea' id='block_1_41' title="bbox 504 2594 2096 2670">
    <p class='ocr_par' dir='ltr' id='par_1_41' title="bbox 504 2594 2096 2670">
     <span class='ocr_line' id='line_1_41' title="bbox 504 2594 2096 2670; baseline -0.002 -17"><span class='ocrx_word' id='word_1_299' title='bbox 504 2601 729 2655; x_wconf 87' lang='lat' dir='ltr'><strong>nationis</strong></span> <span class='ocrx_word' id='word_1_300' title='bbox 759 2598 977 2670; x_wconf 71' lang='lat' dir='ltr'><strong>ignotae,</strong></span> <span class='ocrx_word' id='word_1_301' title='bbox 1008 2595 1192 2670; x_wconf 76' lang='lat' dir='ltr'><strong>procul</strong></span> <span class='ocrx_word' id='word_1_302' title='bbox 1231 2594 1387 2648; x_wconf 85' lang='lat' dir='ltr'><strong>dubio</strong></span> <span class='ocrx_word' id='word_1_303' title='bbox 1416 2595 1511 2648; x_wconf 73' lang='lat' dir='ltr'><strong>irte</strong></span> <span class='ocrx_word' id='word_1_304' title='bbox 1536 2594 1636 2670; x_wconf 75' lang='lat' dir='ltr'><strong>fuit</strong></span> <span class='ocrx_word' id='word_1_305' title='bbox 1665 2611 1681 2670; x_wconf 86' lang='lat'><strong>:_</strong></span> <span class='ocrx_word' id='word_1_306' title='bbox 1713 2608 1873 2665; x_wconf 86' lang='lat' dir='ltr'><strong>quem</strong></span> <span class='ocrx_word' id='word_1_307' title='bbox 1916 2596 2096 2670; x_wconf 73' lang='lat' dir='ltr'><strong>locum</strong></span> 
     </span>
    </p>
   </div>
   <div class='ocr_carea' id='block_1_42' title="bbox 507 2665 2096 2730">
    <p class='ocr_par' dir='ltr' id='par_1_42' title="bbox 507 2665 2096 2730">
     <span class='ocr_line' id='line_1_42' title="bbox 507 2665 2096 2730; baseline -0.004 -2"><span class='ocrx_word' id='word_1_308' title='bbox 507 2665 806 2728; x_wconf 77' lang='lat' dir='ltr'><strong>Garnerius</strong></span> <span class='ocrx_word' id='word_1_309' title='bbox 852 2665 1122 2723; x_wconf 80' lang='lat' dir='ltr'><strong>resarcire</strong></span> <span class='ocrx_word' id='word_1_310' title='bbox 1172 2674 1402 2721; x_wconf 83' lang='lat' dir='ltr'><strong>conatus</strong></span> <span class='ocrx_word' id='word_1_311' title='bbox 1452 2672 1538 2719; x_wconf 88' lang='lat' dir='ltr'><strong>est</strong></span> <span class='ocrx_word' id='word_1_312' title='bbox 1586 2665 1636 2718; x_wconf 89' lang='lat' dir='ltr'><strong>in</strong></span> <span class='ocrx_word' id='word_1_313' title='bbox 1672 2666 1815 2723; x_wconf 86' lang='lat' dir='ltr'><strong>hunc</strong></span> <span class='ocrx_word' id='word_1_314' title='bbox 1852 2667 2096 2730; x_wconf 83' lang='lat' dir='ltr'><strong>modum,</strong></span> 
     </span>
    </p>
   </div>
   <div class='ocr_carea' id='block_1_43' title="bbox 508 2735 2098 2807">
    <p class='ocr_par' dir='ltr' id='par_1_43' title="bbox 508 2735 2098 2807">
     <span class='ocr_line' id='line_1_43' title="bbox 508 2735 2098 2807; baseline -0.001 -11"><span class='ocrx_word' id='word_1_315' title='bbox 508 2735 636 2797; x_wconf 76' lang='lat' dir='ltr'><strong>Tam</strong></span> <span class='ocrx_word' id='word_1_316' title='bbox 680 2740 876 2794; x_wconf 84' lang='lat' dir='ltr'><strong>caduca</strong></span> <span class='ocrx_word' id='word_1_317' title='bbox 906 2755 965 2791; x_wconf 86' lang='lat' dir='ltr'><strong>ac</strong></span> <span class='ocrx_word' id='word_1_318' title='bbox 993 2738 1140 2791; x_wconf 85' lang='lat' dir='ltr'><strong>nulla</strong></span> <span class='ocrx_word' id='word_1_319' title='bbox 1185 2737 1494 2807; x_wconf 75' lang='lat' dir='ltr'><strong>fundamina</strong></span> <span class='ocrx_word' id='word_1_320' title='bbox 1539 2752 1657 2790; x_wconf 74' lang='lat' dir='ltr'><strong>cum</strong></span> <span class='ocrx_word' id='word_1_321' title='bbox 1688 2748 1876 2806; x_wconf 86' lang='lat' dir='ltr'><strong>essent,</strong></span> <span class='ocrx_word' id='word_1_322' title='bbox 1908 2740 2098 2804; x_wconf 84' lang='lat' dir='ltr'><strong>procul</strong></span> 
     </span>
    </p>
   </div>
   <div class='ocr_carea' id='block_1_44' title="bbox 506 2807 2094 2879">
    <p class='ocr_par' dir='ltr' id='par_1_44' title="bbox 506 2807 2094 2879">
     <span class='ocr_line' id='line_1_44' title="bbox 506 2807 2094 2879; baseline -0.003 -12"><span class='ocrx_word' id='word_1_323' title='bbox 506 2814 663 2868; x_wconf 84' lang='lat' dir='ltr'><strong>dubio</strong></span> <span class='ocrx_word' id='word_1_324' title='bbox 710 2813 804 2865; x_wconf 65' lang='lat' dir='ltr'><strong>ira:</strong></span> <span class='ocrx_word' id='word_1_325' title='bbox 854 2810 974 2879; x_wconf 76' lang='lat' dir='ltr'><strong>fuit.</strong></span> <span class='ocrx_word' id='word_1_326' title='bbox 1028 2807 1323 2879; x_wconf 85' lang='lat' dir='ltr'><strong>Saniorem</strong></span> <span class='ocrx_word' id='word_1_327' title='bbox 1364 2807 1511 2879; x_wconf 86' lang='lat' dir='ltr'><strong>illum</strong></span> <span class='ocrx_word' id='word_1_328' title='bbox 1544 2807 1910 2879; x_wconf 77' lang='lat' dir='ltr'><strong>exhibemus,</strong></span> <span class='ocrx_word' id='word_1_329' title='bbox 1950 2810 2094 2864; x_wconf 85' lang='lat' dir='ltr'><strong>nulla</strong></span> 
     </span>
    </p>
   </div>
   <div class='ocr_carea' id='block_1_45' title="bbox 505 2877 2095 2950">
    <p class='ocr_par' dir='ltr' id='par_1_45' title="bbox 505 2877 2095 2950">
     <span class='ocr_line' id='line_1_45' title="bbox 505 2877 2095 2950; baseline -0.001 -13"><span class='ocrx_word' id='word_1_330' title='bbox 505 2886 797 2939; x_wconf 87' lang='lat' dir='ltr'><strong>verborum</strong></span> <span class='ocrx_word' id='word_1_331' title='bbox 820 2877 1152 2950; x_wconf 75' lang='lat' dir='ltr'><strong>adjcmione,</strong></span> <span class='ocrx_word' id='word_1_332' title='bbox 1181 2878 1329 2947; x_wconf 89' lang='lat' dir='ltr'><strong>quod</strong></span> <span class='ocrx_word' id='word_1_333' title='bbox 1357 2877 1557 2933; x_wconf 89' lang='lat' dir='ltr'><strong>editori</strong></span> <span class='ocrx_word' id='word_1_334' title='bbox 1585 2880 1675 2932; x_wconf 79' lang='lat' dir='ltr'><strong>vix</strong></span> <span class='ocrx_word' id='word_1_335' title='bbox 1706 2880 1919 2949; x_wconf 59' lang='lat' dir='ltr'><strong>uspiam</strong></span> <span class='ocrx_word' id='word_1_336' title='bbox 1945 2881 2095 2949; x_wconf 84' lang='lat' dir='ltr'><strong>licet,</strong></span> 
     </span>
    </p>
   </div>
   <div class='ocr_carea' id='block_1_46' title="bbox 506 2950 2096 3019">
    <p class='ocr_par' dir='ltr' id='par_1_46' title="bbox 506 2950 2096 3019">
     <span class='ocr_line' id='line_1_46' title="bbox 506 2950 2096 3019; baseline -0.003 -7"><span class='ocrx_word' id='word_1_337' title='bbox 506 2957 602 3013; x_wconf 90' lang='lat' dir='ltr'><strong>sed</strong></span> <span class='ocrx_word' id='word_1_338' title='bbox 648 2963 859 3009; x_wconf 86' lang='lat' dir='ltr'><strong>tantum</strong></span> <span class='ocrx_word' id='word_1_339' title='bbox 893 2952 1281 3017; x_wconf 88' lang='lat' dir='ltr'><strong>litterularum,</strong></span> <span class='ocrx_word' id='word_1_340' title='bbox 1314 2964 1439 3019; x_wconf 71' lang='lat' dir='ltr'><strong>quae</strong></span> <span class='ocrx_word' id='word_1_341' title='bbox 1472 2951 1672 3019; x_wconf 78' lang='lat' dir='ltr'><strong>passim</strong></span> <span class='ocrx_word' id='word_1_342' title='bbox 1710 2950 1762 3004; x_wconf 90' lang='lat' dir='ltr'><strong>iu</strong></span> <span class='ocrx_word' id='word_1_343' title='bbox 1798 2968 1929 3007; x_wconf 82' lang='lat' dir='ltr'><strong>mss.</strong></span> <span class='ocrx_word' id='word_1_344' title='bbox 1975 2951 2096 3008; x_wconf 79' lang='lat' dir='ltr'><strong>aliae</strong></span> 
     </span>
    </p>
   </div>
   <div class='ocr_carea' id='block_1_47' title="bbox 506 3019 2098 3096">
    <p class='ocr_par' dir='ltr' id='par_1_47' title="bbox 506 3019 2098 3096">
     <span class='ocr_line' id='line_1_47' title="bbox 506 3019 2098 3096; baseline -0.002 -15"><span class='ocrx_word' id='word_1_345' title='bbox 506 3042 604 3096; x_wconf 87' lang='lat' dir='ltr'><strong>pro</strong></span> <span class='ocrx_word' id='word_1_346' title='bbox 631 3027 756 3081; x_wconf 88' lang='lat' dir='ltr'><strong>aliis</strong></span> <span class='ocrx_word' id='word_1_347' title='bbox 786 3032 1086 3096; x_wconf 83' lang='lat' dir='ltr'><strong>ponuntur,</strong></span> <span class='ocrx_word' id='word_1_348' title='bbox 1132 3022 1457 3096; x_wconf 82' lang='lat' dir='ltr'><strong>mutatione.</strong></span> <span class='ocrx_word' id='word_1_349' title='bbox 1492 3019 1821 3096; x_wconf 62' lang='lat' dir='ltr'><strong>Nominatitn</strong></span> <span class='ocrx_word' id='word_1_350' title='bbox 1855 3024 1974 3077; x_wconf 73' lang='lat' dir='ltr'><strong>loco</strong></span> <span class='ocrx_word' id='word_1_351' title='bbox 2005 3025 2098 3078; x_wconf 80' lang='lat' dir='ltr'><strong>ira:</strong></span> 
     </span>
    </p>
   </div>
   <div class='ocr_carea' id='block_1_48' title="bbox 506 3092 2096 3166">
    <p class='ocr_par' dir='ltr' id='par_1_48' title="bbox 506 3092 2096 3166">
     <span class='ocr_line' id='line_1_48' title="bbox 506 3092 2096 3166; baseline -0.002 -14"><span class='ocrx_word' id='word_1_352' title='bbox 506 3092 805 3153; x_wconf 75' lang='lat' dir='ltr'><strong>Baroniuni</strong></span> <span class='ocrx_word' id='word_1_353' title='bbox 848 3096 923 3148; x_wconf 89' lang='lat' dir='ltr'><strong>ire</strong></span> <span class='ocrx_word' id='word_1_354' title='bbox 973 3095 1023 3147; x_wconf 90' lang='lat' dir='ltr'><strong>in</strong></span> <span class='ocrx_word' id='word_1_355' title='bbox 1072 3092 1379 3166; x_wconf 78' lang='lat' dir='ltr'><strong>archetypo</strong></span> <span class='ocrx_word' id='word_1_356' title='bbox 1429 3106 1528 3166; x_wconf 74' lang='lat' dir='ltr'><strong>suo</strong></span> <span class='ocrx_word' id='word_1_357' title='bbox 1586 3092 2096 3166; x_wconf 11' lang='lat' dir='ltr'><strong>offendissc‘prope</strong></span> 
     </span>
    </p>
   </div>
   <div class='ocr_carea' id='block_1_49' title="bbox 506 3162 2097 3231">
    <p class='ocr_par' dir='ltr' id='par_1_49' title="bbox 506 3162 2097 3231">
     <span class='ocr_line' id='line_1_49' title="bbox 506 3162 2097 3231; baseline -0.003 -8"><span class='ocrx_word' id='word_1_358' title='bbox 506 3169 732 3223; x_wconf 90' lang='lat' dir='ltr'><strong>dubium</strong></span> <span class='ocrx_word' id='word_1_359' title='bbox 781 3181 890 3221; x_wconf 87' lang='lat' dir='ltr'><strong>non</strong></span> <span class='ocrx_word' id='word_1_360' title='bbox 921 3173 1026 3219; x_wconf 84' lang='lat' dir='ltr'><strong>est.</strong></span> <span class='ocrx_word' id='word_1_361' title='bbox 1057 3164 1232 3230; x_wconf 87' lang='lat' dir='ltr'><strong>Quam</strong></span> <span class='ocrx_word' id='word_1_362' title='bbox 1277 3162 1459 3218; x_wconf 80' lang='lat' dir='ltr'><strong>autem</strong></span> <span class='ocrx_word' id='word_1_363' title='bbox 1494 3162 1753 3231; x_wconf 81' lang='lat' dir='ltr'><strong>frequens</strong></span> <span class='ocrx_word' id='word_1_364' title='bbox 1793 3165 1861 3216; x_wconf 90' lang='lat' dir='ltr'><strong>sit</strong></span> <span class='ocrx_word' id='word_1_365' title='bbox 1896 3162 2097 3220; x_wconf 79' lang='lat' dir='ltr'><strong>litter;e</strong></span> 
     </span>
    </p>
   </div>
   <div class='ocr_carea' id='block_1_50' title="bbox 504 3235 2098 3309">
    <p class='ocr_par' dir='ltr' id='par_1_50' title="bbox 504 3235 2098 3309">
     <span class='ocr_line' id='line_1_50' title="bbox 504 3235 2098 3309; baseline -0.004 -15"><span class='ocrx_word' id='word_1_366' title='bbox 504 3242 646 3309; x_wconf 84' lang='lat' dir='ltr'><strong>ipro</strong></span> <span class='ocrx_word' id='word_1_367' title='bbox 693 3255 720 3294; x_wconf 89' lang='lat' dir='ltr'><strong>e</strong></span> <span class='ocrx_word' id='word_1_368' title='bbox 760 3238 811 3292; x_wconf 89' lang='lat' dir='ltr'><strong>in</strong></span> <span class='ocrx_word' id='word_1_369' title='bbox 858 3251 990 3309; x_wconf 69' lang='lat' dir='ltr'><strong>mss.</strong></span> <span class='ocrx_word' id='word_1_370' title='bbox 1026 3235 1277 3309; x_wconf 75' lang='lat' dir='ltr'><strong>mutatio,</strong></span> <span class='ocrx_word' id='word_1_371' title='bbox 1309 3241 1508 3309; x_wconf 75' lang='lat' dir='ltr'><strong>tiorth</strong></span> <span class='ocrx_word' id='word_1_372' title='bbox 1545 3236 1635 3303; x_wconf 86' lang='lat' dir='ltr'><strong>qui</strong></span> <span class='ocrx_word' id='word_1_373' title='bbox 1696 3250 1791 3309; x_wconf 78' lang='lat' dir='ltr'><strong>eos</strong></span> <span class='ocrx_word' id='word_1_374' title='bbox 1835 3236 2098 3306; x_wconf 73' lang='lat' dir='ltr'><strong>tanti~pcr</strong></span> 
     </span>
    </p>
   </div>
   <div class='ocr_carea' id='block_1_51' title="bbox 507 3303 2098 3378">
    <p class='ocr_par' dir='ltr' id='par_1_51' title="bbox 507 3303 2098 3378">
     <span class='ocr_line' id='line_1_51' title="bbox 507 3303 2098 3378; baseline 0 -15"><span class='ocrx_word' id='word_1_375' title='bbox 507 3303 817 3364; x_wconf 78' lang='lat' dir='ltr'><strong>vérsarunt.</strong></span> <span class='ocrx_word' id='word_1_376' title='bbox 847 3304 1063 3361; x_wconf 87' lang='lat' dir='ltr'><strong>Clarius</strong></span> <span class='ocrx_word' id='word_1_377' title='bbox 1109 3306 1401 3378; x_wconf 77' lang='lat' dir='ltr'><strong>legeretur,</strong></span> <span class='ocrx_word' id='word_1_378' title='bbox 1439 3303 1565 3358; x_wconf 89' lang='lat' dir='ltr'><strong>Tam</strong></span> <span class='ocrx_word' id='word_1_379' title='bbox 1612 3305 1867 3378; x_wconf 76' lang='lat' dir='ltr'><strong>caducum</strong></span> <span class='ocrx_word' id='word_1_380' title='bbox 1893 3303 2098 3378; x_wconf 69' lang='lat' dir='ltr'><strong>tamque</strong></span> 
     </span>
    </p>
   </div>
   <div class='ocr_carea' id='block_1_52' title="bbox 510 3376 2094 3447">
    <p class='ocr_par' dir='ltr' id='par_1_52' title="bbox 510 3376 2094 3447">
     <span class='ocr_line' id='line_1_52' title="bbox 510 3376 2094 3447; baseline -0.002 -11"><span class='ocrx_word' id='word_1_381' title='bbox 510 3379 713 3436; x_wconf 83' lang='lat' dir='ltr'><strong>nullum</strong></span> <span class='ocrx_word' id='word_1_382' title='bbox 740 3393 857 3431; x_wconf 89' lang='lat' dir='ltr'><strong>cum</strong></span> <span class='ocrx_word' id='word_1_383' title='bbox 882 3388 1016 3431; x_wconf 83' lang='lat' dir='ltr'><strong>esset</strong></span> <span class='ocrx_word' id='word_1_384' title='bbox 1045 3376 1426 3447; x_wconf 75' lang='lat' dir='ltr'><strong>criminationis</strong></span> <span class='ocrx_word' id='word_1_385' title='bbox 1452 3379 1644 3447; x_wconf 79' lang='lat' dir='ltr'><strong>ignotw</strong></span> <span class='ocrx_word' id='word_1_386' title='bbox 1677 3376 2094 3447; x_wconf 80' lang='lat' dir='ltr'><strong>fundamentum.</strong></span> 
     </span>
    </p>
   </div>
   <div class='ocr_carea' id='block_1_53' title="bbox 583 3446 2100 3518">
    <p class='ocr_par' dir='ltr' id='par_1_53' title="bbox 583 3446 2100 3518">
     <span class='ocr_line' id='line_1_53' title="bbox 583 3446 2100 3518; baseline 0.001 -14"><span class='ocrx_word' id='word_1_387' title='bbox 583 3451 610 3489; x_wconf 77' lang='grc' dir='ltr'><strong>ιι</strong></span> <span class='ocrx_word' id='word_1_388' title='bbox 649 3449 967 3506; x_wconf 72' lang='lat' dir='ltr'><strong>Ctelestiuut</strong></span> <span class='ocrx_word' id='word_1_389' title='bbox 1001 3447 1212 3501; x_wconf 87' lang='lat' dir='ltr'><strong>scilicet</strong></span> <span class='ocrx_word' id='word_1_390' title='bbox 1252 3462 1316 3501; x_wconf 92' lang='lat' dir='ltr'><strong>ac</strong></span> <span class='ocrx_word' id='word_1_391' title='bbox 1346 3446 1643 3516; x_wconf 81' lang='lat' dir='ltr'><strong>Pelagium.</strong></span> <span class='ocrx_word' id='word_1_392' title='bbox 1673 3446 1937 3502; x_wconf 86' lang='lat' dir='ltr'><strong>adversus</strong></span> <span class='ocrx_word' id='word_1_393' title='bbox 1965 3464 2100 3518; x_wconf 88' lang='lat' dir='ltr'><strong>quos</strong></span> 
     </span>
    </p>
   </div>
   <div class='ocr_carea' id='block_1_54' title="bbox 514 3518 2096 3587">
    <p class='ocr_par' dir='ltr' id='par_1_54' title="bbox 514 3518 2096 3587">
     <span class='ocr_line' id='line_1_54' title="bbox 514 3518 2096 3587; baseline -0.001 -9"><span class='ocrx_word' id='word_1_394' title='bbox 514 3523 750 3579; x_wconf 83' lang='lat' dir='ltr'><strong>Lazarus</strong></span> <span class='ocrx_word' id='word_1_395' title='bbox 779 3530 833 3574; x_wconf 90' lang='lat' dir='ltr'><strong>et</strong></span> <span class='ocrx_word' id='word_1_396' title='bbox 861 3520 1035 3572; x_wconf 79' lang='lat' dir='ltr'><strong>lleros</strong></span> <span class='ocrx_word' id='word_1_397' title='bbox 1080 3518 1318 3581; x_wconf 88' lang='lat' dir='ltr'><strong>litteras,</strong></span> <span class='ocrx_word' id='word_1_398' title='bbox 1351 3532 1447 3573; x_wconf 87' lang='lat' dir='ltr'><strong>seu</strong></span> <span class='ocrx_word' id='word_1_399' title='bbox 1468 3558 1482 3582; x_wconf 95' lang='lat'><strong>,</strong></span> <span class='ocrx_word' id='word_1_400' title='bbox 1536 3527 1593 3571; x_wconf 91' lang='lat' dir='ltr'><strong>ut</strong></span> <span class='ocrx_word' id='word_1_401' title='bbox 1625 3519 1956 3587; x_wconf 69' lang='lat' dir='ltr'><strong>AugnStinns</strong></span> <span class='ocrx_word' id='word_1_402' title='bbox 2001 3522 2096 3576; x_wconf 92' lang='lat' dir='ltr'><strong>lib.</strong></span> 
     </span>
    </p>
   </div>
   <div class='ocr_carea' id='block_1_55' title="bbox 510 3587 2101 3665">
    <p class='ocr_par' dir='ltr' id='par_1_55' title="bbox 510 3587 2101 3665">
     <span class='ocr_line' id='line_1_55' title="bbox 510 3587 2101 3665; baseline -0.007 -15"><span class='ocrx_word' id='word_1_403' title='bbox 510 3594 577 3650; x_wconf 91' lang='lat' dir='ltr'><strong>de</strong></span> <span class='ocrx_word' id='word_1_404' title='bbox 605 3592 772 3665; x_wconf 80' lang='lat' dir='ltr'><strong>gestis</strong></span> <span class='ocrx_word' id='word_1_405' title='bbox 801 3589 1000 3665; x_wconf 73' lang='lat' dir='ltr'><strong>Pelagii</strong></span> <span class='ocrx_word' id='word_1_406' title='bbox 1034 3588 1174 3665; x_wconf 79' lang='lat' dir='ltr'><strong>c._3._</strong></span> <span class='ocrx_word' id='word_1_407' title='bbox 1205 3604 1259 3665; x_wconf 81' lang='lat' dir='ltr'><strong>n.</strong></span> <span class='ocrx_word' id='word_1_408' title='bbox 1298 3587 1395 3665; x_wconf 66' lang='lat' dir='ltr'><strong>to,</strong></span> <span class='ocrx_word' id='word_1_409' title='bbox 1420 3600 1598 3665; x_wconf 81' lang='lat' dir='ltr'><strong>vocat,</strong></span> <span class='ocrx_word' id='word_1_410' title='bbox 1633 3589 1894 3665; x_wconf 70' lang='lat' dir='ltr'><strong>libellmn,</strong></span> <span class='ocrx_word' id='word_1_411' title='bbox 1931 3592 2101 3665; x_wconf 72' lang='lat' dir='ltr'><strong>Eulo-</strong></span> 
     </span>
    </p>
   </div>
   <div class='ocr_carea' id='block_1_56' title="bbox 510 3658 2097 3736">
    <p class='ocr_par' dir='ltr' id='par_1_56' title="bbox 510 3658 2097 3736">
     <span class='ocr_line' id='line_1_56' title="bbox 510 3658 2097 3736; baseline -0.001 -18"><span class='ocrx_word' id='word_1_412' title='bbox 510 3658 963 3736; x_wconf 53' lang='lat' dir='ltr'><strong>gio&#39;Cmsarcens&#39;i</strong></span> <span class='ocrx_word' id='word_1_413' title='bbox 996 3658 1224 3736; x_wconf 76' lang='lat' dir='ltr'><strong>antistiti</strong></span> <span class='ocrx_word' id='word_1_414' title='bbox 1259 3660 1621 3736; x_wconf 75' lang='lat' dir='ltr'><strong>tradiderunt.</strong></span> <span class='ocrx_word' id='word_1_415' title='bbox 1663 3658 1829 3736; x_wconf 65' lang='lat' dir='ltr'><strong>Cujus</strong></span> <span class='ocrx_word' id='word_1_416' title='bbox 1857 3663 2097 3732; x_wconf 79' lang='lat' dir='ltr'><strong>episcopi</strong></span> 
     </span>
    </p>
   </div>
   <div class='ocr_carea' id='block_1_57' title="bbox 510 3730 2095 3805">
    <p class='ocr_par' dir='ltr' id='par_1_57' title="bbox 510 3730 2095 3805">
     <span class='ocr_line' id='line_1_57' title="bbox 510 3730 2095 3805; baseline -0.006 -18"><span class='ocrx_word' id='word_1_417' title='bbox 510 3730 838 3790; x_wconf 68' lang='lat' dir='ltr'><strong>auctoritate</strong></span> <span class='ocrx_word' id='word_1_418' title='bbox 862 3730 1059 3805; x_wconf 75' lang='lat' dir='ltr'><strong>deinde</strong></span> <span class='ocrx_word' id='word_1_419' title='bbox 1086 3738 1414 3802; x_wconf 82' lang='lat' dir='ltr'><strong>congregata</strong></span> <span class='ocrx_word' id='word_1_420' title='bbox 1438 3731 1678 3805; x_wconf 68' lang='lat' dir='ltr'><strong>synodus</strong></span> <span class='ocrx_word' id='word_1_421' title='bbox 1702 3730 2095 3805; x_wconf 64' lang='grc' dir='ltr'>Βιωδρτὶιιιτιηέι,</span> 
     </span>
    </p>
   </div>
   <div class='ocr_carea' id='block_1_58' title="bbox 510 3802 2098 3873">
    <p class='ocr_par' dir='ltr' id='par_1_58' title="bbox 510 3802 2098 3873">
     <span class='ocr_line' id='line_1_58' title="bbox 510 3802 2098 3873; baseline -0.001 -11"><span class='ocrx_word' id='word_1_422' title='bbox 510 3808 597 3862; x_wconf 88' lang='lat' dir='ltr'><strong>cui</strong></span> <span class='ocrx_word' id='word_1_423' title='bbox 631 3806 867 3860; x_wconf 86' lang='lat' dir='ltr'><strong>Lazarus</strong></span> <span class='ocrx_word' id='word_1_424' title='bbox 896 3810 951 3857; x_wconf 90' lang='lat' dir='ltr'><strong>et</strong></span> <span class='ocrx_word' id='word_1_425' title='bbox 981 3802 1180 3868; x_wconf 78' lang='lat' dir='ltr'><strong>ileros,</strong></span> <span class='ocrx_word' id='word_1_426' title='bbox 1213 3807 1289 3857; x_wconf 90' lang='lat' dir='ltr'><strong>uti</strong></span> <span class='ocrx_word' id='word_1_427' title='bbox 1338 3804 1672 3873; x_wconf 80' lang='lat' dir='ltr'><strong>Augustinus</strong></span> <span class='ocrx_word' id='word_1_428' title='bbox 1705 3804 1834 3858; x_wconf 85' lang='lat' dir='ltr'><strong>ibid.</strong></span> <span class='ocrx_word' id='word_1_429' title='bbox 1868 3820 1917 3858; x_wconf 93' lang='lat' dir='ltr'><strong>c.</strong></span> <span class='ocrx_word' id='word_1_430' title='bbox 1960 3806 2007 3870; x_wconf 82' lang='lat' dir='ltr'><strong>l,</strong></span> <span class='ocrx_word' id='word_1_431' title='bbox 2042 3802 2098 3860; x_wconf 78' lang='grc' dir='ltr'><strong>ιι.</strong></span> 
     </span>
    </p>
   </div>
   <div class='ocr_carea' id='block_1_59' title="bbox 507 3874 2100 3946">
    <p class='ocr_par' dir='ltr' id='par_1_59' title="bbox 507 3874 2100 3946">
     <span class='ocr_line' id='line_1_59' title="bbox 507 3874 2100 3946; baseline -0.001 -13"><span class='ocrx_word' id='word_1_432' title='bbox 507 3878 564 3945; x_wconf 73' lang='grc'>2,</span> <span class='ocrx_word' id='word_1_433' title='bbox 599 3876 759 3932; x_wconf 86' lang='lat' dir='ltr'><strong>fidem</strong></span> <span class='ocrx_word' id='word_1_434' title='bbox 794 3874 945 3941; x_wconf 82' lang='lat' dir='ltr'><strong>facit,</strong></span> <span class='ocrx_word' id='word_1_435' title='bbox 977 3884 1187 3946; x_wconf 87' lang='lat' dir='ltr'><strong>propter</strong></span> <span class='ocrx_word' id='word_1_436' title='bbox 1235 3890 1439 3944; x_wconf 75' lang='lat' dir='ltr'><strong>gravem</strong></span> <span class='ocrx_word' id='word_1_437' title='bbox 1480 3875 1635 3928; x_wconf 86' lang='lat' dir='ltr'><strong>unius</strong></span> <span class='ocrx_word' id='word_1_438' title='bbox 1683 3892 1859 3946; x_wconf 83' lang='lat' dir='ltr'><strong>eorum</strong></span> <span class='ocrx_word' id='word_1_439' title='bbox 1891 3878 2100 3946; x_wconf 74' lang='lat' dir='ltr'><strong>(egritu—</strong></span> 
     </span>
    </p>
   </div>
   <div class='ocr_carea' id='block_1_60' title="bbox 510 3945 2098 4012">
    <p class='ocr_par' dir='ltr' id='par_1_60' title="bbox 510 3945 2098 4012">
     <span class='ocr_line' id='line_1_60' title="bbox 510 3945 2098 4012; baseline 0.001 -10"><span class='ocrx_word' id='word_1_440' title='bbox 510 3948 681 4003; x_wconf 80' lang='lat' dir='ltr'><strong>diuem</strong></span> <span class='ocrx_word' id='word_1_441' title='bbox 727 3950 997 4002; x_wconf 88' lang='lat' dir='ltr'><strong>interesse</strong></span> <span class='ocrx_word' id='word_1_442' title='bbox 1044 3945 1270 4000; x_wconf 84' lang='lat' dir='ltr'><strong>minime</strong></span> <span class='ocrx_word' id='word_1_443' title='bbox 1300 3956 1611 4012; x_wconf 89' lang='lat' dir='ltr'><strong>potuerunt.</strong></span> <span class='ocrx_word' id='word_1_444' title='bbox 1656 3945 1888 4001; x_wconf 85' lang='lat' dir='ltr'><strong>Easdem</strong></span> <span class='ocrx_word' id='word_1_445' title='bbox 1918 3945 2098 4004; x_wconf 85' lang='lat' dir='ltr'><strong>autem</strong></span> 
     </span>
    </p>
   </div>
   <div class='ocr_carea' id='block_1_61' title="bbox 510 4014 2102 4087">
    <p class='ocr_par' dir='ltr' id='par_1_61' title="bbox 510 4014 2102 4087">
     <span class='ocr_line' id='line_1_61' title="bbox 510 4014 2102 4087; baseline 0 -13"><span class='ocrx_word' id='word_1_446' title='bbox 510 4021 723 4074; x_wconf 86' lang='lat' dir='ltr'><strong>litteras</strong></span> <span class='ocrx_word' id='word_1_447' title='bbox 746 4017 873 4072; x_wconf 85' lang='lat' dir='ltr'><strong>inde</strong></span> <span class='ocrx_word' id='word_1_448' title='bbox 896 4018 957 4087; x_wconf 84' lang='lat' dir='ltr'><strong>in</strong></span> <span class='ocrx_word' id='word_1_449' title='bbox 974 4014 1211 4087; x_wconf 82' lang='lat' dir='ltr'><strong>Africam</strong></span> <span class='ocrx_word' id='word_1_450' title='bbox 1234 4016 1304 4068; x_wconf 87' lang='lat' dir='ltr'><strong>ab</strong></span> <span class='ocrx_word' id='word_1_451' title='bbox 1328 4016 1526 4071; x_wconf 83' lang='lat' dir='ltr'><strong>Orosio</strong></span> <span class='ocrx_word' id='word_1_452' title='bbox 1549 4018 1868 4087; x_wconf 84' lang='lat' dir='ltr'><strong>presbytero</strong></span> <span class='ocrx_word' id='word_1_453' title='bbox 1891 4018 2102 4074; x_wconf 86' lang='lat' dir='ltr'><strong>delatas</strong></span> 
     </span>
    </p>
   </div>
   <div class='ocr_carea' id='block_1_62' title="bbox 512 4086 2103 4160">
    <p class='ocr_par' dir='ltr' id='par_1_62' title="bbox 512 4086 2103 4160">
     <span class='ocr_line' id='line_1_62' title="bbox 512 4086 2103 4160; baseline 0.002 -18"><span class='ocrx_word' id='word_1_454' title='bbox 512 4086 1161 4160; x_wconf 10' lang='lat' dir='ltr'><strong>fuissefCarthaginensis</strong></span> <span class='ocrx_word' id='word_1_455' title='bbox 1208 4088 1428 4142; x_wconf 84' lang='lat' dir='ltr'><strong>c0ncilii</strong></span> <span class='ocrx_word' id='word_1_456' title='bbox 1457 4087 1522 4141; x_wconf 87' lang='lat' dir='ltr'><strong>ad</strong></span> <span class='ocrx_word' id='word_1_457' title='bbox 1561 4086 1941 4143; x_wconf 62' lang='lat' dir='ltr'><strong>[innocentium</strong></span> <span class='ocrx_word' id='word_1_458' title='bbox 1988 4092 2103 4160; x_wconf 88' lang='lat' dir='ltr'><strong>cpi-</strong></span> 
     </span>
    </p>
   </div>
   <div class='ocr_carea' id='block_1_63' title="bbox 514 4157 1311 4223">
    <p class='ocr_par' dir='ltr' id='par_1_63' title="bbox 514 4157 1311 4223">
     <span class='ocr_line' id='line_1_63' title="bbox 514 4157 1311 4223; baseline -0.005 -9"><span class='ocrx_word' id='word_1_459' title='bbox 514 4162 650 4215; x_wconf 81' lang='lat' dir='ltr'><strong>stola</strong></span> <span class='ocrx_word' id='word_1_460' title='bbox 682 4158 780 4223; x_wconf 78' lang='lat'><strong>‘26,</strong></span> <span class='ocrx_word' id='word_1_461' title='bbox 826 4174 880 4211; x_wconf 88' lang='grc' dir='ltr'>ιι.</span> <span class='ocrx_word' id='word_1_462' title='bbox 918 4159 967 4221; x_wconf 80' lang='grc'>1,</span> <span class='ocrx_word' id='word_1_463' title='bbox 1007 4170 1105 4210; x_wconf 87' lang='lat' dir='ltr'><strong>nos</strong></span> <span class='ocrx_word' id='word_1_464' title='bbox 1132 4157 1311 4212; x_wconf 89' lang='lat' dir='ltr'><strong>docet.</strong></span> 
     </span>
    </p>
   </div>
   <div class='ocr_carea' id='block_1_64' title="bbox 587 4227 2099 4298">
    <p class='ocr_par' dir='ltr' id='par_1_64' title="bbox 587 4227 2099 4298">
     <span class='ocr_line' id='line_1_64' title="bbox 587 4227 2099 4298; baseline 0.005 -17"><span class='ocrx_word' id='word_1_465' title='bbox 587 4241 610 4270; x_wconf 84' lang='lat' dir='ltr'><strong>c</strong></span> <span class='ocrx_word' id='word_1_466' title='bbox 656 4230 890 4285; x_wconf 84' lang='lat' dir='ltr'><strong>Verbum</strong></span> <span class='ocrx_word' id='word_1_467' title='bbox 937 4236 1098 4289; x_wconf 78' lang='lat' dir='ltr'><strong>esset,</strong></span> <span class='ocrx_word' id='word_1_468' title='bbox 1150 4228 1293 4298; x_wconf 86' lang='lat' dir='ltr'><strong>quod</strong></span> <span class='ocrx_word' id='word_1_469' title='bbox 1325 4227 1490 4283; x_wconf 87' lang='lat' dir='ltr'><strong>Garn.</strong></span> <span class='ocrx_word' id='word_1_470' title='bbox 1546 4228 1785 4297; x_wconf 87' lang='lat' dir='ltr'><strong>addidit,</strong></span> <span class='ocrx_word' id='word_1_471' title='bbox 1840 4233 1926 4286; x_wconf 83' lang='lat' dir='ltr'><strong>vel</strong></span> <span class='ocrx_word' id='word_1_472' title='bbox 1956 4233 2099 4289; x_wconf 85' lang='lat' dir='ltr'><strong>aliud</strong></span> 
     </span>
    </p>
   </div>
   <div class='ocr_carea' id='block_1_65' title="bbox 512 4298 1723 4369">
    <p class='ocr_par' dir='ltr' id='par_1_65' title="bbox 512 4298 1723 4369">
     <span class='ocr_line' id='line_1_65' title="bbox 512 4298 1723 4369; baseline -0.004 -11"><span class='ocrx_word' id='word_1_473' title='bbox 512 4301 715 4367; x_wconf 82' lang='lat' dir='ltr'><strong>simile,</strong></span> <span class='ocrx_word' id='word_1_474' title='bbox 748 4311 875 4365; x_wconf 82' lang='lat' dir='ltr'><strong>puta</strong></span> <span class='ocrx_word' id='word_1_475' title='bbox 908 4300 1190 4360; x_wconf 80' lang='lat' dir='ltr'><strong>videretur,</strong></span> <span class='ocrx_word' id='word_1_476' title='bbox 1223 4298 1310 4353; x_wconf 87' lang='lat' dir='ltr'><strong>hic</strong></span> <span class='ocrx_word' id='word_1_477' title='bbox 1341 4300 1723 4369; x_wconf 75' lang='lat' dir='ltr'><strong>supplendum.</strong></span> 
     </span>
    </p>
   </div>
   <div class='ocr_carea' id='block_1_66' title="bbox 580 4369 2102 4440">
    <p class='ocr_par' dir='ltr' id='par_1_66' title="bbox 580 4369 2102 4440">
     <span class='ocr_line' id='line_1_66' title="bbox 580 4369 2102 4440; baseline 0.003 -15"><span class='ocrx_word' id='word_1_478' title='bbox 580 4370 609 4409; x_wconf 74' lang='grc' dir='ltr'>ά</span> <span class='ocrx_word' id='word_1_479' title='bbox 646 4372 719 4427; x_wconf 90' lang='lat' dir='ltr'><strong>De</strong></span> <span class='ocrx_word' id='word_1_480' title='bbox 742 4369 1304 4440; x_wconf 9' lang='lat' dir='ltr'><strong>Herolegianrosperi</strong></span> <span class='ocrx_word' id='word_1_481' title='bbox 1334 4369 1609 4425; x_wconf 84' lang='lat' dir='ltr'><strong>Chronico</strong></span> <span class='ocrx_word' id='word_1_482' title='bbox 1633 4371 1861 4440; x_wconf 78' lang='lat' dir='ltr'><strong>legimus</strong></span> <span class='ocrx_word' id='word_1_483' title='bbox 1890 4391 1902 4425; x_wconf 90' lang='lat'><strong>:</strong></span> <span class='ocrx_word' id='word_1_484' title='bbox 1936 4373 2102 4430; x_wconf 86' lang='lat' dir='ltr'><strong>fleros</strong></span> 
     </span>
    </p>
   </div>
   <div class='ocr_carea' id='block_1_67' title="bbox 509 4438 2102 4511">
    <p class='ocr_par' dir='ltr' id='par_1_67' title="bbox 509 4438 2102 4511">
     <span class='ocr_line' id='line_1_67' title="bbox 509 4438 2102 4511; baseline 0.001 -13"><span class='ocrx_word' id='word_1_485' title='bbox 509 4445 585 4499; x_wconf 78' lang='lat' dir='ltr'><strong>vir</strong></span> <span class='ocrx_word' id='word_1_486' title='bbox 629 4454 875 4509; x_wconf 65' lang='lat' dir='ltr'><strong>sanctus,</strong></span> <span class='ocrx_word' id='word_1_487' title='bbox 924 4438 990 4493; x_wconf 91' lang='grc' dir='ltr'><strong>Β.</strong></span> <span class='ocrx_word' id='word_1_488' title='bbox 1027 4438 1245 4494; x_wconf 82' lang='lat' dir='ltr'><strong>Martini</strong></span> <span class='ocrx_word' id='word_1_489' title='bbox 1287 4441 1614 4511; x_wconf 74' lang='lat' dir='ltr'><strong>discipulus,</strong></span> <span class='ocrx_word' id='word_1_490' title='bbox 1657 4438 1771 4496; x_wconf 81' lang='lat' dir='ltr'><strong>cum</strong></span> <span class='ocrx_word' id='word_1_491' title='bbox 1816 4445 2102 4500; x_wconf 73' lang='lat' dir='ltr'><strong>Arelatensi</strong></span> 
     </span>
    </p>
   </div>
   <div class='ocr_carea' id='block_1_68' title="bbox 509 4512 2101 4588">
    <p class='ocr_par' dir='ltr' id='par_1_68' title="bbox 509 4512 2101 4588">
     <span class='ocr_line' id='line_1_68' title="bbox 509 4512 2101 4588; baseline 0 -18"><span class='ocrx_word' id='word_1_492' title='bbox 509 4515 705 4588; x_wconf 79' lang='lat' dir='ltr'><strong>Oppido</strong></span> <span class='ocrx_word' id='word_1_493' title='bbox 742 4515 1013 4588; x_wconf 78' lang='lat' dir='ltr'><strong>cpiscopus</strong></span> <span class='ocrx_word' id='word_1_494' title='bbox 1038 4512 1431 4588; x_wconf 71' lang='lat' dir='ltr'><strong>prtesi_tleret,_a</strong></span> <span class='ocrx_word' id='word_1_495' title='bbox 1464 4514 1654 4585; x_wconf 85' lang='lat' dir='ltr'><strong>papula</strong></span> <span class='ocrx_word' id='word_1_496' title='bbox 1677 4515 2101 4588; x_wconf 27' lang='lat' dir='ltr'><strong>ipsius‘civitatis</strong></span> 
     </span>
    </p>
   </div>
   <div class='ocr_carea' id='block_1_69' title="bbox 508 4584 2094 4654">
    <p class='ocr_par' dir='ltr' id='par_1_69' title="bbox 508 4584 2094 4654">
     <span class='ocr_line' id='line_1_69' title="bbox 508 4584 2094 4654; baseline 0.001 -13"><span class='ocrx_word' id='word_1_497' title='bbox 508 4584 687 4641; x_wconf 77' lang='lat' dir='ltr'><strong>insons</strong></span> <span class='ocrx_word' id='word_1_498' title='bbox 715 4595 762 4639; x_wconf 89' lang='lat' dir='ltr'><strong>et</strong></span> <span class='ocrx_word' id='word_1_499' title='bbox 794 4585 955 4637; x_wconf 86' lang='lat' dir='ltr'><strong>nullis</strong></span> <span class='ocrx_word' id='word_1_500' title='bbox 987 4584 1469 4637; x_wconf 75' lang='lat' dir='ltr'><strong>insimulationibus</strong></span> <span class='ocrx_word' id='word_1_501' title='bbox 1501 4584 1750 4639; x_wconf 60' lang='lat' dir='ltr'><strong>obnoxius</strong></span> <span class='ocrx_word' id='word_1_502' title='bbox 1782 4585 1964 4654; x_wconf 78' lang='lat' dir='ltr'><strong>pulsus</strong></span> <span class='ocrx_word' id='word_1_503' title='bbox 2000 4598 2094 4642; x_wconf 88' lang='lat' dir='ltr'><strong>est.</strong></span> 
     </span>
    </p>
   </div>
   <div class='ocr_carea' id='block_1_70' title="bbox 510 4655 2099 4728">
    <p class='ocr_par' dir='ltr' id='par_1_70' title="bbox 510 4655 2099 4728">
     <span class='ocr_line' id='line_1_70' title="bbox 510 4655 2099 4728; baseline -0.001 -12"><span class='ocrx_word' id='word_1_504' title='bbox 510 4658 618 4715; x_wconf 84' lang='lat' dir='ltr'><strong>Sed</strong></span> <span class='ocrx_word' id='word_1_505' title='bbox 653 4657 779 4712; x_wconf 89' lang='lat' dir='ltr'><strong>huic</strong></span> <span class='ocrx_word' id='word_1_506' title='bbox 803 4655 985 4724; x_wconf 90' lang='lat' dir='ltr'><strong>populi</strong></span> <span class='ocrx_word' id='word_1_507' title='bbox 1011 4655 1291 4710; x_wconf 66' lang='lat' dir='ltr'><strong>violentiae</strong></span> <span class='ocrx_word' id='word_1_508' title='bbox 1322 4655 1462 4710; x_wconf 90' lang='lat' dir='ltr'><strong>forte</strong></span> <span class='ocrx_word' id='word_1_509' title='bbox 1489 4657 1648 4710; x_wconf 84' lang='lat' dir='ltr'><strong>etiam</strong></span> <span class='ocrx_word' id='word_1_510' title='bbox 1679 4658 1899 4726; x_wconf 83' lang='lat' dir='ltr'><strong>propria</strong></span> <span class='ocrx_word' id='word_1_511' title='bbox 1933 4660 2099 4728; x_wconf 79' lang='lat' dir='ltr'><strong>ipsius</strong></span> 
     </span>
    </p>
   </div>
   <div class='ocr_carea' id='block_1_71' title="bbox 508 4727 1058 4786">
    <p class='ocr_par' dir='ltr' id='par_1_71' title="bbox 508 4727 1058 4786">
     <span class='ocr_line' id='line_1_71' title="bbox 508 4727 1058 4786; baseline -0.013 0"><span class='ocrx_word' id='word_1_512' title='bbox 508 4730 775 4786; x_wconf 88' lang='lat' dir='ltr'><strong>sententia</strong></span> <span class='ocrx_word' id='word_1_513' title='bbox 809 4727 1058 4782; x_wconf 87' lang='lat' dir='ltr'><strong>accessit.</strong></span> 
     </span>
    </p>
   </div>
   <div class='ocr_carea' id='block_1_72' title="bbox 584 4799 2095 4868">
    <p class='ocr_par' dir='ltr' id='par_1_72' title="bbox 584 4799 2095 4868">
     <span class='ocr_line' id='line_1_72' title="bbox 584 4799 2095 4868; baseline 0.001 -13"><span class='ocrx_word' id='word_1_514' title='bbox 584 4812 608 4838; x_wconf 75' lang='grc' dir='ltr'><strong><em>ο</em></strong></span> <span class='ocrx_word' id='word_1_515' title='bbox 648 4800 877 4863; x_wconf 87' lang='lat' dir='ltr'><strong>Baron.,</strong></span> <span class='ocrx_word' id='word_1_516' title='bbox 912 4808 1019 4850; x_wconf 85' lang='lat' dir='ltr'><strong>tum</strong></span> <span class='ocrx_word' id='word_1_517' title='bbox 1047 4814 1262 4863; x_wconf 87' lang='lat' dir='ltr'><strong>eorum;</strong></span> <span class='ocrx_word' id='word_1_518' title='bbox 1294 4813 1356 4852; x_wconf 89' lang='lat' dir='ltr'><strong>ac</strong></span> <span class='ocrx_word' id='word_1_519' title='bbox 1385 4799 1581 4853; x_wconf 88' lang='lat' dir='ltr'><strong>deinde</strong></span> <span class='ocrx_word' id='word_1_520' title='bbox 1612 4814 1732 4854; x_wconf 90' lang='lat' dir='ltr'><strong>cum</strong></span> <span class='ocrx_word' id='word_1_521' title='bbox 1763 4800 1923 4854; x_wconf 83' lang='lat' dir='ltr'><strong>editis</strong></span> <span class='ocrx_word' id='word_1_522' title='bbox 1951 4801 2095 4868; x_wconf 89' lang='lat' dir='ltr'><strong>aliis,</strong></span> 
     </span>
    </p>
   </div>
   <div class='ocr_carea' id='block_1_73' title="bbox 511 4868 2096 4942">
    <p class='ocr_par' dir='ltr' id='par_1_73' title="bbox 511 4868 2096 4942">
     <span class='ocr_line' id='line_1_73' title="bbox 511 4868 2096 4942; baseline 0.001 -18"><span class='ocrx_word' id='word_1_523' title='bbox 511 4871 574 4924; x_wconf 87' lang='lat' dir='ltr'><strong>de</strong></span> <span class='ocrx_word' id='word_1_524' title='bbox 617 4886 669 4925; x_wconf 88' lang='lat' dir='ltr'><strong>se</strong></span> <span class='ocrx_word' id='word_1_525' title='bbox 715 4868 1091 4942; x_wconf 67' lang='lat' dir='ltr'><strong>paenitudinem</strong></span> <span class='ocrx_word' id='word_1_526' title='bbox 1136 4871 1315 4936; x_wconf 81' lang='lat' dir='ltr'><strong>secuti,</strong></span> <span class='ocrx_word' id='word_1_527' title='bbox 1367 4873 1573 4924; x_wconf 86' lang='lat' dir='ltr'><strong>omisso</strong></span> <span class='ocrx_word' id='word_1_528' title='bbox 1603 4881 1650 4924; x_wconf 84' lang='lat' dir='ltr'><strong>et</strong></span> <span class='ocrx_word' id='word_1_529' title='bbox 1691 4872 2096 4942; x_wconf 78' lang='lat' dir='ltr'><strong>confessionem,</strong></span> 
     </span>
    </p>
   </div>
   <div class='ocr_carea' id='block_1_74' title="bbox 510 4941 1439 5012">
    <p class='ocr_par' dir='ltr' id='par_1_74' title="bbox 510 4941 1439 5012">
     <span class='ocr_line' id='line_1_74' title="bbox 510 4941 1439 5012; baseline -0.002 -18"><span class='ocrx_word' id='word_1_530' title='bbox 510 4942 653 5012; x_wconf 84' lang='lat' dir='ltr'><strong>quod</strong></span> <span class='ocrx_word' id='word_1_531' title='bbox 682 4958 751 4994; x_wconf 80' lang='lat' dir='ltr'><strong>ex</strong></span> <span class='ocrx_word' id='word_1_532' title='bbox 779 4957 882 4995; x_wconf 88' lang='lat' dir='ltr'><strong>ms.</strong></span> <span class='ocrx_word' id='word_1_533' title='bbox 921 4941 1095 4993; x_wconf 82' lang='lat' dir='ltr'><strong>Vatic.</strong></span> <span class='ocrx_word' id='word_1_534' title='bbox 1133 4948 1439 4994; x_wconf 84' lang='lat' dir='ltr'><strong>revocatur.</strong></span> 
     </span>
    </p>
   </div>
   <div class='ocr_carea' id='block_1_75' title="bbox 585 5012 2094 5081">
    <p class='ocr_par' dir='ltr' id='par_1_75' title="bbox 585 5012 2094 5081">
     <span class='ocr_line' id='line_1_75' title="bbox 585 5012 2094 5081; baseline 0.002 -16"><span class='ocrx_word' id='word_1_535' title='bbox 585 5012 603 5050; x_wconf 71' lang='grc' dir='ltr'><em>τ</em></span> <span class='ocrx_word' id='word_1_536' title='bbox 650 5013 800 5081; x_wconf 80' lang='lat' dir='ltr'><strong>Apud</strong></span> <span class='ocrx_word' id='word_1_537' title='bbox 851 5012 1107 5077; x_wconf 55' lang='lat' dir='ltr'><strong>Carnem,</strong></span> <span class='ocrx_word' id='word_1_538' title='bbox 1144 5027 1233 5081; x_wconf 82' lang='lat' dir='ltr'><strong>per</strong></span> <span class='ocrx_word' id='word_1_539' title='bbox 1264 5013 1462 5066; x_wconf 80' lang='lat' dir='ltr'><strong>litteras</strong></span> <span class='ocrx_word' id='word_1_540' title='bbox 1508 5023 1552 5065; x_wconf 85' lang='lat' dir='ltr'><strong>et</strong></span> <span class='ocrx_word' id='word_1_541' title='bbox 1603 5014 1857 5068; x_wconf 77' lang='lat' dir='ltr'><strong>absen’es.</strong></span> <span class='ocrx_word' id='word_1_542' title='bbox 1895 5014 2094 5069; x_wconf 61' lang='lat' dir='ltr'><strong>Biron.</strong></span> 
     </span>
    </p>
   </div>
   <div class='ocr_carea' id='block_1_76' title="bbox 510 5081 2099 5150">
    <p class='ocr_par' dir='ltr' id='par_1_76' title="bbox 510 5081 2099 5150">
     <span class='ocr_line' id='line_1_76' title="bbox 510 5081 2099 5150; baseline 0.003 -14"><span class='ocrx_word' id='word_1_543' title='bbox 510 5093 566 5138; x_wconf 89' lang='grc' dir='ltr'><strong>ιιι</strong></span> <span class='ocrx_word' id='word_1_544' title='bbox 597 5083 649 5138; x_wconf 86' lang='lat' dir='ltr'><strong>in</strong></span> <span class='ocrx_word' id='word_1_545' title='bbox 681 5097 809 5150; x_wconf 87' lang='lat' dir='ltr'><strong>ms.,</strong></span> <span class='ocrx_word' id='word_1_546' title='bbox 841 5098 929 5149; x_wconf 78' lang='lat' dir='ltr'><strong>per</strong></span> <span class='ocrx_word' id='word_1_547' title='bbox 960 5081 1164 5134; x_wconf 65' lang='lat' dir='ltr'><strong>litteras</strong></span> <span class='ocrx_word' id='word_1_548' title='bbox 1187 5084 1238 5135; x_wconf 86' lang='lat' dir='ltr'><strong>in</strong></span> <span class='ocrx_word' id='word_1_549' title='bbox 1264 5082 1514 5137; x_wconf 79' lang='lat' dir='ltr'><strong>absentes.</strong></span> <span class='ocrx_word' id='word_1_550' title='bbox 1544 5085 1820 5139; x_wconf 61' lang='lat' dir='ltr'><strong>Orationis</strong></span> <span class='ocrx_word' id='word_1_551' title='bbox 1849 5096 1899 5140; x_wconf 82' lang='lat' dir='ltr'><strong>et</strong></span> <span class='ocrx_word' id='word_1_552' title='bbox 1930 5086 2099 5140; x_wconf 60' lang='lat' dir='ltr'><strong>histo-</strong></span> 
     </span>
    </p>
   </div>
   <div class='ocr_carea' id='block_1_77' title="bbox 508 5153 2100 5225">
    <p class='ocr_par' dir='ltr' id='par_1_77' title="bbox 508 5153 2100 5225">
     <span class='ocr_line' id='line_1_77' title="bbox 508 5153 2100 5225; baseline 0.003 -16"><span class='ocrx_word' id='word_1_553' title='bbox 508 5156 600 5209; x_wconf 74' lang='lat' dir='ltr'><strong>ria:</strong></span> <span class='ocrx_word' id='word_1_554' title='bbox 629 5155 766 5208; x_wconf 83' lang='lat' dir='ltr'><strong>ratio</strong></span> <span class='ocrx_word' id='word_1_555' title='bbox 800 5153 1039 5220; x_wconf 88' lang='lat' dir='ltr'><strong>postulat</strong></span> <span class='ocrx_word' id='word_1_556' title='bbox 1064 5154 1119 5205; x_wconf 84' lang='lat' dir='ltr'><strong>in</strong></span> <span class='ocrx_word' id='word_1_557' title='bbox 1150 5155 1376 5207; x_wconf 77' lang='lat' dir='ltr'><strong>absentis</strong></span> <span class='ocrx_word' id='word_1_558' title='bbox 1398 5165 1491 5208; x_wconf 89' lang='lat' dir='ltr'><strong>aut</strong></span> <span class='ocrx_word' id='word_1_559' title='bbox 1522 5157 1573 5207; x_wconf 84' lang='lat' dir='ltr'><strong>in</strong></span> <span class='ocrx_word' id='word_1_560' title='bbox 1607 5155 1863 5211; x_wconf 83' lang='lat' dir='ltr'><strong>absentia.</strong></span> <span class='ocrx_word' id='word_1_561' title='bbox 1901 5157 2100 5225; x_wconf 80' lang='lat' dir='ltr'><strong>Liquet</strong></span> 
     </span>
    </p>
   </div>
   <div class='ocr_carea' id='block_1_78' title="bbox 506 5225 2095 5299">
    <p class='ocr_par' dir='ltr' id='par_1_78' title="bbox 506 5225 2095 5299">
     <span class='ocr_line' id='line_1_78' title="bbox 506 5225 2095 5299; baseline 0.003 -20"><span class='ocrx_word' id='word_1_562' title='bbox 506 5225 646 5299; x_wconf 70' lang='lat' dir='ltr'><strong>enim</strong></span> <span class='ocrx_word' id='word_1_563' title='bbox 693 5237 1001 5299; x_wconf 63' lang='lat' dir='ltr'><strong>aerumnam</strong></span> <span class='ocrx_word' id='word_1_564' title='bbox 1043 5238 1165 5278; x_wconf 80' lang='lat' dir='ltr'><strong>esse</strong></span> <span class='ocrx_word' id='word_1_565' title='bbox 1207 5226 1274 5278; x_wconf 87' lang='lat' dir='ltr'><strong>de</strong></span> <span class='ocrx_word' id='word_1_566' title='bbox 1317 5225 1601 5294; x_wconf 71' lang='lat' dir='ltr'><strong>(Imlcstio,</strong></span> <span class='ocrx_word' id='word_1_567' title='bbox 1650 5233 1740 5299; x_wconf 89' lang='lat' dir='ltr'><strong>qui</strong></span> <span class='ocrx_word' id='word_1_568' title='bbox 1793 5244 1931 5282; x_wconf 84' lang='lat' dir='ltr'><strong>unus</strong></span> <span class='ocrx_word' id='word_1_569' title='bbox 1983 5239 2095 5283; x_wconf 87' lang='lat' dir='ltr'><strong>tum</strong></span> 
     </span>
    </p>
   </div>
   <div class='ocr_carea' id='block_1_79' title="bbox 507 5296 1091 5352">
    <p class='ocr_par' dir='ltr' id='par_1_79' title="bbox 507 5296 1091 5352">
     <span class='ocr_line' id='line_1_79' title="bbox 507 5296 1091 5352; baseline -0.009 0"><span class='ocrx_word' id='word_1_570' title='bbox 507 5297 692 5352; x_wconf 72' lang='lat' dir='ltr'><strong>Romae</strong></span> <span class='ocrx_word' id='word_1_571' title='bbox 723 5310 782 5348; x_wconf 88' lang='lat' dir='ltr'><strong>se</strong></span> <span class='ocrx_word' id='word_1_572' title='bbox 815 5296 1091 5348; x_wconf 81' lang='lat' dir='ltr'><strong>tuebatur.</strong></span> 
     </span>
    </p>
   </div>
   <div class='ocr_carea' id='block_1_80' title="bbox 575 5364 2096 5444">
    <p class='ocr_par' dir='ltr' id='par_1_80' title="bbox 575 5364 2096 5444">
     <span class='ocr_line' id='line_1_80' title="bbox 575 5364 2096 5444; baseline 0.007 -29"><span class='ocrx_word' id='word_1_573' title='bbox 575 5379 601 5415; x_wconf 77' lang='grc' dir='ltr'>ις</span> <span class='ocrx_word' id='word_1_574' title='bbox 638 5367 842 5444; x_wconf 79' lang='lat' dir='ltr'><strong>supple</strong></span> <span class='ocrx_word' id='word_1_575' title='bbox 894 5365 1040 5444; x_wconf 30' lang='lat' dir='ltr'><strong>fuits</strong></span> <span class='ocrx_word' id='word_1_576' title='bbox 1073 5364 1301 5421; x_wconf 86' lang='lat' dir='ltr'><strong>Garner.</strong></span> <span class='ocrx_word' id='word_1_577' title='bbox 1367 5381 1604 5437; x_wconf 85' lang='lat' dir='ltr'><strong>sequens</strong></span> <span class='ocrx_word' id='word_1_578' title='bbox 1660 5368 1948 5425; x_wconf 71' lang='lat' dir='ltr'><strong>relativum</strong></span> <span class='ocrx_word' id='word_1_579' title='bbox 2005 5373 2096 5444; x_wconf 87' lang='lat' dir='ltr'><strong>qui</strong></span> 
     </span>
    </p>
   </div>
   <div class='ocr_carea' id='block_1_81' title="bbox 501 5435 1088 5547">
    <p class='ocr_par' dir='ltr' id='par_1_81' title="bbox 501 5435 1088 5547">
     <span class='ocr_line' id='line_1_81' title="bbox 501 5435 1088 5547; baseline -0.007 -55"><span class='ocrx_word' id='word_1_580' title='bbox 501 5441 844 5547; x_wconf 54' lang='lat' dir='ltr'><strong>supprimere</strong></span> <span class='ocrx_word' id='word_1_581' title='bbox 878 5435 1088 5490; x_wconf 80' lang='lat' dir='ltr'><strong>maluit.</strong></span> 
     </span>
     <span class='ocr_line' id='line_1_82' title="bbox 643 5509 1081 5547; baseline 0 0"><span class='ocrx_word' id='word_1_582' title='bbox 643 5511 812 5547; x_wconf 67' lang='lat' dir='ltr'><strong>llarnn</strong></span> <span class='ocrx_word' id='word_1_583' title='bbox 893 5509 999 5547; x_wconf 66' lang='lat' dir='ltr'><strong>Inh</strong></span> <span class='ocrx_word' id='word_1_584' title='bbox 1055 5523 1081 5547; x_wconf 69' lang='grc' dir='ltr'>τι</span> 
     </span>
    </p>
   </div>
   <div class='ocr_carea' id='block_1_82' title="bbox 643 5506 2090 5580">
    <p class='ocr_par' dir='ltr' id='par_1_82' title="bbox 643 5506 2090 5580">
     <span class='ocr_line' id='line_1_83' title="bbox 643 5506 2090 5580; baseline 0.002 -17"><span class='ocrx_word' id='word_1_585' title='bbox 643 5509 1020 5580; x_wconf 24' lang='lat' dir='ltr'><strong>Baron.,7l_sab.</strong></span> <span class='ocrx_word' id='word_1_586' title='bbox 1055 5516 1108 5561; x_wconf 91' lang='lat' dir='ltr'><strong>et</strong></span> <span class='ocrx_word' id='word_1_587' title='bbox 1137 5506 1327 5580; x_wconf 69' lang='lat' dir='ltr'><strong>Carm,</strong></span> <span class='ocrx_word' id='word_1_588' title='bbox 1360 5509 1496 5575; x_wconf 67' lang='lat' dir='ltr'><strong>ritca,</strong></span> <span class='ocrx_word' id='word_1_589' title='bbox 1525 5511 1729 5565; x_wconf 85' lang='lat' dir='ltr'><strong>mentis.</strong></span> <span class='ocrx_word' id='word_1_590' title='bbox 1758 5509 1933 5565; x_wconf 87' lang='lat' dir='ltr'><strong>Vatic.</strong></span> <span class='ocrx_word' id='word_1_591' title='bbox 1960 5528 2090 5580; x_wconf 87' lang='lat' dir='ltr'><strong>ms.,</strong></span> 
     </span>
    </p>
   </div>
   <div class='ocr_carea' id='block_1_83' title="bbox 498 5578 2094 5640">
    <p class='ocr_par' dir='ltr' id='par_1_83' title="bbox 498 5578 2094 5640">
     <span class='ocr_line' id='line_1_84' title="bbox 498 5578 2094 5640; baseline 0.004 -6"><span class='ocrx_word' id='word_1_592' title='bbox 498 5583 614 5635; x_wconf 80' lang='lat' dir='ltr'><strong>rixa</strong></span> <span class='ocrx_word' id='word_1_593' title='bbox 640 5582 831 5635; x_wconf 69' lang='lat' dir='ltr'><strong>vetitis.</strong></span> <span class='ocrx_word' id='word_1_594' title='bbox 868 5578 1023 5635; x_wconf 86' lang='lat' dir='ltr'><strong>Unde</strong></span> <span class='ocrx_word' id='word_1_595' title='bbox 1063 5578 1223 5632; x_wconf 83' lang='lat' dir='ltr'><strong>nobis</strong></span> <span class='ocrx_word' id='word_1_596' title='bbox 1254 5581 1502 5634; x_wconf 86' lang='lat' dir='ltr'><strong>constitit</strong></span> <span class='ocrx_word' id='word_1_597' title='bbox 1536 5582 1934 5636; x_wconf 88' lang='lat' dir='ltr'><strong>restituendum</strong></span> <span class='ocrx_word' id='word_1_598' title='bbox 1969 5578 2094 5640; x_wconf 80' lang='lat' dir='ltr'><strong>esse</strong></span> 
     </span>
    </p>
   </div>
   <div class='ocr_carea' id='block_1_84' title="bbox 495 5649 2090 5724">
    <p class='ocr_par' dir='ltr' id='par_1_84' title="bbox 495 5649 2090 5724">
     <span class='ocr_line' id='line_1_85' title="bbox 495 5649 2090 5724; baseline 0.003 -19"><span class='ocrx_word' id='word_1_599' title='bbox 495 5652 611 5724; x_wconf 71' lang='lat' dir='ltr'><strong>rixa</strong></span> <span class='ocrx_word' id='word_1_600' title='bbox 632 5651 906 5724; x_wconf 73' lang='lat' dir='ltr'><strong>ueritatis;</strong></span> <span class='ocrx_word' id='word_1_601' title='bbox 937 5650 1079 5721; x_wconf 90' lang='lat' dir='ltr'><strong>quod</strong></span> <span class='ocrx_word' id='word_1_602' title='bbox 1110 5659 1163 5724; x_wconf 84' lang='lat' dir='ltr'><strong>et</strong></span> <span class='ocrx_word' id='word_1_603' title='bbox 1195 5649 1459 5724; x_wconf 78' lang='lat' dir='ltr'><strong>Batonius</strong></span> <span class='ocrx_word' id='word_1_604' title='bbox 1482 5650 1550 5707; x_wconf 85' lang='lat' dir='ltr'><strong>ad</strong></span> <span class='ocrx_word' id='word_1_605' title='bbox 1581 5669 1751 5724; x_wconf 86' lang='lat' dir='ltr'><strong>marg.</strong></span> <span class='ocrx_word' id='word_1_606' title='bbox 1784 5663 2090 5712; x_wconf 84' lang='lat' dir='ltr'><strong>annotarat.</strong></span> 
     </span>
    </p>
   </div>
   <div class='ocr_carea' id='block_1_85' title="bbox 494 5721 2090 5793">
    <p class='ocr_par' dir='ltr' id='par_1_85' title="bbox 494 5721 2090 5793">
     <span class='ocr_line' id='line_1_86' title="bbox 494 5721 2090 5793; baseline 0.004 -17"><span class='ocrx_word' id='word_1_607' title='bbox 494 5723 616 5777; x_wconf 76' lang='lat' dir='ltr'><strong>Mox</strong></span> <span class='ocrx_word' id='word_1_608' title='bbox 667 5721 986 5793; x_wconf 89' lang='lat' dir='ltr'><strong>particulam</strong></span> <span class='ocrx_word' id='word_1_609' title='bbox 1039 5722 1248 5791; x_wconf 87' lang='lat' dir='ltr'><strong>statim,</strong></span> <span class='ocrx_word' id='word_1_610' title='bbox 1302 5722 1543 5791; x_wconf 67' lang='lat' dir='ltr'><strong>praedicti</strong></span> <span class='ocrx_word' id='word_1_611' title='bbox 1600 5721 1720 5780; x_wconf 56' lang='lat' dir='ltr'><strong>msI</strong></span> <span class='ocrx_word' id='word_1_612' title='bbox 1766 5728 2090 5782; x_wconf 88' lang='lat' dir='ltr'><strong>auctoritate</strong></span> 
     </span>
    </p>
   </div>
   <div class='ocr_carea' id='block_1_86' title="bbox 2205 1777 3815 1855">
    <p class='ocr_par' dir='ltr' id='par_1_86' title="bbox 2205 1777 3815 1855">
     <span class='ocr_line' id='line_1_87' title="bbox 2205 1777 3815 1855; baseline -0.005 -16"><span class='ocrx_word' id='word_1_613' title='bbox 2205 1784 2345 1839; x_wconf 83' lang='lat' dir='ltr'><strong>sioni</strong></span> <span class='ocrx_word' id='word_1_614' title='bbox 2386 1784 2596 1855; x_wconf 84' lang='lat' dir='ltr'><strong>pigrius</strong></span> <span class='ocrx_word' id='word_1_615' title='bbox 2643 1782 2933 1839; x_wconf 89' lang='lat' dir='ltr'><strong>adhibetur</strong></span> <span class='ocrx_word' id='word_1_616' title='bbox 2980 1780 3137 1849; x_wconf 86' lang='lat' dir='ltr'><strong>fides,</strong></span> <span class='ocrx_word' id='word_1_617' title='bbox 3172 1781 3226 1835; x_wconf 91' lang='lat' dir='ltr'><strong>in</strong></span> <span class='ocrx_word' id='word_1_618' title='bbox 3271 1780 3420 1835; x_wconf 89' lang='lat' dir='ltr'><strong>illius</strong></span> <span class='ocrx_word' id='word_1_619' title='bbox 3462 1777 3815 1841; x_wconf 86' lang='lat' dir='ltr'><strong>errorisab-</strong></span> 
     </span>
    </p>
   </div>
   <div class='ocr_carea' id='block_1_87' title="bbox 2210 1872 3811 1950">
    <p class='ocr_par' dir='ltr' id='par_1_87' title="bbox 2210 1872 3811 1950">
     <span class='ocr_line' id='line_1_88' title="bbox 2210 1872 3811 1950; baseline -0.004 -16"><span class='ocrx_word' id='word_1_620' title='bbox 2210 1890 2426 1950; x_wconf 90' lang='lat' dir='ltr'><strong>ruptum</strong></span> <span class='ocrx_word' id='word_1_621' title='bbox 2452 1879 2780 1935; x_wconf 88' lang='lat' dir='ltr'><strong>necessitate</strong></span> <span class='ocrx_word' id='word_1_622' title='bbox 2801 1885 3099 1948; x_wconf 85' lang='lat' dir='ltr'><strong>coguntur:</strong></span> <span class='ocrx_word' id='word_1_623' title='bbox 3121 1884 3175 1931; x_wconf 91' lang='lat' dir='ltr'><strong>et</strong></span> <span class='ocrx_word' id='word_1_624' title='bbox 3195 1873 3599 1930; x_wconf 89' lang='lat' dir='ltr'><strong>irremcdiabilc</strong></span> <span class='ocrx_word' id='word_1_625' title='bbox 3615 1872 3811 1928; x_wconf 77' lang='lat' dir='ltr'><strong>vulnus</strong></span> 
     </span>
    </p>
   </div>
   <div class='ocr_carea' id='block_1_88' title="bbox 2204 1969 3225 2044">
    <p class='ocr_par' dir='ltr' id='par_1_88' title="bbox 2204 1969 3225 2044">
     <span class='ocr_line' id='line_1_89' title="bbox 2204 1969 3225 2044; baseline -0.004 -15"><span class='ocrx_word' id='word_1_626' title='bbox 2204 1973 2463 2039; x_wconf 82' lang='lat' dir='ltr'><strong>efficitur,</strong></span> <span class='ocrx_word' id='word_1_627' title='bbox 2494 1975 2638 2044; x_wconf 90' lang='lat' dir='ltr'><strong>quod</strong></span> <span class='ocrx_word' id='word_1_628' title='bbox 2669 1973 2999 2043; x_wconf 82' lang='lat' dir='ltr'><strong>deSperatur</strong></span> <span class='ocrx_word' id='word_1_629' title='bbox 3019 1969 3225 2025; x_wconf 83' lang='lat' dir='ltr'><strong>sanari.</strong></span> 
     </span>
    </p>
   </div>
   <div class='ocr_carea' id='block_1_89' title="bbox 2279 2060 3801 2135">
    <p class='ocr_par' dir='ltr' id='par_1_89' title="bbox 2279 2060 3801 2135">
     <span class='ocr_line' id='line_1_90' title="bbox 2279 2060 3801 2135; baseline -0.007 -13"><span class='ocrx_word' id='word_1_630' title='bbox 2279 2067 2331 2122; x_wconf 88' lang='lat'><strong>6.</strong></span> <span class='ocrx_word' id='word_1_631' title='bbox 2375 2066 2531 2122; x_wconf 87' lang='lat' dir='ltr'><strong>Unde</strong></span> <span class='ocrx_word' id='word_1_632' title='bbox 2560 2065 2615 2120; x_wconf 90' lang='lat' dir='ltr'><strong>in</strong></span> <span class='ocrx_word' id='word_1_633' title='bbox 2645 2064 2898 2135; x_wconf 69' lang='lat' dir='ltr'><strong>prmscnti</strong></span> <span class='ocrx_word' id='word_1_634' title='bbox 2932 2077 3094 2119; x_wconf 81' lang='lat' dir='ltr'><strong>causa</strong></span> <span class='ocrx_word' id='word_1_635' title='bbox 3121 2061 3255 2117; x_wconf 85' lang='lat' dir='ltr'><strong>nihil</strong></span> <span class='ocrx_word' id='word_1_636' title='bbox 3289 2076 3503 2131; x_wconf 79' lang='lat' dir='ltr'><strong>prtecox</strong></span> <span class='ocrx_word' id='word_1_637' title='bbox 3536 2060 3801 2115; x_wconf 82' lang='lat' dir='ltr'><strong>immatu-</strong></span> 
     </span>
    </p>
   </div>
   <div class='ocr_carea' id='block_1_90' title="bbox 2208 2152 3812 2230">
    <p class='ocr_par' dir='ltr' id='par_1_90' title="bbox 2208 2152 3812 2230">
     <span class='ocr_line' id='line_1_91' title="bbox 2208 2152 3812 2230; baseline -0.004 -15"><span class='ocrx_word' id='word_1_638' title='bbox 2208 2173 2443 2230; x_wconf 91' lang='lat' dir='ltr'><strong>rumque</strong></span> <span class='ocrx_word' id='word_1_639' title='bbox 2463 2158 2798 2224; x_wconf 89' lang='lat' dir='ltr'><strong>censuimus,</strong></span> <span class='ocrx_word' id='word_1_640' title='bbox 2823 2157 2917 2213; x_wconf 82' lang='lat' dir='ltr'><strong>sed</strong></span> <span class='ocrx_word' id='word_1_641' title='bbox 2943 2157 3290 2215; x_wconf 84' lang='lat' dir='ltr'><strong>innotescere</strong></span> <span class='ocrx_word' id='word_1_642' title='bbox 3313 2152 3589 2210; x_wconf 86' lang='lat' dir='ltr'><strong>sanctitati</strong></span> <span class='ocrx_word' id='word_1_643' title='bbox 3610 2159 3812 2217; x_wconf 53' lang='lat' dir='ltr'><strong>vestrae</strong></span> 
     </span>
    </p>
   </div>
   <div class='ocr_carea' id='block_1_91' title="bbox 2206 2242 3814 2322">
    <p class='ocr_par' dir='ltr' id='par_1_91' title="bbox 2206 2242 3814 2322">
     <span class='ocr_line' id='line_1_92' title="bbox 2206 2242 3814 2322; baseline -0.005 -16"><span class='ocrx_word' id='word_1_644' title='bbox 2206 2266 2371 2322; x_wconf 85' lang='lat' dir='ltr'><strong>super</strong></span> <span class='ocrx_word' id='word_1_645' title='bbox 2410 2251 2658 2307; x_wconf 83' lang='lat' dir='ltr'><strong>absoluta</strong></span> <span class='ocrx_word' id='word_1_646' title='bbox 2693 2249 2935 2306; x_wconf 68' lang='lat' dir='ltr'><strong>leestii</strong></span> <span class='ocrx_word' id='word_1_647' title='bbox 2980 2249 3088 2304; x_wconf 83' lang='lat' dir='ltr'><strong>ﬁde</strong></span> <span class='ocrx_word' id='word_1_648' title='bbox 3131 2255 3378 2303; x_wconf 83' lang='lat' dir='ltr'><strong>nostrum</strong></span> <span class='ocrx_word' id='word_1_649' title='bbox 3410 2260 3639 2301; x_wconf 83' lang='lat' dir='ltr'><strong>examen</strong></span> <span class='ocrx_word' id='word_1_650' title='bbox 3676 2261 3689 2298; x_wconf 94' lang='lat'><strong>:</strong></span> <span class='ocrx_word' id='word_1_651' title='bbox 3721 2242 3814 2298; x_wconf 89' lang='lat' dir='ltr'><strong>cui</strong></span> 
     </span>
    </p>
   </div>
   <div class='ocr_carea' id='block_1_92' title="bbox 2207 2337 3813 2414">
    <p class='ocr_par' dir='ltr' id='par_1_92' title="bbox 2207 2337 3813 2414">
     <span class='ocr_line' id='line_1_93' title="bbox 2207 2337 3813 2414; baseline -0.004 -14"><span class='ocrx_word' id='word_1_652' title='bbox 2207 2345 2374 2400; x_wconf 89' lang='lat' dir='ltr'><strong>etiam</strong></span> <span class='ocrx_word' id='word_1_653' title='bbox 2427 2346 2581 2414; x_wconf 88' lang='lat' dir='ltr'><strong>prior</strong></span> <span class='ocrx_word' id='word_1_654' title='bbox 2630 2343 2847 2399; x_wconf 88' lang='lat' dir='ltr'><strong>libellus</strong></span> <span class='ocrx_word' id='word_1_655' title='bbox 2892 2342 2962 2398; x_wconf 89' lang='lat' dir='ltr'><strong>ab</strong></span> <span class='ocrx_word' id='word_1_656' title='bbox 3003 2359 3069 2399; x_wconf 89' lang='lat' dir='ltr'><strong>eo</strong></span> <span class='ocrx_word' id='word_1_657' title='bbox 3115 2343 3255 2398; x_wconf 92' lang='lat' dir='ltr'><strong>intra</strong></span> <span class='ocrx_word' id='word_1_658' title='bbox 3287 2338 3569 2399; x_wconf 70' lang='lat' dir='ltr'><strong>Africam&quot;</strong></span> <span class='ocrx_word' id='word_1_659' title='bbox 3600 2337 3813 2413; x_wconf 87' lang='lat' dir='ltr'><strong>[datus]</strong></span> 
     </span>
    </p>
   </div>
   <div class='ocr_carea' id='block_1_93' title="bbox 2204 2527 2547 2597">
    <p class='ocr_par' dir='ltr' id='par_1_93' title="bbox 2204 2527 2547 2597">
     <span class='ocr_line' id='line_1_94' title="bbox 2204 2527 2547 2597; baseline -0.003 -15"><span class='ocrx_word' id='word_1_660' title='bbox 2204 2527 2547 2597; x_wconf 82' lang='lat' dir='ltr'><strong>supplemus.</strong></span> 
     </span>
    </p>
   </div>
   <div class='ocr_carea' id='block_1_94' title="bbox 2282 2597 3801 2673">
    <p class='ocr_par' dir='ltr' id='par_1_94' title="bbox 2282 2597 3801 2673">
     <span class='ocr_line' id='line_1_95' title="bbox 2282 2597 3801 2673; baseline 0.003 -21"><span class='ocrx_word' id='word_1_661' title='bbox 2282 2597 2296 2636; x_wconf 74' lang='grc' dir='ltr'>ί</span> <span class='ocrx_word' id='word_1_662' title='bbox 2346 2601 2501 2668; x_wconf 80' lang='lat' dir='ltr'><strong>Apud</strong></span> <span class='ocrx_word' id='word_1_663' title='bbox 2560 2602 2782 2671; x_wconf 81' lang='lat' dir='ltr'><strong>Baron.,</strong></span> <span class='ocrx_word' id='word_1_664' title='bbox 2832 2601 3184 2656; x_wconf 75' lang='lat' dir='ltr'><strong>cunctatione.</strong></span> <span class='ocrx_word' id='word_1_665' title='bbox 3237 2600 3408 2673; x_wconf 86' lang='lat' dir='ltr'><strong>Magis</strong></span> <span class='ocrx_word' id='word_1_666' title='bbox 3456 2599 3634 2668; x_wconf 81' lang='lat' dir='ltr'><strong>placet</strong></span> <span class='ocrx_word' id='word_1_667' title='bbox 3675 2615 3801 2656; x_wconf 89' lang='lat' dir='ltr'><strong>cum</strong></span> 
     </span>
    </p>
   </div>
   <div class='ocr_carea' id='block_1_95' title="bbox 2204 2668 2854 2740">
    <p class='ocr_par' dir='ltr' id='par_1_95' title="bbox 2204 2668 2854 2740">
     <span class='ocr_line' id='line_1_96' title="bbox 2204 2668 2854 2740; baseline 0.002 -16"><span class='ocrx_word' id='word_1_668' title='bbox 2204 2668 2397 2740; x_wconf 86' lang='lat' dir='ltr'><strong>Garn.,</strong></span> <span class='ocrx_word' id='word_1_669' title='bbox 2433 2673 2695 2727; x_wconf 83' lang='lat' dir='ltr'><strong>cunctatio</strong></span> <span class='ocrx_word' id='word_1_670' title='bbox 2727 2668 2854 2725; x_wconf 85' lang='lat' dir='ltr'><strong>non.</strong></span> 
     </span>
    </p>
   </div>
   <div class='ocr_carea' id='block_1_96' title="bbox 2278 2740 3812 2816">
    <p class='ocr_par' dir='ltr' id='par_1_96' title="bbox 2278 2740 3812 2816">
     <span class='ocr_line' id='line_1_97' title="bbox 2278 2740 3812 2816; baseline 0.003 -22"><span class='ocrx_word' id='word_1_671' title='bbox 2278 2740 2315 2816; x_wconf 7' lang='lat' dir='ltr'><strong>ig</strong></span> <span class='ocrx_word' id='word_1_672' title='bbox 2343 2743 2573 2816; x_wconf 77' lang='lat' dir='ltr'><strong>Baron.,</strong></span> <span class='ocrx_word' id='word_1_673' title='bbox 2609 2742 2950 2816; x_wconf 78' lang='lat' dir='ltr'><strong>confessionis</strong></span> <span class='ocrx_word' id='word_1_674' title='bbox 2978 2745 3167 2816; x_wconf 76' lang='lat' dir='ltr'><strong>pignus</strong></span> <span class='ocrx_word' id='word_1_675' title='bbox 3210 2759 3230 2798; x_wconf 88' lang='lat'><strong><em>:</em></strong></span> <span class='ocrx_word' id='word_1_676' title='bbox 3259 2745 3347 2813; x_wconf 88' lang='lat' dir='ltr'><strong>qui</strong></span> <span class='ocrx_word' id='word_1_677' title='bbox 3394 2743 3551 2816; x_wconf 77' lang='lat' dir='ltr'><strong>locus</strong></span> <span class='ocrx_word' id='word_1_678' title='bbox 3596 2758 3624 2796; x_wconf 71' lang='grc' dir='ltr'><strong>ιι</strong></span> <span class='ocrx_word' id='word_1_679' title='bbox 3662 2744 3812 2816; x_wconf 62' lang='lat' dir='ltr'><strong>tiar-</strong></span> 
     </span>
    </p>
   </div>
   <div class='ocr_carea' id='block_1_97' title="bbox 2204 2814 3809 2881">
    <p class='ocr_par' dir='ltr' id='par_1_97' title="bbox 2204 2814 3809 2881">
     <span class='ocr_line' id='line_1_98' title="bbox 2204 2814 3809 2881; baseline 0.004 -16"><span class='ocrx_word' id='word_1_680' title='bbox 2204 2814 2358 2868; x_wconf 85' lang='lat' dir='ltr'><strong>nerio</strong></span> <span class='ocrx_word' id='word_1_681' title='bbox 2391 2814 2621 2875; x_wconf 82' lang='lat' dir='ltr'><strong>feliciter</strong></span> <span class='ocrx_word' id='word_1_682' title='bbox 2651 2814 2734 2871; x_wconf 83' lang='lat' dir='ltr'><strong>est</strong></span> <span class='ocrx_word' id='word_1_683' title='bbox 2770 2814 3082 2873; x_wconf 76' lang='lat' dir='ltr'><strong>restitutus.</strong></span> <span class='ocrx_word' id='word_1_684' title='bbox 3113 2815 3234 2870; x_wconf 85' lang='lat' dir='ltr'><strong>Mox</strong></span> <span class='ocrx_word' id='word_1_685' title='bbox 3269 2816 3388 2869; x_wconf 87' lang='lat' dir='ltr'><strong>loco</strong></span> <span class='ocrx_word' id='word_1_686' title='bbox 3423 2814 3570 2870; x_wconf 85' lang='lat' dir='ltr'><strong>illius</strong></span> <span class='ocrx_word' id='word_1_687' title='bbox 3595 2859 3609 2881; x_wconf 92' lang='lat'><strong>,</strong></span> <span class='ocrx_word' id='word_1_688' title='bbox 3660 2814 3809 2881; x_wconf 80' lang='lat' dir='ltr'><strong>idem</strong></span> 
     </span>
    </p>
   </div>
   <div class='ocr_carea' id='block_1_98' title="bbox 2202 2882 3806 2956">
    <p class='ocr_par' dir='ltr' id='par_1_98' title="bbox 2202 2882 3806 2956">
     <span class='ocr_line' id='line_1_99' title="bbox 2202 2882 3806 2956; baseline 0.002 -18"><span class='ocrx_word' id='word_1_689' title='bbox 2202 2882 2510 2956; x_wconf 13' lang='lat' dir='ltr'><strong>Ciardinalis</strong></span> <span class='ocrx_word' id='word_1_690' title='bbox 2560 2886 2785 2956; x_wconf 66' lang='lat' dir='ltr'><strong>praefert</strong></span> <span class='ocrx_word' id='word_1_691' title='bbox 2818 2885 3037 2941; x_wconf 86' lang='lat' dir='ltr'><strong>nullius.</strong></span> <span class='ocrx_word' id='word_1_692' title='bbox 3092 2887 3206 2941; x_wconf 86' lang='lat' dir='ltr'><strong>Hoc</strong></span> <span class='ocrx_word' id='word_1_693' title='bbox 3250 2887 3352 2941; x_wconf 88' lang='lat' dir='ltr'><strong>sibi</strong></span> <span class='ocrx_word' id='word_1_694' title='bbox 3386 2887 3501 2940; x_wconf 84' lang='lat' dir='ltr'><strong>vult</strong></span> <span class='ocrx_word' id='word_1_695' title='bbox 3530 2884 3806 2956; x_wconf 87' lang='lat' dir='ltr'><strong>Zosimus,</strong></span> 
     </span>
    </p>
   </div>
   <div class='ocr_carea' id='block_1_99' title="bbox 2201 2955 3804 3027">
    <p class='ocr_par' dir='ltr' id='par_1_99' title="bbox 2201 2955 3804 3027">
     <span class='ocr_line' id='line_1_100' title="bbox 2201 2955 3804 3027; baseline 0.003 -19"><span class='ocrx_word' id='word_1_696' title='bbox 2201 2955 2491 3026; x_wconf 74' lang='lat' dir='ltr'><strong>plerosque</strong></span> <span class='ocrx_word' id='word_1_697' title='bbox 2527 2955 2580 3011; x_wconf 84' lang='lat' dir='ltr'><strong>in</strong></span> <span class='ocrx_word' id='word_1_698' title='bbox 2626 2974 2750 3013; x_wconf 88' lang='lat' dir='ltr'><strong>eum</strong></span> <span class='ocrx_word' id='word_1_699' title='bbox 2799 2973 3043 3012; x_wconf 86' lang='lat' dir='ltr'><strong>errorem</strong></span> <span class='ocrx_word' id='word_1_700' title='bbox 3079 2960 3411 3013; x_wconf 83' lang='lat' dir='ltr'><strong>necessitate</strong></span> <span class='ocrx_word' id='word_1_701' title='bbox 3458 2957 3738 3027; x_wconf 75' lang='lat' dir='ltr'><strong>compelli,</strong></span> <span class='ocrx_word' id='word_1_702' title='bbox 3771 2973 3804 3013; x_wconf 73' lang='grc' dir='ltr'>τι</span> 
     </span>
    </p>
   </div>
   <div class='ocr_carea' id='block_1_100' title="bbox 2201 3027 3810 3098">
    <p class='ocr_par' dir='ltr' id='par_1_100' title="bbox 2201 3027 3810 3098">
     <span class='ocr_line' id='line_1_101' title="bbox 2201 3027 3810 3098; baseline 0.002 -19"><span class='ocrx_word' id='word_1_703' title='bbox 2201 3044 2308 3093; x_wconf 80' lang='lat' dir='ltr'><strong>qun</strong></span> <span class='ocrx_word' id='word_1_704' title='bbox 2342 3043 2589 3098; x_wconf 76' lang='lat' dir='ltr'><strong>purgare.</strong></span> <span class='ocrx_word' id='word_1_705' title='bbox 2621 3044 2683 3084; x_wconf 86' lang='lat' dir='ltr'><strong>se</strong></span> <span class='ocrx_word' id='word_1_706' title='bbox 2712 3030 3072 3093; x_wconf 86' lang='lat' dir='ltr'><strong>contendunt,</strong></span> <span class='ocrx_word' id='word_1_707' title='bbox 3105 3029 3233 3084; x_wconf 86' lang='lat' dir='ltr'><strong>dum</strong></span> <span class='ocrx_word' id='word_1_708' title='bbox 3268 3030 3350 3083; x_wconf 74' lang='lat' dir='ltr'><strong>eis</strong></span> <span class='ocrx_word' id='word_1_709' title='bbox 3382 3027 3590 3082; x_wconf 85' lang='lat' dir='ltr'><strong>tardius</strong></span> <span class='ocrx_word' id='word_1_710' title='bbox 3623 3029 3810 3083; x_wconf 75' lang='lat' dir='ltr'><strong>credi-</strong></span> 
     </span>
    </p>
   </div>
   <div class='ocr_carea' id='block_1_101' title="bbox 2204 3098 3810 3169">
    <p class='ocr_par' dir='ltr' id='par_1_101' title="bbox 2204 3098 3810 3169">
     <span class='ocr_line' id='line_1_102' title="bbox 2204 3098 3810 3169; baseline 0.003 -18"><span class='ocrx_word' id='word_1_711' title='bbox 2204 3107 2311 3153; x_wconf 85' lang='lat' dir='ltr'><strong>tur.</strong></span> <span class='ocrx_word' id='word_1_712' title='bbox 2349 3099 2463 3154; x_wconf 82' lang='lat' dir='ltr'><strong>liuc</strong></span> <span class='ocrx_word' id='word_1_713' title='bbox 2493 3110 2743 3169; x_wconf 83' lang='lat' dir='ltr'><strong>Spectare</strong></span> <span class='ocrx_word' id='word_1_714' title='bbox 2789 3102 3023 3164; x_wconf 81' lang='lat' dir='ltr'><strong>videtur,</strong></span> <span class='ocrx_word' id='word_1_715' title='bbox 3057 3101 3204 3169; x_wconf 76' lang='lat' dir='ltr'><strong>quod</strong></span> <span class='ocrx_word' id='word_1_716' title='bbox 3236 3101 3304 3155; x_wconf 84' lang='lat' dir='ltr'><strong>de</strong></span> <span class='ocrx_word' id='word_1_717' title='bbox 3347 3099 3566 3153; x_wconf 87' lang='lat' dir='ltr'><strong>Zosimo</strong></span> <span class='ocrx_word' id='word_1_718' title='bbox 3593 3098 3810 3169; x_wconf 82' lang='lat' dir='ltr'><strong>Augus-</strong></span> 
     </span>
    </p>
   </div>
   <div class='ocr_carea' id='block_1_102' title="bbox 2204 3170 3800 3239">
    <p class='ocr_par' dir='ltr' id='par_1_102' title="bbox 2204 3170 3800 3239">
     <span class='ocr_line' id='line_1_103' title="bbox 2204 3170 3800 3239; baseline 0.005 -18"><span class='ocrx_word' id='word_1_719' title='bbox 2204 3170 2347 3222; x_wconf 85' lang='lat' dir='ltr'><strong>tinus</strong></span> <span class='ocrx_word' id='word_1_720' title='bbox 2394 3171 2488 3223; x_wconf 91' lang='lat' dir='ltr'><strong>lib.</strong></span> <span class='ocrx_word' id='word_1_721' title='bbox 2533 3171 2599 3227; x_wconf 87' lang='lat' dir='ltr'><strong>de</strong></span> <span class='ocrx_word' id='word_1_722' title='bbox 2629 3171 2857 3225; x_wconf 60' lang='lat' dir='ltr'><strong>Petit-ato</strong></span> <span class='ocrx_word' id='word_1_723' title='bbox 2898 3170 3104 3239; x_wconf 76' lang='lat' dir='ltr'><strong>Origin.</strong></span> <span class='ocrx_word' id='word_1_724' title='bbox 3140 3189 3186 3224; x_wconf 81' lang='lat' dir='ltr'><strong>c.</strong></span> <span class='ocrx_word' id='word_1_725' title='bbox 3224 3172 3274 3228; x_wconf 77' lang='grc'><strong>6.</strong></span> <span class='ocrx_word' id='word_1_726' title='bbox 3310 3187 3362 3224; x_wconf 88' lang='grc' dir='ltr'><strong>ιι.</strong></span> <span class='ocrx_word' id='word_1_727' title='bbox 3398 3171 3451 3235; x_wconf 90' lang='lat'><strong>7,</strong></span> <span class='ocrx_word' id='word_1_728' title='bbox 3486 3170 3800 3237; x_wconf 65' lang='lat' dir='ltr'><strong>eloquitur:</strong></span> 
     </span>
    </p>
   </div>
   <div class='ocr_carea' id='block_1_103' title="bbox 2207 3240 3805 3307">
    <p class='ocr_par' dir='ltr' id='par_1_103' title="bbox 2207 3240 3805 3307">
     <span class='ocr_line' id='line_1_104' title="bbox 2207 3240 3805 3307; baseline 0.003 -15"><span class='ocrx_word' id='word_1_729' title='bbox 2207 3240 2433 3294; x_wconf 81' lang='lat' dir='ltr'><strong>Multum</strong></span> <span class='ocrx_word' id='word_1_730' title='bbox 2464 3242 2756 3296; x_wconf 83' lang='lat' dir='ltr'><strong>misericors</strong></span> <span class='ocrx_word' id='word_1_731' title='bbox 2790 3252 3088 3297; x_wconf 72' lang='lat' dir='ltr'><strong>memorata:</strong></span> <span class='ocrx_word' id='word_1_732' title='bbox 3117 3243 3256 3297; x_wconf 85' lang='lat' dir='ltr'><strong>sedis</strong></span> <span class='ocrx_word' id='word_1_733' title='bbox 3278 3243 3493 3296; x_wconf 84' lang='lat' dir='ltr'><strong>antistes</strong></span> <span class='ocrx_word' id='word_1_734' title='bbox 3512 3283 3526 3307; x_wconf 94' lang='lat'><strong>,</strong></span> <span class='ocrx_word' id='word_1_735' title='bbox 3571 3242 3658 3295; x_wconf 87' lang='lat' dir='ltr'><strong>ubi</strong></span> <span class='ocrx_word' id='word_1_736' title='bbox 3688 3260 3805 3297; x_wconf 85' lang='lat' dir='ltr'><strong>eum</strong></span> 
     </span>
    </p>
   </div>
   <div class='ocr_carea' id='block_1_104' title="bbox 2203 3311 3810 3385">
    <p class='ocr_par' dir='ltr' id='par_1_104' title="bbox 2203 3311 3810 3385">
     <span class='ocr_line' id='line_1_105' title="bbox 2203 3311 3810 3385; baseline -0.002 -19"><span class='ocrx_word' id='word_1_737' title='bbox 2203 3311 2595 3385; x_wconf 70' lang='lat' dir='ltr'><strong>(leestiunt)</strong></span> <span class='ocrx_word' id='word_1_738' title='bbox 2634 3313 2761 3366; x_wconf 81' lang='lat' dir='ltr'><strong>uidit</strong></span> <span class='ocrx_word' id='word_1_739' title='bbox 2807 3316 2936 3383; x_wconf 81' lang='lat' dir='ltr'><strong>ferri</strong></span> <span class='ocrx_word' id='word_1_740' title='bbox 2980 3323 3127 3367; x_wconf 87' lang='lat' dir='ltr'><strong>tanta</strong></span> <span class='ocrx_word' id='word_1_741' title='bbox 3175 3313 3572 3385; x_wconf 77' lang='lat' dir='ltr'><strong>prwsumptione</strong></span> <span class='ocrx_word' id='word_1_742' title='bbox 3624 3315 3810 3381; x_wconf 66' lang='lat' dir='ltr'><strong>pueri.</strong></span> 
     </span>
    </p>
   </div>
   <div class='ocr_carea' id='block_1_105' title="bbox 2204 3383 3808 3464">
    <p class='ocr_par' dir='ltr' id='par_1_105' title="bbox 2204 3383 3808 3464">
     <span class='ocr_line' id='line_1_106' title="bbox 2204 3383 3808 3464; baseline 0.005 -31"><span class='ocrx_word' id='word_1_743' title='bbox 2204 3383 2380 3464; x_wconf 72' lang='lat' dir='ltr'><strong>pitem,</strong></span> <span class='ocrx_word' id='word_1_744' title='bbox 2413 3393 2682 3464; x_wconf 71' lang='lat' dir='ltr'><strong>tamquam</strong></span> <span class='ocrx_word' id='word_1_745' title='bbox 2722 3385 3017 3464; x_wconf 73' lang='lat' dir='ltr'><strong>furentem,</strong></span> <span class='ocrx_word' id='word_1_746' title='bbox 3055 3386 3231 3464; x_wconf 68' lang='lat' dir='ltr'><strong>donec</strong></span> <span class='ocrx_word' id='word_1_747' title='bbox 3248 3386 3294 3439; x_wconf 83' lang='lat' dir='ltr'><strong>si</strong></span> <span class='ocrx_word' id='word_1_748' title='bbox 3332 3383 3500 3451; x_wconf 74' lang='lat' dir='ltr'><strong>posset</strong></span> <span class='ocrx_word' id='word_1_749' title='bbox 3530 3385 3643 3454; x_wconf 79' lang='lat' dir='ltr'><strong>ﬁeri</strong></span> <span class='ocrx_word' id='word_1_750' title='bbox 3676 3387 3808 3441; x_wconf 80' lang='lat' dir='ltr'><strong>resi-</strong></span> 
     </span>
    </p>
   </div>
   <div class='ocr_carea' id='block_1_106' title="bbox 2205 3457 3799 3527">
    <p class='ocr_par' dir='ltr' id='par_1_106' title="bbox 2205 3457 3799 3527">
     <span class='ocr_line' id='line_1_107' title="bbox 2205 3457 3799 3527; baseline 0.007 -25"><span class='ocrx_word' id='word_1_751' title='bbox 2205 3457 2446 3527; x_wconf 68' lang='lat' dir='ltr'><strong>pisceret;</strong></span> <span class='ocrx_word' id='word_1_752' title='bbox 2477 3457 2657 3509; x_wconf 83' lang='lat' dir='ltr'><strong>maluit</strong></span> <span class='ocrx_word' id='word_1_753' title='bbox 2687 3473 2802 3527; x_wconf 71' lang='lat' dir='ltr'><strong>eum</strong></span> <span class='ocrx_word' id='word_1_754' title='bbox 2841 3457 3033 3510; x_wconf 82' lang='lat' dir='ltr'><strong>sensim</strong></span> <span class='ocrx_word' id='word_1_755' title='bbox 3076 3459 3184 3511; x_wconf 83' lang='lat' dir='ltr'><strong>suis</strong></span> <span class='ocrx_word' id='word_1_756' title='bbox 3214 3457 3709 3527; x_wconf 81' lang='lat' dir='ltr'><strong>interrogationibus</strong></span> <span class='ocrx_word' id='word_1_757' title='bbox 3750 3466 3799 3513; x_wconf 84' lang='lat' dir='ltr'><strong>et</strong></span> 
     </span>
    </p>
   </div>
   <div class='ocr_carea' id='block_1_107' title="bbox 2203 3522 3803 3599">
    <p class='ocr_par' dir='ltr' id='par_1_107' title="bbox 2203 3522 3803 3599">
     <span class='ocr_line' id='line_1_108' title="bbox 2203 3522 3803 3599; baseline 0.004 -23"><span class='ocrx_word' id='word_1_758' title='bbox 2203 3522 2345 3579; x_wconf 86' lang='lat' dir='ltr'><strong>illius</strong></span> <span class='ocrx_word' id='word_1_759' title='bbox 2367 3526 2794 3599; x_wconf 82' lang='lat' dir='ltr'><strong>responsionibus</strong></span> <span class='ocrx_word' id='word_1_760' title='bbox 2822 3526 3095 3598; x_wconf 86' lang='lat' dir='ltr'><strong>colligare,</strong></span> <span class='ocrx_word' id='word_1_761' title='bbox 3119 3544 3275 3599; x_wconf 81' lang='lat' dir='ltr'><strong>quant</strong></span> <span class='ocrx_word' id='word_1_762' title='bbox 3303 3522 3536 3581; x_wconf 70' lang='lat' dir='ltr'><strong>districta</strong></span> <span class='ocrx_word' id='word_1_763' title='bbox 3567 3528 3602 3598; x_wconf 65' lang='lat' dir='ltr'><strong>ft</strong></span> <span class='ocrx_word' id='word_1_764' title='bbox 3620 3528 3803 3582; x_wconf 81' lang='lat' dir='ltr'><strong>riendo</strong></span> 
     </span>
    </p>
   </div>
   <div class='ocr_carea' id='block_1_108' title="bbox 2203 3598 3804 3672">
    <p class='ocr_par' dir='ltr' id='par_1_108' title="bbox 2203 3598 3804 3672">
     <span class='ocr_line' id='line_1_109' title="bbox 2203 3598 3804 3672; baseline 0.003 -23"><span class='ocrx_word' id='word_1_765' title='bbox 2203 3598 2458 3672; x_wconf 74' lang='lat' dir='ltr'><strong>sententia</strong></span> <span class='ocrx_word' id='word_1_766' title='bbox 2505 3614 2556 3672; x_wconf 71' lang='lat' dir='ltr'><strong>tu</strong></span> <span class='ocrx_word' id='word_1_767' title='bbox 2597 3614 2757 3672; x_wconf 65' lang='lat' dir='ltr'><strong>incon</strong></span> <span class='ocrx_word' id='word_1_768' title='bbox 2800 3615 3085 3655; x_wconf 72' lang='grc' dir='ltr'>Αιιιιιιιιτιιιί</span> <span class='ocrx_word' id='word_1_769' title='bbox 3113 3598 3137 3669; x_wconf 57' lang='grc'>,⁷</span> <span class='ocrx_word' id='word_1_770' title='bbox 3169 3615 3272 3670; x_wconf 72' lang='lat' dir='ltr'><strong>quo</strong></span> <span class='ocrx_word' id='word_1_771' title='bbox 3316 3601 3432 3672; x_wconf 73' lang='lat' dir='ltr'><strong>jam</strong></span> <span class='ocrx_word' id='word_1_772' title='bbox 3480 3600 3804 3669; x_wconf 77' lang='lat' dir='ltr'><strong>propendere</strong></span> 
     </span>
    </p>
   </div>
   <div class='ocr_carea' id='block_1_109' title="bbox 2203 3666 2806 3740">
    <p class='ocr_par' dir='ltr' id='par_1_109' title="bbox 2203 3666 2806 3740">
     <span class='ocr_line' id='line_1_110' title="bbox 2203 3666 2806 3740; baseline 0.008 -21"><span class='ocrx_word' id='word_1_773' title='bbox 2203 3666 2492 3740; x_wconf 72' lang='lat' dir='ltr'><strong>videbatur,</strong></span> <span class='ocrx_word' id='word_1_774' title='bbox 2526 3670 2806 3740; x_wconf 84' lang='lat' dir='ltr'><strong>impellere.</strong></span> 
     </span>
    </p>
   </div>
   <div class='ocr_carea' id='block_1_110' title="bbox 2276 3736 3802 3813">
    <p class='ocr_par' dir='ltr' id='par_1_110' title="bbox 2276 3736 3802 3813">
     <span class='ocr_line' id='line_1_111' title="bbox 2276 3736 3802 3813; baseline 0.001 -20"><span class='ocrx_word' id='word_1_775' title='bbox 2276 3736 2302 3774; x_wconf 55' lang='grc' dir='ltr'>κ</span> <span class='ocrx_word' id='word_1_776' title='bbox 2345 3738 2579 3813; x_wconf 76' lang='lat' dir='ltr'><strong>Verbum</strong></span> <span class='ocrx_word' id='word_1_777' title='bbox 2599 3736 2961 3813; x_wconf 59' lang='lat' dir='ltr'><strong>&#39;datus,quod</strong></span> <span class='ocrx_word' id='word_1_778' title='bbox 3004 3758 3035 3796; x_wconf 90' lang='lat' dir='ltr'><strong>e</strong></span> <span class='ocrx_word' id='word_1_779' title='bbox 3083 3741 3300 3795; x_wconf 84' lang='lat' dir='ltr'><strong>Baronii</strong></span> <span class='ocrx_word' id='word_1_780' title='bbox 3330 3739 3670 3813; x_wconf 62' lang='lat' dir='ltr'><strong>archetypo,</strong></span> <span class='ocrx_word' id='word_1_781' title='bbox 3704 3749 3802 3795; x_wconf 89' lang='lat' dir='ltr'><strong>aut</strong></span> 
     </span>
    </p>
   </div>
   <div class='ocr_carea' id='block_1_111' title="bbox 2202 3810 3800 3883">
    <p class='ocr_par' dir='ltr' id='par_1_111' title="bbox 2202 3810 3800 3883">
     <span class='ocr_line' id='line_1_112' title="bbox 2202 3810 3800 3883; baseline 0.001 -19"><span class='ocrx_word' id='word_1_782' title='bbox 2202 3819 2367 3883; x_wconf 83' lang='lat' dir='ltr'><strong>certe</strong></span> <span class='ocrx_word' id='word_1_783' title='bbox 2397 3810 2612 3883; x_wconf 82' lang='lat' dir='ltr'><strong>simile,</strong></span> <span class='ocrx_word' id='word_1_784' title='bbox 2657 3812 2968 3878; x_wconf 80' lang='lat' dir='ltr'><strong>exciderat,</strong></span> <span class='ocrx_word' id='word_1_785' title='bbox 3014 3813 3285 3883; x_wconf 78' lang='lat' dir='ltr'><strong>supplevit</strong></span> <span class='ocrx_word' id='word_1_786' title='bbox 3314 3810 3618 3867; x_wconf 76' lang='lat' dir='ltr'><strong>Camer-ius</strong></span> <span class='ocrx_word' id='word_1_787' title='bbox 3661 3832 3671 3865; x_wconf 76' lang='grc' dir='ltr'>ε</span> <span class='ocrx_word' id='word_1_788' title='bbox 3709 3813 3800 3882; x_wconf 90' lang='lat' dir='ltr'><strong>qui</strong></span> 
     </span>
    </p>
   </div>
   <div class='ocr_carea' id='block_1_112' title="bbox 2203 3881 3797 3956">
    <p class='ocr_par' dir='ltr' id='par_1_112' title="bbox 2203 3881 3797 3956">
     <span class='ocr_line' id='line_1_113' title="bbox 2203 3881 3797 3956; baseline 0.001 -21"><span class='ocrx_word' id='word_1_789' title='bbox 2203 3887 2258 3935; x_wconf 86' lang='lat' dir='ltr'><strong>et</strong></span> <span class='ocrx_word' id='word_1_790' title='bbox 2284 3881 2482 3938; x_wconf 84' lang='lat' dir='ltr'><strong>exinde</strong></span> <span class='ocrx_word' id='word_1_791' title='bbox 2509 3883 2789 3956; x_wconf 60' lang='lat' dir='ltr'><strong>apudeos,</strong></span> <span class='ocrx_word' id='word_1_792' title='bbox 2820 3881 3212 3956; x_wconf 79' lang='lat' dir='ltr'><strong>ubi__Baronius</strong></span> <span class='ocrx_word' id='word_1_793' title='bbox 3237 3884 3380 3956; x_wconf 85' lang='lat' dir='ltr'><strong>apud</strong></span> <span class='ocrx_word' id='word_1_794' title='bbox 3408 3900 3500 3956; x_wconf 81' lang='lat' dir='ltr'><strong>nos</strong></span> <span class='ocrx_word' id='word_1_795' title='bbox 3514 3881 3797 3956; x_wconf 71' lang='lat' dir='ltr'><strong>ediderat,</strong></span> 
     </span>
    </p>
   </div>
   <div class='ocr_carea' id='block_1_113' title="bbox 2202 3953 3802 4024">
    <p class='ocr_par' dir='ltr' id='par_1_113' title="bbox 2202 3953 3802 4024">
     <span class='ocr_line' id='line_1_114' title="bbox 2202 3953 3802 4024; baseline -0.002 -15"><span class='ocrx_word' id='word_1_796' title='bbox 2202 3960 2354 4024; x_wconf 72' lang='lat' dir='ltr'><strong>recte</strong></span> <span class='ocrx_word' id='word_1_797' title='bbox 2399 3968 2597 4024; x_wconf 84' lang='lat' dir='ltr'><strong>actus.</strong></span> <span class='ocrx_word' id='word_1_798' title='bbox 2629 3953 3168 4024; x_wconf 37' lang='lat' dir='ltr'><strong>Vaticssuﬂ&#39;ragante</strong></span> <span class='ocrx_word' id='word_1_799' title='bbox 3213 3953 3469 4011; x_wconf 79' lang='lat' dir='ltr'><strong>restituit.</strong></span> <span class='ocrx_word' id='word_1_800' title='bbox 3514 3953 3566 4009; x_wconf 87' lang='lat' dir='ltr'><strong>ls</strong></span> <span class='ocrx_word' id='word_1_801' title='bbox 3597 3957 3802 4024; x_wconf 79' lang='lat' dir='ltr'><strong>quippe</strong></span> 
     </span>
    </p>
   </div>
   <div class='ocr_carea' id='block_1_114' title="bbox 2205 4022 3799 4089">
    <p class='ocr_par' dir='ltr' id='par_1_114' title="bbox 2205 4022 3799 4089">
     <span class='ocr_line' id='line_1_115' title="bbox 2205 4022 3799 4089; baseline 0.003 -13"><span class='ocrx_word' id='word_1_802' title='bbox 2205 4023 2421 4078; x_wconf 87' lang='lat' dir='ltr'><strong>libellus</strong></span> <span class='ocrx_word' id='word_1_803' title='bbox 2447 4022 2593 4078; x_wconf 73' lang='lat' dir='ltr'><strong>Afris</strong></span> <span class='ocrx_word' id='word_1_804' title='bbox 2623 4025 2764 4086; x_wconf 79' lang='lat' dir='ltr'><strong>apud</strong></span> <span class='ocrx_word' id='word_1_805' title='bbox 2795 4022 3177 4089; x_wconf 64' lang='lat' dir='ltr'><strong>Carthaginem</strong></span> <span class='ocrx_word' id='word_1_806' title='bbox 3211 4026 3423 4079; x_wconf 74' lang='lat' dir='ltr'><strong>oblatus</strong></span> <span class='ocrx_word' id='word_1_807' title='bbox 3460 4022 3657 4080; x_wconf 81' lang='lat' dir='ltr'><strong>fuerat.</strong></span> <span class='ocrx_word' id='word_1_808' title='bbox 3690 4025 3799 4081; x_wconf 83' lang='lat' dir='ltr'><strong>Sed</strong></span> 
     </span>
    </p>
   </div>
   <div class='ocr_carea' id='block_1_115' title="bbox 2206 4092 3798 4166">
    <p class='ocr_par' dir='ltr' id='par_1_115' title="bbox 2206 4092 3798 4166">
     <span class='ocr_line' id='line_1_116' title="bbox 2206 4092 3798 4166; baseline 0.004 -21"><span class='ocrx_word' id='word_1_809' title='bbox 2206 4092 2347 4166; x_wconf 80' lang='lat' dir='ltr'><strong>hunc</strong></span> <span class='ocrx_word' id='word_1_810' title='bbox 2396 4095 2724 4166; x_wconf 78' lang='lat' dir='ltr'><strong>posmrinri,</strong></span> <span class='ocrx_word' id='word_1_811' title='bbox 2784 4112 2944 4166; x_wconf 89' lang='lat' dir='ltr'><strong>quem</strong></span> <span class='ocrx_word' id='word_1_812' title='bbox 2991 4096 3212 4153; x_wconf 84' lang='lat' dir='ltr'><strong>Zusimn</strong></span> <span class='ocrx_word' id='word_1_813' title='bbox 3264 4096 3446 4161; x_wconf 83' lang='lat' dir='ltr'><strong>dedit,</strong></span> <span class='ocrx_word' id='word_1_814' title='bbox 3495 4099 3798 4151; x_wconf 77' lang='lat' dir='ltr'><strong>subnexum</strong></span> 
     </span>
    </p>
   </div>
   <div class='ocr_carea' id='block_1_116' title="bbox 2205 4163 3801 4237">
    <p class='ocr_par' dir='ltr' id='par_1_116' title="bbox 2205 4163 3801 4237">
     <span class='ocr_line' id='line_1_117' title="bbox 2205 4163 3801 4237; baseline 0 -19"><span class='ocrx_word' id='word_1_815' title='bbox 2205 4163 2373 4220; x_wconf 84' lang='lat' dir='ltr'><strong>fuisse</strong></span> <span class='ocrx_word' id='word_1_816' title='bbox 2404 4165 2535 4220; x_wconf 84' lang='lat' dir='ltr'><strong>inde.</strong></span> <span class='ocrx_word' id='word_1_817' title='bbox 2556 4163 2851 4237; x_wconf 80' lang='lat' dir='ltr'><strong>colligitur.</strong></span> <span class='ocrx_word' id='word_1_818' title='bbox 2886 4168 2962 4223; x_wconf 88' lang='lat' dir='ltr'><strong>De</strong></span> <span class='ocrx_word' id='word_1_819' title='bbox 2994 4169 3180 4236; x_wconf 87' lang='lat' dir='ltr'><strong>priore</strong></span> <span class='ocrx_word' id='word_1_820' title='bbox 3209 4168 3301 4223; x_wconf 92' lang='lat' dir='ltr'><strong>illo</strong></span> <span class='ocrx_word' id='word_1_821' title='bbox 3341 4168 3528 4222; x_wconf 85' lang='lat' dir='ltr'><strong>libello</strong></span> <span class='ocrx_word' id='word_1_822' title='bbox 3568 4167 3801 4222; x_wconf 75' lang='lat' dir='ltr'><strong>Cartha-</strong></span> 
     </span>
    </p>
   </div>
   <div class='ocr_carea' id='block_1_117' title="bbox 2204 4237 3797 4308">
    <p class='ocr_par' dir='ltr' id='par_1_117' title="bbox 2204 4237 3797 4308">
     <span class='ocr_line' id='line_1_118' title="bbox 2204 4237 3797 4308; baseline 0.005 -21"><span class='ocrx_word' id='word_1_823' title='bbox 2204 4237 2430 4305; x_wconf 67' lang='lat' dir='ltr'><strong>gincnse</strong></span> <span class='ocrx_word' id='word_1_824' title='bbox 2457 4237 2745 4308; x_wconf 76' lang='lat' dir='ltr'><strong>concilium</strong></span> <span class='ocrx_word' id='word_1_825' title='bbox 2778 4240 2939 4308; x_wconf 88' lang='lat' dir='ltr'><strong>epist.</strong></span> <span class='ocrx_word' id='word_1_826' title='bbox 2972 4239 3068 4307; x_wconf 70' lang='lat'><strong>26,</strong></span> <span class='ocrx_word' id='word_1_827' title='bbox 3105 4240 3169 4292; x_wconf 90' lang='lat' dir='ltr'><strong>ad</strong></span> <span class='ocrx_word' id='word_1_828' title='bbox 3203 4239 3571 4295; x_wconf 79' lang='lat' dir='ltr'><strong>Innocentium</strong></span> <span class='ocrx_word' id='word_1_829' title='bbox 3597 4279 3611 4302; x_wconf 91' lang='lat'><strong>,</strong></span> <span class='ocrx_word' id='word_1_830' title='bbox 3659 4255 3714 4295; x_wconf 85' lang='grc' dir='ltr'>ιι,</span> <span class='ocrx_word' id='word_1_831' title='bbox 3740 4240 3797 4304; x_wconf 80' lang='lat'><strong>5,</strong></span> 
     </span>
    </p>
   </div>
   <div class='ocr_carea' id='block_1_118' title="bbox 2208 4306 3798 4381">
    <p class='ocr_par' dir='ltr' id='par_1_118' title="bbox 2208 4306 3798 4381">
     <span class='ocr_line' id='line_1_119' title="bbox 2208 4306 3798 4381; baseline 0.002 -20"><span class='ocrx_word' id='word_1_832' title='bbox 2208 4309 2277 4381; x_wconf 76' lang='lat' dir='ltr'><strong>ita</strong></span> <span class='ocrx_word' id='word_1_833' title='bbox 2302 4308 2545 4381; x_wconf 86' lang='lat' dir='ltr'><strong>loquitur</strong></span> <span class='ocrx_word' id='word_1_834' title='bbox 2567 4327 2580 4364; x_wconf 88' lang='lat'><strong>:</strong></span> <span class='ocrx_word' id='word_1_835' title='bbox 2604 4306 2708 4364; x_wconf 83' lang='lat' dir='ltr'><strong>Per</strong></span> <span class='ocrx_word' id='word_1_836' title='bbox 2728 4306 3042 4381; x_wconf 66' lang='lat' dir='ltr'><strong>baptismum</strong></span> <span class='ocrx_word' id='word_1_837' title='bbox 3058 4306 3255 4366; x_wconf 80' lang='lat' dir='ltr'><strong>Christi</strong></span> <span class='ocrx_word' id='word_1_838' title='bbox 3280 4312 3439 4364; x_wconf 88' lang='lat' dir='ltr'><strong>etiam</strong></span> <span class='ocrx_word' id='word_1_839' title='bbox 3460 4312 3798 4381; x_wconf 76' lang='lat' dir='ltr'><strong>parvulorum</strong></span> 
     </span>
    </p>
   </div>
   <div class='ocr_carea' id='block_1_119' title="bbox 2132 4378 3794 4469">
    <p class='ocr_par' dir='ltr' id='par_1_119' title="bbox 2132 4378 3794 4469">
     <span class='ocr_line' id='line_1_120' title="bbox 2132 4378 3794 4469; baseline 0.001 -38"><span class='ocrx_word' id='word_1_840' title='bbox 2132 4409 2183 4469; x_wconf 65' lang='grc' dir='ltr'><strong>Ι)</strong></span> <span class='ocrx_word' id='word_1_841' title='bbox 2208 4378 2320 4447; x_wconf 82' lang='lat' dir='ltr'><strong>ﬁeri</strong></span> <span class='ocrx_word' id='word_1_842' title='bbox 2343 4378 2761 4469; x_wconf 63' lang='lat' dir='ltr'><strong>redemptionem</strong></span> <span class='ocrx_word' id='word_1_843' title='bbox 2790 4378 2962 4469; x_wconf 39' lang='lat' dir='ltr'><strong>libpello</strong></span> <span class='ocrx_word' id='word_1_844' title='bbox 2990 4398 3082 4437; x_wconf 84' lang='lat' dir='ltr'><strong>suo</strong></span> <span class='ocrx_word' id='word_1_845' title='bbox 3116 4380 3385 4469; x_wconf 46' lang='lat' dir='ltr'><strong>Cft&#39;llestius</strong></span> <span class='ocrx_word' id='word_1_846' title='bbox 3425 4378 3479 4435; x_wconf 85' lang='lat' dir='ltr'><strong>in</strong></span> <span class='ocrx_word' id='word_1_847' title='bbox 3512 4380 3794 4469; x_wconf 35' lang='lat' dir='ltr'><strong>Crurifragi-</strong></span> 
     </span>
    </p>
   </div>
   <div class='ocr_carea' id='block_1_120' title="bbox 2205 4450 3798 4523">
    <p class='ocr_par' dir='ltr' id='par_1_120' title="bbox 2205 4450 3798 4523">
     <span class='ocr_line' id='line_1_121' title="bbox 2205 4450 3798 4523; baseline 0.004 -21"><span class='ocrx_word' id='word_1_848' title='bbox 2205 4451 2357 4523; x_wconf 81' lang='lat' dir='ltr'><strong>nensi</strong></span> <span class='ocrx_word' id='word_1_849' title='bbox 2371 4450 2585 4506; x_wconf 77' lang='lat' dir='ltr'><strong>ecclesia</strong></span> <span class='ocrx_word' id='word_1_850' title='bbox 2606 4453 2715 4521; x_wconf 84' lang='lat' dir='ltr'><strong>jam</strong></span> <span class='ocrx_word' id='word_1_851' title='bbox 2741 4452 3007 4523; x_wconf 75' lang='lat' dir='ltr'><strong>confessus</strong></span> <span class='ocrx_word' id='word_1_852' title='bbox 3029 4464 3128 4509; x_wconf 87' lang='lat' dir='ltr'><strong>est.</strong></span> <span class='ocrx_word' id='word_1_853' title='bbox 3156 4453 3342 4508; x_wconf 80' lang='lat' dir='ltr'><strong>Libelli</strong></span> <span class='ocrx_word' id='word_1_854' title='bbox 3366 4462 3422 4508; x_wconf 87' lang='lat' dir='ltr'><strong>et</strong></span> <span class='ocrx_word' id='word_1_855' title='bbox 3438 4450 3798 4508; x_wconf 67' lang='lat' dir='ltr'><strong>confessionis</strong></span> 
     </span>
    </p>
   </div>
   <div class='ocr_carea' id='block_1_121' title="bbox 2206 4521 3790 4593">
    <p class='ocr_par' dir='ltr' id='par_1_121' title="bbox 2206 4521 3790 4593">
     <span class='ocr_line' id='line_1_122' title="bbox 2206 4521 3790 4593; baseline 0.004 -20"><span class='ocrx_word' id='word_1_856' title='bbox 2206 4521 2449 4589; x_wconf 83' lang='lat' dir='ltr'><strong>ejusdem</strong></span> <span class='ocrx_word' id='word_1_857' title='bbox 2484 4525 2682 4593; x_wconf 65' lang='lat' dir='ltr'><strong>smptus</strong></span> <span class='ocrx_word' id='word_1_858' title='bbox 2707 4521 3043 4593; x_wconf 82' lang='lat' dir='ltr'><strong>Augustinus</strong></span> <span class='ocrx_word' id='word_1_859' title='bbox 3076 4525 3342 4590; x_wconf 87' lang='lat' dir='ltr'><strong>meminit,</strong></span> <span class='ocrx_word' id='word_1_860' title='bbox 3375 4538 3437 4577; x_wconf 87' lang='lat' dir='ltr'><strong>ac</strong></span> <span class='ocrx_word' id='word_1_861' title='bbox 3468 4524 3790 4579; x_wconf 81' lang='lat' dir='ltr'><strong>nominatim</strong></span> 
     </span>
    </p>
   </div>
   <div class='ocr_carea' id='block_1_122' title="bbox 2205 4592 3789 4665">
    <p class='ocr_par' dir='ltr' id='par_1_122' title="bbox 2205 4592 3789 4665">
     <span class='ocr_line' id='line_1_123' title="bbox 2205 4592 3789 4665; baseline 0.003 -21"><span class='ocrx_word' id='word_1_862' title='bbox 2205 4593 2362 4659; x_wconf 84' lang='lat' dir='ltr'><strong>epist.</strong></span> <span class='ocrx_word' id='word_1_863' title='bbox 2398 4593 2525 4665; x_wconf 84' lang='lat' dir='ltr'><strong>olim</strong></span> <span class='ocrx_word' id='word_1_864' title='bbox 2568 4592 2658 4660; x_wconf 87' lang='lat'><strong>89,</strong></span> <span class='ocrx_word' id='word_1_865' title='bbox 2696 4592 2839 4649; x_wconf 85' lang='lat' dir='ltr'><strong>nunc</strong></span> <span class='ocrx_word' id='word_1_866' title='bbox 2870 4594 2994 4665; x_wconf 81' lang='lat' dir='ltr'><strong>l57,</strong></span> <span class='ocrx_word' id='word_1_867' title='bbox 3026 4611 3081 4649; x_wconf 92' lang='grc' dir='ltr'>ιι.</span> <span class='ocrx_word' id='word_1_868' title='bbox 3111 4596 3205 4659; x_wconf 74' lang='lat'><strong>‘22,</strong></span> <span class='ocrx_word' id='word_1_869' title='bbox 3242 4608 3293 4650; x_wconf 90' lang='lat' dir='ltr'><strong>et</strong></span> <span class='ocrx_word' id='word_1_870' title='bbox 3326 4595 3417 4649; x_wconf 89' lang='lat' dir='ltr'><strong>lib.</strong></span> <span class='ocrx_word' id='word_1_871' title='bbox 3453 4596 3520 4648; x_wconf 89' lang='lat' dir='ltr'><strong>de</strong></span> <span class='ocrx_word' id='word_1_872' title='bbox 3557 4596 3789 4649; x_wconf 82' lang='lat' dir='ltr'><strong>lletniss.</strong></span> 
     </span>
    </p>
   </div>
   <div class='ocr_carea' id='block_1_123' title="bbox 2206 4664 3797 4736">
    <p class='ocr_par' dir='ltr' id='par_1_123' title="bbox 2206 4664 3797 4736">
     <span class='ocr_line' id='line_1_124' title="bbox 2206 4664 3797 4736; baseline 0.003 -20"><span class='ocrx_word' id='word_1_873' title='bbox 2206 4676 2357 4732; x_wconf 81' lang='lat' dir='ltr'><strong>pecc.</strong></span> <span class='ocrx_word' id='word_1_874' title='bbox 2388 4679 2436 4717; x_wconf 88' lang='lat' dir='ltr'><strong>c.</strong></span> <span class='ocrx_word' id='word_1_875' title='bbox 2470 4664 2562 4731; x_wconf 67' lang='lat'><strong>54,</strong></span> <span class='ocrx_word' id='word_1_876' title='bbox 2601 4665 2689 4720; x_wconf 87' lang='lat' dir='ltr'><strong>ubi</strong></span> <span class='ocrx_word' id='word_1_877' title='bbox 2735 4667 2919 4736; x_wconf 85' lang='lat' dir='ltr'><strong>legere</strong></span> <span class='ocrx_word' id='word_1_878' title='bbox 2947 4675 3029 4721; x_wconf 90' lang='lat' dir='ltr'><strong>est</strong></span> <span class='ocrx_word' id='word_1_879' title='bbox 3057 4685 3069 4721; x_wconf 94' lang='lat'>:</span> <span class='ocrx_word' id='word_1_880' title='bbox 3106 4667 3257 4731; x_wconf 82' lang='lat' dir='ltr'><strong>Quod</strong></span> <span class='ocrx_word' id='word_1_881' title='bbox 3288 4667 3471 4720; x_wconf 86' lang='lat' dir='ltr'><strong>attinet</strong></span> <span class='ocrx_word' id='word_1_882' title='bbox 3503 4666 3571 4718; x_wconf 86' lang='lat' dir='ltr'><strong>ad</strong></span> <span class='ocrx_word' id='word_1_883' title='bbox 3601 4665 3797 4734; x_wconf 84' lang='lat' dir='ltr'><strong>baptis-</strong></span> 
     </span>
    </p>
   </div>
   <div class='ocr_carea' id='block_1_124' title="bbox 2206 4737 3795 4815">
    <p class='ocr_par' dir='ltr' id='par_1_124' title="bbox 2206 4737 3795 4815">
     <span class='ocr_line' id='line_1_125' title="bbox 2206 4737 3795 4815; baseline 0.004 -30"><span class='ocrx_word' id='word_1_884' title='bbox 2206 4750 2347 4815; x_wconf 70' lang='lat' dir='ltr'><strong>mum</strong></span> <span class='ocrx_word' id='word_1_885' title='bbox 2375 4738 2729 4815; x_wconf 81' lang='lat' dir='ltr'><strong>parvulorum,</strong></span> <span class='ocrx_word' id='word_1_886' title='bbox 2762 4745 2817 4789; x_wconf 88' lang='lat' dir='ltr'><strong>ut</strong></span> <span class='ocrx_word' id='word_1_887' title='bbox 2846 4739 2918 4791; x_wconf 87' lang='lat' dir='ltr'><strong>eis</strong></span> <span class='ocrx_word' id='word_1_888' title='bbox 2945 4738 3011 4815; x_wconf 80' lang='lat' dir='ltr'><strong>sit</strong></span> <span class='ocrx_word' id='word_1_889' title='bbox 3050 4738 3365 4815; x_wconf 77' lang='lat' dir='ltr'><strong>necessarius</strong></span> <span class='ocrx_word' id='word_1_890' title='bbox 3387 4777 3403 4803; x_wconf 94' lang='lat'><strong>,</strong></span> <span class='ocrx_word' id='word_1_891' title='bbox 3441 4737 3795 4815; x_wconf 73' lang='lat' dir='ltr'><strong>redemptione</strong></span> 
     </span>
    </p>
   </div>
   <div class='ocr_carea' id='block_1_125' title="bbox 2203 4806 3793 4881">
    <p class='ocr_par' dir='ltr' id='par_1_125' title="bbox 2203 4806 3793 4881">
     <span class='ocr_line' id='line_1_126' title="bbox 2203 4806 3793 4881; baseline 0.003 -26"><span class='ocrx_word' id='word_1_892' title='bbox 2203 4806 2510 4881; x_wconf 69' lang='lat' dir='ltr'><strong>ipsisetiam</strong></span> <span class='ocrx_word' id='word_1_893' title='bbox 2536 4823 2665 4881; x_wconf 84' lang='lat' dir='ltr'><strong>opus</strong></span> <span class='ocrx_word' id='word_1_894' title='bbox 2686 4824 2795 4862; x_wconf 85' lang='lat' dir='ltr'><strong>esse</strong></span> <span class='ocrx_word' id='word_1_895' title='bbox 2817 4808 3125 4881; x_wconf 86' lang='lat' dir='ltr'><strong>concedunt,</strong></span> <span class='ocrx_word' id='word_1_896' title='bbox 3150 4810 3282 4862; x_wconf 80' lang='lat' dir='ltr'><strong>sicut</strong></span> <span class='ocrx_word' id='word_1_897' title='bbox 3310 4808 3584 4881; x_wconf 84' lang='lat' dir='ltr'><strong>cujusdam</strong></span> <span class='ocrx_word' id='word_1_898' title='bbox 3610 4824 3793 4881; x_wconf 70' lang='lat' dir='ltr'><strong>eorum</strong></span> 
     </span>
    </p>
   </div>
   <div class='ocr_carea' id='block_1_126' title="bbox 2203 4877 3793 4951">
    <p class='ocr_par' dir='ltr' id='par_1_126' title="bbox 2203 4877 3793 4951">
     <span class='ocr_line' id='line_1_127' title="bbox 2203 4877 3793 4951; baseline 0.004 -25"><span class='ocrx_word' id='word_1_899' title='bbox 2203 4877 2713 4951; x_wconf 68' lang='lat' dir='ltr'><strong>libellacontinettti&#39;</strong></span> <span class='ocrx_word' id='word_1_900' title='bbox 2749 4895 2768 4933; x_wconf 90' lang='lat'><strong><em>:</em></strong></span> <span class='ocrx_word' id='word_1_901' title='bbox 2806 4880 2895 4950; x_wconf 85' lang='lat' dir='ltr'><strong>qui</strong></span> <span class='ocrx_word' id='word_1_902' title='bbox 2948 4889 3117 4934; x_wconf 89' lang='lat' dir='ltr'><strong>tamen</strong></span> <span class='ocrx_word' id='word_1_903' title='bbox 3160 4877 3513 4934; x_wconf 79' lang='lat' dir='ltr'><strong>remissionem</strong></span> <span class='ocrx_word' id='word_1_904' title='bbox 3561 4880 3793 4951; x_wconf 79' lang='lat' dir='ltr'><strong>alicujus</strong></span> 
     </span>
    </p>
   </div>
   <div class='ocr_carea' id='block_1_127' title="bbox 2202 4947 3797 5020">
    <p class='ocr_par' dir='ltr' id='par_1_127' title="bbox 2202 4947 3797 5020">
     <span class='ocr_line' id='line_1_128' title="bbox 2202 4947 3797 5020; baseline 0.003 -21"><span class='ocrx_word' id='word_1_905' title='bbox 2202 4947 2399 5016; x_wconf 81' lang='lat' dir='ltr'><strong>peccati</strong></span> <span class='ocrx_word' id='word_1_906' title='bbox 2438 4951 2666 5020; x_wconf 83' lang='lat' dir='ltr'><strong>apertius</strong></span> <span class='ocrx_word' id='word_1_907' title='bbox 2711 4947 2998 5020; x_wconf 70' lang='lat' dir='ltr'><strong>exprimere</strong></span> <span class='ocrx_word' id='word_1_908' title='bbox 3035 4951 3223 5005; x_wconf 88' lang='lat' dir='ltr'><strong>noluit.</strong></span> <span class='ocrx_word' id='word_1_909' title='bbox 3269 4952 3384 5005; x_wconf 80' lang='lat' dir='ltr'><strong>lloc</strong></span> <span class='ocrx_word' id='word_1_910' title='bbox 3423 4960 3601 5005; x_wconf 87' lang='lat' dir='ltr'><strong>autem</strong></span> <span class='ocrx_word' id='word_1_911' title='bbox 3653 4947 3797 5004; x_wconf 85' lang='lat' dir='ltr'><strong>nolle</strong></span> 
     </span>
    </p>
   </div>
   <div class='ocr_carea' id='block_1_128' title="bbox 2202 5021 3793 5090">
    <p class='ocr_par' dir='ltr' id='par_1_128' title="bbox 2202 5021 3793 5090">
     <span class='ocr_line' id='line_1_129' title="bbox 2202 5021 3793 5090; baseline 0.003 -19"><span class='ocrx_word' id='word_1_912' title='bbox 2202 5035 2261 5071; x_wconf 73' lang='lat' dir='ltr'><strong>sc</strong></span> <span class='ocrx_word' id='word_1_913' title='bbox 2293 5026 2521 5074; x_wconf 80' lang='lat' dir='ltr'><strong>testatus</strong></span> <span class='ocrx_word' id='word_1_914' title='bbox 2552 5031 2635 5075; x_wconf 88' lang='lat' dir='ltr'><strong>est</strong></span> <span class='ocrx_word' id='word_1_915' title='bbox 2659 5021 2948 5077; x_wconf 74' lang='lat' dir='ltr'><strong>Caelestius</strong></span> <span class='ocrx_word' id='word_1_916' title='bbox 2980 5036 3084 5076; x_wconf 87' lang='lat' dir='ltr'><strong>non</strong></span> <span class='ocrx_word' id='word_1_917' title='bbox 3123 5023 3173 5075; x_wconf 91' lang='lat' dir='ltr'><strong>in</strong></span> <span class='ocrx_word' id='word_1_918' title='bbox 3206 5021 3325 5090; x_wconf 86' lang='lat' dir='ltr'><strong>ipso</strong></span> <span class='ocrx_word' id='word_1_919' title='bbox 3356 5022 3572 5084; x_wconf 86' lang='lat' dir='ltr'><strong>libel.o,</strong></span> <span class='ocrx_word' id='word_1_920' title='bbox 3606 5024 3700 5077; x_wconf 61' lang='lat' dir='ltr'><strong>sed</strong></span> <span class='ocrx_word' id='word_1_921' title='bbox 3740 5022 3793 5075; x_wconf 90' lang='lat' dir='ltr'><strong>in</strong></span> 
     </span>
    </p>
   </div>
   <div class='ocr_carea' id='block_1_129' title="bbox 2201 5089 3791 5163">
    <p class='ocr_par' dir='ltr' id='par_1_129' title="bbox 2201 5089 3791 5163">
     <span class='ocr_line' id='line_1_130' title="bbox 2201 5089 3791 5163; baseline 0.003 -21"><span class='ocrx_word' id='word_1_922' title='bbox 2201 5089 2581 5163; x_wconf 10' lang='lat' dir='ltr'><strong>gt&#39;stis,rdutn</strong></span> <span class='ocrx_word' id='word_1_923' title='bbox 2641 5108 2762 5147; x_wconf 88' lang='lat' dir='ltr'><strong>cmn</strong></span> <span class='ocrx_word' id='word_1_924' title='bbox 2823 5095 3035 5163; x_wconf 82' lang='lat' dir='ltr'><strong>urgenti</strong></span> <span class='ocrx_word' id='word_1_925' title='bbox 3088 5089 3338 5159; x_wconf 83' lang='lat' dir='ltr'><strong>Paulino,</strong></span> <span class='ocrx_word' id='word_1_926' title='bbox 3398 5103 3454 5146; x_wconf 85' lang='grc' dir='ltr'><strong>ιιι</strong></span> <span class='ocrx_word' id='word_1_927' title='bbox 3506 5104 3791 5163; x_wconf 83' lang='lat' dir='ltr'><strong>peceatum</strong></span> 
     </span>
    </p>
   </div>
   <div class='ocr_carea' id='block_1_130' title="bbox 2201 5162 3791 5231">
    <p class='ocr_par' dir='ltr' id='par_1_130' title="bbox 2201 5162 3791 5231">
     <span class='ocr_line' id='line_1_131' title="bbox 2201 5162 3791 5231; baseline 0.003 -19"><span class='ocrx_word' id='word_1_928' title='bbox 2201 5162 2465 5230; x_wconf 78' lang='lat' dir='ltr'><strong>originale</strong></span> <span class='ocrx_word' id='word_1_929' title='bbox 2510 5162 2909 5231; x_wconf 53' lang='lat' dir='ltr'><strong>confiteretur,</strong></span> <span class='ocrx_word' id='word_1_930' title='bbox 2936 5172 3077 5219; x_wconf 89' lang='lat' dir='ltr'><strong>teste</strong></span> <span class='ocrx_word' id='word_1_931' title='bbox 3109 5165 3410 5231; x_wconf 64' lang='grc' dir='ltr'>ιιιιεξιιδιὶιιο</span> <span class='ocrx_word' id='word_1_932' title='bbox 3441 5163 3537 5219; x_wconf 89' lang='lat' dir='ltr'><strong>lib.</strong></span> <span class='ocrx_word' id='word_1_933' title='bbox 3569 5162 3640 5218; x_wconf 87' lang='lat' dir='ltr'><strong>de</strong></span> <span class='ocrx_word' id='word_1_934' title='bbox 3670 5162 3791 5218; x_wconf 88' lang='lat' dir='ltr'><strong>Ori-</strong></span> 
     </span>
    </p>
   </div>
   <div class='ocr_carea' id='block_1_131' title="bbox 2199 5230 3795 5306">
    <p class='ocr_par' dir='ltr' id='par_1_131' title="bbox 2199 5230 3795 5306">
     <span class='ocr_line' id='line_1_132' title="bbox 2199 5230 3795 5306; baseline 0.002 -23"><span class='ocrx_word' id='word_1_935' title='bbox 2199 5232 2308 5299; x_wconf 83' lang='lat' dir='ltr'><strong>gin.</strong></span> <span class='ocrx_word' id='word_1_936' title='bbox 2360 5249 2510 5306; x_wconf 71' lang='lat' dir='ltr'><strong>pt&#39;cc.</strong></span> <span class='ocrx_word' id='word_1_937' title='bbox 2554 5250 2607 5289; x_wconf 86' lang='grc' dir='ltr'><strong>ιι.</strong></span> <span class='ocrx_word' id='word_1_938' title='bbox 2644 5238 2696 5295; x_wconf 76' lang='grc' dir='ltr'>ὅ,</span> <span class='ocrx_word' id='word_1_939' title='bbox 2743 5230 3031 5306; x_wconf 65' lang='grc' dir='ltr'>ιξιξδιιιιιιιιίὶ</span> <span class='ocrx_word' id='word_1_940' title='bbox 3082 5253 3093 5288; x_wconf 90' lang='lat'><strong>:</strong></span> <span class='ocrx_word' id='word_1_941' title='bbox 3146 5230 3382 5306; x_wconf 79' lang='lat' dir='ltr'><strong>Infantes</strong></span> <span class='ocrx_word' id='word_1_942' title='bbox 3428 5235 3795 5306; x_wconf 15' lang='grc' dir='ltr'><strong>εειιιυιντνάὶςιεί</strong></span> 
     </span>
    </p>
   </div>
   <div class='ocr_carea' id='block_1_132' title="bbox 2199 5304 3794 5377">
    <p class='ocr_par' dir='ltr' id='par_1_132' title="bbox 2199 5304 3794 5377">
     <span class='ocr_line' id='line_1_133' title="bbox 2199 5304 3794 5377; baseline 0.003 -23"><span class='ocrx_word' id='word_1_943' title='bbox 2199 5319 2346 5377; x_wconf 74' lang='lat' dir='ltr'><strong>egere</strong></span> <span class='ocrx_word' id='word_1_944' title='bbox 2376 5304 2624 5373; x_wconf 79' lang='lat' dir='ltr'><strong>baptismo</strong></span> <span class='ocrx_word' id='word_1_945' title='bbox 2657 5321 2717 5357; x_wconf 85' lang='lat' dir='ltr'><strong>ac</strong></span> <span class='ocrx_word' id='word_1_946' title='bbox 2738 5305 2921 5361; x_wconf 80' lang='lat' dir='ltr'><strong>debere</strong></span> <span class='ocrx_word' id='word_1_947' title='bbox 2951 5304 3224 5375; x_wconf 77' lang='lat' dir='ltr'><strong>baptizari,</strong></span> <span class='ocrx_word' id='word_1_948' title='bbox 3250 5307 3376 5372; x_wconf 83' lang='lat' dir='ltr'><strong>quid</strong></span> <span class='ocrx_word' id='word_1_949' title='bbox 3395 5307 3582 5377; x_wconf 77' lang='lat' dir='ltr'><strong>quwrit</strong></span> <span class='ocrx_word' id='word_1_950' title='bbox 3605 5304 3753 5377; x_wconf 72' lang='lat' dir='ltr'><strong>aliud</strong></span> <span class='ocrx_word' id='word_1_951' title='bbox 3768 5306 3794 5359; x_wconf 83' lang='lat'><strong><em>?</em></strong></span> 
     </span>
    </p>
   </div>
   <div class='ocr_carea' id='block_1_133' title="bbox 2202 5372 3795 5448">
    <p class='ocr_par' dir='ltr' id='par_1_133' title="bbox 2202 5372 3795 5448">
     <span class='ocr_line' id='line_1_134' title="bbox 2202 5372 3795 5448; baseline 0.003 -23"><span class='ocrx_word' id='word_1_952' title='bbox 2202 5372 2255 5426; x_wconf 84' lang='lat' dir='ltr'><strong>In</strong></span> <span class='ocrx_word' id='word_1_953' title='bbox 2306 5372 2467 5448; x_wconf 83' lang='lat' dir='ltr'><strong>quam</strong></span> <span class='ocrx_word' id='word_1_954' title='bbox 2514 5377 2929 5448; x_wconf 52' lang='lat' dir='ltr'><strong>[espousiunetn</strong></span> <span class='ocrx_word' id='word_1_955' title='bbox 2964 5372 3045 5429; x_wconf 73' lang='lat' dir='ltr'><strong>est</strong></span> <span class='ocrx_word' id='word_1_956' title='bbox 3079 5378 3181 5432; x_wconf 65' lang='lat' dir='ltr'><strong>ista</strong></span> <span class='ocrx_word' id='word_1_957' title='bbox 3212 5372 3499 5448; x_wconf 83' lang='lat' dir='ltr'><strong>Augusiini</strong></span> <span class='ocrx_word' id='word_1_958' title='bbox 3534 5394 3588 5430; x_wconf 85' lang='grc' dir='ltr'><strong>ιι.</strong></span> <span class='ocrx_word' id='word_1_959' title='bbox 3633 5379 3668 5430; x_wconf 71' lang='grc'><strong>4</strong></span> <span class='ocrx_word' id='word_1_960' title='bbox 3695 5375 3795 5448; x_wconf 82' lang='lat' dir='ltr'><strong>0b-</strong></span> 
     </span>
    </p>
   </div>
   <div class='ocr_carea' id='block_1_134' title="bbox 2199 5444 3790 5516">
    <p class='ocr_par' dir='ltr' id='par_1_134' title="bbox 2199 5444 3790 5516">
     <span class='ocr_line' id='line_1_135' title="bbox 2199 5444 3790 5516; baseline 0.001 -17"><span class='ocrx_word' id='word_1_961' title='bbox 2199 5447 2434 5516; x_wconf 72' lang='lat' dir='ltr'><strong>servatio</strong></span> <span class='ocrx_word' id='word_1_962' title='bbox 2472 5464 2483 5501; x_wconf 89' lang='lat'><strong>:</strong></span> <span class='ocrx_word' id='word_1_963' title='bbox 2518 5444 2737 5503; x_wconf 86' lang='lat' dir='ltr'><strong>Cernitis</strong></span> <span class='ocrx_word' id='word_1_964' title='bbox 2770 5448 2841 5502; x_wconf 89' lang='lat' dir='ltr'><strong>sic</strong></span> <span class='ocrx_word' id='word_1_965' title='bbox 2875 5447 3173 5505; x_wconf 76' lang='lat' dir='ltr'><strong>Caelestium</strong></span> <span class='ocrx_word' id='word_1_966' title='bbox 3202 5444 3513 5504; x_wconf 65' lang='lat' dir='ltr'><strong>concessisse</strong></span> <span class='ocrx_word' id='word_1_967' title='bbox 3557 5447 3790 5516; x_wconf 81' lang='lat' dir='ltr'><strong>parvulis</strong></span> 
     </span>
    </p>
   </div>
   <div class='ocr_carea' id='block_1_135' title="bbox 2197 5514 3788 5591">
    <p class='ocr_par' dir='ltr' id='par_1_135' title="bbox 2197 5514 3788 5591">
     <span class='ocr_line' id='line_1_136' title="bbox 2197 5514 3788 5591; baseline 0.004 -25"><span class='ocrx_word' id='word_1_968' title='bbox 2197 5514 2527 5591; x_wconf 78' lang='lat' dir='ltr'><strong>baptismum,</strong></span> <span class='ocrx_word' id='word_1_969' title='bbox 2554 5527 2608 5572; x_wconf 87' lang='lat' dir='ltr'><strong>ut</strong></span> <span class='ocrx_word' id='word_1_970' title='bbox 2640 5520 2691 5572; x_wconf 83' lang='lat' dir='ltr'><strong>in</strong></span> <span class='ocrx_word' id='word_1_971' title='bbox 2716 5535 2801 5573; x_wconf 80' lang='lat' dir='ltr'><strong>eos</strong></span> <span class='ocrx_word' id='word_1_972' title='bbox 2824 5520 3045 5575; x_wconf 84' lang='lat' dir='ltr'><strong>transire</strong></span> <span class='ocrx_word' id='word_1_973' title='bbox 3069 5522 3224 5591; x_wconf 81' lang='lat' dir='ltr'><strong>primi</strong></span> <span class='ocrx_word' id='word_1_974' title='bbox 3247 5519 3469 5591; x_wconf 77' lang='lat' dir='ltr'><strong>hominis</strong></span> <span class='ocrx_word' id='word_1_975' title='bbox 3497 5514 3788 5591; x_wconf 77' lang='lat' dir='ltr'><strong>peccatum,</strong></span> 
     </span>
    </p>
   </div>
   <div class='ocr_carea' id='block_1_136' title="bbox 2196 5588 3788 5712">
    <p class='ocr_par' dir='ltr' id='par_1_136' title="bbox 2196 5588 3788 5712">
     <span class='ocr_line' id='line_1_137' title="bbox 2196 5588 3788 5712; baseline 0.001 -71"><span class='ocrx_word' id='word_1_976' title='bbox 2196 5588 2335 5712; x_wconf 54' lang='lat' dir='ltr'><strong>quod</strong></span> <span class='ocrx_word' id='word_1_977' title='bbox 2356 5588 2560 5643; x_wconf 84' lang='lat' dir='ltr'><strong>lavacro</strong></span> <span class='ocrx_word' id='word_1_978' title='bbox 2581 5591 2985 5660; x_wconf 75' lang='lat' dir='ltr'><strong>regenerationis</strong></span> <span class='ocrx_word' id='word_1_979' title='bbox 3006 5588 3254 5657; x_wconf 85' lang='lat' dir='ltr'><strong>abluitur,</strong></span> <span class='ocrx_word' id='word_1_980' title='bbox 3279 5590 3505 5645; x_wconf 87' lang='lat' dir='ltr'><strong>noluerit</strong></span> <span class='ocrx_word' id='word_1_981' title='bbox 3528 5590 3788 5660; x_wconf 70' lang='lat' dir='ltr'><strong>confiteri.</strong></span> 
     </span>
     <span class='ocr_line' id='line_1_138' title="bbox 2229 5657 3787 5712; baseline 0 0"><span class='ocrx_word' id='word_1_982' title='bbox 2229 5657 2397 5712; x_wconf 88' lang='lat' dir='ltr'><strong>&#39;erum</strong></span> <span class='ocrx_word' id='word_1_983' title='bbox 2425 5700 2438 5712; x_wconf 90' lang='lat'><strong>.</strong></span> <span class='ocrx_word' id='word_1_984' title='bbox 2486 5660 2662 5712; x_wconf 86' lang='lat' dir='ltr'><strong>innuit</strong></span> <span class='ocrx_word' id='word_1_985' title='bbox 2706 5671 2864 5712; x_wconf 84' lang='lat' dir='ltr'><strong>acute</strong></span> <span class='ocrx_word' id='word_1_986' title='bbox 2910 5661 3051 5712; x_wconf 81' lang='lat' dir='ltr'><strong>idem</strong></span> <span class='ocrx_word' id='word_1_987' title='bbox 3083 5661 3285 5712; x_wconf 84' lang='lat' dir='ltr'><strong>Doctor</strong></span> <span class='ocrx_word' id='word_1_988' title='bbox 3314 5663 3477 5712; x_wconf 75' lang='lat' dir='ltr'><strong>enisi.</strong></span> <span class='ocrx_word' id='word_1_989' title='bbox 3527 5662 3656 5712; x_wconf 84' lang='lat' dir='ltr'><strong>olim</strong></span> <span class='ocrx_word' id='word_1_990' title='bbox 3698 5660 3787 5712; x_wconf 82' lang='lat'><strong>89.</strong></span> 
     </span>
    </p>
   </div>
   <div class='ocr_carea' id='block_1_137' title="bbox 2229 5657 3788 5731">
    <p class='ocr_par' dir='ltr' id='par_1_137' title="bbox 2229 5657 3788 5731">
     <span class='ocr_line' id='line_1_139' title="bbox 2229 5657 3788 5731; baseline 0.003 -19"><span class='ocrx_word' id='word_1_991' title='bbox 2229 5657 2438 5731; x_wconf 51' lang='lat' dir='ltr'><strong>’erum,</strong></span> <span class='ocrx_word' id='word_1_992' title='bbox 2486 5657 2662 5731; x_wconf 77' lang='lat' dir='ltr'><strong>inquit</strong></span> <span class='ocrx_word' id='word_1_993' title='bbox 2706 5671 2864 5716; x_wconf 87' lang='lat' dir='ltr'><strong>acute</strong></span> <span class='ocrx_word' id='word_1_994' title='bbox 2910 5661 3051 5718; x_wconf 86' lang='lat' dir='ltr'><strong>idem</strong></span> <span class='ocrx_word' id='word_1_995' title='bbox 3083 5661 3285 5717; x_wconf 86' lang='lat' dir='ltr'><strong>Doctor</strong></span> <span class='ocrx_word' id='word_1_996' title='bbox 3314 5663 3477 5731; x_wconf 89' lang='lat' dir='ltr'><strong>epist.</strong></span> <span class='ocrx_word' id='word_1_997' title='bbox 3527 5657 3656 5716; x_wconf 79' lang='lat' dir='ltr'><strong>olim</strong></span> <span class='ocrx_word' id='word_1_998' title='bbox 3698 5660 3788 5723; x_wconf 83' lang='lat'><strong>89.</strong></span> 
     </span>
    </p>
   </div>
   <div class='ocr_carea' id='block_1_138' title="bbox 2199 5729 3788 5806">
    <p class='ocr_par' dir='ltr' id='par_1_138' title="bbox 2199 5729 3788 5806">
     <span class='ocr_line' id='line_1_140' title="bbox 2199 5729 3788 5806; baseline 0.003 -24"><span class='ocrx_word' id='word_1_999' title='bbox 2199 5743 2340 5787; x_wconf 90' lang='lat' dir='ltr'><strong>nunc</strong></span> <span class='ocrx_word' id='word_1_1000' title='bbox 2370 5729 2492 5799; x_wconf 83' lang='lat' dir='ltr'><strong>l57,</strong></span> <span class='ocrx_word' id='word_1_1001' title='bbox 2535 5729 2683 5788; x_wconf 85' lang='lat' dir='ltr'><strong>num.</strong></span> <span class='ocrx_word' id='word_1_1002' title='bbox 2718 5733 2810 5799; x_wconf 57' lang='grc' dir='ltr'><strong>ξιξ,</strong></span> <span class='ocrx_word' id='word_1_1003' title='bbox 2842 5748 3156 5803; x_wconf 83' lang='lat' dir='ltr'><strong>quamquam</strong></span> <span class='ocrx_word' id='word_1_1004' title='bbox 3185 5729 3412 5789; x_wconf 79' lang='lat' dir='ltr'><strong>uoluerit</strong></span> <span class='ocrx_word' id='word_1_1005' title='bbox 3439 5732 3507 5791; x_wconf 83' lang='lat' dir='ltr'><strong>de</strong></span> <span class='ocrx_word' id='word_1_1006' title='bbox 3543 5732 3788 5806; x_wconf 80' lang='lat' dir='ltr'><strong>originali</strong></span> 
     </span>
    </p>
   </div>
   <div class='ocr_carea' id='block_1_139' title="bbox 3950 5580 4073 5621">
    <p class='ocr_par' dir='ltr' id='par_1_139' title="bbox 3950 5580 4073 5621">
     <span class='ocr_line' id='line_1_141' title="bbox 3950 5580 4073 5621; baseline 0 -2"><span class='ocrx_word' id='word_1_1007' title='bbox 3950 5580 4073 5621; x_wconf 36' lang='grc' dir='ltr'><strong>ξ.</strong></span> 
     </span>
    </p>
   </div>
  </div>
