4190 6190
430 329 541 396 657

1624 340 1990 400 EPISTOLA‘J
2032 343 2119 400 ET
2163 343 2489 401 DECRETA
2502 384 2517 400 .

3624 345 3731 405 (:58

429 463 743 520 respersum
778 450 987 521 irrupit.
1021 451 1295 523 Stetitque
1332 451 1386 507 iu
1416 467 1484 508 eo
1530 453 1797 512 hactenus
1826 456 2019 512 umbra
2050 469 2104 528 Α
2126 467 2388 530 tamquam
2416 468 2464 514 te
2490 458 2902 533 ipsum(Matth.
2931 474 3046 528 xtx,
3082 458 3193 531 19).
3221 459 3323 528 Qui
3377 460 3547 531 magis
3581 460 3725 516 alter

428 544 724 600 sacerdmii
753 589 767 613 ,
810 544 984 601 donec
1008 546 1062 600 in
1117 554 1351 618 tyranno
1408 546 1803 621 (Constantino)
1852 550 2031 621 imago

432 648 608 695 Staret
632 638 853 708 Imperii
878 656 891 692 :
922 654 1031 709 quo
1054 638 1177 696 loco
1208 649 1332 710 post
1357 641 1798 699 internecionem
1816 643 2032 713 patroni

430 741 629 804 sponte
658 747 719 788 se
748 733 924 799 exuit,
949 743 1004 789 et
1034 733 1258 804 propria
1299 735 1555 790 cessione
1601 734 1902 791 damnavit.
1955 736 2034 793 De

431 824 640 882 Herote
665 840 801 881 vero
830 826 1014 881 omnia
1043 826 1271 895 similia,
1297 827 1439 882 idem
1464 835 1731 900 tyrannus
1749 838 2037 899 patronus,

430 916 633 984 caedes,
660 916 856 984 turbte,
881 919 1327 988 presbyterorum
1373 920 1869 975 contradicentium
1895 920 2019 976 vino

430 1012 549 1068 cula
579 1020 635 1067 et
660 1011 947 1076 custodite,
979 1020 1035 1067 et
1063 1012 1229 1067 totius
1260 1012 1500 1068 civitatis
1530 1024 1557 1051 ιι
1585 1014 1848 1081 addictio,
1882 1015 2035 1071 simi-

432 1103 499 1160 lis
525 1104 849 1174 poenitentia
881 1103 952 1160 de
996 1105 1345 1161 abdicatione
1376 1105 1689 1162 sacerdotii.
1722 1107 1917 1162 Mirum
1948 1117 2033 1163 est

430 1198 476 1253 si
518 1198 605 1253 isti
640 1196 836 1253 laicum
869 1198 1047 1254 virum
1076 1196 1104 1237 δ
1134 1199 1200 1254 ad
1238 1201 1434 1255 bonam
1468 1198 1676 1270 frugem
1707 1200 1865 1272 longa
1899 1216 2031 1272 erga

433 1290 603 1347 Deum
628 1290 894 1347 servitute
920 1291 1216 1360 nitentem,
1268 1290 1426 1348 falsis
1485 1293 1683 1348 litteris
1731 1293 2031 1362 percellere

434 1382 755 1449 noluerunt,
787 1383 878 1455 qui
908 1383 964 1439 in
990 1383 1189 1440 fratres
1220 1393 1276 1441 et
1298 1385 1663 1456 coepiscopos
1711 1393 1861 1441 tanta
1919 1402 2032 1440 ma-

430 1474 639 1531 chinati
672 1483 821 1544 sunt,
853 1476 948 1547 qui
979 1485 1059 1531 tot
1092 1484 1446 1547 tempestates
1479 1477 1730 1533 ecclesia:
1776 1477 2035 1534 reddide-

428 1578 579 1624 runt.
602 1567 720 1623 Non
748 1568 908 1624 decet
926 1569 1298 1640 episcopalem
1331 1570 1711 1625 auctoritatem
1737 1611 1752 1637 ,
1780 1578 1837 1626 et
1889 1586 2031 1641 prte-

428 1660 589 1732 cipue
613 1660 957 1732 prudentiam
983 1672 1226 1717 vestram
1253 1705 1269 1730 ,
1313 1662 1381 1717 ad
1416 1662 1616 1717 levium
1664 1678 2029 1718 susurronum

429 1755 631 1826 scripta
661 1753 920 1824 pendere.
944 1754 1087 1810 Ecce
1111 1754 1363 1824 Pelagius
1380 1752 1785 1826 leestiusque
1808 1768 2032 1826 aposto-

431 1847 554 1903 lica:
604 1847 721 1903 sedi
782 1848 837 1902 in
886 1848 1088 1903 litteris
1138 1847 1253 1903 suis
1308 1856 1365 1903 et
1417 1846 1862 1904 confessionibus
1914 1851 2029 1905 suis

437 1950 641 2012 praesto
665 1950 793 1996 sunt
824 1958 836 1995 :
865 1939 954 1995 ubi
987 1940 1197 2007 lleros,
1228 1940 1318 1996 ubi
1353 1942 1587 1998 Lazarus
1609 1984 1623 2008 ,
1652 1935 2029 2000 erubescenda

430 2033 591 2091 factis
609 2042 666 2091 et
694 2045 715 2071 ί·
749 2042 830 2090 tot
854 2033 1300 2091 damnationibus
1322 2036 1590 2090 nomina?
1637 2035 1728 2091 ubi
1764 2036 1843 2091 illi
1895 2036 2027 2092 ado-

431 2126 727 2195 lescentes,
764 2127 816 2182 id
851 2136 936 2183 est
961 2127 1235 2183 Timasius
1264 2138 1318 2183 et
1346 2127 1618 2195 Jacobus,
1672 2128 1766 2200 qui
1824 2131 2027 2201 scripta

428 2218 704 2292 quaedam,
736 2227 795 2274 ut
823 2218 1176 2274 asserebatur
1205 2216 1271 2274 d?
1295 2218 1402 2275 Vos
1442 2219 1722 2290 conjicite,
1760 2221 1805 2276 si
1831 2223 1924 2291 qui
1955 2232 2037 2276 ta-

434 2313 503 2368 lia
528 2313 583 2368 in
606 2312 735 2368 sede
759 2312 1058 2383 apostolica
1080 2313 1434 2381 confitentur,
1468 2314 1557 2369 illa
1580 2330 1701 2386 quae
1732 2314 1801 2370 de
1829 2315 2023 2371 iisdem

432 2422 462 2462 a
512 2407 696 2478 pravis
732 2424 796 2464 ac
840 2408 1051 2464 levibus
1085 2418 1108 2446 ο
1137 2409 1452 2465 auctoribus
1489 2424 1552 2465 ac
1591 2408 1758 2465 dubio
1813 2424 2033 2465 rumore

426 2499 629 2573 jactata
660 2510 810 2567 sunt,
843 2508 1093 2572 oporteat
1125 2502 1298 2558 credi.

502 2594 554 2649 4.
587 2592 780 2649 Amate
808 2609 1018 2664 pacem,
1041 2594 1246 2665 diligite
1275 2594 1597 2651 charitatem
1616 2637 1630 2661 ,
1664 2593 1878 2650 studete
1899 2610 2028 2650 con-

432 2684 653 2740 cordiae.
680 2684 817 2741 Nam
848 2686 1108 2759 scriptum
1143 2696 1268 2743 est:
1302 2686 1499 2759 Diliges
1555 2687 1848 2758 proximum
1883 2699 2028 2742 tuum

434 2867 669 2942 llonorii
707 2868 1093 2942 imperatoris,
1140 2883 1279 2942 quos
1322 2867 1714 2926 Constantinus
1760 2880 2025 2942 tyrannus

435 2942 575 2995 circa
599 2939 816 2995 initium
846 2941 972 3012 anni
1002 2941 1107 2997 409
1132 2939 1370 3012 jugulari
1417 2942 1661 3011 jusserat
1682 2987 1695 3009 ,
1728 2939 2022 3009 antequam

436 3013 720 3085 eunuchos
739 3012 805 3085 ad
830 3011 1140 3066 Honorium
1154 3015 1637 3085 mitterettveniam
1658 3029 1870 3085 poscens
1886 3013 2028 3084 quod

440 3081 722 3154 Imperium
747 3083 977 3137 delatum
1002 3084 1305 3155 accepisset,
1340 3093 1396 3138 ut
1417 3081 1667 3138 Zosituus
1693 3086 1783 3140 lib.
1816 3101 1870 3145 v,
1899 3081 2024 3153 pag.

440 3155 565 3217 818,
597 3156 858 3227 loquitur.
886 3155 1041 3227 Quod
1085 3170 1129 3207 SI
1157 3155 1254 3221 ,ita
1300 3166 1422 3218 est,
1472 3157 1558 3210 hic
1603 3156 1863 3209 innocenti
1900 3171 2029 3227 pene

440 3240 701 3300 respersus
718 3225 1127 3300 restituendum
1152 3235 1276 3300 est_;
1300 3237 1353 3281 et
1374 3235 1532 3281 antea
1564 3228 1820 3300 tyrannici
1836 3225 2032 3300 ju’dicii

2134 553 2293 608 alteri
2326 553 2560 623 proximi
2592 568 2812 617 sumus,
2840 569 3003 624 quam
3034 567 3227 608 omnes
3258 553 3349 624 qui
3403 552 3457 606 in
3502 551 3726 607 Christo

2136 626 2302 701 unum
2330 661 2455 702 esse
2486 645 2933 703 debemus?Non
2964 645 3146 702 omnis
3187 646 3278 717 qui
3310 660 3497 717 _aures
3523 654 3734 703 vestras

2135 748 2331 793 ventus
2360 739 2684 811 ingreditur,
2710 742 2935 795 nuntius
2984 752 3070 795 est
3095 740 3208 797 veri
3236 758 3249 797 :
3279 740 3510 812 ideoque
3544 740 3732 795 animo

2135 832 2371 903 praesule
2396 842 2452 887 et
2472 833 2526 887 in
2559 833 2806 888 excubiis
2838 833 3136 888 constituto
3165 847 3385 904 semper
3430 845 3575 903 opus
3622 840 3737 898 est,

2137 941 2205 980 ne
2233 935 2404 981 totum
2428 926 2606 993 famae,
2637 936 2810 981 totum
2844 927 3075 983 testibus
3107 926 3289 981 liceat.
3320 925 3627 981 Recensete
3649 939 3739 979 sa—

2136 1032 2261 1073 cras
2290 1017 2502 1073 litteras
2531 1027 2586 1073 et
2626 1017 2811 1072 divina
2852 1017 3119 1073 tabularia
3150 1035 3164 1073 :
3196 1017 3486 1072 maximam
3522 1025 3735 1087 partem

2134 1109 2252 1165 falsi
2283 1117 2447 1166 testes
2473 1124 2811 1181 occupavere
2832 1151 2848 1177 ,
2889 1111 2983 1165 ubi
3014 1118 3324 1165 sanctorum
3368 1119 3461 1164 aut
3509 1123 3733 1165 accusa-

2137 1204 2339 1260 tionem
2389 1216 2480 1259 aut
2536 1204 2786 1274 pericula
2839 1205 3147 1274 reperimus
3191 1203 3529 1257 :maximam
3581 1200 3728 1267 dico,

2138 1300 2303 1353 immo
2326 1306 2521 1364 totam,
2544 1314 2668 1353 cum
2698 1298 2750 1353 in
2775 1299 2953 1369 ipsum
2985 1297 3281 1352 Dominum
3327 1305 3573 1351 nostrum
3614 1295 3734 1351 Sal-

2135 1399 2379 1446 vatorem
2406 1391 2573 1446 totius
2602 1390 2792 1445 mundi
2816 1389 3049 1445 hostiam
3078 1398 3135 1444 et
3187 1388 3502 1459 pontificem
3531 1385 3734 1441 saluta-

2134 1500 2251 1542 rem
2282 1484 2404 1539 falsi
2429 1492 2601 1541 testes
2630 1485 3050 1539 insurrexerunt
3078 1481 3267 1555 [Carm
3291 1479 3733 1550 insurrexerint],

2133 1580 2225 1650 qui
2281 1594 2341 1634 se
2402 1578 2522 1649 ejus
2576 1576 2975 1649 blasphemiam
3046 1576 3268 1632 audisse
3331 1574 3731 1646 conﬁngerent.

2135 1669 2427 1726 [Estimate
2455 1668 2581 1738 quid
2604 1669 2715 1740 jam
2749 1667 2921 1739 possit
2946 1667 3231 1739 praeterire
3259 1665 3471 1722 fallacia
3490 1707 3504 1732 ,
3532 1681 3652 1737 quae
3679 1665 3734 1720 in

2134 1764 2305 1821 Deum
2337 1763 2490 1832 fidei,
2518 1764 2685 1818 immo
2714 1764 2769 1818 in
2797 1764 2968 1833 ipsam
2994 1760 3154 1818 (idem
3184 1776 3246 1817 ac
3274 1761 3586 1827 veritatem,
3610 1775 3738 1830 pcr—

2130 1858 2292 1929 juriis
2315 1859 2578 1928 impetum
2606 1856 2756 1912 fecit.

2208 1950 2261 2004 5.
2295 1950 2425 2006 Haec
2469 1949 2590 2005 ideo
2612 1950 2952 2019 scripsimus,
2988 1955 3045 2003 ut
3076 1946 3144 2003 de
3174 1955 3402 2017 caetero,
3433 1947 3480 2001 si
3506 1945 3599 2017 qui
3640 1944 3737 1999 ab-

2136 2055 2319 2101 sentes
2362 2045 2652 2114 minusque
2696 2042 2809 2097 noti
2854 2042 2922 2098 de
2954 2041 3207 2112 quolibet
3252 2040 3379 2095 talia
3409 2055 3477 2094 ex
3510 2037 3736 2093 libidine

2138 2137 2493 2204 mentientur,
2528 2134 2619 2190 fixi
2648 2135 2758 2189 sint
2790 2133 2959 2204 pedes
2988 2134 3155 2188 vestri
3196 2133 3460 2187 adversus
3495 2130 3732 2185 arietem

2137 2229 2536 2285 lraudnlentiae.
2564 2226 2720 2283 Unde
2749 2236 2801 2281 et
2832 2227 3117 2281 lucernam
3157 2224 3389 2295 pedibus
3418 2223 3535 2279 suis
3562 2237 3628 2278 ac
3655 2222 3737 2277 lu-

2139 2337 2263 2379 men
2315 2321 2529 2377 semitis
2566 2321 2680 2376 suis
2709 2320 2793 2375 vir
2832 2328 3054 2376 sanctus
3099 2326 3291 2374 exorat
3330 2316 3506 2390 (Psal.
3546 2331 3733 2384 CXVIII,

2137 2412 2264 2485 105)
2298 2432 2311 2468 :
2344 2413 2554 2469 scilicet
2597 2427 2665 2467 ne
2707 2412 2851 2467 inter
2898 2411 3123 2466 fallaces
3165 2409 3419 2465 tenebras
3448 2408 3557 2463 sint
3586 2421 3736 2465 caeca

2137 2506 2294 2560 nobis
2323 2513 2379 2560 et
2407 2502 2717 2559 errabunda
2742 2502 2997 2572 vestigia.
3022 2501 3089 2556 Et
3119 2502 3171 2556 in
3202 2499 3495 2569 Evangelia
3521 2516 3534 2555 :
3566 2497 3619 2553 Ν
3626 2514 3740 2551 um-

2135 2597 2261 2668 quid
2286 2595 2374 2651 lea:
2399 2605 2574 2651 nostra
2591 2595 2801 2668 judicat
2827 2595 3110 2662 hominem,
3137 2594 3237 2647 nisi
3263 2594 3329 2646 ab
3359 2593 3475 2662 ipso
3513 2591 3736 2646 audierit

2136 2690 2305 2761 prius,
2334 2700 2379 2744 et
2407 2686 2426 2727 ί
2453 2688 2746 2759 cognoverit
2770 2686 2954 2760 (Joan.
2990 2702 3088 2754 vn,
3121 2684 3253 2756 5t)?
3275 2685 3452 2741 Etiam
3486 2685 3539 2740 in
3567 2685 3740 2739 veteri

2126 2886 2231 2925 non
2262 2870 2415 2942 falsis
2456 2871 2641 2925 litteris
2674 2870 2852 2939 ipsum
2899 2869 3168 2926 infamare
3216 2870 3457 2925 voluisse
3508 2871 3736 2927 convin-

2126 2941 2346 2997 cuntur.
2379 2943 2481 3011 Qui
2513 2943 2674 3012 igitur
2714 2941 2930 2997 Zosimo
2986 2950 3346 3011 sugesserunt
3392 2942 3535 2997 aliud
3559 2983 3573 3007 ,
3635 2956 3734 2997 eos

2129 3014 2231 3083 ipsi
2260 3014 2589 3083 imposuisse
2622 3014 2970 3082 perspicuum
3002 3025 3107 3068 est.

2205 3095 2228 3153 ς
2259 3083 2591 3139 Vocabulum
2624 3093 2695 3138 tot
2724 3084 3041 3153 supplemns
3072 3100 3139 3140 ex
3179 3099 3283 3140 ms.
3320 3084 3495 3140 Vatic.

2202 3152 2231 3191 ἀ
2264 3155 2378 3210 Non
2410 3156 2664 3225 displicet
2691 3152 2919 3210 verbum
2946 3157 3307 3225 protulerunt,
3341 3156 3484 3225 quod
3513 3155 3731 3212 Garne-

2137 3227 2248 3282 rius
2298 3227 2383 3282 hic
2418 3227 2488 3281 de
2536 3242 2635 3281 suo
2683 3226 2883 3294 adjecit
2916 3244 2928 3280 :
2963 3228 3057 3281 sed
3085 3228 3318 3282 alterum
3365 3226 3731 3294 desideratur,

442 3291 686 3380 defensor
716 3296 839 3351 ideo
856 3295 1098 3380 Lazarus
1123 3296 1425 3380 cst-dictus,
1476 3291 1605 3380 quia'
1626 3299 1728 3352 hoc
1757 3291 2030 3380 Constan—
2058 3291 2102 3353 C
2134 3297 2276 3380 quod
2295 3291 2789 3380 supplerelicetne}
2820 3297 3312 3380 epistolanttinque
3342 3291 3731 3380 episcoporum

440 3370 537 3422 tini
571 3370 833 3423 adversus
856 3369 1098 3423 insontes
1123 3369 1385 3436 judicium
1409 3369 1741 3436 approbasse
1760 3370 2026 3423 censeba-

443 3448 554 3492 tur.
586 3437 716 3492 Inde
744 3448 922 3493 autem
956 3448 1157 3508 quanta
1186 3437 1394 3494 Lazaro
1424 3438 1756 3494 conﬂaretur
1800 3440 2025 3505 im‘iditt,

443 3508 574 3564 hinc
602 3509 870 3580 conjicere
896 3511 1044 3575 licet,
1074 3512 1215 3580 quod
1247 3511 1439 3565 .lovius
1488 3510 1829 3565 Constantini
1882 3512 2030 3577 lega—

447 3590 556 3647 tus,
607 3590 663 3634 ut
717 3579 818 3635 hoc
872 3579 1102 3636 factum'
1133 3594 1426 3650 purgaret,
1460 3581 1632 3652 ipsius
1684 3580 2029 3636 Constantini

444 3652 720 3706 voluntate
741 3653 1096 3707 commissum
1125 3666 1325 3719 negare
1349 3656 1659 3721 compulsus
1685 3656 1775 3720 sit,
1804 3654 1878 3706 uti
1911 3667 2033 3706 rur-

442 3736 560 3777 sum
594 3722 841 3777 Zosimns
899 3723 1054 3778 initio
1087 3722 1210 3778 libri
1245 3739 1293 3777 γι
1350 3735 1554 3780 narrat.
1602 3724 1871 3778 Prmtcrea
1923 3738 2031 3792 quo

445 3802 687 3864 tempore
711 3794 947 3849 Lazarus
982 3795 1318 3864 Aquensiom
1352 3798 1725 3865 episcopatum
1776 3809 2035 3862 suscepe-

444 3865 541 3926 rit.
570 3880 639 3920 ex
673 3866 864 3920 eadem
895 3865 1206 3934 conjectura
1239 3866 1495 3935 colligere
1523 3878 1623 3919 cst.
1654 3865 1735 3919 Ex
1775 3880 1837 3919 ea
1891 3866 2033 3917 cutim

445 3950 788 4007 consequens
816 3948 924 4002 est,
949 3949 1003 3990 ut
1038 3939 1281 4003 proxime
1311 3946 1434 4004 post
1466 3936 1755 3990 Vereniaoi
1783 3944 1838 3990 et
1866 3936 2037 4007 Didy-

447 4007 539 4061 mii
561 4008 790 4074 caedem,
821 4007 1069 4076 adeoque
1105 4008 1247 4062 circa
1282 4009 1436 4061 initia
1470 4009 1599 4061 anni
1632 4007 1739 4062 409
1764 4053 1778 4075 ,
1837 4009 2036 4062 Solium

446 4079 756 4147 episcOpale
782 4080 1176 4134 conscenderit.

520 4157 547 4185 ⁸
578 4149 746 4204 Caro.
777 4150 1016 4220 afflictio,
1044 4150 1237 4204 Barun.
1265 4160 1317 4204 et
1342 4149 1635 4221 archetypo
1672 4148 1842 4203 Vatic.
1893 4150 2039 4203 reni-

451 4223 711 4276 tentibus.
745 4223 876 4275 Cum
911 4221 1053 4276 hunc
1081 4221 1340 4276 Ilerotcm
1375 4224 1649 4275 insontem
1676 4235 1738 4274 ac
1768 4220 1931 4274 nullis
1955 4222 2038 4274 in-

447 4291 895 4362 simulationibus
919 4293 1240 4351 obnoximn.
1266 4312 1291 4344 a
1327 4293 1527 4362 populo
1550 4307 1651 4346 Silo
1682 4293 1896 4360 pulsum
1919 4306 2041 4346 esse

451 4360 686 4433 Prosper
711 4366 762 4417 in
789 4364 1062 4418 Chronico
1117 4360 1337 4431 tradat,
1384 4362 1545 4418 facile
1585 4362 1910 4431 intelligitur
1941 4363 2041 4415 hoc

457 4447 621 4487 ttttttttt
648 4435 791 4489 illius
821 4436 1024 4489 Ct'itttctt
1049 4436 1325 4489 exstitisse
1347 4475 1359 4493 .
1410 4434 1552 4501 quod
1588 4435 1738 4487 illum
1770 4434 2006 4488 CImSIaIt
2026 4464 2037 4472 ο

451 4506 596 4559 tinus
628 4506 1006 4560 benevolentia
1061 4520 1155 4559 sua
1207 4516 1528 4573 prosecutus
1573 4511 1741 4560 esset.
1798 4504 1933 4559 Hinc
1991 4514 2045 4560 ct

450 4576 802 4642 Constantio,
869 4577 960 4645 qui
1035 4576 1253 4630 Ilonorii
1309 4576 1653 4645 imperatoris
1713 4575 2044 4630 exercitibus

454 4659 706 4715 prmerat,
736 4657 855 4714 post
884 4647 1213 4703 debellatum
1246 4648 1661 4702 Constantinum
1692 4689 1705 4712 ,
1754 4657 2041 4714 suSpectus

455 4717 671 4785 evasit,
725 4728 780 4773 et
831 4719 1081 4773 Patroclo
1118 4715 1423 4773 Constantii
1456 4718 1616 4787 hujus
1665 4718 1842 4773 amico
1877 4718 2046 4785 patuit

454 4787 655 4857 aditus,
690 4805 799 4857 quo
828 4790 879 4843 in
910 4789 1124 4844 Herotis
1152 4791 1326 4843 locum
1357 4790 1658 4849 invaderet,
1691 4805 1950 4857 eumque,
1983 4804 2049 4843 ne

455 4857 594 4914 forte
622 4872 987 4927 revocaretur,
1022 4871 1281 4925 quantum
1308 4861 1359 4915 in
1392 4876 1450 4914 sc
1476 4867 1615 4923 erat,
1643 4861 1949 4914 infamaret.

526 4930 554 4968 ι)
587 4931 862 5001 Pelagium
884 4931 1158 4993 videlicet,
1191 4947 1352 5001 quem
1384 4931 1546 4985 etiam
1573 4932 1798 4985 Orosius
1858 4930 2053 4984 laicum

453 5003 802 5072 cognominat
831 5003 991 5072 :quia
1025 5003 1230 5057 nullum
1266 5003 1555 5058 clericatus
1595 5002 1821 5071 gradum
1867 5016 2056 5056 susce-

458 5082 636 5142 perat.
666 5074 915 5130 Mooaclii
945 5073 1167 5128 nomine
1207 5073 1398 5129 donari
1429 5073 1568 5126 solet
1621 5074 1672 5127 in
1708 5073 1843 5127 actis
1887 5072 2056 5127 Palae—

457 5144 586 5197 stini
609 5145 823 5200 concilii
854 5145 996 5212 apud
1035 5145 1395 5210 Augustinum
1443 5144 1534 5197 liti.
1565 5144 1633 5199 de
1659 5145 1827 5213 gestis
1855 5143 2057 5211 Pelagii

457 5229 507 5286 ς),
535 5214 611 5269 25
630 5226 683 5270 ot
704 5216 797 5270 24.
830 5217 974 5273 Falsi
1002 5216 1386 5286 suSpiciOuem,
1419 5232 1539 5283 qua:
1563 5214 1780 5271 Zosimo
1807 5229 1960 5284 papas
1988 5215 2058 5267 de

461 5283 662 5342 Herote
689 5299 742 5342 et
769 5287 979 5343 Lazaro
1009 5283 1194 5354 inique
1226 5286 1418 5356 injecta
1448 5296 1552 5351 est,
1576 5283 1873 5356 Urosius'in
1899 5287 2060 5356 Com—

461 5357 754 5412 monitorio
782 5366 968 5428 aperte
993 5359 1061 5411 ab
1092 5358 1207 5428 illis
1226 5355 1442 5411 amovet
1466 5400 1479 5419 .
1503 5357 1594 5412 ubi
1617 5359 1691 5411 ait
1721 5375 1734 5411 :
1772 5355 1837 5411 In
1888 5355 2061 5411 Palu»

459 5428 603 5501 siina
630 5425 844 5501 degebat
878 5428 1152 5499 Pelagius.
1180 5425 1386 5482 Inventi
1415 5438 1533 5482 sunt
1579 5446 1610 5482 a
1644 5428 1948 5501 quibusdam
1980 5444 2059 5501 re-

463 5499 667 5573 ligiosis
696 5499 974 5573 'episwpis
1009 5501 1235 5573 tllerotc
1268 5510 1317 5553 et
1357 5501 1581 5573 Lazaro)
1632 5499 1753 5573 libri
1800 5502 1911 5571 ejus
1938 5545 1951 5567 ,
2007 5499 2061 5551 in

462 5570 649 5640 quibus
680 5571 847 5626 multa
870 5570 1087 5626 etruria
1120 5570 1369 5624 adversus
1398 5570 1553 5640 fidem
1583 5570 1893 5624 catholicam
1937 5586 2063 5623 con-

460 5641 832 5715 scriptajesse
890 5643 1147 5696 videntur.
1178 5640 1274 5715 lli
1333 5657 1449 5693 cum
1502 5641 1784 5715 litterisin
1833 5641 2066 5715 Africam

466 5712 702 5782 patribus
749 5725 794 5767 et
834 5716 1089 5784 episwpis
1117 5713 1263 5766 missi
1310 5723 1427 5765 sunt
1456 5752 1471 5773 ,
1502 5712 1589 5784 ubi
1620 5713 1783 5767 tribus
1827 5712 2066 5766 conciliis

467 5787 739 5840 memorati
762 5789 879 5839 lecti
900 5797 1021 5839 sunt
1049 5786 1185 5839 libri.
1206 5783 1307 5850 Qui
1330 5784 1475 5838 enim
1500 5783 1646 5853 ipsos
1673 5783 1874 5853 Pelagii
1900 5784 2066 5837 libros

468 5855 685 5912 mittere
717 5864 1001 5921 curarunt,
1031 5871 1092 5909 ex
1124 5870 1279 5925 aequo
1309 5864 1365 5908 et
1406 5855 1552 5910 bono
1579 5868 1702 5911 cum
1747 5871 1813 5910 eo
1862 5855 2063 5921 egisse,

2129 3371 2271 3438 apud
2307 3369 2682 3424 Innocentium
2702 3369 2796 3435 28,
2831 3384 2888 3423 n.
2925 3379 2955 3421 o
2979 3410 2993 3433 ,
3019 3368 3111 3422 ubi
3137 3370 3368 3439 legimus
3416 3368 3484 3423 de
3533 3368 3726 3424 iisdem

2131 3440 2565 3512 adolescentibus
2590 3439 2798 3512 dictum
2814 3480 2830 3504 ,
2862 3439 3187 3512 protulerunt
3218 3440 3453 3512 eumdem
3504 3439 3731 3499 librum.

2132 3509 2338 3581 Pelagii
2365 3527 2476 3565 esse
2502 3513 2745 3563 dicentes.
2777 3509 2992 3580 Integer
3012 3512 3175 3581 igitur
3200 3512 3305 3565 erit
3334 3511 3507 3579 locus,
3532 3512 3578 3564 si
3604 3524 3730 3575 pOSt

2133 3583 2361 3635 verbum
2388 3583 2731 3644 asserebatar.
2790 3582 3193 3650 adjecerimus,
3256 3581 3460 3653 Pelagii
3503 3581 3736 3650 protule-

2133 3662 2275 3707 runt.
2314 3653 2394 3706 Ex
2446 3653 2674 3721 epistola
2729 3662 2911 3722 autem
2962 3653 3210 3722 proxime
3262 3652 3474 3707 laudata
3540 3654 3731 3722 liquet,

2140 3725 2198 3778 1°
2228 3723 2422 3778 librum
2448 3725 2716 3792 Prolatum
2752 3721 3318 3794 fuisseanonymum;
3342 3793 3345 3794 ν
3371 3722 3435 3777 2°
3478 3721 3732 3794 traditum

2138 3794 2307 3849 fuisse
2332 3794 2663 3856 Augustino,
2697 3809 2803 3846 non
2847 3792 3147 3846 Pal:estinie
3177 3793 3418 3861 synodo;
3476 3792 3540 3846 5°
3574 3792 3733 3847 Pela-

2137 3867 2282 3937 gium
2328 3865 2565 3937 noluisse
2588 3879 2711 3937 eunt
2736 3877 2896 3917 suum
2928 3862 3107 3937 fateri.
3137 3862 3294 3937 ynde
3341 3862 3581 3937 quinque
3618 3863 3736 3933 epi-

2139 3933 2290 4004 scOpi
2322 3937 2377 3990 in
2400 3936 2589 3989 eadem
2629 3935 2855 3998 epistola
2898 3951 2953 3988 n.
2990 3936 3020 3988 7
3064 3951 3078 3987 :
3125 3933 3185 3989 Si
3234 3943 3400 3988 autem
3455 3934 3591 3986 hunc
3626 3950 3737 3988 esse

2140 4023 2290 4062 suam
2320 4007 2510 4062 librum
2533 4015 2705 4077 negat.
2731 4005 2886 4073 Quod
2916 4020 3052 4077 vero
3078 4006 3178 4060 sub
3219 4004 3536 4060 louocentio
3576 4020 3735 4077 suum

2143 4078 2380 4149 negavit,
2412 4080 2517 4133 hoc.
2541 4076 2663 4132 eum
2696 4088 2750 4132 et
2779 4076 2880 4130 sub
2910 4076 3129 4131 Zosimo
3156 4092 3311 4131 suum
3360 4089 3587 4146 negasse
3636 4076 3737 4129 mi-

2143 4166 2248 4205 nus
2269 4150 2462 4205 mirum
2486 4162 2592 4204 est.

2220 4231 2245 4259 θ
2286 4227 2546 4293 Auctores
2574 4235 2756 4293 pravos
2778 4219 3121 4293 Herotem_ac
3145 4219 3432 4293 Lazarum,
3452 4219 3582 4273 leves
3608 4232 3743 4293 vero

2145 4301 2243 4347 aut
2262 4292 2506 4357 eosdem,
2533 4289 2628 4345 aut
2651 4289 2911 4346 Jacobum
2943 4299 3001 4344 et
3029 4289 3327 4345 Timasium
3361 4300 3585 4358 propter
3613 4289 3746 4343 ado-

2144 4363 2463 4418 lescentiam
2496 4372 2678 4416 vocat.
2715 4361 2916 4415 llorutn
2952 4374 3129 4414 tamen
3159 4360 3522 4416 adolescentia
3556 4361 3745 4415 levita-

2149 4435 2215 4489 tis
2248 4433 2375 4488 nihil
2402 4434 2656 4495 habrbat,
2685 4431 2778 4485 sed
2813 4432 3103 4498 plurimum
3132 4433 3386 4488 candoris
3412 4441 3471 4487 et
3500 4431 3745 4502 ingenui-

2149 4506 2291 4560 tatis.
2350 4504 2431 4560 Nil
2475 4504 2635 4560 etiam
2688 4504 2739 4557 in
2785 4505 2884 4557 hac
2910 4516 3074 4557 causa
3112 4504 3278 4558 dubio
3306 4503 3513 4558 rumori
3534 4505 3739 4556 datum.

2148 4575 2320 4645 Quam
2345 4576 2740 4645 circumspecte
2767 4589 2889 4628 cum
2924 4572 3146 4645 Pelagio
3175 4575 3344 4643 egerit
3381 4573 3741 4645 Augustinus,

2073 4673 2126 4731 D
2150 4643 2315 4731 epist:
2346 4648 2480 4731 alia‘s
2667 4659 2811 4731 nunc
2844 4643 2966 4725 186,
2996 4660 3049 4725 tt.
3079 4646 3109 4726 Ἰ
3135 4689 3149 4711 ,
3181 4643 3747 4731 ipse.ettpiica‘t._Nam

2151 4713 2267 4771 cum
2296 4718 2392 4771 hoc
2420 4720 2483 4771 de
2506 4720 2597 4771 illo
2625 4716 2771 4786 (scil.
2800 4729 2924 4769 eum
2943 4715 3152 4767 inimica
3180 4725 3228 4768 et
3253 4714 3467 4768 adversa
3500 4713 3597 4766 Dei
3625 4730 3747 4786 gra-

2155 4789 2241 4842 tite
2266 4787 2473 4856 sentire)
2497 4788 2816 4859 aliquamdiu
2845 4788 2988 4859 fama
3011 4787 3273 4859 jactaret;
3297 4802 3404 4859 non
3428 4787 3625 4855 utique,
3660 4787 3746 4859 itt-

2155 4861 2291 4929 quit,
2324 4860 2476 4930 facile
2505 4856 2972 4930 crédendumfait,
3002 4856 3130 4909 solet
3158 4858 3349 4930 quippe
3377 4857 3526 4930 fama
3558 4857 3752 4930 menti-

2159 4926 2205 4984 ri
2238 4947 2257 4985 :
2280 4926 2380 4985 sed
2396 4931 2610 5001 propius
2632 4939 2688 4982 ut
2716 4928 3041 4981 crederemus
3083 4926 3294 5001 accessit
3321 4972 3335 4994 ,
3379 4926 3527 5001 quod
3565 4927 3754 4982 libram

2159 4999 2433 5071 quemdam
2478 5005 2591 5073 ejus
2633 5016 2690 5052 ea
2736 5013 2968 5073 prorsus
2996 4999 3301 5073 persuadere
3354 4999 3754 5073 molientem...

2163 5067 2380 5142 legimus
2418 5067 2668 5125 traditum
2706 5067 2854 5142 nobis
2881 5085 2912 5119 a
2939 5067 3149 5142 famulis
3170 5067 3387 5135 Christi,
3410 5070 3498 5139 qui
3527 5086 3644 5124 eum
3682 5079 3761 5122 ta-

2166 5140 2238 5197 lia
2262 5146 2525 5197 docentem
2538 5140 3225 5213 studiosissimeaudierant,
3242 5145 3550 5213 fueruntque
3559 5142 3763 5213 sectati.

2166 5214 2281 5282 Qua
2311 5224 2490 5269 autem
2515 5214 2806 5267 occasione
2837 5210 3037 5282 Pelagii
3071 5210 3267 5265 librum
3292 5212 3445 5267 abiis
3463 5210 3761 5282 acceperit,

2168 5278 2328 5355 epist.
2353 5285 2483 5339 alias
2508 5284 2635 5347 252,
2661 5296 2803 5355 nunc
2836 5281 2968 5355 179,
2992 5281 3347 5355 adiloannem
3372 5284 3585 5355 Hieros.
3616 5296 3674 5333 η.
3699 5278 3756 5342 2,

2169 5352 2250 5411 sic.
2279 5368 2518 5411 enarrat.
2554 5374 2567 5410 :
2596 5354 2819 5421 Quidam
2843 5367 2909 5425 ea;
2934 5352 3209 5425 discipulis
3247 5356 3362 5425 ejus
3408 5352 3759 5425 adolescentes

2170 5428 2527 5482 honestissime
2555 5428 2680 5490 nati,
2716 5435 2765 5478 et
2790 5424 3039 5478 institutis
3061 5423 3357 5478 liberalibus
3378 5423 3589 5490 eruditi,
3615 5436 3760 5488 spem

2166 5515 2323 5572 quam
2344 5497 2597 5572 [iubebant
2619 5500 2673 5551 in
2696 5496 2886 5550 sreculo
2908 5497 3020 5572 ejus
3048 5494 3400 5572 exhortatione
3428 5494 3759 5572 dimiserunt,

2169 5564 2219 5624 in
2247 5570 2430 5641 quibus
2459 5580 2628 5623 tamen
2656 5584 2771 5621 cum
2795 5564 3182 5641 apparuissent_
3203 5565 3441 5641 quendam
3461 5578 3603 5641 same
3641 5564 3765 5615 doc-

2169 5635 2323 5696 trina:
2338 5643 2690 5696 adversantia.
2701 5679 2713 5692 .
2726 5678 2738 5692 .
2756 5647 2803 5690 et
2817 5635 3258 5690 admonitionibus
3272 5635 3459 5687 nostris
3480 5635 3763 5699 inciperent

2166 5713 2721 5780 emendari,dederunt
2744 5705 2873 5760 mihi
2897 5705 3106 5773 libram,
3135 5721 3282 5780 quem
3306 5705 3536 5777 ejusdem
3560 5701 3767 5774 Pelagii

2166 5801 2270 5853 esse
2300 5784 2556 5853 dixerunt
2579 5827 2593 5848 ,
2649 5787 2887 5852 rogantes
2934 5786 3000 5853 _ut
3026 5793 3088 5853 __ei
3137 5779 3306 5847 potius
3336 5780 3721 5853 responderent.

2249 5851 2267 5891 ί
2298 5852 2354 5907 lo
2382 5842 2637 5922 “tigillis,
2667 5842 2986 5921 chitauerit.
3018 5842 3150 5902 Cum
3182 5853 3340 5901 sacro
3380 5842 3535 5905 testu
3564 5842 3767 5919 pt'a‘l'e'3
