4190 6190
512 360 617 420 659

1879 351 1939 410 ’S.
1983 344 2209 410 ZOSlMi
2251 349 2332 407 ΡΑ
2343 339 2453 406 PE

3688 339 3785 398 660

520 473 877 535 Testamento
908 494 918 528 :
953 466 1078 527 Non
1109 475 1133 510 ⁸
1161 471 1334 528 credes
1366 471 1572 527 auditui
1608 483 1760 540 vano,
1790 482 1834 526 et
1866 480 1965 528 non
1994 483 2115 527 con-
2145 471 2197 534 Α
2223 479 2371 524 mare
2413 476 2466 522 et
2505 460 2528 502 ά
2567 462 2929 519 transmaiina
2979 460 3330 527 documenta,
3364 469 3417 513 ut
3451 455 3579 513 [ides
3607 471 3714 529 qum
3741 461 3789 516 in

529 569 715 624 senties
747 575 862 620 cum
894 565 1072 632 inii/uo
1111 563 1225 634 ﬁeri
1269 564 1408 619 testis
1449 565 1676 636 injustas
1709 559 1906 636 (Exod.
1952 573 2117 633 xxm,

525 677 630 718 sec.
679 657 866 731 LXX).
921 660 986 713 Et
1033 673 1099 713 ne
1147 657 1286 713 forte
1332 657 1668 713 multitudini
1718 655 2119 712 detrahentium

525 763 655 808 ante
680 751 1135 806 examiiiatioiieiu
1158 750 1344 818 jiidicii
1369 747 1708 818 ercileretitr,
1735 747 1885 803 addit
1913 747 2118 817 dicens,

530 847 654 902 Non
687 846 785 898 eris
815 859 928 898 cum
962 842 1198 912 pluribus
1229 845 1281 896 in.
1312 843 1536 909 malitia,
1569 853 1615 896 et
1649 859 1749 896 non
1785 843 2003 911 accipies
2035 859 2124 913 per

528 959 616 996 eos
638 949 903 1013 peccatum
933 936 1147 1009 (Ibitl.).
1169 938 1233 992 Et
1262 937 1458 992 iterum
1487 937 1644 991 alibi:
1675 933 1833 990 Prius
1861 953 2012 1006 quam
2044 938 2125 990 iii-

530 1046 775 1107 terroges,
802 1049 864 1086 ne
892 1033 1147 1103 vituperes
1175 1043 1479 1102 queinquam
1506 1047 1522 1084 :
1552 1037 1598 1084 et
1632 1046 1746 1083 cum
1776 1030 2121 1102 inferrOgrirc-

527 1129 623 1199 ris,
659 1129 859 1200 corripe
891 1131 1036 1200 jnste
1076 1121 1268 1194 (Eccli.
1303 1137 1376 1189 XI,
1412 1123 1490 1196 7).
1529 1122 1594 1178 iit
1625 1125 1817 1178 itcriiiu
1847 1143 1856 1176 :
1890 1121 2018 1188 Qum
2046 1119 2122 1177 vi-

530 1223 702 1278 derint
734 1217 872 1274 oculi
899 1219 973 1272 tui
1005 1217 1213 1289 loquere
1237 1214 1420 1290 (Prov.
1454 1217 1670 1286 xxv,8;
1705 1233 1807 1270 sec.
1838 1209 2028 1286 LXX).
2061 1214 2127 1268 Et

520 1318 576 1371 in
608 1311 831 1370 Actibus
859 1310 1244 1381 Apostolorum
1280 1306 1541 1363 adversus
1567 1307 1842 1378 principes
1874 1307 2126 1362 sacerdo-

522 1420 642 1463 tuin
702 1415 756 1460 ct
813 1405 1061 1459 seniores
1114 1401 1429 1457 Judaioruin
1488 1399 1829 1470 postulantes
1889 1395 2127 1452 absentis

525 1494 686 1556 Pauli
708 1495 934 1568 apostoli
961 1496 1392 1564 damnationem,
1410 1490 1706 1564 justissima
1721 1507 1770 1547 in
1796 1490 2124 1546 sementium

527 1593 750 1666 gentilis
795 1589 994 1647 Festus
1053 1592 1300 1646 tribunus
1355 1583 1605 1659 protulit,
1658 1602 1817 1658 quain
1874 1585 2131 1641 convenit

531 1690 694 1744 etiam
728 1701 827 1742 nos
861 1685 912 1740 in
947 1683 1083 1740 i’aeie
1122 1683 1463 1740 credentium
1498 1683 1734 1754 obiicere
1767 1683 1829 1735 ad
1861 1695 2124 1737 verecun-

531 1781 697 1847 diam,
730 1779 943 1848 dicens,
980 1777 1100 1831 Non
1131 1789 1205 1831 est
1237 1778 1550 1832 consuetudo
1579 1775 1854 1842 Romanis,
1883 1776 2131 1830 damnare

2225 559 2487 636 przesc‘nti
2520 557 2836 629 pleriiii'iqtie
2866 552 3194 610 arctiorihus
3239 552 3598 622 strangulatur
3639 563 3793 624 angu-

2224 656 2364 719 Stiis,
2406 651 2599 706 saltem
2651 650 2862 704 eminus
2913 647 3111 701 veniat.
3159 641 3287 698 llaec
3330 643 3507 697 omnia
3555 644 3793 713 mentior,

2226 747 2329 802 nisi
2363 747 2414 798 in
2443 743 2804 815 patrocinium
2837 740 3052 795 tuenda:
3082 737 3410 792 innocentiae
3441 745 3651 804 reperta
3676 733 3795 792 sirit.

2226 838 2592 897 Tolerabilius
2623 845 2702 891 est
2737 835 2884 890 enim
2917 834 3264 888 innocentem
3299 825 3587 900 quemlibet
3611 827 3799 885 tardius

2227 931 2483 1000 inveniri,
2518 942 2679 1000 quam
2712 929 2821 982 cito
2855 941 2951 995 pro
2984 931 3215 979 nocente
3245 919 3510 976 damnari.

2299 1026 2350 1080 7.
2383 1026 2560 1081 Grave
2591 1022 2690 1078 fuit
2727 1021 2931 1076 Lazaro
2959 1031 3008 1074 et
3051 1013 3239 1073 lleroti
3267 1017 3572 1072 litterarum
3601 1030 3802 1069 suarum

2229 1120 2582 1192 pedisseqnos
2620 1129 2761 1171 esse.
2814 1110 2893 1168 An
2938 1107 3283 1174 nesciebant,
3333 1097 3672 1163 dilectionem
3721 1122 3805 1161 ve-

2227 1224 2396 1270 stram
2441 1205 2506 1266 ad
2541 1209 2726 1265 sedem
2760 1203 3115 1277 apostalit‘aiti
3162 1199 3500 1258 ri-lattiraiii?
3529 1197 3638 1255 llue
3667 1209 3804 1255 certo

2229 1305 2514 1361 calumniae
2543 1302 2870 1372 compendio
2902 1301 3270 1368 navigassent.
3295 1287 3399 1350 Ubi
3423 1293 3487 1348 de
3511 1291 3806 1362 episcopatu

2233 1413 2256 1438 υ
2298 1395 2591 1455 ambiendo
2637 1397 2833 1467 agitur,
2879 1390 3049 1446 inaiia
3098 1401 3382 1459 terrasque
3430 1387 3674 1452 lustrant,
3717 1399 3807 1440 nec

2231 1497 2336 1551 ulla
2368 1493 2621 1562 suffragia
2655 1488 3098 1564 praetermittunt.
3137 1481 3236 1540 Ubi
3285 1497 3415 1538 vero
3452 1479 3804 1536 innocentium

2232 1585 2370 1644 lania
2413 1584 2748 1658 percellitur,
2781 1581 2943 1640 Otiosi
2974 1587 3028 1636 et
3061 1573 3276 1632 delicati
3320 1577 3434 1631 sive
3477 1573 3806 1629 accu~atores

2232 1685 2346 1739 sive
2373 1691 2539 1738 testes
2571 1682 2648 1752 (in
2681 1691 2907 1748 utroque
2938 1677 3083 1730 enim
3118 1672 3437 1728 fallentibus
3469 1668 3488 1707 τ
3525 1683 3711 1724 nomen
3737 1665 3811 1721 in-

2235 1775 2376 1830 fame
2407 1773 2536 1845 est),
2570 1774 2622 1826 in
2669 1769 2942 1826 cubilibus
2972 1772 3024 1822 et
3056 1761 3271 1820 lectulis
3304 1765 3417 1818 suis
3463 1761 3660 1816 litteris
3690 1761 3812 1813 abu-

531 1878 756 1948 aliqttent
795 1876 1051 1928 hominem
1088 1876 1255 1946 prius,
1294 1890 1446 1943 quant
1478 1874 1522 1926 is
1551 1871 1639 1942 qui.
1670 1882 1966 1939 accusatur,
1999 1883 2132 1942 prte-
2165 1874 2206 1932 Β
2239 1876 2459 1933 ltintiir;
2492 1876 2542 1922 et
2579 1873 2746 1920 totam
2797 1862 3058 1926 Africam,
3091 1860 3520 1925 universumque
3570 1848 3815 1922 tranquil-

532 1980 699 2024 sentcs
741 1965 923 2022 habeat
967 1977 1312 2031 accusatores,
1349 1965 1622 2035 lor-umque
1647 1963 1956 2035 defendendi
1992 1966 2129 2018 acci-

531 2061 642 2135 piat
673 2061 741 2113 ad
768 2059 1026 2114 abluenda
1057 2059 1275 2112 erimina
1301 2053 1442 2128 (Act.
1474 2071 1598 2125 xxv,
1637 2055 1749 2126 16).
1781 2057 1837 2111 Si
1870 2055 2007 2110 lianc
2038 2053 2135 2126 igi-

534 2165 624 2207 tur
656 2147 1090 2207 modrrationein
1121 2161 1273 2204 extra
1299 2157 1510 2218 septum
1544 2148 1665 2204 fidei
1696 2158 1894 2203 nostra:
1926 2149 2134 2219 positus

532 2246 715 2300 tenuit
742 2251 929 2299 contra
965 2242 1357 2297 sacerdotalem
1391 2240 1675 2310 pudorem,
1707 2239 1734 2278 ι)
1767 2240 1981 2312 indigna
2015 2253 2131 2294 om-

534 2341 667 2394 nino
723 2339 1020 2393 credulitas
1079 2333 1399 2392 absentibus
1455 2336 1507 2388 in
1565 2335 1842 2390 absentes.
1923 2333 2130 2402 Quotus

534 2430 679 2485 enim
719 2429 952 2500 quisque
1000 2427 1256 2482 immunis
1289 2426 1596 2482 invenietur
1627 2440 1657 2480 a
1689 2425 1918 2481 vulnere
1940 2471 1952 2494 ,
1988 2427 2032 2480 si
2066 2421 2132 2479 ad

533 2533 750 2575 omnem
811 2515 1056 2572 ferientis
1111 2519 1277 2572 ictum
1309 2564 1321 2586 ,
1371 2517 1654 2572 credulum
1710 2519 1901 2586 pectus
1956 2515 2135 2585 aperi-

536 2621 645 2667 llll‘.

605 2706 658 2759 6.
696 2703 900 2759 Doceat
936 2719 1034 2759 nos
1077 2713 1292 2758 terrena
1344 2699 1670 2771 moderatio,
1707 2713 1828 2773 quin
1859 2701 2134 2757 sicculari-

533 2801 633 2854 lizis
690 2799 933 2853 arbitriis
987 2810 1039 2853 et
1089 2798 1266 2852 causis
1315 2799 1552 2867 primum
1585 2798 1650 2850 de
1692 2797 1821 2865 ipsis
1857 2795 2133 2866 judicihiis

539 2893 804 2963 eligendis
850 2885 1317 2962 repudiaiidisque
1359 2891 1450 2956 sit,
1487 2899 1536 2944 et
1579 2895 1778 2959 Quanta
1823 2887 2131 2950 cunctatio;

533 2999 671 3058 quot
717 2987 1057 3056 interposita:
1105 2985 1434 3050 dilationes;
1467 2985 1680 3054 quoties
1717 2983 1948 3038 inhibita
1986 2997 2135 3037 com-

537 3081 925 3150 pereiidiisatio
955 3079 1046 3144 (γ.
1082 3079 1211 3132 Cod.
1247 3077 1344 3130 Tli.
1382 3078 1471 3131 lib.
1503 3091 1560 3143 ii,
1597 3078 1674 3129 tit.
1709 3077 1742 3130 6
1770 3088 1816 3131 et
1846 3074 1935 3146 7):
1970 3080 2130 3130 etiam

536 3176 636 3230 sub
670 3178 790 3244 ip<o
837 3173 941 3226 i‘iiic
975 3171 1292 3228 certaminis
1324 3171 1586 3239 ampliare
1613 3169 1814 3239 judicia
1847 3177 1868 3208 ε
1899 3185 2017 3225 cum
2053 3173 2132 3225 iii-

2237 1963 2347 2018 loin
2399 1957 2682 2016 catholica:
2733 1953 3046 2013 serenitatis
3100 1951 3424 2006 innubilant
3469 1947 3533 2002 ad
3582 1946 3821 2002 libidines

2237 2072 2360 2110 suas
2385 2053 2505 2108 duae
2535 2061 2737 2121 pestes.
2765 2047 2904 2103 Ante
2935 2041 3172 2102 tribunal
3205 2037 3408 2098 Christi
3440 2055 3630 2095 omnes
3660 2031 3821 2095 stabi-

2237 2157 2392 2202 mus:
2428 2159 2588 2200 nemo
2629 2137 2740 2196 illic
2780 2141 2975 2195 abesse
3004 2137 3230 2210 poterit,
3266 2151 3364 2190 nec
3403 2133 3448 2189 D
3475 2133 3642 2199 unini,
3677 2130 3822 2201 cujus

2237 2237 2583 2293 immensitas
2611 2229 2863 2289 omnibus
2896 2231 3032 2287 locis
3056 2247 3116 2285 ac
3143 2229 3304 2284 rebus
3328 2226 3646 2294 intervenit,
3671 2217 3826 2279 decli-

2239 2349 2370 2388 nare
2392 2323 2680 2403 judicium.

2309 2421 2364 2480 8.
2393 2423 2451 2480 Si
2487 2425 2596 2479 Deo
2623 2428 2813 2478 nostro
2843 2417 2993 2476 cordi
3020 2419 3154 2485 fuit;
3191 2425 3413 2488 propter
3446 2429 3579 2470 oves
3607 2410 3830 2484 perditas

2238 2519 2473 2574 Verbum
2522 2533 2741 2573 carnem
2791 2515 2931 2580 ﬁeri,
2969 2523 3024 2568 et
3061 2529 3125 2569 ex
3160 2511 3393 2566 Domino
3443 2510 3671 2564 formam
3720 2520 3828 2560 ser-

2238 2613 2435 2668 vientis
2467 2611 2715 2679 induere,
2744 2620 2803 2664 ut
2827 2609 2918 2664 diu
2947 2609 3300 2676 interceptam
3333 2603 3590 2659 redderet
3619 2602 3828 2656 liberta-

2239 2714 2342 2760 lein
2375 2724 2386 2758 :
2413 2705 2480 2759 sit
2510 2704 2665 2758 vobis
2688 2699 2969 2773 gaudium,
2995 2717 3089 2756 eos
3117 2715 3255 2769 quos
3283 2697 3406 2752 falsi
3442 2707 3468 2744 ta’
3498 2694 3709 2765 judices
3734 2691 3832 2748 cri-

2240 2799 2604 2864 minabantur,
2636 2811 2935 2866 agnoscere
2959 2812 2984 2846 a
3015 2803 3202 2848 nostro
3234 2808 3466 2860 corpore
3497 2800 3552 2845 et
3579 2787 3834 2844 catholica

2237 2893 2466 2946 veritate
2496 2907 2786 2961 numquam
2822 2890 2988 2944 fuisse
3031 2887 3296 2940 diruistis.
3329 2887 3498 2938 Certi:
3543 2884 3666 2949 hoc,
3700 2877 3833 2952 quod

2237 2984 2262 3022 ι)
2294 2996 2472 3041 vestra
2523 2985 2860 3054 εχδνοαιειιὶυ
2909 2982 3283 3044 desiderabat,
3325 2981 3525 3042 eluxit,
3574 2987 3633 3030 ut
3686 2977 3833 3030 dani-

2239 3082 2415 3136 uanda
2448 3082 2792 3147 damnarent,
2829 3087 2883 3134 et
2925 3075 3202 3144 sequenda
3235 3080 3627 3144 sequerentur.
3662 3071 3716 3126 Si
3750 3085 3833 3137 pa-

2241 3173 2559 3230 terfamilias
2596 3173 2772 3228 reditu
2798 3172 2892 3225 lilii
2921 3166 3328 3241 gratulabatur,
3354 3165 3443 3236 qui
3470 3175 3707 3220 mortuus
3729 3163 3835 3232 fue—

533 3269 756 3323 iioeenti
805 3284 896 3320 reo
947 3265 1116 3338 (Ibid.
1166 3267 1257 3319 lib.
1313 3280 1388 3324 ix,
1422 3267 1500 3316 tit.
1536 3263 1650 3333 56).
1696 3264 2020 3334 Conliigitur
2063 3265 2129 3319 ad
2161 3258 2204 3320 C
2237 3282 2338 3339 rat,
2370 3279 2414 3323 et
2445 3269 2648 3333 revixit;
2681 3268 2918 3338 perierat,
2954 3274 3002 3319 et
3029 3266 3264 3318 inventus
3287 3271 3360 3316 est
3385 3260 3572 3333 (Luca:
3595 3277 3683 3329 xv,
3710 3258 3831 3328 33);

535 3482 744 3539 rimus,
790 3473 1106 3544 cognoverit,
1158 3469 1456 3544 praesertim
1497 3472 1890 3544 consentiente
1946 3472 2129 3526 libello

540 3551 665 3605 iidei
699 3547 764 3602 ad
795 3540 1366 3616 apostolicain’seilcm
1396 3544 1464 3594 :ili
1497 3540 1562 3596 iis
1589 3543 1777 3616 misso,
1806 3543 1892 3610 ,με
1929 3544 2126 3613 pelagii

537 3607 868 3678 damnationi
894 3613 1238 3669 subscribere
1269 3607 1661 3669 detreCtabant.
1700 3607 1847 3668 Io'm'.
1880 3616 1949 3668 illi
1983 3607 2126 3684 quin!

445 3725 449 3728 -
535 3690 989 3758 subscriptionem
1023 3704 1175 3741 siiini
1207 3696 1422 3754 negent,
1455 3686 1683 3754 primum
1718 3691 1796 3738 HC
1823 3699 2082 3739 exa-osant
2113 3705 2125 3738 :

535 3762 682 3820 Illud
729 3773 900 3814 autent
946 3759 1269 3812 sanctitatem
1308 3767 1524 3811 vestram
1560 3758 1855 3822 specialiter
1883 3759 2124 3810 admone-

536 3855 682 3898 mus,
736 3849 796 3885 ne
825 3833 891 3884 ad
935 3843 1151 3884 vestram
1192 3827 1638 3898 reprehensionem
1684 3827 1878 3897 factum
1920 3831 2125 3900 putetis,

535 3907 674 3980 quod
699 3907 774 3960 sic
811 3903 1076 3980 absentum
1108 3902 1492 3980 damnationem
1518 3901 1583 3980 ob
1619 3901 1710 3980 ζ)ρὶ
1744 3900 1973 3980 timorem
2003 3901 2126 3952 sub-

533 3969 755 4032 scribere
786 3992 886 4028 non
916 3973 1188 4032 audemus,
1221 3972 1357 4024 docti
1390 3987 1480 4038 per
1511 3969 1815 4040 Scripturas
1848 3973 2128 4024 humanam

533 4052 847 4103 voluntatem
877 4045 1143 4116 prteci'ptis
1191 4039 1289 4094 Dei
1332 4059 1434 4094 non
1469 4041 1647 4095 debere
1690 4043 1946 4112 prie/erm}
1988 4043 2124 4116 'l'iiin

532 4136 598 4176 ea
620 4119 802 4172 omnia
842 4107 1137 4183 subjiciunt
1158 4129 1433 4166 sacrarum
1462 4107 1764 4165 litterarum
1789 4107 2124 4176 imtiiiioiiia,

532 4192 732 4258 quibus
756 4187 843 4240 hic
861 4185 1108 4258 Zosiiniis
1126 4183 2129 4258 ul)ilbselltllilISledlC”lltlls_:lllslllt0ll-

536 4252 820 4327 dumgesse
847 4257 1201 4320 demonstrat,
1234 4262 1394 4322 atque
1425 4255 1488 4327 iii
1511 4256 1572 4327 iis
1606 4265 1811 4327 ponunt
1846 4252 1994 4327 illud,
2029 4257 2129 4310 nisi

535 4332 600 4387 ab
633 4325 998 4402 ipsoraudt'ertt
1029 4336 1076 4379 et
1103 4327 1429 4402 cognoverit.
1449 4324 1801 4402 llalietiii'_l_iie
1830 4323 2040 4402 libellus
2075 4330 2124 4382 in

534 4389 840 4472 appeiidice
891 4407 1024 4472 tuin.
1076 4413 1105 4472 tt
1151 4389 1432 4462 iiiigustini
1482 4409 1600 4472 pag.
1650 4395 1765 4472 ΗΟΔ
1793 4395 1856 4472 ad
1909 4389 2030 4464 HS,
2061 4415 2124 4452 ex

532 4464 710 4544 eoque
744 4464 1026 4544 nonnulla,
1057 4469 1100 4522 si
1136 4476 1314 4544 tamen
1348 4468 1590 4544 anterior
1618 4479 1721 4534 est,
1755 4468 1806 4520 iii
1843 4469 1978 4521 lianc
2013 4472 2129 4539 epi-

528 4533 730 4602 8iolam
760 4559 788 4598 a
817 4533 1035 4597 Zosiino
1062 4533 1323 4593 translata
1352 4541 1657 4606 Opiiiainiir.

609 4629 633 4654 τι
669 4613 810 4670 Editi
852 4613 1107 4666 credas...
1155 4611 1464 4664 consentias.
1498 4607 1674 4664 Vatic.
1724 4625 1853 4670 uis.,
1882 4611 2072 4666 credis.
2109 4653 2121 4667 .

531 4689 838 4744 consenties.
874 4679 1293 4738 Restiiueiiduin
1332 4679 1582 4736 duximus
1615 4696 1737 4736 cuni
1769 4682 2030 4749 praedicto
2061 4683 2124 4737 li-

531 4761 681 4814 licllo
710 4759 957 4813 credes...
988 4753 1298 4809 consentias.
1733 4815 1736 4818 ,

607 4831 634 4870 δ
662 4825 733 4884 Ita
766 4826 1072 4884 eiiieiidzivit
1106 4823 1337 4880 Garner.
1381 4824 1524 4891 quod
1557 4823 1698 4891 apud
1733 4825 1926 4878 liarmi.
1959 4827 2129 4883 oii'en-

534 4902 689 4954 derat
711 4919 774 4955 ex
813 4897 1091 4968 archetypi
1123 4895 1226 4950 iide
1254 4895 1331 4949 sic
1360 4893 1587 4968 editum,
1619 4894 1912 4957 inclinatio,
1943 4899 2131 4953 credu-

536 4973 658 5025 litas
701 4976 764 5024 de
810 4967 1099 5024 absentibus
1139 4969 1201 5041 in
1247 4967 1959 5041 absentes._Correctionein
2011 4971 2128 5041 ejus

532 5044 776 5108 retinere
800 5041 948 5107 licet,
975 5039 1150 5108 quoad
1177 5038 1377 5092 certius
1401 5033 1529 5106 quid
1554 5041 1786 5094 eluceat.

611 5125 631 5151 ο
670 5115 770 5167 Pro
800 5111 1060 5180 particula
1093 5124 1229 5171 cum,
1262 5110 1538 5162 substituit
1566 5109 1731 5163 Garn.
1759 5109 1980 5164 verbum
2005 5129 2127 5167 con-

535 5187 708 5253 cessit,
758 5181 1068 5250 refragante
1112 5180 1432 5248 archetypo.
1485 5180 1581 5234 Hic
1630 5183 1930 5250 appellatur
1977 5199 2123 5250 reus,

536 5259 628 5326 qui
661 5265 943 5310 accusatus
969 5254 1270 5326 vocalnriu
1301 5264 1544 5326 causam.

610 5327 634 5364 ἀ
669 5328 832 5388 Editi,
857 5335 902 5377 et
927 5321 1278 5377 extramnrina
1305 5336 1322 5373 :
1347 5322 1693 5388 corriguntur
1718 5335 1784 5372 ex
1815 5337 1914 5376 ms.
1950 5323 2123 5379 Vatia.

535 5399 638 5454 llic
684 5400 958 5463 respicere
1009 5393 1219 5446 videtur
1265 5391 1519 5446 Zosiinus
1564 5391 1628 5445 ad
1676 5391 1724 5444 id
1758 5391 1892 5463 Cod.
1925 5393 2120 5450 Justiti.

531 5471 630 5525 lib.
662 5487 742 5537 iii,
775 5461 853 5523 tit.
892 5467 977 5528 tl,
1009 5467 1108 5537 leg.
1139 5480 1155 5517 ι
1183 5481 1192 5513 :
1225 5463 1285 5517 Si
1315 5479 1380 5516 ea:
1410 5479 1469 5516 ea
1503 5463 1791 5530 provincia,
1817 5461 1900 5516 ubi
1933 5464 1995 5518 lis
2015 5468 2126 5532 agi-

535 5551 639 5597 tur.
677 5533 915 5609 persona,
952 5533 1027 5591 rel
1060 5533 1398 5609 instrumenta
1443 5544 1742 5609 poscuntur,
1778 5549 1878 5586 non
1906 5539 2131 5607 amplius

537 5603 693 5675 quam
722 5625 819 5666 tres
850 5603 1046 5663 menses
1077 5603 1465 5677 indulgeantur.
1586 5620 1701 5677 vero
1729 5621 1791 5657 ea:
1821 5603 2130 5661 continenti-

538 5684 629 5734 bus
674 5683 970 5753 proainriis,
1014 5696 1104 5733 sea:
1143 5675 1338 5753 menses
1376 5675 1626 5730 custodiri
1648 5677 1875 5748 justitia:
1920 5688 2037 5732 est:
2075 5682 2129 5734 in

496 5810 498 5812 τ
539 5749 907 5807 'rtiaususnius
943 5763 1113 5804 autem
1159 5749 1408 5802 dilatione
1450 5765 1626 5801 novem
1660 5763 1851 5800 menses
1881 5751 2129 5806 custodiri

539 5825 805 5888 Oportebit.
838 5823 968 5886 Qua:
1012 5822 1096 5876 lex
1127 5839 1152 5872 a
1189 5821 1529 5886 Diocletiano
1558 5828 1614 5874 et
1641 5818 1966 5888 Maximiano
1997 5824 2124 5884 lata,

535 5903 721 5957 posma
757 5895 821 5944 ab
854 5894 1081 5946 Arcadio
1117 5893 1246 5948 ibid.
1285 5894 1383 5963 leg.
1423 5893 1477 5958 7,
1515 5899 1568 5945 et
1608 5893 1745 5946 Cod.
1791 5889 1893 5947 'I'li.
1933 5893 2024 5948 lib.
2063 5910 2122 5965 ii,

2242 3475 2324 3528 tit.
2355 3477 2408 3540 7,
2445 3475 2548 3545 leg.
2581 3477 2636 3540 4,
2669 3475 2984 3529 conﬁrmata
3017 3482 3124 3528 est.

2310 3556 2332 3582 θ
2364 3545 2422 3599 In
2454 3543 2707 3615 vulgitis.
2740 3547 3053 3600 abdicando.
3089 3545 3310 3600 licetitls
3340 3545 3629 3614 exemplar
3663 3543 3837 3599 Vatic.

2236 3618 2530 3672 ambiendo.

2312 3687 2329 3725 ί
2364 3689 2496 3742 Cod.
2533 3687 2751 3744 Tb.lib.
2789 3705 2897 3749 im,
2933 3688 3014 3742 tit.
3046 3687 3101 3753 εὶ,
3137 3690 3241 3756 leg.
3274 3688 3368 3750 4t,
3401 3696 3586 3741 exstat
3615 3683 3838 3740 Honorii

2233 3761 2549 3814 constitutio
2581 3777 2724 3813 anno
2753 3760 2859 3815 412
2884 3761 3223 3827 consignata,
3251 3761 3302 3812 iii
3331 3774 3434 3827 qua
3465 3757 3836 3826 prieiiiittitur,

2234 3833 2494 3884 clericos'
2523 3829 2736 3891 nonnisi
2778 3832 2914 3899 apud
2963 3833 3250 3899 epismpos
3296 3831 3542 3883 acetis:iri
3595 3829 3836 3883 debere:

2234 3919 2296 3954 ac
2324 3901 2522 3957 deinde
2550 3901 2766 3955 additur
2792 3919 2802 3953 :
2833 3901 3028 3972 Siquis
3051 3944 3064 3961 ,
3088 3903 3190 3955 sire
3220 3899 3309 3954 ille
3336 3901 3576 3972 sublimis
3606 3900 3843 3972 honoris,

2232 3974 2336 4026 sive
2367 3973 2526 4028 ullius
2556 3973 2769 4026 alterius
2809 3971 3102 4043 dignitatis,
3141 3974 3278 4025 circa
3327 3971 3641 4040 hujusmodi
3672 3986 3843 4043 perso-

2234 4062 2328 4097 nas
2359 4043 2486 4114 (lioe
2518 4056 2602 4099 est
2633 4042 2976 4112 eiuseoiium,
3013 4045 3397 4114 presbyterum
3439 4045 3651 4097 aliosve
3679 4042 3842 4114 cieri-

2233 4115 2350 4185 cos)
2369 4113 2466 4168 non
2499 4115 2764 4180 probanda
2792 4114 3056 4181 detulerit,
3077 4113 3380 4168 auctoritate
3393 4116 3547 4185 hujus
3563 4113 3844 4168 sanctionis

2232 4188 2487 4256 intelligat
2513 4203 2566 4258 se
2583 4188 2806 4258 jactura:
2823 4190 2976 4256 fama:
2999 4187 3222 4256 proprim
3250 4188 3532 4258 subiacere.
3570 4186 3743 4258 Quam
3771 4185 3844 4236 lc-

2233 4274 2353 4326 gem
2375 4259 2488 4314 Jac.
2516 4257 2882 4314 Gothofredus
2909 4257 3068 4310 latam
3089 4265 3243 4326 putat
3264 4257 3550 4310 occasione
3567 4257 3844 4326 inordinaf

2237 4324 2677 4385 tataccusationis
2705 4339 2759 4383 et
2779 4329 3055 4397 iniuriosa:
3077 4324 3427 4381 abdicationis
3447 4327 3685 4391 llerotis,
3703 4324 3842 4395 quod

2233 4414 2352 4454 cuin
2381 4402 2567 4455 insoiis
2594 4410 2769 4466 esset,
2809 4400 3058 4454 sublimis
3078 4399 3488 4453 viriCoiistantii
3515 4401 3844 4452 auctoritate

2232 4481 2285 4522 et
2306 4473 2550 4540 populari
2575 4472 2947 4526 commotione
2967 4471 3034 4523 ab
3052 4471 3284 4525 ecclesia
3305 4486 3398 4522 sua
3424 4470 3612 4539 pulsus
3631 4471 3722 4525 sit.
3739 4467 3844 4524 Sed

2235 4542 2357 4596 huic
2383 4543 2580 4597 eruditi
2611 4543 2715 4596 viri
2744 4542 3071 4610 conjectum
3102 4544 3278 4597 locum
3306 4558 3408 4594 non
3441 4542 3709 4608 permittit
3733 4542 3846 4610 sire

2233 4613 2370 4679 Ii-ec,
2405 4613 2519 4668 sive
2562 4615 2821 4677 superior
2849 4609 3120 4680 epistola.
3150 4612 3326 4667 Aliter
3361 4613 3504 4665 enim
3553 4614 3603 4665 in
3641 4611 3750 4666 illis
3779 4609 3846 4664 de

2233 4685 2434 4739 llerote
2463 4699 2606 4738 anno
2635 4685 2740 4739 417
2771 4686 2985 4738 loeutus
3017 4693 3163 4740 esset
3189 4683 3467 4747 Zosimus,
3497 4683 3542 4737 si
3577 4685 3844 4738 innocen-

2160 4771 2211 4829 D
2241 4756 2368 4829 tiam
2407 4756 2549 4809 illius
2581 4759 2650 4810 ab
2680 4755 2958 4829 anmb‘l‘i
2991 4755 3261 4829 Honorius
3283 4756 3590 4829 imperator
3615 4753 3847 4829 publico

2239 4828 2555 4881 testimonio
2603 4827 3037 4891 comprobasset.
3089 4827 3222 4880 Vide
3269 4827 3404 4880 Cod.
3457 4824 3561 4879 'l‘li.
3615 4826 3712 4879 lib.
3767 4839 3843 4882 ix.

2236 4901 2319 4952 tit.
2354 4900 2443 4954 59.
2491 4898 2615 4953 Ideo
2644 4913 2775 4952 vero
2809 4898 2981 4951 Heros
3011 4909 3066 4953 et
3109 4897 3343 4952 Lazarus
3391 4912 3534 4950 nunc
3562 4913 3588 4946 a
3617 4896 3843 4949 Zosiino

2235 4979 2697 5040 repraisentantur
2723 4979 2782 5023 ut
2813 4970 2967 5022 otiosi
3005 4979 3052 5022 et
3095 4969 3324 5028 delicati,
3379 4976 3539 5035 atque
3568 4967 3620 5020 in
3653 4965 3844 5020 cubili-

2236 5042 2326 5095 bus
2377 5051 2423 5094 et
2477 5040 2678 5095 lectulis
2724 5041 2991 5108 jacentes,
3039 5041 3164 5107 quia
3217 5040 3516 5094 absentiam
3567 5054 3752 5096 suain,
3791 5046 3846 5089 ut

2237 5113 2567 5181 Augustinus
2602 5113 2696 5166 lib.
2731 5113 2797 5166 de
2826 5114 2995 5175 gestis
3025 5111 3224 5180 Pelagii
3253 5126 3373 5179 cap.
3407 5108 3494 5170 55,
3532 5125 3586 5162 n.
3625 5109 3724 5171 ω,
3765 5110 3842 5181 Ιρο

2231 5179 2436 5256 quitur,
2481 5186 2546 5256 de
2595 5183 2910 5256 (egritudine
2955 5184 3121 5256 unius
3155 5179 3333 5256 eorum
3392 5181 3731 5256 excusabant.
3785 5179 3846 5256 Et

2233 5249 2370 5310 lianc
2403 5255 2619 5324 quidem
2642 5249 3067 5308 'exciisationem
3113 5255 3165 5307 in
3207 5253 3400 5305 eodem
3433 5252 3574 5305 libro
3614 5249 3844 5324 cap._l_,

2233 5344 2284 5380 n.
2319 5327 2374 5387 2.
2409 5320 2550 5379 idem
2586 5327 2781 5379 Doctor
2824 5340 3004 5379 veram
3055 5341 3117 5378 ac
3164 5324 3458 5391 legitimam
3512 5323 3712 5388 probat
3761 5320 3847 5374 his

2231 5398 2449 5452 verbis:
2482 5396 2707 5463 Propter
2738 5399 3115 5466 gravem,siciii
3147 5404 3322 5463 postea
3352 5394 3673 5463 probabilius
3703 5407 3847 5446 com-

2233 5470 2478 5540 perimus,
2525 5469 2676 5522 unius
2725 5484 2905 5522 eorum
2953 5469 3348 5540 (egritudineni,
3403 5475 3680 5540 prtesentes
3734 5477 3846 5517 esse

2234 5537 2444 5593 minime
2470 5549 2770 5611 potuerunt.
2804 5537 3064 5594 Eaiiide'in
3093 5555 3223 5593 vero
3246 5537 3679 5592 coinmentitiaiii
3710 5550 3847 5589 non-

2235 5611 2368 5665 nulli
2391 5611 2607 5664 Zosimo
2634 5622 3042 5679 permoverunt.

2306 5693 2330 5729 8
2363 5684 2417 5738 Si
2451 5673 2716 5736 Heros'et
2751 5683 2994 5737 Lazarus
3035 5683 3122 5736 hic
3153 5688 3434 5747 notentur,
3470 5695 3576 5734 non
3599 5673 3844 5751 judi‘reii,

2231 5753 2329 5824 sed
2363 5764 2513 5824 testes
2542 5752 2628 5806 hic
2657 5754 2945 5824 legendum
2981 5765 3084 5808 est.

2305 5823 2329 5860 δ
2365 5821 2526 5887 Εᾶίιί,
2561 5821 2754 5878 nostra.
2787 5825 3122 5879 Concinuius
3149 5837 3250 5877 ms.
3281 5831 3474 5878 vestra.
