4190 6190
448 349 546 409 661

1671 346 2032 407 EPISTOLIE
2076 347 2160 404 ET
2202 349 2549 407 DECRETA.

3638 351 3746 412 662

446 450 502 524 et
544 467 768 538 jubebat
814 466 869 522 in
917 480 1070 522 usuin
1117 464 1237 536 ejus
1272 465 1467 521 stolam
1503 467 1782 531 mundam,
1817 466 1919 521 hoc
1951 474 2032 520 est
2063 464 2116 525 Α
2143 462 2358 532 penitus
2391 477 2497 518 non
2531 462 2843 520 exorbitare
2872 463 2938 520 ab
2970 465 3170 522 itinere
3195 464 3488 536 majorum,
3513 481 3744 539 quorum

445 561 657 630 insigne
697 559 944 615 candida:
987 562 1185 614 mentis
1231 559 1436 628 afferri,
1472 571 1527 615 et
1559 560 1785 614 vitulum
1831 561 2042 630 sagina-

450 661 599 719 tum;
629 662 892 723 quantum
923 651 1038 707 hmo
1070 651 1290 706 uberior
1319 653 1616 708 exsultatio
1644 663 1728 708 est
1758 654 1904 721 fidei,
1938 671 2043 709 non

448 755 696 802 mortuos
727 760 874 812 esse,
910 762 1007 800 nec
1050 746 1308 815 periisse,
1340 745 1408 818 de
1437 747 1633 818 quibus
1665 747 1799 801 falsa
1829 749 2046 818 vulgata

450 840 617 895 sunt?
644 837 888 892 Misimus
921 840 1083 909 igitur
1119 839 1183 893 ad
1218 840 1565 896 dilectionem
1594 849 1834 896 vestram
1865 857 2049 896 exem-

451 931 622 1003 plaria
663 931 1082 1001 scripturarum,
1115 948 1254 1004 quas
1295 934 1543 1006 Pelagius
1583 936 1774 990 misit:
1817 950 2047 1006 quarum

451 1024 744 1080 lectionem
787 1040 896 1080 non
946 1027 1273 1096 ambigimus
1318 1029 1616 1098 parituram
1645 1044 1766 1084 esse
1804 1028 1959 1083 vobis
1995 1029 2047 1083 in

453 1117 682 1173 Domino
733 1117 801 1173 de
857 1118 1104 1173 absoluta
1159 1120 1276 1189 ejus
1336 1120 1440 1176 fide
1490 1122 1750 1177 Lrtiliatn.
1810 1122 1934 1176 Data
1993 1137 2047 1175 ιι

452 1209 561 1266 kal.
595 1209 854 1265 Octobris
880 1220 904 1246 ἰ
942 1210 1233 1284 (Septemb.
1262 1213 1378 1284 2|).

990 1325 1323 1381 EPISTOLA
1355 1326 1380 1364 ι)
1422 1327 1486 1382 IV
1501 1369 1513 1381 .

457 1435 536 1493 De
583 1437 595 1466 '
649 1435 782 1491 Ursa
826 1445 872 1490 et
916 1437 1137 1491 Tuenlio
1179 1440 1430 1511 episcopis
1471 1440 1650 1494 illicite
1687 1441 1962 1506 ordinatis,
1996 1454 2051 1495 ut

551 1545 806 1600 nusquam
830 1531 883 1583 in
914 1527 1162 1584 Ecclesia:
1188 1533 1546 1587 communione
1575 1534 1948 1605 suscipiantur.

453 1641 682 1698 Zosmos
721 1643 964 1698 Aoneuo
995 1651 1047 1697 et
1076 1644 1344 1699 universis
1384 1646 1658 1718 episcopis
1688 1663 1783 1718 per
1814 1646 2050 1702 Africam

524 1735 866 1799 constitutis,
918 1736 1186 1790 universis
1235 1738 1504 1807 episcopis
1555 1754 1648 1805 [er
1693 1739 1894 1795 Gallias
1939 1751 1959 1778 ε
1999 1750 2057 1795 et

525 1836 736 1896 septem
771 1829 1078 1898 provincias
1107 1829 1447 1898 conSIitutis,
1485 1832 1756 1888 universis
1784 1831 2053 1903 episc0pis

527 1936 625 1992 per
655 1921 972 1991 llispaniam
1005 1924 1345 1988 constitutis,
1374 1920 1399 1959 (¹
1430 1939 1460 1978 a
1487 1925 1622 1994 pari.

530 2036 577 2090 l.
634 2033 766 2089 Cum
810 2034 1073 2089 adversus
1127 2045 1328 2090 statuta
1389 2050 1602 2108 patrum
1659 2039 1898 2105 venitur,
1942 2053 2047 2093 non

452 2133 664 2185 tantum
713 2128 928 2183 illorum
971 2127 1270 2199 prudentia:
1303 2140 1464 2202 atque
1511 2131 1821 2198 sententize,
1858 2133 1947 2204 qui
1998 2133 2049 2188 in

453 2235 630 2274 atrum
675 2219 880 2274 victura
936 2233 1252 2288 sanxerunt,
1301 2222 1393 2276 sed
1447 2223 1545 2292 ipsi
1599 2223 1833 2294 quodam
1890 2223 2052 2279 modo

456 2313 580 2369 fidei
605 2322 659 2369 et
699 2314 982 2369 catholica)
1011 2314 1314 2386 disciplinae
1348 2317 1618 2388 irrogatur
1651 2319 1866 2389 injuria.
1911 2322 2048 2389 Quid

455 2409 602 2463 enim
669 2417 778 2462 tam
837 2419 1088 2464 sanctum
1145 2421 1309 2482 atque
1352 2411 1665 2468 venerabile
1692 2425 1816 2482 est,
1877 2432 2037 2486 quam

531 2556 554 2582 τι
584 2546 869 2624 Consules,
891 2548 1002 2624 _qui
1052 2547 1138 2602 hic
1159 2548 1577 2624 desiderantur,
1609 2551 1766 2606 facile
1795 2557 2054 2624 supplen-

460 2627 547 2673 tur
583 2634 661 2692 _ex
708 2619 935 2687 epistola
988 2621 1279 2689 superiori.
1316 2621 1518 2692 ,Neque
1566 2625 1710 2676 enim
1760 2619 2050 2682 obscurum

459 2699 542 2745 cst
583 2689 721 2744 hanc
761 2694 1005 2759 proxime
1053 2704 1174 2759 post
1219 2689 1479 2761 scriptam
1513 2708 1655 2748 esse.
1703 2693 1863 2750 Forte
1892 2698 2051 2752 etiam

462 2770 688 2885 utraque
710 2761 873 2816 simul
905 2762 1083 2817 eidem
1114 2763 1374 2817 Basilisco
1401 2764 1737 2819 subdiacono
1761 2767 2052 2824 deferenda

463 2841 540 2885 tra
589 2844 658 2885 ita
687 2842 791 2885 est.

463 2841 658 2886 tradita
687 2842 791 2887 est.

533 2904 558 2942 υ
587 2906 659 2958 lix
691 2905 754 2958 iis
779 2914 882 2968 est,
907 2921 1041 2975 quas
1069 2906 1122 2960 in
1155 2906 1462 2962 Arelatensi
1488 2907 1700 2972 codice,
1731 2911 1877 2966 unde
1899 2930 1926 2963 a
1958 2913 2056 2968 Ba-

2149 559 2412 613 canonica
2467 566 2666 613 statuta
2710 558 2874 613 veluti
2928 559 3173 630 quaedam
3223 557 3569 614 fundamenta
3621 570 3751 616 sunt

2151 652 2388 706 ferendis
2419 651 2541 706 fidei
2566 661 2586 687 ο
2608 652 2749 721 jacta
2783 653 3151 722 ponderibus?
3174 653 3278 708 Sed
3308 653 3444 708 nihil
3474 655 3655 709 minus
3677 655 3745 711 ab

2149 743 2288 800 Urso
2317 755 2372 799 et
2399 743 2656 810 Tuentio,
2692 761 2924 815 quorum
2969 762 3109 801 unus
3154 747 3373 802 assidua
3406 748 3553 804 sedis
3585 749 3748 820 hujus

2149 837 2414 892 medicina
2465 845 2713 903 curatus,
2757 838 2824 890 ad
2872 839 3145 893 emendati
3197 841 3410 894 erroris
3459 842 3748 910 pervenire

2150 946 2260 986 non
2294 931 2469 1001 potuit
2497 930 2824 995 sanitatem;
2859 932 2999 987 alter
3025 948 3155 987 vero
3187 942 3313 988 ante
3338 933 3548 1005 aliquot
3577 949 3751 990 annos

2151 1023 2364 1093 objecta
2395 1022 2781 1077 criminatione
2809 1022 3118 1092 submotus,
3152 1025 3291 1078 sicut
3319 1025 3518 1079 civium
3545 1027 3750 1096 scripta

2153 1126 2423 1172 testantur
2468 1116 2553 1170 vel
2601 1117 2810 1187 ingesta
2857 1115 3063 1188 [Forte,
3101 1128 3157 1172 ut
3203 1117 3380 1190 gesta]
3420 1119 3751 1189 docuerunt,

2152 1211 2315 1266 etiam
2348 1210 2416 1264 ab
2447 1225 2513 1264 eo
2545 1209 2664 1279 ipso
2695 1209 2920 1280 gradum
2953 1211 3148 1265 summi
3185 1211 3489 1267 sacerdotis
3517 1212 3750 1284 accepit,

2153 1319 2308 1372 aquo
2333 1302 2513 1357 fuerat
2538 1311 2667 1356 ante
2691 1300 3004 1357 damnatus.
3024 1302 3217 1358 Caecus
3244 1304 3470 1358 errorin
3497 1315 3750 1375 utroque.

2159 1396 2177 1432 ί
2229 1403 2287 1450 ut
2335 1393 2478 1464 quod
2525 1404 2608 1449 est
2652 1394 2998 1462 potissimum
3054 1396 3106 1449 in
3162 1396 3443 1464 omnibus,
3485 1412 3586 1452 nec
3623 1398 3756 1454 velit

2155 1491 2386 1544 aliorum
2419 1489 2488 1544 de
2530 1487 2787 1554 Tuentio,
2823 1504 2921 1544 nec
2949 1504 3101 1544 suam
3131 1489 3199 1546 de
3232 1488 3373 1546 Urso
3409 1499 3598 1547 tenere
3629 1506 3756 1547 sen-

2157 1583 2404 1640 tentiam.

2225 1676 2281 1731 2.
2315 1675 2419 1731 Sed
2466 1674 2549 1732 fac
2577 1686 2642 1732 ut
2681 1675 2892 1730 honesti
2927 1690 3106 1729 mores
3148 1674 3457 1731 hominibus
3491 1684 3677 1732 essent
3704 1684 3761 1732 et

2157 1770 2379 1841 probata
2431 1769 2729 1841 suffragia:
2781 1768 2909 1839 quid
2965 1768 3136 1834 illud,
3187 1769 3331 1839 quod
3387 1770 3756 1840 pretermisso

2083 1869 2128 1930 Β
2159 1863 2322 1917 fratre
2354 1871 2541 1917 nostro
2573 1861 2828 1917 Patroclo
2862 1861 3287 1931 metropolitano
3328 1862 3591 1932 episcopo
3621 1863 3755 1920 Are-

2156 1955 2444 2010 latensium
2477 1955 2734 2021 civitatis,
2763 1954 2882 2008 sine
2908 1952 3064 2022 cujus
3088 1955 3434 2022 auctoritate,
3454 1953 3614 2024 juxta
3638 1969 3755 2010 ma.

2152 2047 2330 2118 jormn
2363 2061 2601 2103 canones
2627 2091 2641 2115 ,
2677 2047 2822 2101 nulla
2855 2045 3071 2115 penitus
3105 2046 3278 2115 potuit
3307 2045 3582 2101 ordinatio
3609 2048 3756 2103 cele-

2160 2145 2327 2210 brari,
2390 2145 2719 2199 tumultuose
2770 2151 2823 2197 et
2879 2140 3092 2196 turbide
3147 2140 3401 2196 indebitis
3454 2140 3757 2196 sacerdotia

2159 2238 2578 2310 impinguntur?
2607 2237 2719 2292 Nec
2765 2236 2957 2292 saltem
3001 2235 3487 2305 comprovinciales
3517 2235 3758 2304 episcopi

2159 2341 2548 2400 eorrogantur,
2583 2337 2641 2383 ut
2671 2343 2826 2383 error
2870 2327 3178 2382 velamento
3222 2327 3402 2396 aliquo
3445 2336 3756 2397 tegeretur:

2148 2421 2241 2476 sed
2272 2424 2289 2453 ²
2321 2421 2576 2490 Lazarus,
2605 2419 2807 2475 dudum
2844 2420 2897 2472 in
2927 2417 3248 2474 Tauriuensi
3284 2418 3520 2472 concilio
3546 2420 3756 2488 gravis-

2159 2559 2270 2613 llac
2318 2559 2590 2615 locutione
2640 2562 3013 2631 intelliguntur
3070 2560 3222 2629 plura
3271 2556 3417 2625 paria
3452 2570 3514 2610 ac
3543 2558 3756 2631 _similia

2160 2631 2400 2700 ejusdem
2445 2632 2690 2699 epistolae
2733 2629 3013 2701 exemplaj,
3056 2642 3464 2701 quaaseorsum
3509 2629 3757 2701 singulis,

2160 2699 2254 2755 seu
2288 2701 2584 2770 provinciis
2611 2715 2700 2756 aut
2748 2699 2992 2757 ecclesiis
3028 2699 3122 2758 seu
3152 2699 3282 2753 viris
3314 2700 3365 2752 in
3399 2699 3762 2768 inscriptione

2164 2773 2574 2842 praenominatis
2609 2774 2915 2828 tradebant.

2238 2854 2259 2880 ε’
2287 2843 2444 2916 Coll).
2475 2859 2578 2898 ms.
2609 2845 2733 2912 ﬁdei
2753 2853 2875 2916 apta
2904 2839 3378 2916 ponderibus._Sed
3405 2840 3537 2916 nihil
3568 2841 3756 2897 mirum

2161 2915 2244 2968 ab.
2292 2915 2417 2969 Post
2470 2911 2654 2981 verba,
2695 2915 2824 2970 nihil
2872 2911 3076 2981 minus,
3109 2911 3300 2982 supple
3347 2912 3630 2981 pm’stt'fttm
3666 2923 3758 2967 aut

461 2977 620 3055 portio
677 2977 906 3055 prinnnn
955 2980 1006 3030 in
1054 2979 1225 3055 lucem
1280 2981 1493 3055 emissze
1511 2990 1674 3055 sunt,
1707 2992 1759 3034 et
1792 2983 1844 3035 in
1885 2985 2060 3040 altero
2087 2983 2130 3042 C
2166 2987 2308 3039 aliud
2344 2977 2675 3055 hojusmodi.
2710 2988 2997 3041 Tuentium
3031 2977 3384 3055 Prisc—illirium
3416 2987 3757 3051 superstitio.

461 3047 774 3123 (‘Iplbertiuo
814 3052 1081 3102 asservari
1133 3052 1465 3105 monuimus.
1511 3051 1587 3105 De
1617 3052 1682 3105 iis
1711 3069 1829 3123 qum
1871 3058 1921 3108 in
1971 3058 2056 3110 illa

463 3117 828 3192 disseruntur,
871 3130 929 3172 ut
974 3125 1181 3188 arquius
1221 3123 1451 3191 quisque
1493 3117 1796 3192 dijudica're
1841 3128 2056 3192 valeat;

463 3190 815 3245 recolendum
871 3193 1012 3260 quod
1065 3192 1299 3261 Prusper
1351 3190 1403 3247 in
1453 3190 1748 3256 Chronico,
1802 3190 2056 3253 lleroteni

465 3263 733 3336 insontem
764 3262 1157 3336 aliArelateusi
1194 3265 1391 3334 populo
1423 3266 1655 3332 pulsum,
1689 3267 1849 3336 inque
1880 3269 2057 3324 Ineunt

466 3333 582 3400 ejus
627 3334 935 3388 Patroclum
991 3333 1292 3390 Constantii
1343 3338 1575 3390 amicum
1625 3351 1678 3391 ct
1730 3333 2055 3396 familiarem

467 3405 815 3477 subrogatum
855 3419 978 3460 esse
1015 3408 1290 3473 prml‘atus,
1325 3407 1604 3477 adjuugit:
1652 3409 1782 3472 ρηω
1812 3427 1893 3463 res
1923 3413 2058 3465 inter

469 3476 728 3548 episcopos
751 3477 975 3548 regionis
1000 3477 1142 3531 illius
1163 3495 1464 3546 magnarum
1494 3476 1870 3534 discordiarum
1900 3499 2057 3535 causa

469 3546 593 3617 [αὶι.
624 3546 747 3601 H:ec
777 3546 975 3617 quippe
1007 3550 1400 3604 discordiarum
1433 3565 1591 3604 causzi
1629 3553 1744 3608 fuit.
1772 3553 1898 3606 dum
1935 3554 2057 3608 hinc

469 3615 750 3672 Patroclus
797 3615 1097 3674 Constantii
1152 3623 1321 3686 gratia
1369 3631 1422 3674 ct
1471 3621 1670 3675 Zosimi
1713 3622 1816 3677 fide
1856 3624 2056 3678 abusus

470 3687 721 3764 Ileroletn
749 3693 913 3764 variis
947 3693 1118 3745 inodis
1143 3694 1451 3755 infamaret,
1487 3694 1631 3747 illinc
1659 3710 1788 3746 vero
1819 3695 2055 3764 episcopi

466 3761 704 3832 regionis
736 3761 898 3827 iliius,
922 3766 1010 3832 qui
1043 3765 1297 3817 llcrotem
1331 3766 1562 3831 ικειιιιὶιις
1594 3761 1880 3829 noverant,
1907 3761 2058 3821 eun—t-

467 3829 588 3884 dcm
619 3841 676 3886 ut
701 3834 899 3888 nullius
919 3829 1166 3888 c't'itninis
1200 3829 1350 3888 reum
1385 3834 1763 3889 defenderent.

544 3914 564 3937 ο
593 3903 648 3956 ln
678 3920 782 3958 ms.
809 3901 961 3959 Coll).
993 3906 1333 3960 desideratur
1359 3908 1672 3972 coniunctio
1705 3918 1770 3974 et,
1805 3923 1927 3975 qua:
1959 3910 2056 3962 ha.

471 3973 628 4049 betur
655 3976 817 4049 etiam
847 3977 898 4030 in
927 3978 1278 4045 inscriptione
1307 3979 1606 4046 superioris
1635 3973 1947 4049 epistola”.

538 4042 563 4120 ᾖ]
597 4046 740 4100 Istud
770 4065 802 4120 τι
827 4049 964 4120 pari,
993 4050 1045 4102 in
1080 4042 1536 4118 subsequentibus
1561 4042 1897 4104 summorum
1927 4065 2058 4120 pon-

472 4115 670 4171 tificum
722 4115 966 4188 epistolis
1013 4115 1287 4190 frequens,
1324 4136 1470 4175 nunc
1519 4123 1748 4190 primmn
1797 4115 2055 4178 occurrit.

545 4232 1205 4307 ‘()rdinaratrProculus
1254 4235 1672 4290 Massiliensium
1741 4239 2051 4307 episcopus,

471 4307 664 4359 allecto
693 4305 793 4358 sibi
822 4306 1023 4376 collega
1055 4307 1256 4361 Lazaro
1276 4309 1534 4375 Adaeusi,
1564 4308 1756 4362 Ursum
1781 4305 2058 4364 anc-Tuen-

473 4379 602 4430 tium
637 4377 942 4445 cpiscopos,
1005 4380 1144 4444 apud
1192 4379 1563 4445 (litharistani,
1592 4380 1806 4448 opinor,
1840 4389 1894 4434 et
1921 4380 2055 4435 Gar-

472 4449 704 4518 garium,
723 4465 840 4514 qua!
866 4449 1558 4519 parochia-c1-ant0pim:~pi
1583 4451 1924 4505 iri-latensis.
1951 4453 2056 4504 llas

474 4517 846 4592 ordinationes
887 4517 1138 4574 Zositnus
1181 4517 1457 4592 eucyclica
1485 4517 1711 4590 epistola
1744 4524 1930 4575 niultis
1958 4539 2056 4577 no-

473 4590 710 4662 minibus
750 4590 1046 4660 redarguit.
1094 4590 1353 4658 l’iimum,
1388 4591 1530 4662 quod
1563 4595 1798 4647 ordinati
1830 4595 1938 4648 sint
1963 4595 2060 4648 ho-

474 4661 650 4734 n.ines
676 4662 785 4730 jam
834 4671 956 4734 ante
987 4662 1260 4731 damnati,
1297 4661 1431 4734 quos
1463 4663 1704 4718 ordinari
1740 4668 1889 4720 nefas
1923 4675 2057 4719 erat.

475 4733 680 4788 Deinde
725 4733 867 4802 quod
902 4737 1268 4803 prmtermisso
1303 4733 1720 4804 metroiiolitauo
1754 4736 2062 4790 Arelaten-i

473 4804 707 4876 ordinati
737 4806 1039 4876 sint,rquod
1076 4808 1434 4871 provim-iah-s
1463 4809 1705 4874 episcOpi
1734 4807 1924 4862 adsciti
1956 4823 2060 4861 non

475 4875 698 4939 fuerint,
752 4875 892 4946 quod
934 4876 1168 4931 Lazorns
1193 4896 1254 4930 ex
1299 4879 1404 4932 alia
1451 4879 1724 4946 provincia
1782 4889 2059 4946 evocatus,

474 4945 618 5020 quod
654 4945 828 5020 aliena
891 4950 1004 5002 loca
1047 4960 1328 5020 usurpata,
1355 4945 1496 5016 quod
1529 4950 1763 5018 denique
1793 4945 2064 5019 legitimus

475 5018 873 5072 Ordinationum
916 5020 1031 5073 dies
1063 5018 1538 5074 nou'ohservatus.
1567 5018 1860 5074 Tuentium
1887 5023 2064 5088 itaque

479 5101 532 5142 et
563 5089 779 5162 ursum,
808 5099 863 5142 ut
899 5091 1104 5159 ejectos
1136 5092 1202 5144 ab
1236 5092 1499 5158 Ecclesia,
1531 5107 1793 5162 nusqunn
1825 5091 1891 5146 ad
1921 5109 2063 5146 com-

480 5161 794 5216 munionem
819 5163 1194 5233 suscipiendos
1209 5164 1492 5233 significat.

550 5234 570 5262 ’
598 5233 797 5286 Eadem
823 5233 890 5286 de
922 5231 1126 5288 Lazaro
1178 5231 1425 5304 leguntur
1449 5234 1500 5286 in
1529 5235 1697 5288 altera
1732 5233 1930 5287 Zosimi
1955 5234 2069 5302 epi-

479 5305 816 5372 stola,quam
842 5321 936 5374 per
959 5308 1123 5359 hosce
1148 5305 1266 5358 dies
1294 5307 1359 5359 ad
1388 5306 1669 5359 Africanos
1690 5308 1979 5375 episcopos
2002 5305 2070 5360 de

481 5375 698 5445 Pelagio
720 5391 781 5428 ac
809 5392 905 5443 pro
919 5375 1138 5444 Pelagio
1163 5377 1408 5446 scripsit:
1440 5392 1597 5443 quam
1624 5393 1741 5428 cuin
1773 5378 1938 5431 :il-‘era
1970 5391 2070 5447 pro

479 5447 877 5501 (Imlestioitem
899 5449 1096 5514 scripta
1113 5449 1318 5516 primus
1339 5449 1392 5501 in
1411 5450 1581 5501 lucetn
1603 5449 1843 5514 protulit,
1861 5449 2070 5501 annali—

486 5517 690 5585 lmsque
714 5519 825 5572 suis
852 5519 1081 5573 inseruit
1103 5518 1264 5574 Card.
1287 5520 1644 5572 Baroninsdit
1669 5535 1994 5589 «piamquam
2016 5521 2066 5572 in

481 5593 616 5643 actis
632 5591 822 5661 synodi
839 5590 1192 5646 Taurinensis
1210 5591 1413 5644 nullmn
1436 5592 1586 5644 hodie
1613 5590 1899 5643 llt'ict'ianzu
1915 5591 2070 5644 istius

483 5662 850 5734 accusationis
882 5664 951 5734 sit
992 5663 1300 5734 vestigium,
1336 5663 1543 5734 nullam
1592 5671 1770 5734 tamen
1802 5663 1872 5714 ibi
1903 5663 2070 5734 fuisse

484 5750 592 5789 non
625 5731 878 5788 dixerim.
911 5732 1018 5788 Sed
1045 5731 1188 5803 quod
1230 5734 1488 5788 Lazarum
1535 5733 1634 5786 hoc
1664 5733 1797 5794 loco,
1831 5742 1884 5786 et
1910 5733 1960 5785 in
1992 5735 2071 5787 al-

491 5815 602 5858 tera
639 5805 726 5856 illa
778 5804 1005 5872 epistola
1052 5822 1172 5859 cum
1227 5806 1428 5859 Lazaro
1459 5805 2068 5874 llerotem.episcopum

486 5875 890 5946 Arelatensem,
927 5875 1123 5941 virum,
1181 5890 1236 5931 ut
1259 5876 1493 5952 Prosper
1521 5875 1572 5931 in
1599 5876 1871 5930 ChroniCo
1901 5885 2068 5930 testa-

2088 4565 2140 4624 D

2164 3059 2248 3112 nis
2271 3059 2390 3112 lahc
2415 3053 2841 3113 contaminatum
2868 3056 3035 3114 fuisse
3061 3055 3196 3110 lnfra
3223 3071 3278 3109 η.
3309 3053 3344 3108 5
3373 3063 3644 3108 narratur.

2242 3128 2490 3183 fBaron.
2538 3145 2660 3185 cum
2695 3145 2798 3184 ms.
2848 3130 3000 3185 Arel.
3049 3129 3117 3182 Et
3158 3125 3338 3197 quod:
3370 3138 3432 3178 ac
3477 3138 3624 3192 mox,
3667 3142 3757 3180 nee

2164 3201 2363 3265 vellem,
2419 3201 2507 3255 ubi
2565 3203 2616 3254 in
2669 3217 2771 3256 ms.
2804 3201 2982 3269 Colb.,
3023 3217 3112 3254 nee
3148 3198 3317 3269 rilem,
3351 3209 3451 3264 pro
3487 3198 3755 3269 nec‘yefit.

2163 3264 2391 3348 Legere
2416 3274 2626 3340 liceret,
2659 3284 2704 3326 el
2735 3264 3069 3348 quod..._’nec
3110 3269 3254 3348 velle.
3291 3268 3347 3348 ⁸ις
3375 3281 3402 3319 a
3433 3282 3540 3336 quo
3564 3264 3757 3348 limus

2163 3337 2333 3420 prius
2361 3337 2666 3420 damnatus,
2699 3337 2818 3420 post
2851 3343 3132 3420 ordinatus
3166 3341 3350 3420 fuerit,
3373 3353 3447 3420 ex
3494 3337 3754 3420 subjectis

2162 3409 2485 3490 intelligitur
2504 3409 2752 3490 ;_scilieet
2775 3415 3033 3490 Proculus
3064 3409 3417 3490 Massiliensis
3443 3409 3755 3490 ep_isc_0pus,

2162 3487 2275 3556 qui,
2307 3481 2366 3538 ut
2408 3502 2474 3540 ex
2521 3485 2877 3541 Taurinensis
2923 3487 3148 3556 concilii,
3167 3495 3390 3556 canone
3422 3481 3750 3556 tdiscimus,

2162 3552 2506 3611 sacerdotum
2537 3558 2788 3612 secundae
2817 3559 3109 3626 provincia:
3137 3552 3507 3626 Narbonensis
3537 3552 3752 3626 ordina-

2163 3629 2336 3680 tiones
2383 3627 2484 3680 sibi
2535 3622 2863 3682 vindicabat.
2920 3628 3118 3683 Verum
3179 3625 3351 3690 Ursio,
3402 3636 3561 3690 quem
3613 3622 3752 3678 idem

2163 3697 2505 3752 Tauriucnse
2532 3699 2818 3752 concilium
2845 3714 2964 3752 ean.
2996 3701 3050 3762 5,
3082 3699 3135 3750 in
3166 3695 3501 3764 usurpatione
3526 3693 3753 3763 quadam

2163 3770 2224 3823 de
2273 3770 2598 3822 ordinatione
2637 3770 2689 3822 in
2736 3771 2980 3821 invidiam
3028 3778 3262 3822 vocatum
3311 3772 3596 3830 memorat,
3628 3779 3752 3819 cum

2165 3840 2326 3904 Urso,
2357 3841 2423 3893 de
2455 3857 2561 3910 quo
2594 3840 2680 3894 hic
2711 3841 2908 3910 agitur,
2940 3857 3044 3894 non
3079 3849 3160 3894 est
3191 3834 3624 3910 confundendus.
3662 3835 3757 3910 Ille

2164 3911 2307 3988 enim
2339 3905 2496 3966 Ursio
2525 3913 2634 3980 jam
2651 3905 2957 3988 episcopus
2979 3919 3116 3973 erat,
3152 3923 3250 3965 nec
3279 3907 3378 3960 fuit
3405 3920 3433 3959 a
3464 3905 3754 3988 suogradu

2161 3982 2443 4036 submotus
2487 3977 2599 4036 :at
2633 3977 2868 4037 de'Urso
2909 3983 2995 4036 hic
3038 3995 3220 4035 sermo
3265 3987 3368 4042 est,
3403 3977 3494 4047 qui
3542 3977 3755 4032 Proculi

2164 4054 2434 4108 sententia
2475 4054 2758 4107 submotus
2805 4054 3016 4120 fuerat,
3060 4063 3350 4122 antequam
3395 4050 3756 4118 episcopalem

2165 4125 2482 4195 dignitatem
2509 4135 2953 4195 consequeretur.

2168 4248 2273 4306 tur,
2299 4250 2544 4293 sanctum
2575 4249 2628 4294 et
2660 4241 2952 4304 insontem,
2989 4249 3094 4294 tam
3128 4238 3325 4292 acerbe
3350 4236 3580 4291 traducit
3609 4235 3760 4294 Zosi-

2165 4325 2284 4364 nms
2313 4327 2326 4376 ;
2361 4326 2556 4366 vereor
2585 4326 2653 4365 ne
2683 4311 2927 4366 Coeleslii
2960 4311 3086 4365 dolo
3109 4320 3165 4364 et
3193 4309 3382 4364 fraude
3413 4308 3488 4362 illi
3537 4323 3756 4377 persua-

2165 4397 2283 4437 sum
2317 4383 2406 4436 sit.
2437 4382 2541 4450 Qui
2567 4399 2687 4437 cum
2711 4399 2854 4453 aegre
2887 4384 3051 4437 ferret
3082 4397 3232 4453 suam
3257 4397 3320 4435 c
3350 4379 3753 4453 l’elagiiplnera-

2164 4453 2264 4506 sim
2317 4453 2384 4506 al)
2455 4455 2538 4507 his
2582 4451 2816 4509 maxime
2867 4454 3078 4508 duobus
3133 4452 3429 4508 Gallicanis
3486 4451 3758 4519 episcopis

2165 4522 2582 4592 deprehensam,
2607 4539 2905 4593 eorumque
2923 4525 3131 4592 judicio
3157 4535 3210 4578 et
3235 4523 3456 4587 litteris,
3480 4537 3602 4593 quae
3637 4537 3756 4588 pas-

2168 4598 2267 4648 sim
2327 4596 2766 4664 proferebantur,
2800 4592 3150 4664 divulgatam,
3185 4596 3335 4648 omni
3365 4609 3470 4662 ope
3509 4592 3758 4664 adniten-

2167 4667 2294 4720 dum
2327 4663 2550 4733 pntarit,
2583 4676 2640 4720 ut
2695 4668 2911 4721 illorum
2960 4663 3118 4720 fidem
3154 4675 3316 4731 atque
3373 4666 3566 4733 famam
3611 4663 3753 4732 apud

2167 4731 2438 4791 Zosimum
2464 4739 2514 4792 in
2540 4739 2904 4806 suspicionem
2929 4746 3165 4791 vocaret.
3191 4737 3298 4788 Nec.
3315 4736 3510 4788 mirum
3539 4731 3607 4787 de
3633 4731 3756 4787 aliis

2171 4810 2358 4864 fallere
2382 4811 2647 4878 potuisse.
2681 4811 2768 4878 qui
2797 4809 2864 4861 de
2886 4813 3070 4876 seipso
3091 4807 3289 4860 callide
3324 4808 3758 4878 imposuerat.ut

2167 4875 2477 4934 catholicus
2526 4895 2556 4933 a
2613 4875 2836 4934 Zosimo
2873 4875 3211 4932 crederetur.
3247 4876 3401 4945 Quod
3441 4877 3584 4929 enim
3639 4875 3755 4930 viro

2168 4951 2329 5005 docto
2353 4966 2524 5020 nuper
2551 4951 2602 5004 in
2638 4958 2872 5004 mentem
2899 4949 3068 5014 venit,
3097 4950 3234 5003 duas
3267 4950 3386 5003 illas
3411 4945 3759 5020 Zosimiepi-

2170 5023 2362 5084 stolas,
2411 5019 2478 5075 ne
2509 5021 2690 5074 focum
2721 5021 2799 5075 illi
2835 5024 3032 5075 factum
3065 5019 3413 5086 concederet,
3448 5019 3573 5073 falsi
3605 5019 3758 5072 dam-

2171 5108 2325 5156 nare,
2371 5090 2505 5164 mihi
2528 5101 2675 5147 certe
2709 5092 2928 5164 probari
2956 5107 3062 5146 non
3098 5100 3318 5164 potest:
3354 5106 3455 5164 nec
3488 5089 3548 5145 S.
3578 5088 3761 5164 Augu-

2171 5166 2338 5229 stino,
2375 5164 2424 5217 ni
2450 5162 2630 5226 fallor,
2663 5162 2757 5218 aut
2788 5163 3046 5218 Facundo
3073 5162 3449 5218 llermianen~i
3493 5162 3759 5228 probare-

2171 5244 2278 5289 tur.
2317 5235 2606 5306 Enimvero
2637 5250 2885 5304 quaenam
2920 5237 3024 5287 alia
3055 5246 3137 5290 est
3169 5235 3397 5306 epistola
3450 5233 3671 5295 Zosimi,
3706 5233 3756 5282 in

2172 5321 2274 5376 qua
2309 5306 2544 5360 libellum
2577 5304 2817 5361 Ctelestii
2850 5306 3180 5360 catholicum
3205 5304 3216 5306 ἡ
3243 5306 3460 5364 dixerit,
3493 5312 3550 5355 ut
3579 5307 3762 5353 narrat

2174 5382 2504 5444 A“Sustinui;
2534 5377 2628 5432 lib.
2665 5391 2699 5431 ll
2743 5385 2930 5432 contra
2982 5378 3245 5446 epistolas
3270 5376 3675 5446 l’elagia_noruu_i
3707 5385 3757 5446 c_.

2173 5451 2227 5513 3,
2260 5441 2304 5501 si
2339 5450 2454 5503 haec
2479 5463 2583 5502 non
2608 5459 2710 5510 est,
2735 5464 2894 5520 quam
2924 5441 3105 5518 priore
3123 5450 3250 5522 loeti
3271 5441 3440 5522 edidit
3469 5441 3761 5522 Baronius?

2173 5529 2265 5573 aut
2317 5536 2564 5587 quamam
2627 5515 2765 5587 alia,
2792 5522 2842 5574 in
2877 5515 2978 5590 qua
3009 5521 3075 5573 de
3101 5521 3356 5573 damnato
3374 5515 3665 5590 _Cualestio,
3703 5522 3760 5567 ut

2174 5586 2368 5647 serihit
2400 5591 2711 5657 Facundus,
2737 5586 2957 5645 damnet
2999 5591 3310 5652 Africanos,
3344 5586 3388 5639 si
3418 5601 3537 5657 eam
3594 5597 3760 5651 ιιομθ-

2175 5678 2316 5726 mus,
2351 5679 2471 5734 qua:
2529 5656 2796 5731 posterior
2827 5672 2909 5718 est
2940 5662 3076 5728 apud
3128 5657 3469 5734 Duroniam}
3489 5656 3594 5711 Sed
3630 5670 3764 5734 pra;-

2177 5743 2286 5788 stat
2341 5726 2606 5802 integrum
2656 5735 2895 5788 an-umli
2933 5726 3104 5786 locum
3157 5730 3366 5802 audire,
3416 5727 3660 5802 _lihro_\u
3697 5726 3766 5802 de

2178 5807 2205 5858 ἰ
2228 5806 2378 5858 rihus
2410 5798 2663 5870 capitulis
2697 5805 2760 5858 ad
2792 5803 3158 5857 .lustinianum
3195 5818 3206 5850 :
3247 5798 3535 5863 Invenient,
3571 5798 3765 5868 inquit,

2178 5884 2458 5946 postremo,
2491 5875 2694 5927 beatum
2727 5891 2928 5945 quoque
2955 5873 3220 5928 Zosintnm
3281 5871 3580 5942 apostolica:
3634 5871 3767 5925 sedis
