4190 6190
514 342 545 399 6
556 344 622 400 b7

1880 338 1938 397 S.
1981 328 2215 397 ZOSlMi
2252 330 2458 395 ΡᾹΡᾹΞ

3697 327 3805 391 66S

519 462 926 534 requirentibus
964 460 1158 517 relatio
1188 467 1273 514 tua
1296 457 1364 514 de
1393 456 1712 513 ordinandis
1740 456 1794 512 in
1828 457 2102 527 provincia
2134 459 2183 518 Α
2214 454 2418 511 nitione
2448 453 2670 510 deferri.
2703 448 2761 512 Si
2791 452 2918 525 quid
2956 458 3151 510 contra
3178 453 3317 516 haec.
3366 450 3533 507 frater
3555 448 3810 506 charissi-

520 553 860 611 Narboucusi
894 553 1064 624 prima
1091 549 1467 607 sacerdotibus
1488 551 1785 621 legeretur,
1820 548 1959 620 quod
1984 547 2109 603 dum

518 646 808 704 assertioni
858 652 915 700 et
956 644 1247 699 desideriis
1292 644 1396 698 luis
1440 644 1595 712 cupis
1626 658 1750 697 esse
1777 642 2106 709 consultum,

518 740 885 813 praetermissa
936 738 1051 792 veri
1102 736 1226 803 fide,
1281 735 1600 791 relationem
1636 744 1781 790 tuam
1812 734 1912 790 sub
1943 733 2114 789 hone-

520 831 677 888 statis
708 830 895 899 Specie
941 830 1221 893 colorasn,
1259 843 1514 883 asserens
1544 826 1596 882 in
1627 824 1801 883 aliena
1836 826 2113 899 provincia

519 924 588 980 ab
615 924 721 979 alio
752 938 856 977 nou
889 921 1091 978 debere
1116 921 1232 976 fieri
1260 921 1582 977 sacerdotes
1609 940 1620 975 :
1652 936 1777 976 cum
1810 921 1995 991 utique
2022 919 2115 976 de—

520 1018 729 1084 bueris,
757 1033 864 1072 non
895 1016 1021 1087 qttid
1051 1016 1148 1070 tibi
1175 1025 1381 1070 rectum
1409 1014 1707 1081 videretur,
1741 1013 1834 1068 sed
1862 1013 1989 1083 quid
2021 1013 2116 1069 ha-

523 1110 700 1167 buerit
750 1113 970 1181 antiqua
1000 1107 1365 1174 consuetudo,
1407 1124 1726 1180 suggerere.
1759 1106 1995 1179 ideoque
2025 1124 2119 1163 va-

524 1211 685 1259 cuato
726 1221 791 1257 eo
822 1203 966 1274 quod
998 1202 1303 1259 obtinuisse
1334 1218 1363 1257 a
1395 1202 1528 1257 sede
1558 1201 1858 1272 apostolica
1890 1202 2119 1273 subrep-

523 1296 640 1351 titie
688 1295 1089 1365 cotnprubaris,
1135 1294 1257 1364 quia
1304 1292 1437 1348 satis
1484 1292 1731 1348 constitit
1780 1294 2118 1352 Arelatensis

525 1390 769 1446 ecclesie
802 1387 1070 1443 sacerdoti
1104 1388 1279 1455 prisca
1311 1386 1363 1441 id
1394 1386 1740 1442 institutione
1770 1401 2116 1456 concessum,

524 1491 586 1538 ut
615 1500 721 1538 non
756 1482 931 1536 solum
967 1482 1017 1536 in
1051 1480 1322 1551 provincia
1356 1479 1675 1545 Viennensi,
1710 1480 1802 1535 sed
1833 1480 1997 1535 etiam
2022 1496 2121 1550 per

525 1577 660 1632 duas
709 1573 1114 1640 Narbonenses,
1168 1575 1458 1643 episcopus
1503 1575 1684 1628 faciat.
1735 1573 1867 1628 Nam
1919 1584 2120 1629 saneta:

528 1666 811 1723 memoria:
841 1665 1172 1735 Tr0phimus
1203 1664 1485 1730 sacerdos,
1527 1664 1798 1735 quondam
1831 1664 1897 1719 ad
1930 1666 2119 1721 Arela-

528 1768 741 1816 tensem
793 1759 980 1814 urbem
1026 1759 1093 1813 ab
1139 1758 1436 1829 apostolica
1470 1758 1599 1813 sede
1630 1759 1999 1826 transmissus,
2053 1760 2120 1815 ad

2216 564 2324 614 me,
2358 564 2477 618 quae
2504 563 2533 603 a
2569 548 2726 603 nobis
2753 555 2884 602 sunt
2903 546 3003 603 sub
3034 546 3129 603 Dei
3154 545 3361 617 judicio
3390 553 3616 610 statuta,
3641 551 3816 601 tenta-

2213 641 2391 697 veris:
2418 658 2524 697 non
2557 641 2733 696 solum
2768 655 2911 712 quos
2942 640 3220 697 faciendos
3249 637 3570 703 credideris,
3607 637 3820 708 episeo-

2213 741 2401 803 patum
2449 734 2703 789 obtinere
2754 729 2781 770 ίι
2839 750 2944 788 non
3008 733 3260 804 possint,
3320 730 3415 786 sed
3467 728 3635 786 etiam
3704 729 3819 799 ipse

2214 825 2481 881 catholica
2531 826 2922 882 communione
2975 825 3265 890 discretus,
3315 839 3441 880 sero
3493 823 3563 877 de
3616 819 3823 876 illicitis

2216 919 2731 990 pra-sumptinnibus
2796 919 3145 991 ingemiseas.
3202 917 3332 972 Data
3387 927 3409 953 ο
3459 930 3515 970 v1
3558 911 3823 969 kalendas

2216 1010 2470 1067 Octobris
2501 1012 2683 1082 (Anno
2704 1010 2835 1079 417,
2874 1012 3107 1081 Septem.
3164 1008 3269 1081 26)
3306 1006 3545 1064 Honorio
3588 1012 3823 1078 augusto

2217 1122 2273 1161 ιιι
2305 1115 2358 1161 et
2377 1103 2697 1161 Constantio
2721 1121 2758 1161 ιι
2788 1103 3123 1160 consulibus.

2757 1192 3094 1253 EPISTOLA
3124 1192 3144 1233 τ
3171 1192 3288 1251 VII.

2223 1291 2616 1365 Metropolitani
2636 1291 2863 1365 dignitas
2893 1307 2924 1344 a
2957 1291 2973 1321 ί
3004 1284 3241 1344 Proculo
3270 1289 3541 1358 usurpata,
3580 1281 3829 1338 Patroclo

2293 1388 2556 1441 asseritur.
2585 1384 2763 1457 Ipsius
2786 1393 2858 1439 est
2885 1385 3043 1439 cuivis
3077 1383 3138 1437 de
3178 1381 3365 1437 Gallice
3403 1381 3538 1435 clero
3580 1381 3831 1450 formatas

2293 1480 2437 1533 dare.
2463 1478 2828 1533 Ordinationes
2856 1478 3144 1549 praecipites
3167 1493 3229 1529 ac
3256 1493 3345 1545 per
3363 1473 3556 1529 saltum
3572 1481 3829 1529 vetantur.

2444 1570 2671 1626 Zosmus
2698 1570 2984 1627 Parnocm
3002 1569 3260 1639 episcopo
3290 1567 3612 1623 Arelatensi.

2299 1665 2349 1719 1.
2399 1662 2539 1732 Quid
2572 1663 2641 1718 de
2669 1662 2889 1718 Proculi
2920 1660 3271 1717 damnatione
3307 1661 3638 1724 censuerim,
3683 1663 3837 1713 tenet

2229 1756 2563 1814 conscientia
2589 1764 2703 1824 tua,
2734 1770 2857 1811 cum
2890 1770 3014 1811 meo
3065 1755 3365 1810 interesses
3409 1751 3644 1807 examini
3678 1768 3690 1804 :
3736 1765 3837 1805 nec

527 1853 650 1909 illas
693 1852 947 1923 regiones
987 1861 1041 1907 ct
1085 1851 1217 1906 tanti
1254 1852 1492 1905 nominis
1522 1851 1884 1907 reverentiam
1918 1853 2123 1923 primus
2153 1844 2199 1903 B
2230 1861 2279 1906 te
2307 1859 2592 1922 gestorum
2636 1859 2947 1905 nostrorum
2975 1848 3278 1903 auctoritas
3326 1846 3458 1900 latet
3484 1844 3569 1899 vel
3604 1843 3838 1913 scripto-

526 1944 796 2013 exbibuit,
831 1956 883 1999 et
917 1946 970 1999 in
1000 1954 1021 1981 α
1055 1945 1195 1998 alias
1234 1958 1338 1998 non
1373 1943 1649 1999 immerito
1679 1960 1741 1999 ea
1770 1960 1932 2015 quam
1965 1959 2122 2000 acce-

529 2046 688 2110 perat
718 2037 1042 2094 auctoritate
1076 2035 1406 2101 transfodit;
1454 2037 1629 2107 adque
1662 2037 1800 2090 hanc
1831 2036 2122 2092 ordinandi

531 2128 1025 2189 consuetudinem,
1078 2138 1132 2183 ct
1182 2130 1561 2198 pontilieatum
1610 2128 1717 2183 loci
1767 2127 1916 2183 illius
1964 2145 2124 2200 quem

530 2222 840 2279 obtinuerat
887 2220 1095 2290 primus
1133 2227 1185 2275 et
1212 2220 1416 2290 justus,
1470 2221 1804 2276 custoditum
1854 2236 2025 2291 usque
2072 2222 2124 2276 in

536 2314 847 2385 proximum
892 2322 1129 2381 tempus,
1171 2312 1343 2382 geSIis
1367 2312 1510 2382 apud
1543 2328 1641 2368 nos
1669 2312 1891 2380 habitis,
1922 2315 2127 2369 multo-

534 2421 655 2461 rttm
687 2404 1141 2461 consacerdotutn
1176 2406 1504 2462 testimoniis
1524 2404 1551 2445 ι)
1582 2406 1937 2477 approbatur.

599 2498 653 2552 2.
699 2498 843 2569 Ergo
870 2498 998 2554 licet
1026 2499 1164 2567 sola,
1199 2514 1319 2571 qute
1350 2500 1403 2554 iu
1450 2501 1580 2557 sede
1610 2501 1906 2571 apostolica
1943 2501 2127 2559 habita

530 2598 680 2658 sunt,
720 2591 1023 2659 potuissent
1068 2604 1218 2662 gesta
1249 2591 1530 2660 sttltieerc;
1586 2603 1762 2649 tamen
1811 2595 1976 2650 etiam
2028 2594 2130 2652 hac

529 2692 583 2740 te
626 2686 950 2740 auctoritate
986 2685 1433 2757 constringimus,
1473 2695 1530 2742 ιιι
1557 2689 1966 2758 praesumptioni
2000 2700 2127 2757 luu',

530 2794 693 2848 quam
722 2779 984 2835 extulisse
1011 2787 1198 2836 contra
1223 2789 1457 2835 veterem
1505 2782 1953 2836 consuetudinem
1983 2780 2133 2838 vide-

532 2872 599 2928 ba
610 2874 708 2940 ris,
724 2873 942 2929 modum
961 2876 1175 2930 noveris
1184 2875 1344 2946 justze
1365 2885 1387 2912 ε
1411 2876 1834 2946 praescriptionis
1847 2876 2130 2945 indictum,

533 2981 709 3036 neque
737 2967 976 3022 mstimes
1007 2967 1100 3022 tibi
1125 2967 1360 3023 ulterius
1384 2967 1753 3036 pontificatum
1780 2967 1848 3024 de
1875 2968 2136 3025 ordinan-

533 3060 617 3115 dis
645 3061 1017 3116 sacerdoubus
1043 3060 1423 3117 vindicandum
1452 3079 1464 3116 :
1494 3078 1613 3117 cum
1646 3062 1747 3117 hoc
1772 3061 1958 3118 videas
2001 3063 2135 3120 Are-

529 3153 757 3209 latensis
785 3156 1037 3226 cpiscOpo
1067 3156 1298 3211 civitatis
1321 3168 1373 3211 et
1406 3172 1500 3226 per
1526 3155 1877 3226 apostolicam
1923 3154 2131 3225 sedem,

2226 1959 2345 1997 rum
2381 1957 2504 2013 qua:
2545 1940 2612 1996 de
2635 1941 2809 2011 ipsius
2836 1938 3186 1995 damnatione
3208 1953 3304 2009 per
3332 1946 3597 1993 terrarum
3622 1934 3837 1990 diversa

2230 2046 2254 2083 3
2276 2035 2597 2091 direximus.
2631 2034 2786 2091 Unde
2817 2032 3229 2104 metrOpolitani
3253 2031 3305 2087 in
3333 2038 3389 2086 te
3409 2030 3726 2101 dignitatem
3757 2034 3843 2083 at-

2228 2143 2333 2197 que
2382 2142 2670 2198 personam
2720 2129 2886 2183 etiam
2938 2125 3254 2197 apostolica:
3305 2124 3455 2180 sedis
3514 2123 3842 2178 auctoritate

2228 2221 2519 2276 considera
2538 2241 2550 2277 :
2568 2220 2620 2274 in
2645 2236 2803 2289 quem
2834 2219 3032 2275 furtive
3053 2219 3232 2274 locum
3249 2213 3275 2253 ιι
3290 2232 3388 2288 per
3410 2216 3653 2271 indebita
3670 2231 3698 2268 a
3713 2230 3840 2286 syn-

2228 2312 2332 2371 odo
2363 2313 2629 2369 Proculus
2658 2324 2977 2383 usurpatum
3009 2312 3328 2382 irrepserat.
3370 2309 3710 2379 Quicumque
3740 2307 3841 2378 igi-

2232 2420 2321 2465 tur
2341 2425 2407 2465 ex
2431 2407 2733 2465 Gallicanis
2771 2406 2917 2462 unde
2942 2405 3088 2463 unde
3118 2406 3439 2478 regionibus
3470 2404 3698 2461 veniunt
3740 2402 3843 2457 sub

2230 2500 2421 2572 quovis
2448 2500 2821 2556 ecclesiastico
2852 2501 3071 2555 nomine
3096 2498 3178 2555 vel
3220 2496 3416 2571 gradu,
3449 2496 3708 2552 formatas
3738 2512 3841 2566 per

2232 2604 2287 2649 te
2312 2593 2629 2649 commoniti
2685 2591 2698 2629 ί
2738 2594 2803 2647 ad
2835 2607 2933 2647 nos
2974 2591 3270 2648 mittendas
3301 2606 3423 2647 esse
3468 2596 3839 2661 cognoscant:

2232 2687 2469 2756 alioquin
2507 2685 2610 2741 sibi
2636 2685 2996 2755 imputabnnt,
3029 2685 3074 2740 si
3107 2683 3484 2750 inefﬁcaciter,
3510 2685 3610 2739 hac
3637 2682 3842 2738 Solem-

2234 2782 2403 2836 uitate
2430 2781 2752 2851 pOS'pOSila,
2784 2789 2839 2836 te
2869 2780 3176 2835 inconsulto
3201 2779 3269 2835 ad
3303 2794 3403 2834 nos
3429 2779 3616 2834 venire
3660 2785 3840 2832 tenta-

2233 2877 2453 2931 rcriut:
2502 2876 2649 2946 quod
2678 2874 2749 2930 ab
2778 2874 3050 2944 episcOpis
3096 2888 3268 2940 usuue
3297 2873 3365 2927 ad
3401 2871 3650 2926 ultimum
3682 2872 3698 2920 t
3752 2883 3843 2925 ec-

2235 2971 2668 3027 clesiasticarum
2715 2967 2945 3041 gradum
2977 2966 3255 3024 observari
3309 2965 3614 3033 conveniet,
3672 2962 3844 3019 frater

2236 3064 2576 3120 eharissime.

2308 3155 2362 3212 2.
2406 3155 2475 3211 Ει
2505 3156 2630 3226 quia
2660 3152 2913 3210 nonnulli
2940 3169 3007 3209 ex
3053 3164 3393 3223 quacumque
3429 3144 3618 3204 militia
3668 3160 3729 3203 se
3774 3145 3841 3201 ad

532 3258 589 3301 et
619 3263 712 3317 per
738 3250 909 3304 sancti
942 3249 1224 3318 Trophimi
1247 3250 1631 3317 reverentiam,
1674 3257 1731 3304 et
1764 3264 1861 3318 per
1889 3257 2130 3305 veterem
2158 3231 2203 3292 (ἶ
2241 3249 2543 3305 Ecclesium
2587 3246 2932 3303 conferentes
2979 3243 3086 3318 (V.
3127 3244 3282 3316 epist.
3334 3242 3389 3309 9,
3434 3258 3488 3296 η.
3528 3241 3623 3311 1),
3657 3237 3842 3294 statim

536 3340 1009 3407 consuetudinem,
1034 3349 1088 3395 et
1121 3350 1305 3395 nostra
1330 3342 1535 3397 recenti
1567 3340 1969 3397 evidentissima
1998 3341 2134 3397 deli-

611 3504 637 3532 ιι
667 3495 911 3569 Sirm._et
937 3495 1063 3551 Lab.
1096 3511 1217 3552 cum
1244 3510 1343 3569 ms.
1368 3496 1525 3569 Bcg.,
1556 3498 1609 3551 in
1631 3496 1786 3554 alios.
1820 3494 1989 3569 Magis
2012 3499 2128 3569 pla-

543 3581 623 3621 cet
658 3582 779 3621 cum
815 3567 1008 3621 Baron.
1038 3576 1093 3622 et
1128 3585 1227 3622 ms.
1262 3567 1435 3628 Arel..
1459 3571 1511 3623 in
1544 3569 1696 3636 alias,
1730 3567 1929 3638 supple
1952 3567 2131 3639 regio-

543 3653 676 3693 nes:
718 3639 841 3706 quia
888 3641 1140 3693 nimirum
1176 3652 1459 3708 pouquam
1490 3640 1817 3699 'l‘rophimus
1852 3643 2130 3696 [\t'clatutn

545 3710 787 3765 directus
838 3724 939 3779 εει,
981 3729 1043 3765 ea:
1080 3715 1190 3782 ejus
1229 3720 1370 3776 toute
1412 3726 1531 3766 Ioue
1569 3711 1757 3766 Gallia:
1790 3711 1913 3783 ﬁdet”
1942 3715 2134 3767 rivulos

545 3792 871 3855 acceperunt,
907 3791 963 3836 ut
988 3784 1039 3837 in
1064 3784 1289 3853 epistola
1318 3800 1357 3849 ι,
1388 3798 1440 3840 c.
1469 3789 1519 3851 5,
1553 3784 1668 3853 ipse
1689 3783 1938 3839 Z0simus
1961 3785 2137 3855 loqui-

545 3863 632 3908 tur
655 3861 756 3928 ;_e_t
776 3854 1068 3928 episcopos
1090 3855 1414 3921 ordinando,
1446 3855 1500 3910 in
1524 3857 1659 3911 alias
1687 3857 1851 3911 etiam
1882 3854 2137 3928 regiones

545 3924 779 3980 nominis
814 3928 973 3994 hujus
1003 3926 1266 3981 honorem
1312 3928 1628 3982 transfudit.

616 3996 644 4033 ι)
688 3996 950 4069 ΙηΑῐῑρείο
982 4013 1110 4066 ms.,
1142 3998 1502 4066 approbatum.
1528 3998 1659 4065 Qua:
1683 3998 1842 4053 lcetio
1867 4000 1910 4053 si
1942 3998 2138 4069 placet.

548 4067 799 4139 mutanda
836 4069 1104 4139 superior
1155 4070 1539 4139 interpunctio,
1583 4085 1647 4125 ac
1692 4067 2033 4125 retinendum
2086 4072 2138 4124 in

543 4138 695 4198 alios,
730 4138 937 4193 scilicet
963 4138 1333 4194 successores.

621 4219 642 4283 ξ
681 4208 820 4283 βθε.
850 4225 979 4283 ms.,
1008 4212 1412 4283 perscriptionis.

612 4275 640 4316 ἀ
681 4275 976 4352 ltt'cudex
1009 4275 1313 4352 ileg.;'alii
1370 4296 1521 4346 vero,
1573 4298 1677 4335 non.
1721 4300 1889 4352 posse.
1940 4282 2141 4339 Nicarni

545 4351 762 4407 Concilii
792 4368 1002 4407 canone
1035 4354 1067 4407 6
1096 4351 1341 4408 Sancitttr
1369 4371 1380 4405 :
1409 4354 1469 4409 Si
1493 4355 1606 4419 quis
1629 4363 1813 4423 praeter
1829 4357 2142 4409 voluntatem

542 4432 591 4497 et
622 4423 991 4497 conscientiam
1022 4425 1405 4496 metropolitani
1427 4426 1652 4497 episeOpi
1676 4426 1830 4495 fuerit
1854 4426 2141 4496 ordinatus,

541 4493 677 4547 hunc
706 4494 979 4567 concilium
1010 4493 1253 4567 magnam
1286 4506 1329 4551 et
1358 4493 1815 4552 sanetum-censuit
1842 4514 1945 4552 non
1967 4493 2148 4553 debere

545 4581 655 4619 esse
674 4566 993 4638 episcopum.

623 4647 645 4673 ε
686 4638 849 4692 Sirm.
870 4651 924 4694 ct
949 4640 1108 4706 Lab.,
1137 4639 1229 4693 sub
1255 4640 1339 4694 die
1358 4656 1414 4696 ιιι
1434 4657 1448 4707 ;
1467 4639 1672 4696 Barou.
1704 4641 1796 4697 sub
1819 4640 1903 4695 die
1929 4656 1959 4697 ν
1977 4639 2148 4696 corri-

546 4719 745 4782 gttntur
773 4727 836 4765 ex
873 4726 1004 4766 mss.
1040 4712 1171 4782 Reg.
1200 4720 1256 4766 et
1282 4710 1431 4767 Arel.

624 4779 641 4817 ί
687 4781 764 4836 Ex
805 4781 979 4837 tribus
1005 4779 1214 4839 msinn
1244 4785 1511 4854 superiori
1562 4783 1791 4856 epistola
1835 4782 2152 4839 memoratis

544 4852 811 4919 descripta
835 4863 939 4909 est.

626 4934 650 4970 Β
692 4925 887 4998 Baron.
939 4935 993 4980 et
1021 4925 1189 4982 Sirm.
1247 4926 1336 4984 hic
1365 4928 1571 4984 addunt
1611 4930 1764 4984 lora:
1814 4945 1931 4998 qua:
1977 4942 2078 4982 vox
2124 4943 2156 4983 a

552 5007 682 5074 mss.
720 4996 894 5074 abest,
925 4999 1162 5074 satisque
1198 4999 1521 5074 intelligitur
1549 5002 1710 5055 etiam
1760 4996 1942 5054 tacita.
1976 4999 2150 5074 Supe-

551 5066 665 5118 rior
694 5066 919 5135 epistola
952 5084 987 5123 v
1019 5066 1237 5124 nomine
1268 5066 1595 5143 scriptorum
1652 5086 1746 5142 per
1776 5066 2152 5128 terrarttm’di-

552 5208 967 5280 ltoaoremnon
1026 5205 1305 5263 habituros
1351 5225 1487 5280 quos
1527 5209 1819 5273 ordinarit,
1843 5208 1936 5265 sed
1969 5208 2146 5280 ipsum

550 5283 713 5333 etiam
742 5276 1006 5331 catholica
1034 5276 1415 5335 communione
1444 5282 1767 5337 cariturum.
1801 5276 2006 5336 Contra
2036 5279 2140 5334 hoc

555 5349 758 5422 Zoiltl’li
792 5349 1158 5422 interdictum.
1204 5351 1329 5407 facit
1360 5355 1587 5422 Opislula
1620 5353 1858 5409 secunda
1886 5351 2149 5407 Bonifacii

559 5421 624 5475 ad
666 5419 925 5474 Hilarium
959 5422 1227 5475 eumdem.
1397 5419 1406 5422 ⁷
1818 5448 1821 5453 -

629 5492 645 5522 ι
674 5491 994 5546 Damnatum
1046 5502 1569 5560 eitattcturatutnque
1618 5495 1805 5549 Romae
1861 5511 1887 5547 a
1932 5491 2154 5547 Zosimo

560 5561 851 5639 Proculum
902 5565 1086 5639 fuisse,
1144 5565 1351 5639 litteras
1403 5569 1564 5620 etiam
1602 5566 1911 5639 encyclicas
1941 5567 2008 5639 de
2037 5563 2155 5639 eius

562 5636 908 5691 damnatione
935 5637 1191 5708 srriptas,
1239 5637 1268 5690 lt
1291 5654 1351 5689 re
1384 5640 1609 5705 «ιιιῑεῑιιιιι
1642 5635 1892 5695 tollatur.
1943 5635 2158 5690 Confir-

563 5717 674 5762 mat
700 5717 877 5779 nutent
904 5707 1154 5763 Patroclo
1182 5707 1517 5779 pritilegittm
1554 5715 1927 5773 formularum,
1952 5716 2006 5761 et
2030 5721 2152 5779 gnte-

565 5777 879 5854 tl‘Ql‘OIitani
902 5781 951 5834 in
984 5777 1319 5836 Narbonensi
1344 5781 1743 5854 “dignitatem,
1770 5782 1822 5836 in
1844 5794 2001 5854 quam
2024 5777 2154 5833 Pro-

565 5847 720 5900 culus
748 5849 1062 5921 irrepserat,
1099 5864 1211 5910 tum
1245 5854 1440 5909 deinde
1463 5847 1838 5924 ordinationes
1862 5847 2153 5923 Iepiscolm'

2237 3346 2257 3375 ²
2275 3343 2419 3398 saltu
2441 3342 2675 3414 quodam
2700 3348 3024 3396 summatem
3044 3340 3223 3394 locum
3250 3334 3540 3406 religionis
3561 3333 3842 3396 affectant,

2234 3514 2391 3558 versa
2424 3500 2759 3556 direCtorum
2786 3498 2877 3556 hie
2916 3511 3273 3556 memoratur.
3315 3498 3432 3554 Mox
3464 3498 3516 3552 in
3545 3495 3681 3569 Reg.
3712 3510 3847 3564 ms.,

2234 3583 2409 3645 (ipost.
2428 3572 2563 3645 sedis
2584 3573 2964 3645 auctoritatem.

2307 3641 2333 3681 ιι
2373 3643 2541 3709 Etliti,
2571 3660 2663 3716 pro
2695 3644 2920 3697 indebita
2939 3643 3170 3715 synodo:
3202 3641 3548 3711 corriguntur
3573 3654 3677 3716 ope
3694 3651 3841 3716 _tr._s_s.

2237 3716 2390 3770 (lolb.
2423 3716 2475 3769 in
2514 3709 2710 3783 quibus
2746 3726 2924 3770 exstat
2960 3709 3177 3781 quidem
3216 3709 3445 3777 tantum,
3476 3729 3565 3784 per
3614 3709 3846 3784 indebita

2238 3790 2467 3858 synodo:
2500 3786 2592 3841 sed
2626 3788 3068 3856 praepositionem
3098 3803 3150 3849 α,
3182 3783 3846 3858 pt'optet'Aantecedentem

2238 3852 2424 3913 v'ucem
2460 3858 2512 3911 in
2542 3875 2573 3910 α
2604 3852 2972 3924 desinentem,
3004 3852 3244 3911 librariis
3272 3852 3543 3910 excidisse
3578 3852 3711 3908 nihil
3744 3865 3845 3924 no—

2243 3946 2388 3983 vum.
2427 3930 2536 3984 lloc
2563 3929 2662 3983 sibi
2699 3930 2836 3994 vult,
2865 3923 3155 4000 Precnlum
3185 3926 3379 4000 synodi
3409 3927 3735 4000 auctoritate
3765 3923 3845 3978 lo-

2240 4015 2364 4056 cum
2392 4000 2798 4071 metrOpolitani
2829 4015 2926 4071 per
2948 3998 3186 4056 indebita
3217 3996 3507 4071 territoria
3551 3996 3665 4071 sibi
3687 4009 3850 4071 usur-

2244 4086 2419 4142 passe.
2451 4068 2714 4142 Superius
2742 4068 2909 4138 epist.
2955 4072 3011 4135 4.
3047 4089 3101 4125 n.
3134 4070 3190 4137 2,
3224 4068 3852 4142 Zosimum‘attdivimus

2243 4138 2367 4213 cum
2397 4138 2590 4198 eodem
2631 4141 2862 4197 Proculo
2892 4143 3350 4213 expostulantem,
3383 4139 3529 4213 quod
3559 4138 3850 4194 'l‘uentium

2244 4223 2300 4269 et
2327 4212 2524 4270 Ursum
2558 4214 2827 4267 territoriis
2854 4211 3114 4278 indebitis,
3148 4211 3251 4267 hoc
3278 4219 3365 4266 est
3390 4212 3457 4265 ad
3484 4225 3542 4266 se
3573 4226 3681 4265 non
3728 4223 3853 4277 per-

2247 4286 2571 4344 tinentibus.
2613 4286 2871 4340 locasset.
2913 4284 3030 4341 Non
3054 4284 3304 4353 displicet
3328 4280 3469 4351 quod
3490 4284 3666 4337 inms.
3688 4281 3854 4350 Reg.,

2246 4374 2336 4429 per
2364 4356 2641 4429 indebita)"
2666 4355 2964 4429 synodum:
2994 4368 3260 4429 q_tt:ttenus
3278 4356 3591 4429 praedictam
3614 4362 3853 4429 potesta:

2251 4421 2356 4483 lem
2390 4428 2657 4484 Proculus
2685 4421 2735 4481 in
2763 4427 2965 4498 synodo
3012 4421 3339 4498 Taurim'nsi,
3374 4441 3486 4477 cum
3520 4425 3671 4495 longe
3693 4421 3857 4498 aliud

2248 4512 2484 4570 ageretur
2511 4496 2803 4571 (adeoque
2836 4499 3058 4571 furtive)
3109 4497 3491 4570 subripiemlam
3528 4496 3747 4568 putarit,
3797 4503 3857 4548 ut

2249 4570 2409 4641 (ιρίει.
2442 4571 2494 4634 5,
2531 4586 2584 4623 ιι.
2616 4570 2669 4633 1,
2696 4570 2941 4641 legimus.

2328 4641 2342 4677 ί
2394 4641 2569 4696 Verba
2598 4642 2667 4695 ad
2689 4637 2800 4709 nos,
2836 4641 2891 4696 in
2925 4638 3156 4713 vulgatis
3177 4638 3405 4706 omissa,
3438 4653 3505 4694 ex
3535 4653 3668 4694 tnss.
3701 4637 3861 4693 resti-

2252 4723 2495 4767 tuuntur.

2337 4784 2348 4834 i
2401 4783 2491 4840 Sic
2523 4798 2653 4837 mss.
2691 4785 2758 4838 At
2781 4783 2931 4849 editi,
2962 4783 3383 4839 ecclesiasticum.
3429 4779 3566 4838 Vide
3601 4787 3858 4834 anuotala

2186 4829 2240 4889 Β
2267 4856 2320 4911 in
2361 4856 2643 4923 epistolam
2672 4856 2728 4910 2.
2776 4856 2892 4910 Mox
2919 4829 3058 4925 'Reg.
3103 4871 3240 4923 ms.,
3290 4857 3475 4927 fratres
3528 4850 3856 4927 durissimi.

2264 4921 2409 4994 quod
2430 4928 2498 4981 ad
2527 4942 2619 4982 cos
2651 4926 2840 4983 referri
2870 4921 3071 4998 potest,
3117 4928 3171 4981 itt
3203 4921 3435 4996 quorum
3464 4925 3715 4981 notitiam
3746 4921 3862 4978 vult

2261 4998 2510 5054 lusimus
2544 5004 2680 5054 hanc
2702 5000 2988 5069 epistolam
3024 5000 3329 5069 pett'enirc.

2258 5225 2376 5264 rum
2412 5225 2475 5264 ne
2507 5225 2604 5280 per
2635 5210 2835 5264 saltum
2868 5209 2998 5263 fiant
3029 5207 3200 5265 edicit
3230 5210 3281 5265 in
3308 5220 3607 5278 posterum.

2332 5282 2352 5312 ²
2387 5280 2446 5335 ln
2476 5282 2643 5335 sacris
2669 5282 3109 5336 ordinationibus
3130 5281 3237 5336 duo
3262 5282 3404 5336 inter
3422 5291 3618 5336 cmtera
3643 5295 3860 5351 semper

2257 5353 2526 5422 Spectavit
2573 5353 2838 5407 Ecclesia.
2867 5352 3066 5419 Unum,
3101 5366 3157 5406 ut
3188 5353 3453 5423 gradatim
3514 5353 3713 5408 fierent
3768 5367 3861 5420 per

2258 5424 2503 5494 singulos
2531 5423 2731 5494 gradus
2765 5424 3013 5479 ordinum
3043 5442 3055 5476 :
3089 5425 3161 5479 ita
3194 5437 3253 5478 ut
3286 5440 3392 5481 non
3424 5432 3548 5479 ante
3573 5423 3859 5495 quisquam

2260 5495 2326 5549 ad
2380 5501 2715 5562 superiorem
2749 5495 3093 5563 ascenderet,
3145 5512 3308 5566 quant
3356 5495 3644 5550 interiores
3673 5511 3858 5551 susce-

2260 5566 2449 5635 pisset.
2483 5566 2637 5633 Quod
2680 5568 2771 5637 qui
2807 5585 2914 5622 non
2957 5567 3233 5631 servabat,
3269 5566 3417 5622 verbi
3466 5569 3637 5637 gratia
3668 5566 3760 5636 qui
3790 5581 3853 5619 es

2262 5638 2595 5711 subdiapuno
2630 5649 2877 5709 repente,
2930 5638 3318 5711 przrtermissu
3351 5638 3665 5711 diaconatu,
3707 5652 3849 5711 pres-

2261 5708 2418 5780 byter
2446 5708 2631 5773 fiebat,
2659 5708 2755 5779 per
2786 5711 2988 5764 saltum
3016 5709 3323 5780 promoveri
3355 5709 3662 5765 dicebatur.
3695 5708 3857 5764 Alte-

2266 5779 2410 5851 rom,
2446 5781 2665 5848 utjusta
2695 5783 2925 5851 quisque
2953 5798 3016 5835 ac
3050 5779 3289 5850 legitima
3323 5782 3373 5836 in
3420 5781 3650 5851 singulis
3680 5780 3862 5851 gradi-

2265 5848 2368 5905 bus
2395 5851 2659 5920 stipcmlia
2706 5848 2981 5925 expleret,
3008 5848 3337 5924 pt‘zelixaque
3367 5848 3597 5924 singulis
3623 5848 3866 5925 tempora

3920 5740 3969 6090 ἐ
