4190 6190
388 374 496 433 669

386 491 478 563 qui
504 488 775 562 gradatim
808 500 904 559 per
934 470 1302 546 ecelcsiastica
1346 487 1618 558 stipendia
1647 484 1992 543 venientibus
2019 486 2071 551 Α

384 582 668 655 ettplorala
700 590 726 619 ει
764 581 909 638 solet
958 579 1300 637 discussione
1330 577 1571 635 dill'crri:
1621 577 1827 635 idcirco
1854 590 1990 649 quo-

384 679 532 736 niam
562 678 614 732 in
645 674 924 731 nonnullis
965 674 1165 731 factum
1199 673 1478 730 infirmare
1526 686 1633 728 non
1678 686 1988 743 possumus,

383 773 429 828 si
461 773 551 842 qui
578 771 689 841 jam
720 770 958 826 ordinati
989 781 1141 837 sunt,
1165 769 1219 824 in
1246 784 1312 825 eo
1344 766 1537 839 gradu,
1568 766 1633 823 ad
1661 782 1820 838 quem
1850 768 1989 823 saltu

384 863 570 920 subito
616 873 1006 934 pervenerunt,
1050 861 1356 933 perdurare
1403 858 1702 916 debebunt.
1753 859 1811 917 Si
1844 861 1988 916 enim

384 955 680 1027 Apostolus
696 954 1032 1028 neophytum
1053 953 1364 1011 sacerdotio
1385 968 1490 1008 non
1515 953 1696 1008 statim
1726 950 1988 1007 cmuulari

378 1049 537 1122 jubet
570 1047 628 1123 (1
653 1047 793 1104 Tim.
827 1064 906 1116 ιιι,
937 1048 1024 1121 6),
1056 1058 1113 1104 et
1158 1048 1260 1103 hoc
1302 1047 1444 1103 idem
1488 1060 1754 1103 canonum
1788 1056 1988 1103 statuta

384 1150 688 1199 sanxerunt
741 1139 990 1214 (Nisam.
1029 1158 1144 1196 can.
1196 1138 1305 1213 2);
1359 1141 1461 1196 hoc
1511 1140 1761 1197 addimus
1804 1151 1987 1197 nostra

385 1234 686 1303 sententia,
710 1243 768 1289 ut
792 1234 1043 1306 quisquis
1074 1234 1142 1290 de
1162 1245 1364 1290 ctetcro
1394 1232 1420 1273 ι’
1451 1235 1533 1290 vel
1564 1250 1780 1290 summo
1809 1251 1992 1291 sacer-

383 1328 556 1394 dotio,
586 1327 669 1383 vel
701 1327 1028 1401 presbyterii
1057 1326 1226 1400 gradu
1249 1328 1333 1383 vel
1359 1329 1678 1383 diaconatus
1701 1326 1989 1383 crediderit

384 1421 797 1488 cumulandum,
831 1420 970 1477 sciat
992 1426 1043 1477 et
1070 1434 1131 1478 se
1152 1421 1352 1493 gradus
1384 1422 1468 1478 sui
1491 1423 1671 1479 subire
1696 1422 1984 1493 jacturam,

381 1527 485 1569 nec
507 1513 561 1568 in
593 1512 742 1568 illum
775 1514 1004 1569 valitura
1031 1526 1155 1569 esse
1175 1526 1295 1585 qua:
1313 1515 1581 1570 contulit:
1609 1521 1669 1570 ut
1697 1516 1888 1570 saltem
1920 1515 1988 1571 ab

380 1607 733 1664 ordinatione
774 1607 1045 1679 prrecipiti
1076 1622 1255 1666 metus
1302 1610 1317 1665 i
1353 1618 1403 1667 te
1447 1620 1807 1680 summoveat,
1853 1618 1988 1683 quos

380 1702 687 1760 examinata
717 1701 987 1760 discusslo
1007 1716 1268 1761 ccercere
1290 1704 1587 1761 debuisset.
1613 1705 1827 1777 Scripta
1862 1721 1987 1763 nos-

378 1803 460 1850 tra
492 1796 544 1850 in
570 1794 814 1851 omnium
845 1794 1011 1852 facies
1041 1797 1288 1852 notitiam
1322 1795 1611 1866 pervenire
1638 1813 1652 1863 ;
1687 1806 1743 1852 nt
1774 1813 1842 1853 ne
1882 1795 1985 1854 hoc

1600 356 1970 426 EPISTOLE
2012 360 2100 425 ET
2143 356 2494 425 DECRETA.

3585 362 3691 421 670

2168 482 2231 541 ll.
2269 482 2420 556 Quod
2462 483 2506 540 si
2533 484 2646 557 quis
2667 484 2943 539 interdicta
3008 484 3287 557 'espexerit,
3325 481 3516 556 gradus
3545 496 3698 554 supe-

2166 576 2321 632 rioris
2351 576 2582 651 periculo
2622 575 2925 650 subjacebit.
2965 607 3030 616 —
3057 572 3147 632 lli.
3193 574 3322 644 Quae
3364 574 3417 630 in
3478 571 3696 646 singulis

2165 670 2287 723 cieri
2312 668 2559 743 gradibus
2591 678 2821 740 tempora
2849 669 2952 724 sint
2985 668 3219 741 pra’ﬁxa.

2258 763 2489 820 Zosuuus
2523 771 2547 801 ο
2584 760 2853 818 llcsrcnto
2882 763 3141 833 episcopo
3180 758 3520 817 Salonitauo.

2163 856 2292 911 Car.
2321 852 2361 909 1.
2391 886 2462 895 -
2491 853 2538 909 l.
2589 853 2777 926 Exigit
2805 853 3028 910 dilectio
3064 864 3151 909 tua
3177 862 3514 926 prteeeptum
3568 867 3703 923 apo-

2092 951 2298 1005 stolica:
2329 947 2495 1015 sedis,
2520 948 2571 1004 in
2606 962 2714 1020 quo
2739 949 2957 1004 Patrum
2988 948 3210 1006 decreta
3240 948 3613 1017 consentiunt,
3646 958 3700 1005 et

2091 1045 2367 1117 significas
2386 1044 2679 1099 nonnullos
2701 1058 2767 1099 ex
2794 1042 3184 1100 monachorum
3210 1042 3231 1081 ί
3257 1043 3508 1113 populari
3525 1050 3699 1111 casto,

2091 1153 2322 1210 quorum
2353 1137 2587 1194 solitudo
2614 1139 2805 1206 quavis
2836 1138 3141 1210 frequentia
3177 1139 3354 1210 maior
3381 1144 3485 1204 est,
3518 1139 3614 1195 sed
3644 1147 3699 1195 et

2092 1235 2261 1291 laicos
2286 1233 2350 1290 ad
2383 1232 2745 1290 sacerdotium
2786 1233 3067 1293 festinare.
3100 1236 3218 1293 Hoc
3263 1245 3444 1293 autem
3474 1234 3604 1310 (Ivo
3640 1256 3695 1309 ρ.

2092 1330 2148 1397 5,
2179 1345 2225 1382 c.
2257 1326 2389 1399 102)
2411 1326 2722 1398 specialiter
2743 1339 2797 1384 et
2820 1330 2921 1385 sub
2949 1329 3449 1400 prmdccesswibus
3471 1329 3695 1398 nostris,

2092 1430 2145 1476 et
2198 1436 2369 1491 nuper
2415 1436 2441 1473 a
2492 1421 2655 1475 nobis
2697 1421 3049 1478 interdictum
3093 1431 3331 1487 constat,
3380 1423 3576 1479 litteris
3629 1423 3695 1478 ad

2091 1512 2295 1570 Gallias
2326 1512 2721 1586 Hispaniasque
2748 1522 2774 1563 ε
2809 1516 3166 1581 transmissis,
3201 1514 3254 1570 in
3288 1516 3487 1587 quibus
3516 1517 3697 1587 regio-

2090 1604 2252 1661 nibus
2300 1605 2585 1661 familiaris
2616 1617 2700 1662 est
2731 1605 2834 1662 ista
2874 1608 3245 1681 praesumptio,
3292 1607 3540 1679 quamvis
3593 1623 3696 1664 nec

2090 1698 2271 1755 Africa
2296 1699 2577 1769 superbae
2600 1694 2974 1756 admonitione
2997 1709 3180 1756 nostra
3209 1702 3470 1757 habeatur
3491 1702 3694 1771 aliena,

2092 1804 2157 1844 ne
2194 1789 2312 1860 quis
2349 1786 2516 1853 (Disl.
2571 1788 2662 1853 '56,
2712 1807 2760 1844 ε.
2792 1790 2848 1855 2,
2883 1800 2929 1845 et
2979 1791 3099 1846 dist.
3153 1790 3243 1856 59,
3286 1810 3331 1846 r.
3386 1793 3448 1861 l)
3482 1793 3695 1862 penitus

378 1884 595 1957 quidem
627 1887 803 1957 ipsum
837 1888 956 1954 tibi,
1004 1882 1146 1959 quod
1178 1886 1434 1945 omnibus
1484 1890 1831 1945 interdictum
1878 1898 1980 1958 est,

2089 1890 2273 1935 contra
2299 1891 2509 1950 patrum
2544 1888 2835 1951 prmcepta,
2865 1881 2955 1952 qui
2985 1881 3371 1937 ccclesiaSticis
3392 1881 3695 1954 disciplinis

378 1982 546 2039 licere
574 1998 891 2054 cognoscas.
943 1985 1077 2040 Data
1108 1996 1129 2023 ο
1172 2001 1225 2040 vt
1252 1985 1514 2041 kalendas
1556 1985 1810 2041 Octobris
1845 1986 1983 2059 (Die

373 2074 445 2132 29
476 2077 624 2147 Sept.
653 2092 774 2133 ann.
806 2074 946 2150 417)
980 2078 1221 2135 Honorio
1250 2094 1305 2134 ιιι
1337 2089 1391 2136 et
1416 2078 1743 2135 Constantio
1774 2096 1808 2135 tt
1852 2096 1986 2136 con-

375 2166 606 2225 sulibus.

548 2244 553 2249 ’
921 2240 1260 2300 EPISTOLA
1309 2243 1443 2300 Vill.

374 2344 478 2390 εειι
520 2344 772 2392 ιιιιῑιιιιε
822 2348 1033 2391 ιιιιιιιιιιι
1091 2350 1305 2392 DIACONI
1345 2349 1619 2395 ADVERSUS
1659 2351 1979 2397 εωιεετιιιιι

818 2440 1008 2486 2081110
1044 2443 1300 2487 EPIBCOPO
1337 2445 1527 2486 DATUS.

378 2536 532 2609 Quod
557 2536 793 2598 lusimus
813 2536 1039 2599 Caelestii
1065 2542 1305 2601 haeresim
1333 2544 1708 2608 condemnarit,
1729 2542 1984 2616 ejusdem-

448 2646 546 2705 que
583 2633 851 2690 adversum
887 2653 941 2692 se
987 2636 1299 2693 calumniam
1336 2638 1616 2709 respuerit,
1669 2655 1730 2692 ac
1772 2640 1979 2695 demum

445 2743 591 2780 suam
629 2728 795 2795 ipsius
840 2727 1141 2807 approbarit
1187 2729 1370 2795 ﬁdem,
1422 2729 1747 2800 gratulatur;
1795 2741 1842 2784 et
1888 2748 1978 2785 cur

453 2816 668 2871 Romam
695 2835 796 2873 non
821 2819 996 2887 adeat,
1026 2824 1256 2892 exponit.

439 2909 609 2975 (Hanno
634 2912 890 2975 epistolam
926 2915 1099 2979 legere
1120 2922 1211 2979 est
1243 2917 1377 2979 inter
1399 2929 1548 2979 opera
1582 2917 1793 2977 Paulini,
1831 2918 1912 2968 ubi

921 2987 1029 3024 ram
1056 2976 1240 3027 videsis
1264 2978 1428 3042 infra.)

873 3078 1212 3140 EPISTULA
1246 3082 1317 3140 IX
1345 3083 1392 3139 ά.

378 3171 418 3228 Ι.
456 3170 608 3241 Quod
639 3177 882 3230 monachi
908 3177 984 3231 vel
1010 3176 1130 3231 laici
1154 3178 1255 3233 nisi
1282 3195 1373 3250 per
1392 3180 1586 3251 gradus
1608 3181 1976 3236 ecclesiasticos

446 3284 548 3322 non
576 3269 791 3325 debeant
820 3272 890 3325 ad
919 3287 1174 3327 summum
1210 3272 1557 3328 sacerdotium
1586 3278 1869 3345 pervenire.
1905 3306 1974 3317 —

450 3441 475 3470 ο
515 3430 713 3487 Baron.
745 3446 865 3487 cum
897 3446 998 3485 ms.
1047 3427 1220 3495 Arel.,
1252 3432 1432 3486 solent.

447 3501 477 3541 ι’
518 3502 1124 3574 Supple,neophytum,
1158 3510 1253 3559 seu
1300 3520 1363 3557 ex
1393 3516 1735 3574 quaeautque
1782 3500 1972 3561 tttililit

376 3590 437 3631 se
466 3574 531 3629 ad
561 3573 857 3630 Ecclesium
887 3572 1281 3631 conferentem.

452 3657 474 3685 ο
526 3644 676 3702 Arei.
733 3660 856 3716 ms.,
905 3645 1042 3700 Data
1084 3646 1186 3700 kal.
1232 3644 1411 3700 Octob.
1463 3645 1694 3701 Honorio
1736 3660 1781 3713 ι,
1832 3662 1972 3716 etc,

373 3718 654 3774 mendo-0.
690 3714 859 3779 Editi,
892 3717 1012 3770 Dat.
1047 3732 1102 3771 ιιι
1130 3717 1231 3771 kal.
1264 3716 1531 3787 Rogatus.
1568 3719 1869 3787 sequimttr.

446 3788 471 3826 ιι
512 3788 761 3856 Antiqua!
789 3790 1157 3851 collectians,
1186 3784 1377 3843 lsidoii
1407 3784 1743 3854 Mercatoris,
1788 3791 1975 3856 llis-pa-

372 3877 464 3933 na,
492 3859 749 3933 lladriani
774 3876 812 3922 ι,
840 3859 1078 3933 Dionysii
1111 3857 1334 3933 Exigtti,
1362 3859 1578 3933 [Indicis
1626 3877 1652 3933 a
1684 3864 1976 3933 Questielto

374 3932 527 3999 editi,
564 3944 777 3987 nectmu
808 3930 909 3984 alia
943 3929 995 3986 iii
1024 3929 1322 4000 exetnplari
1353 3929 1509 3986 Colb.
1542 3931 1855 3998 maiusculis
1888 3933 1976 3987 lit-

373 4005 505 4058 teris
547 4002 970 4073 Langobardicis
1000 4013 1251 4067 exarato,
1283 4011 1335 4055 et
1371 4003 1554 4072 plures
1584 4003 1878 4056 Gallienum
1924 4005 1973 4058 iu

372 4076 671 4131 veterrimo
701 4073 1017 4129 Corheiensi
1044 4074 1255 4139 codice,
1279 4074 1335 4128 in
1362 4073 1695 4139 Fossitensi,
1736 4083 1866 4137 etc.,
1893 4091 1978 4129 as-

372 4155 628 4211 servataa,
651 4143 1095 4213 epistolamitanc
1110 4146 1387 4216 exhibent.
1416 4145 1541 4215 Ejus
1565 4147 1614 4199 in
1642 4144 1822 4199 fronte
1840 4164 1977 4216 pm-

371 4217 640 4272 mittimus
671 4218 876 4289 titulos,
911 4230 1051 4285 quos
1082 4214 1371 4289 Dionysius
1398 4214 1635 4286 Esigmts
1663 4214 1972 4284 adornavit,

372 4298 531 4357 atque
558 4298 622 4341 ex
659 4304 725 4343 eo
757 4285 1006 4354 lliepanm
1035 4285 1374 4343 collect‘ionis
1416 4285 1606 4357 auctor
1646 4298 1699 4342 ct
1733 4288 1975 4344 Isidorus

410 4356 468 4414 ro
497 4368 652 4415 mure
682 4359 1086 4429 ntutuatisuut.
1121 4358 1343 4429 illorum
1376 4358 1495 4429 loco
1521 4356 1621 4413 hos
1647 4376 1756 4429 prie
1787 4373 1845 4413 se
1874 4360 1977 4416 fel'l

395 4430 622 4502 nudatus
673 4432 842 4485 codex
886 4426 1276 4486 Corbeiensis:
1313 4428 1351 4483 Ι.
1399 4428 1467 4502 Ut
1510 4446 1573 4484 ne
1612 4426 1725 4502 quis
1773 4432 1976 4494 penitus

371 4512 550 4575 contr}
585 4500 796 4575 Patrum
819 4513 1073 4575 prweepm
1110 4503 1350 4575 sacerdos
1400 4500 1970 4575 EcclesircAortlinetur.

370 4571 440 4625 ll.
495 4571 705 4627 Talibus
730 4571 1140 4627 ordinationibus
1162 4574 1338 4628 obsisti
1377 4572 1574 4627 debere.
1609 4572 1697 4627 lll.
1736 4572 1811 4627 De
1835 4574 1976 4627 ordi—

372 4642 663 4714 nationibus
690 4642 1011 4714 clericorum,
1043 4646 1263 4714 qualiter
1285 4644 1353 4699 ad
1377 4644 1706 4714 pontiﬁcatus
1734 4646 1977 4699 honorem

371 4715 422 4789 ili
438 4713 583 4789 beant
602 4718 883 4789 pervenire.
929 4712 1280 4789 IVLSingulis
1302 4712 1547 4789 gradibus
1571 4715 1799 4789 (supple
1824 4715 1976 4789 qua!)

369 4784 933 4860 debeant'observare.
994 4784 1057 4860 ν,
1113 4784 1187 4860 _De
1231 4784 1452 4860 digitulis
1499 4784 1969 4860 et_'pmnitcntibusL

365 4856 597 4929 Brevior
628 4855 986 4929 estrepistolze
1034 4854 1196 4929 hujus
1234 4854 1305 4911 in'
1336 4854 1652 4912 Colbertiuo
1694 4857 1913 4912 Codicis
1945 4875 1971 4912 a

365 4928 569 4999 Quesn.
602 4928 739 4999 editi
770 4928 1066 4999 exemplari
1114 4928 1349 4989 Summa,
1383 4928 1436 4981 in
1481 4928 1722 4999 generali
1752 4930 1971 4999 quidem

365 4994 571 5064 Indice,
607 4994 681 5053 De
718 4994 985 5053 monachis
1030 5009 1076 5055 et
1105 5000 1250 5053 lairis
1278 4998 1347 5053 ad
1375 4994 1567 5070 gradus
1610 4994 1978 5070 ecclesiasticos

366 5072 605 5143 art-edere
627 5070 984 5143 cupientibus;
1014 5072 1272 5143 inipsius
1300 5069 1477 5143 autem
1510 5069 1754 5143 epistolm
1779 5070 1978 5137 fronte,

372 5136 645 5215 Quomodo
673 5136 1258 5215 ordinanturrepierpi,
1290 5136 1589 5211 presbyteri,
1620 5141 1847 5205 diaconi,
1870 5136 1984 5195 sub-

367 5212 612 5277 diaconi,
666 5213 938 5280 exorcisti,
982 5212 1226 5277 lectores,
1260 5223 1480 5282 quantos
1516 5227 1680 5265 annos
1711 5229 1850 5265 nunc
1890 5230 1982 5282 per

367 5296 782 5356 unumquemque
828 5286 1050 5356 gradum
1094 5282 1396 5356 ascendant.
1451 5283 1789 5356 Postremum
1842 5282 1981 5340 hanc

294 5417 303 5426 .
366 5351 638 5426 summam
674 5351 845 5409 eum
872 5355 1073 5421 Regius
1098 5354 1234 5409 alias
1261 5351 1319 5409 S.
1353 5352 1497 5409 Petri
1531 5352 1868 5409 Pirtarensis
1889 5373 1982 5412 co-

367 5424 472 5480 dex
505 5426 745 5492 prtel'ert.
779 5428 915 5482 Aliis
942 5434 1123 5482 autem
1156 5427 1207 5479 in
1244 5442 1373 5480 mss.
1413 5426 1559 5479 nulla
1594 5437 1697 5479 ρει.

444 5510 468 5534 υ
499 5497 574 5552 lta
607 5498 938 5554 sinceriores
969 5512 1103 5552 mss.
1135 5497 1203 5553 At
1236 5497 1369 5553 editi
1403 5506 1524 5567 post
1554 5496 1802 5567 Dionys.,
1830 5497 1978 5552 Zosi-

365 5616 711 5673 observaret.
747 5618 824 5673 De
852 5618 1048 5688 quibus
1077 5617 1326 5672 Zosimus
1352 5615 1497 5688 idem
1526 5616 1721 5671 scribit
1752 5616 1805 5671 iu
1847 5618 1962 5686 epi-

367 5690 509 5743 stola
541 5689 607 5742 ad
640 5687 969 5759 Hesychium
1006 5689 1408 5747 Salouitanum.
1455 5687 1611 5756 Quod
1654 5689 1697 5742 si
1743 5689 1961 5756 quando

367 5760 617 5815 contrahi
662 5762 778 5815 haec
809 5771 1108 5830 temporum
1162 5760 1337 5828 spatia
1368 5759 1668 5814 necessitas
1696 5771 1913 5831 cogeret
1942 5777 1954 5813 :

369 5832 522 5902 prius
553 5842 732 5887 tamen
757 5831 915 5897 illud,
946 5841 1005 5886 ut
1032 5831 1252 5887 ordines
1293 5830 1561 5902 gradatim
1622 5831 1843 5897 inirent,
1876 5848 1961 5889 re-

367 5901 563 5981 ligiose
591 5919 811 5975 semper
842 5911 1155 5969 tenuerunt.
1206 5902 1277 5959 Ut
1305 5901 1373 5962 de
1403 5914 1593 5960 sancto
1645 5904 1953 5981 Ambrosio,

2092 1986 2190 2041 per
2218 1969 2464 2027 ordinetn
2488 1987 2595 2027 non
2624 1971 2813 2028 fuisset
2845 1972 3109 2039 imbutus,
3129 1985 3182 2029 et
3207 1976 3470 2045 temporis
3494 1991 3691 2046 appro-

2090 2063 2311 2120 batione
2355 2060 2552 2119 divinis
2583 2063 2872 2135 stipendiis
2912 2066 3183 2131 eruditus,
3241 2083 3580 2139 nequaquam
3624 2069 3691 2125 ad

2090 2175 2360 2213 summum
2403 2159 2660 2215 Ecclesia:
2696 2159 3064 2215 sacerdotium
3112 2160 3355 2230 aspirare
3394 2175 3692 2231 prtesume-

2091 2259 2176 2306 ret
2206 2256 2301 2307 :et
2326 2262 2432 2305 non
2458 2249 2633 2306 solum
2667 2251 2719 2306 in
2742 2266 2809 2307 eo
2842 2251 3068 2307 ambitio
3091 2250 3337 2308 inefficax
3372 2253 3689 2323 haberetur,

2089 2358 2279 2400 verum
2310 2344 2473 2401 etiam
2505 2343 2558 2398 in
2586 2342 2612 2380 ιι
2633 2342 2977 2400 ordinatores
2996 2346 3131 2416 ejus,
3159 2353 3217 2400 ut
3238 2352 3489 2400 carerent
3519 2359 3583 2399 eo
3604 2356 3694 2401 or-

2090 2435 2239 2501 dine,
2302 2446 2460 2507 quem
2507 2436 2627 2491 sine
2678 2437 2871 2491 ordine
2921 2446 3110 2492 contra
3165 2444 3436 2508 prtecepta
3467 2436 3688 2493 Patrum

2088 2528 2431 2585 crediderant
2482 2530 2941 2599 pra-sumendum.
2990 2528 3145 2586 Unde
3196 2530 3458 2586 miramur
3498 2530 3563 2586 ad
3610 2532 3693 2587 di—

2088 2623 2379 2680 lectionem
2411 2632 2559 2678 tuam
2587 2633 2789 2678 statuta
2819 2624 3135 2695 aposmlica:
3169 2622 3316 2680 sedis
3367 2639 3475 2680 non
3522 2624 3691 2682 fuisse

2085 2719 2315 2790 perlata.
2349 2717 2656 2773 Laudamus
2682 2717 2845 2789 igitur
2873 2719 3236 2773 constantiam
3284 2718 3551 2789 propositi
3589 2720 3688 2787 tui,

2083 2809 2255 2866 frater
2284 2810 2629 2879 citatissime,
2663 2828 2765 2867 nec
2795 2809 2941 2866 aliud
2984 2811 3052 2867 de
3086 2810 3348 2882 pontiﬁcii
3376 2812 3452 2867 tui
3501 2821 3689 2870 vetere

2080 2919 2311 2959 censura
2339 2905 2688 2960 auctoritatis
2710 2919 2891 2974 genus
2914 2903 3338 2974 exspectandum
3371 2905 3489 2969 fuit,
3522 2917 3686 2976 quam

2084 3009 2141 3054 ut
2173 2998 2372 3054 talibus
2417 3001 2824 3067 ambitionibus,
2877 3014 2976 3069 pro
3005 3000 3289 3069 prmceptis
3331 2998 3584 3067 Patrum,
3634 3000 3690 3056 in

2082 3092 2367 3162 procinctu
2396 3091 2520 3149 fidei
2546 3095 2875 3148 constitutus
2901 3107 3245 3149 occurreres.
3304 3107 3313 3115 ·

2152 3187 2204 3240 9..
2248 3186 2414 3257 Igitur
2451 3186 2499 3241 si
2537 3187 2665 3257 quid
2710 3187 3028 3243 auctoritati
3059 3198 3186 3251 tute,
3217 3185 3364 3256 quod
3417 3201 3520 3241 nos
3576 3202 3687 3242 non

2080 3282 2389 3349 Opinamur,
2414 3281 2661 3337 instituas
2719 3280 2981 3347 defuisse,
3014 3279 3353 3351 supplemus.
3392 3276 3406 3316 ι
3458 3277 3676 3337 Obsistc

2004 3437 2048 3499 C
2082 3454 2193 3491 ntus
2218 3438 2489 3511 cpiscopus
2508 3438 2649 3493 urbis
2675 3440 2851 3495 Roma:
2877 3438 3133 3511 Hesychia
3156 3439 3396 3511 episcopo
3417 3439 3687 3496 Salonita-

2080 3526 2173 3581 no,
2198 3510 2395 3581 quibus
2429 3510 2480 3564 in
2514 3511 2637 3565 coll.
2668 3512 2922 3581 Hispali”
2953 3510 3007 3566 et
3035 3510 3157 3566 Isid.
3190 3510 3405 3581 additur
3437 3511 3656 3565 salutem

2157 3578 2173 3617 τ
2209 3580 2363 3649 Apud
2401 3581 2557 3636 Ilion.
2584 3594 2633 3635 et
2665 3578 2791 3636 lsid'.
2822 3599 3030 3637 necnon
3066 3585 3117 3637 in
3149 3582 3282 3637 edit.
3330 3580 3483 3636 Mt'rl.
3514 3581 3679 3637 Crab.

2077 3659 2131 3735 et
2161 3650 2316 3735 liom.
2351 3653 2800 3735 deestnpopnlari
2880 3671 3000 3721 qua:
3030 3671 3142 3735 in}
3198 3669 3229 3707 c
3277 3658 3508 3722 quatuor
3549 3668 3681 3735 mss.

2077 3720 2234 3776 Colh.
2270 3739 2478 3777 necnon
2514 3720 2702 3792 liegio,
2737 3720 2967 3778 Pitb.et
3004 3725 3166 3776 (lui-lt.
3204 3720 3509 3777 revocatur.
3543 3724 3681 3789 Quid

2079 3793 2178 3845 sibi
2232 3794 2392 3851 νιιιὶι.
2438 3792 2760 3863 intelligitur
2804 3811 2869 3849 ex
2910 3795 2994 3849 his
3035 3810 3184 3848 num.
3220 3794 3283 3858 5,
3338 3793 3680 3858 Papularitas

2077 3864 2229 3916 etiam
2260 3865 2339 3917 Itis
2367 3863 2515 3932 locis,
2544 3865 2629 3918 ubi
2653 3865 2878 3919 solitudo
2910 3875 3004 3928 est,
3050 3867 3235 3919 talium
3256 3867 3531 3933 reperitur.

2152 3944 2174 3982 ἕ
2208 3935 2263 3989 In
2296 3935 2459 3990 Corb.
2496 3954 2597 3989 ius.
2634 3953 2695 3990 ac
2720 3937 2931 3991 duobus
2953 3937 3110 3991 Colb.
3141 3936 3485 3990 desideratur
3506 3944 3671 3989 trans-

2078 4007 2264 4078 missis,
2299 4022 2394 4078 pro
2420 4022 2524 4078 quo
2555 4006 2607 4061 in
2632 4008 2739 4061 alio
2768 4006 2924 4061 Coll).
2960 4017 3137 4063 exstat
3166 4007 3323 4078 datis.
3345 4006 3512 4061 Antea
3538 4023 3674 4072 prac-

2078 4074 2255 4130 dii:tus
2282 4074 2455 4132 eodei
2495 4077 2659 4133 Corb.
2693 4078 3091 4133 antecessoribus
3116 4120 3130 4143 ,
3161 4078 3249 4131 alii
3278 4076 3385 4132 duo
3414 4079 3675 4143 prodeces-

2076 4146 2299 4210 soribus,
2344 4148 2471 4203 item
2504 4150 2611 4205 duo
2641 4150 2754 4215 :tlii,
2782 4150 3150 4204 deressoribus.
3202 4144 3387 4203 Nullas
3414 4144 3679 4204 habemus

2077 4216 2282 4273 Zosimi
2309 4216 2375 4274 ad
2399 4219 2582 4275 Gallos
2613 4221 2989 4292 Hispmosque
3019 4222 3245 4284 litteras,
3290 4221 3345 4275 in
3389 4220 3586 4292 quibus
3611 4221 3679 4277 de

2079 4306 2139 4345 re
2167 4293 2393 4364 quaesita
2418 4291 2723 4364 quidquam
2743 4293 2977 4364 speciale
3003 4292 3326 4348 decernatur
3358 4312 3371 4346 :
3401 4292 3500 4364 nisi
3543 4291 3680 4348 forte

2077 4363 2418 4428 Superiorem
2450 4362 2740 4434 epistolam
2772 4366 2803 4418 7
2836 4363 3070 4429 indicet,
3100 4379 3257 4434 quam
3301 4364 3400 4417 etsi
3434 4362 3679 4418 Patroclo

2078 4434 2169 4487 ιιιιὶ
2201 4432 2543 4503 inscriptam,
2580 4432 2754 4506 ipsius
2804 4447 2982 4489 tamen
3014 4432 3175 4506 opera
3203 4436 3255 4489 in
3292 4435 3520 4506 omnium
3548 4436 3680 4488 noti-

2080 4506 2203 4557 tiam
2227 4506 2487 4575 pervenire
2512 4505 2701 4561 voluit.
2746 4504 2915 4561 Porro
2955 4509 3006 4561 iu
3038 4504 3140 4561 bac
3166 4505 3393 4575 epistola
3428 4522 3483 4559 ιι.
3515 4506 3549 4558 2
3581 4520 3676 4558 ve-

2082 4587 2179 4647 tat,
2212 4593 2280 4631 ne
2307 4578 2428 4643 quis
2460 4580 2724 4647 prarcipiti
2756 4578 2895 4633 saltu
2925 4578 2993 4633 ad
3024 4578 3194 4631 ullum
3226 4578 3517 4647 clericatus
3555 4592 3678 4645 gra-
3758 4639 3762 4642 ἠ

2080 4646 2205 4701 dum
2240 4646 2646 4716 promoventur,
2680 4650 2890 4710 eadem,
2922 4664 3024 4718 qua
3072 4658 3124 4703 ct
3154 4646 3261 4713 hic,
3296 4646 3559 4702 adversus
3589 4662 3678 4702 or-

2081 4718 2321 4773 dinatum
2352 4726 2407 4771 et
2429 4719 2769 4774 ordinantem
2801 4722 3000 4774 indicta
3031 4734 3209 4787 pmua.

2001 4821 2056 4881 D
2154 4787 2180 4825 δ
2212 4788 2551 4872 Taurinense
2576 4791 2866 4872 CODClillllil
2893 4805 3103 4843 eamme
3122 4791 3155 4845 ὅ
3173 4789 3328 4857 cujus
3353 4788 3541 4843 titulus
3564 4796 3670 4870 est,

2082 4859 2161 4914 De
2192 4860 2601 4914 ordinationibus
2641 4861 2840 4914 illicms
2882 4869 3061 4914 contra
3102 4869 3293 4914 statuta
3327 4859 3565 4914 Patrum.
3596 4868 3670 4913 uti

2136 4875 2161 4914 e
2192 4860 2601 4916 ordinationibus
2641 4861 2840 4916 illicitis
2882 4869 3061 4914 contra
3102 4869 3293 4914 statuta
3327 4859 3565 4925 Patrum,
3596 4860 3674 4913 uti

2078 4933 2188 5002 jam
2219 4931 2652 4999 observavimus,
2680 4931 2877 4986 mitiori
2919 4947 3075 5002 pinna
3106 4932 3449 4986 ordinatores
3482 4929 3677 5002 multa-

2086 4999 2189 5056 τω.
2217 5002 2435 5056 Zosimo
2457 5010 2637 5057 autem
2667 4999 3249 5059 cortcittitCmiestitttts
3274 5005 3435 5072 epist.
3458 5005 3512 5064 4,
3540 5018 3592 5056 ιι.
3619 4999 3674 5056 5.

2087 5073 2168 5127 Ab
2216 5072 2499 5140 utriusque
2546 5077 2837 5128 severitate
2886 5090 3013 5143 erga
3062 5076 3281 5130 eosdem
3333 5072 3674 5128 ordiuatores

2087 5144 2338 5198 nonnihil
2370 5144 2687 5212 remittitur,
2721 5152 2776 5200 et
2803 5144 2871 5201 ad
2913 5147 3127 5200 concilii
3154 5146 3506 5199 'l‘aurinensis
3539 5154 3675 5198 tem-

2085 5225 2463 5285 peramentum
2500 5218 2726 5278 reditur,
2761 5227 2870 5270 tum
2908 5222 2959 5270 in
3007 5214 3396 5271 additameutis
3451 5215 3516 5269 ad
3556 5213 3672 5285 epi;

2087 5278 2282 5359 stolam
2321 5286 2346 5341 1
2381 5285 2599 5352 Leonis,
2629 5296 2738 5359 tum
2769 5290 2820 5342 in
2856 5287 3120 5356 [icgensis
3150 5288 3343 5359 synodi
3376 5299 3519 5339 anno
3548 5278 3673 5359 ‘4’39

2084 5356 2521 5430 ltabittecauouc
2555 5359 2602 5412 i.
2640 5358 2771 5415 Vide
2805 5361 2967 5414 Ililari
3001 5356 3287 5430 epistolam
3329 5359 3415 5419 10,
3441 5372 3508 5430 ιι.-

2163 5428 2177 5466 ί
2219 5428 2358 5483 Edit.
2390 5424 2551 5484 Rom.
2586 5437 2641 5484 et
2670 5432 2897 5498 concil.,
2940 5424 3050 5483 Vos'
3082 5431 3374 5484 obsistile...
3402 5425 3625 5498 obsistite
3653 5441 3669 5479 :

2083 5500 2437 5569 corriguntur
2464 5516 2532 5557 ex
2565 5516 2695 5556 mss.
2727 5499 2846 5557 Mox
2878 5495 3015 5557 unus
3037 5501 3210 5557 Codex
3233 5500 3390 5554 Cttlb.
3423 5514 3543 5551 cunt
3569 5495 3672 5551 lie-

2066 5620 2157 5689 qni
2215 5621 2645 5676 catechumenos
2698 5622 2763 5675 ad
2798 5620 3171 5691 episcopatum
3204 5618 3377 5691 luet-at
3412 5612 3662 5691 adscitus

2066 5686 2242 5745 innuit
2275 5693 2328 5746 in
2357 5694 2476 5760 ejus
2499 5691 2618 5745 Vita
2650 5686 2908 5747 Paulinus
2934 5709 2945 5746 :
2974 5686 3272 5757 Baptizatus
3294 5688 3466 5752 ilaqtt’
3498 5686 3670 5760 fertur

2065 5764 2239 5817 omnia
2264 5756 2609 5836 ecclesiastica
2650 5765 2826 5834 ofﬁcia
2872 5762 3125 5836 implesse,
3183 5771 3332 5836 atque
3381 5765 3559 5836 octava
3581 5756 3668 5836 die

2063 5836 2332 5905 episcopus
2362 5833 2631 5889 ordinatus
2661 5826 2735 5889 est
2781 5851 2897 5888 rum
2938 5826 3136 5890 summa
3178 5826 3345 5901 gratia
3389 5840 3436 5883 et
3488 5826 3669 5881 la'titia

2064 5914 2388 5962 cunctorum.
