4190 6190
478 279 576 338 671

1857 287 1914 343 S.
1957 286 2191 344 ZOSIMI
2231 287 2438 346 ΡΑΡᾹΞ

3673 293 3780 349 ὑῗὲ.

478 403 679 462 talibus
707 403 1167 473 ordinationibus,
1199 405 1405 462 obsistc
1433 405 1709 478 superbiae
1741 418 1795 463 et
1821 422 2082 480 arrogan-
2108 426 2161 485 Α
2187 409 2335 464 tendi
2365 411 2610 480 cupiunt,
2646 409 2749 464 aud
2780 410 2974 480 quibus
3005 410 3154 465 aliud
3201 417 3462 480 praestare
3501 425 3612 464 non
3657 425 3788 480 pos-

479 497 569 554 tiae
590 496 852 552 venienti.
880 495 1082 552 Tecum
1108 495 1319 553 faciunt
1345 507 1616 567 praecepta
1629 498 1872 567 Patrum,
1898 509 2078 556 tecum

479 591 797 662 apostolica:
825 590 972 647 sedis
1010 591 1341 647 auctoritas.
1376 591 1433 648 Si
1465 593 1612 648 enim
1646 603 1672 629 ⁸
1700 593 1875 648 ofﬁcia
1906 609 2080 650 saecu-

481 684 617 739 laria
647 684 954 754 principem
987 684 1189 749 locum,
1218 701 1326 740 non
1371 685 1696 742 vestibulum
1739 688 1972 743 actionis
2002 692 2084 743 iu-

480 775 710 846 gressis,
736 776 833 830 sed
882 791 978 845 per
1007 776 1276 846 plurimos
1307 777 1510 848 gradus
1541 777 1568 816 ι)
1603 781 1916 834 examinato
1948 790 2083 835 tem-

485 867 709 938 poribus
737 865 997 923 del‘erunt
1029 886 1042 923 :
1076 869 1199 940 quis
1224 868 1318 924 ille
1346 879 1454 924 tam
1501 885 1786 941 arrogans,
1819 881 1924 926 tam
1966 872 2086 926 im-

487 962 698 1033 pudens
736 962 1038 1030 invenitur,
1075 972 1132 1017 ut
1165 964 1218 1018 in
1252 963 1463 1023 caelesti
1506 965 1721 1032 militia,
1751 981 1870 1036 quae
1901 977 1922 1004 ο
1958 982 2087 1036 pcn-

486 1054 600 1111 sius
621 1054 973 1124 ponderanda
999 1067 1104 1124 est,
1136 1066 1191 1111 et
1212 1058 1352 1112 sicut
1383 1073 1574 1113 aurum
1603 1060 1852 1129 repetitis
1875 1060 2086 1131 ignibus

489 1147 849 1216 exploranda,
878 1148 1063 1202 statim
1121 1149 1231 1202 dux
1280 1163 1405 1204 esse
1459 1149 1754 1214 desideret,
1796 1166 1917 1204 cum
1968 1161 2088 1222 tyro

490 1250 615 1297 ante
648 1258 752 1297 non
783 1242 974 1309 fuerit,
994 1252 1049 1299 et
1078 1244 1228 1314 prius
1252 1246 1384 1300 velit
1404 1246 1626 1312 docere,
1650 1263 1810 1317 quam
1836 1249 2089 1304 discere?

493 1332 793 1390 Assuescat
815 1336 871 1390 in
905 1335 1123 1391 Domini
1170 1339 1392 1404 castris,
1424 1339 1476 1393 in
1526 1339 1790 1394 lectorum
1839 1342 2092 1410 primitus

491 1427 662 1495 gradu
695 1426 862 1482 divini
893 1428 1200 1484 rudimenta
1230 1429 1414 1501 [MerL
1450 1431 1797 1504 rudimentis]
1839 1435 2047 1488 servitii
2075 1453 2086 1488 :

492 1519 688 1573 necilli
707 1519 815 1574 vile
838 1520 908 1574 sit
930 1521 1293 1589 exorcistam,
1310 1523 1646 1595 acolytbum,
1671 1525 2090 1594 subdiaconum,

494 1612 783 1669 diaconum
836 1631 936 1684 per
990 1616 1240 1672 ordinem
1297 1619 1413 1673 ﬁeri
1447 1636 1459 1671 :
1496 1635 1597 1674 nec
1653 1620 1753 1675 hoc
1803 1621 1963 1685 saltu,
1996 1622 2088 1675 sed

493 1704 518 1742 ά
543 1707 762 1762 statutis
785 1707 1056 1778 majorum
1085 1709 1430 1765 ordinatione
1467 1713 1822 1781 temporibus.
1855 1711 1972 1767 Jam
2003 1728 2097 1767 ve-

2185 512 2331 569 sunt,
2367 505 2587 559 divinos
2623 504 2846 559 ordines
2885 504 3213 574 largiuntur.
3247 503 3402 570 Quod
3436 514 3650 575 oportet
3699 505 3786 558 di-

2184 597 2362 652 stricti
2395 611 2614 668 semper
2647 612 2769 652 esse
2801 596 3012 668 judicii.
3044 596 3249 650 Rarum
3279 606 3367 651 est
3397 606 3419 633 <'
3451 597 3598 652 enim
3625 612 3788 654 omne

2186 689 2330 759 quod
2356 705 2605 759 magnum
2637 700 2742 746 est.

2258 783 2387 836 Car.
2414 782 2478 836 ll.
2509 782 2649 836 -4.
2686 783 2923 839 Proinde
2952 799 3074 852 nos,
3108 799 3175 838 ne
3207 784 3333 854 quid
3377 784 3586 838 meritis
3616 783 3791 840 dilcco

2190 876 2355 930 tionis
2402 885 2506 929 tum
2549 875 2962 947 derogaremus,
2993 877 3060 931 ad
3114 886 3165 931 te
3196 877 3538 947 petissimum
3583 878 3786 946 scripta

2189 969 2517 1038 direximus,
2548 985 2672 1040 quae
2701 972 2751 1024 in
2781 972 3025 1024 omnium
3079 970 3310 1025 fratrum
3353 981 3409 1025 et
3439 972 3792 1040 coepiscopo-

2190 1080 2308 1119 rum
2339 1073 2649 1119 nostrorum
2684 1063 2850 1119 facies
2883 1064 2962 1118 irc
3013 1065 3285 1130 notitiam,
3316 1080 3423 1118 non
3461 1073 3668 1118 tantum
3695 1080 3792 1119 eo-

2190 1173 2309 1210 rum
2337 1157 2426 1227 qui
2467 1157 2521 1211 in
2554 1173 2618 1212 ea
2661 1157 2940 1226 provincia
2971 1168 3123 1224 sunt,
3151 1156 3246 1212 sed
3277 1157 3443 1211 etiam
3476 1157 3565 1226 qui
3594 1157 3790 1211 vicinis

2191 1249 2466 1304 dileCIioni
2494 1258 2601 1302 tua:
2628 1249 2922 1318 provinciis
2953 1247 3350 1318 adjunguntur.
3369 1249 3518 1304 Sciet
3542 1249 3789 1319 quisquis

2193 1341 2296 1396 hoc
2327 1342 2625 1412 postposita
2652 1343 2870 1397 Patrum
2899 1351 2953 1396 et
2977 1342 3295 1412 aposmlieae
3313 1342 3459 1398 sedis
3481 1344 3780 1398 anetorita«

2194 1443 2246 1489 te
2278 1435 2601 1504 neglexerit,
2633 1451 2661 1489 ει
2713 1436 2868 1488 nobis
2917 1435 3222 1490 districtius
3269 1435 3682 1501 vindicandum;
3731 1448 3792 1492 ttt

2191 1527 2296 1582 loci
2328 1527 2410 1582 sui
2445 1526 2668 1582 minime
2699 1527 2912 1582 dubitet
2937 1526 3041 1581 sibi
3077 1544 3181 1581 non
3221 1537 3475 1582 constare
3498 1529 3791 1594 rationem,

2198 1623 2240 1676 si
2289 1621 2390 1675 hoc
2422 1629 2591 1690 putat,
2632 1629 2755 1690 post
2787 1628 2867 1674 tot
2901 1620 3329 1690 prohibitiones,
3365 1621 3590 1689 impune
3621 1619 3639 1658 ί
3676 1631 3795 1676 ten-

2198 1714 2320 1768 lari.
2352 1713 2714 1769 Contumelia:
2767 1714 2912 1767 enim
2945 1713 3127 1767 studio
3160 1714 3237 1778 lit,
3277 1713 3539 1784 quidquid
3569 1724 3594 1760 ε
3626 1715 3796 1770 infer-

498 1817 560 1857 ro
581 1801 646 1857 ad
678 1801 1297 1875 presbyteriifastigium
1325 1807 1794 1876 talisaccedat,nt
1817 1816 1872 1861 et
1893 1822 2092 1862 nomen
2128 1815 2174 1874 Β
2201 1804 2404 1860 dictum
2458 1804 2619 1859 toties
2665 1812 2951 1873 usurpatur
2977 1803 3267 1876 (Nicolaus
3308 1804 3358 1871 Ι,
3393 1806 3544 1873 epist.
3599 1807 3675 1862 al.
3699 1806 3796 1872 40,

494 1904 626 1949 artas
659 1896 903 1966 impleat,
926 1905 981 1951 et
1013 1899 1269 1952 meritum
1304 1897 1594 1966 probitatis
1641 1898 1911 1968 stipendia
1942 1908 2096 1954 ante-

496 1997 618 2040 acta
670 1995 966 2042 testentur.
1001 1987 1130 2043 Jurc
1163 1988 1290 2043 inde
1333 1990 1527 2043 summi
1583 1989 1858 2060 pontiﬁcis
1912 1990 2091 2046 locum

429 2149 434 2154 Α
499 2094 718 2150 sperare
750 2081 988 2137 debebit.

572 2176 626 2229 5.
657 2174 809 2231 Facit
840 2175 942 2230 hoc
986 2177 1148 2232 nimia
1179 2178 1434 2233 remissio
1461 2179 1914 2234 consacerdotum
1968 2197 2096 2236 nos-

501 2276 737 2333 trorum,
763 2269 855 2338 qui
887 2284 1137 2338 pompam
1189 2269 1558 2326 multitudinis
1606 2280 1880 2341 qurerent,
1911 2281 1969 2327 et
1998 2289 2097 2342 pu-

501 2368 618 2415 taut
669 2376 734 2415 ex
783 2359 885 2415 hac
939 2362 1098 2416 turba
1142 2361 1346 2434 aliquid
1390 2363 1496 2418 sibi
1528 2363 1814 2434 dignitatis
1862 2367 2095 2435 acquiri.

501 2455 645 2512 Hinc
675 2456 880 2524 passim
913 2470 1209 2511 numerosa
1241 2457 1578 2526 popularitas
1604 2459 1770 2512 etiam
1818 2457 1903 2512 his
1944 2458 2098 2526 locis,

503 2545 590 2601 tibi
618 2547 855 2601 solitudo
882 2558 985 2615 cSt,
1023 2547 1211 2602 talium
1242 2547 1536 2617 reperitur,
1566 2547 1693 2603 dum
1719 2548 1988 2618 parcet-ias
2014 2565 2098 2606 ex-

501 2712 590 2784 gio
608 2754 622 2774 ,
674 2708 890 2784 Tecum_
915 2711 1111 2780 faciant
1138 2721 1421 2784 _prwcepta
1453 2710 1673 2784 Patrum
1699 2754 1714 2778 ,
1761 2723 1929 2766 tecum
1987 2714 2052 2766 sit
2079 2727 2096 2766 :

501 2781 682 2838 minus
738 2782 1026 2836 concinne.
1077 2781 1286 2837 Adsunt
1347 2783 1528 2853 reipsa
1588 2782 1812 2837 decreta
1877 2784 2094 2838 Patrum

503 2854 846 2910 Nictenorum
888 2868 1012 2907 can.
1044 2853 1080 2906 2
1125 2868 1178 2907 et
1211 2853 1617 2909 Sardicensium
1650 2870 1773 2909 can.
1807 2857 1876 2908 15
1915 2856 2096 2909 verbis

506 2925 638 2980 fulta
679 2925 951 2991 Apostoli,
987 2926 1101 2996 qui
1128 2931 1459 2996 neopltytum
1514 2925 1762 2978 ordinari
1818 2925 2095 2994 prohibet.

509 2997 710 3052 Eadem
744 2996 963 3049 ﬁrmant
993 3005 1049 3049 et
1090 2995 1320 3051 Siricins
1347 2999 1508 3066 epist.
1537 2998 1592 3062 1,
1623 3014 1676 3049 ll.
1708 2999 1809 3063 15;
1845 3000 2006 3066 epist.
2040 2999 2095 3062 ϐ,

508 3084 563 3122 ιι.
591 3069 646 3130 5,
677 3075 731 3120 et
759 3069 922 3136 epist.
953 3066 1042 3130 10,
1077 3082 1129 3120 ιι.
1165 3069 1253 3135 15,
1283 3083 1492 3122 necnon
1526 3067 1877 3122 innocentius
1928 3071 2092 3137 epist.

510 3141 601 3204 57,
634 3155 689 3190 ιι.
714 3139 767 3192 6.

585 3218 612 3246 α
642 3209 844 3275 Regius
885 3207 1079 3269 codex,
1116 3223 1224 3262 uno
1249 3209 1405 3265 Colb.
1437 3209 1676 3270 favente,
1702 3210 1961 3279 ofﬁciales
2004 3210 2106 3263 viri

514 3295 604 3351 per
629 3279 804 3350 ofﬁcia
826 3280 1099 3333 stecularia
1131 3281 1482 3347 principalem
1511 3281 1702 3347 locum,
1738 3296 1840 3333 non
1874 3297 1965 3351 per
1997 3299 2110 3334 res-

511 3351 735 3404 tibulum
755 3351 972 3422 actionis
1004 3351 1222 3422 ingressi
1248 3367 1265 3404 :
1288 3366 1565 3422 corrupte.
1599 3351 1788 3420 Ofﬁcia
1833 3352 2109 3406 swculariu

522 3423 609 3476 hic
639 3421 1016 3487 intelliguntur
1051 3421 1356 3476 administri
1383 3433 1439 3476 et
1463 3421 1677 3488 judices
1709 3424 2035 3476 sa‘culares.

591 3491 619 3529 δ
654 3491 799 3546 Edit.
831 3492 991 3546 Rom.
1017 3502 1071 3546 et
1098 3493 1294 3547 concil.
1323 3506 1443 3559 post
1474 3493 1628 3556 lsid.,
1659 3495 1968 3547 examinatis
1990 3505 2114 3547 teni-

511 3562 742 3636 poribus.
784 3564 902 3618 Duo
935 3579 1093 3636 mss.,
1123 3565 1418 3618 examinato
1467 3573 1712 3636 tempore.
1747 3564 1983 3618 Nitidior
2031 3576 2113 3620 est

517 3637 679 3690 lcetiu
710 3650 870 3702 quam
897 3635 1226 3689 exhibemus
1248 3651 1312 3690 ex
1339 3635 1713 3690 caeleristnss.

591 3720 612 3745 υ
641 3709 694 3779 In
723 3707 953 3779 vulgatis
998 3716 1054 3760 ut
1092 3709 1142 3761 in
1178 3722 1279 3761 ms.
1323 3707 1470 3762 Pith.
1504 3715 1558 3760 et
1608 3706 1750 3775 apud
1807 3707 1963 3772 lsid.,
1997 3726 2114 3779 pro-

513 3777 746 3851 pensius.
779 3778 1132 3833 Prwferimus
1175 3794 1298 3833 cum
1334 3779 1492 3833 Dion.
1525 3780 1758 3849 aliisque
1801 3795 1960 3843 mss.,
1991 3777 2113 3850 peu-

513 3869 641 3904 stus.

587 3919 785 3996 ‘1_Reg._
811 3935 940 3996 ms.,
967 3922 1135 3996 statis.
1179 3920 1314 3996 Tum
1342 3921 1564 3996 Quesn.
1602 3926 1858 3996 majorum
1911 3923 2114 3996 ordine.

518 3993 589 4047 Ut
616 3993 669 4045 in
703 3993 931 4061 epistola
964 3995 988 4047 1
1024 3991 1206 4046 Siricii
1241 4008 1294 4044 ιι.
1333 3994 1400 4047 15
1420 4003 1472 4046 et
1510 3993 1594 4059 1-1,
1629 3991 1692 4046 et'
1726 3992 1778 4045 in
1815 3994 2115 4048 Innocentii

520 4061 746 4130 epistola
780 4065 847 4118 '57
872 4080 926 4118 n.
953 4065 1006 4131 6,
1032 4065 1118 4116 ubi
1145 4064 1277 4116 varii
1301 4073 1656 4117 recensentur
1678 4064 1900 4133 gradus,
1924 4065 2119 4132 quibus

520 4133 587 4187 ad
617 4134 915 4205 sacerdotii
947 4135 1548 4205 apiccmiasccndntur,
1597 4137 1668 4188 ita
1720 4144 1772 4188 et
1819 4135 1926 4205 hic,
1974 4135 2118 4189 nulla

521 4204 731 4258 ostiarii
785 4204 843 4259 ﬁt
887 4207 1114 4260 mentio.
1147 4204 1215 4258 Et
1255 4207 1300 4258 is
1347 4205 1564 4272 quidem
1597 4205 1755 4271 ordo,
1786 4216 1840 4258 ut
1880 4222 1942 4260 ex
1977 4206 2120 4260 libro

518 4291 610 4331 \lll
655 4276 888 4331 Constit.
923 4276 1174 4344 Apostol.
1207 4288 1256 4330 ο.
1309 4277 1396 4340 15,
1430 4291 1495 4330 ex
1537 4277 1773 4331 concilio
1815 4279 2122 4332 Laodiecuo

524 4363 649 4418 can.
672 4347 766 4415 ‘22,
792 4356 844 4401 et
869 4362 934 4402 ex
959 4355 1149 4418 octava
1173 4347 1381 4415 synodo
1403 4357 1510 4401 act.
1537 4351 1571 4404 8
1597 4363 1718 4415 cap.
1744 4349 1798 4411 5,
1824 4349 2119 4418 colligitur,

522 4417 731 4472 Graecis
780 4418 1090 4488 ineognitus
1123 4417 1243 4480 fuit,
1274 4419 1366 4472 sed
1399 4418 1519 4486 ejus
1568 4435 1798 4473 munere
1838 4417 1976 4488 apud
2027 4435 2122 4473 vos

522 4505 644 4544 cum
678 4488 895 4543 diaconi
931 4501 1039 4543 tum
1073 4489 1394 4544 subdiaconi
1422 4492 1804 4560 fungebantur.
1839 4492 1990 4560 Apud
2012 4491 2117 4544 La-

522 4564 666 4618 tinos
690 4570 870 4615 tamen
897 4569 1178 4630 receptum
1207 4561 1372 4617 fuisse
1397 4562 1555 4615 ﬁdem
1581 4562 1782 4616 faciunt
1816 4562 2112 4616 concilium

521 4634 955 4700 Cartltaginense
981 4649 1054 4696 IV,
1079 4649 1204 4687 ean.
1235 4635 1291 4701 9,
1325 4645 1377 4689 et
1420 4632 1754 4702 Augustinus
1802 4632 1935 4688 edit.
1983 4651 2108 4688 nov.

523 4707 706 4762 Serm.
733 4705 826 4771 46,
851 4723 906 4759 ιι.
935 4707 1028 4761 51.
1075 4705 1328 4775 Ejusdem
1363 4704 1442 4761 rei
1473 4706 1799 4775 locupletior
1831 4705 1981 4759 testis
2029 4716 2113 4759 est

522 4779 833 4843 Cornelius,
869 4777 958 4846 qui
983 4777 1142 4846 epist.
1178 4779 1233 4843 9,
1263 4794 1316 4831 n.
1348 4780 1395 4837 ὃ.
1427 4777 1672 4831 Romano
1703 4778 1753 4829 in
1788 4777 1937 4831 clero
1963 4793 2114 4831 exor-

521 4849 684 4902 cistas
713 4860 759 4902 et
793 4850 1006 4920 lectores
1037 4865 1151 4902 cum
1182 4851 1409 4903 ostiariis
1457 4849 1813 4920 quadraginta
1854 4848 1984 4902 duos
2029 4865 2112 4902 re-

523 4929 734 4974 censet.
779 4920 861 4974 An
912 4919 1033 4975 ideo
1075 4923 1390 4975 memoratis
1423 4923 1473 4975 in
1529 4919 1674 4975 locis
1707 4919 1944 4974 omissus
1991 4921 2108 4986 luit,

526 4991 652 5059 quia
684 5005 790 5061 non
822 4991 888 5043 ab
923 5008 1270 5060 unoquoque,
1304 5001 1357 5044 ιιι
1389 5007 1454 5046 eo
1495 4993 1836 5061 fungeretur,
1871 5007 2122 5044 necessa-

534 5063 614 5115 rio
642 5060 993 5133 exigebatur?
1023 5063 1276 5129 Siririus,
1302 5068 1462 5133 epist.
1493 5081 1506 5119 ι
1531 5060 1712 5127 of“,
1742 5063 1960 5117 ZOsiIttu
1991 5078 2120 5116 nos-

533 5142 616 5187 tro
647 5132 749 5201 ipsi
777 5133 910 5205 infra
943 5150 997 5188 ιι.
1023 5137 1056 5189 5
1080 5134 1432 5205 sull'ragante,
1459 5137 1720 5203 praecipit,
1752 5143 1807 5187 nt
1845 5135 1932 5202 qui
1963 5151 2122 5202 grati-

529 5205 715 5259 dtcvus
741 5204 1062 5275 baptizatur,
1091 5204 1267 5260 statim
1315 5208 1563 5261 lectorum
1614 5216 1702 5258 aut
1749 5207 2122 5258 exorcisturum

531 5292 746 5331 numero
773 5278 1018 5343 societur,
1048 5280 1200 5346 quasi
1225 5280 1554 5333 alti-rutrum
1587 5292 1618 5331 e
1645 5278 1858 5330 dunbus
1882 5277 1987 5330 illis
2005 5293 2126 5343 gra-

531 5348 690 5404 dibus
734 5351 1041 5417 suscepisse
1089 5351 1219 5402 satis
1263 5359 1427 5412 esset,
1457 5347 1655 5418 quoad
1705 5349 1954 5401 altiorem
2003 5349 2124 5416 quis

530 5430 966 5485 promoveretur.
993 5419 1257 5488 Quocirca
1305 5436 1481 5487 neque
1521 5420 1804 5474 exorcisttu
1854 5419 2118 5472 Innocen-

526 5493 633 5545 tius
655 5493 813 5559 epist.
832 5493 923 5559 57,
942 5509 996 5548 ιι.
1015 5494 1070 5561 6,
1093 5494 1355 5548 meminit.
1378 5491 1577 5546 Eadem
1604 5489 1815 5543 ratione
1831 5505 1950 5542 ettm
1979 5490 2114 5557 ipse,

530 5570 642 5634 tum
666 5564 789 5634 alii,
822 5566 1030 5618 ostiarii
1077 5565 1300 5634 gradum
1335 5564 1549 5619 silentio
1574 5569 1866 5634 potuerunt
1897 5569 2118 5627 praeter.

528 5633 628 5686 ire.
662 5633 832 5688 ltnmo
865 5638 1005 5690 idem
1039 5633 1408 5697 Innocentius,
1435 5634 1593 5699 ibid.,
1624 5633 2034 5695 subdiaconmn,
2065 5638 2122 5685 et

533 5705 822 5759 concilium
869 5706 1217 5770 Sardicense,
1242 5707 1480 5771 can.15,
1519 5707 1702 5775 plures
1736 5704 1871 5757 alios
1916 5702 2118 5775 gradus

535 5778 732 5828 tacent.
768 5776 918 5840 Quod
943 5788 1260 5843 argumento
1289 5790 1364 5833 est
1393 5779 1444 5831 in
1479 5773 1561 5830 bis
1593 5774 1726 5830 locis
1755 5773 2107 5844 querendum

2205 1914 2258 1951 ιι.
2294 1897 2375 1966 4).

2277 1990 2406 2044 CAP.
2444 1989 2532 2043 III.
2563 2019 2632 2029 —
2660 1990 2714 2046 5.
2750 1985 2777 2024 δ
2808 1988 2938 2044 Haec
2991 1996 3172 2045 autem
3207 1987 3369 2061 (Dist.
3397 1990 3485 2060 77,
3513 2007 3560 2044 ε.
3587 1989 3621 2043 2
3647 2005 3662 2055 ;
3692 1991 3801 2044 Ita-

2205 2079 2364 2133 banus
2388 2080 2452 2133 de
2477 2080 2640 2133 instit.
2673 2079 2845 2134 cleric.
2875 2079 2964 2134 lib.
2990 2096 3028 2146 ι,
3063 2097 3110 2134 c.
3145 2080 3234 2151 13)
3267 2081 3499 2150 singulis
3539 2079 3800 2150 gradibus

2203 2173 2540 2229 observanda
2571 2182 2700 2228 sunt
2747 2185 3016 2243 tempora.
3050 2175 3106 2230 Si
3137 2175 3205 2229 ab
3237 2174 3462 2230 infantia
3516 2175 3804 2229 ecclesias-

2205 2269 2324 2325 ticis
2343 2267 2660 2323 ministeriis
2685 2267 2696 2303 ί
2725 2283 2922 2322 nomen
2945 2266 3179 2333 dederit,
3201 2267 3344 2322 inter
3371 2269 3610 2322 lectores
3634 2281 3805 2336 usque

2203 2365 2268 2418 ad
2294 2363 2611 2418 vicesimum
2639 2361 2816 2417 aetatis
2838 2377 3040 2416 annum
3072 2361 3391 2416 continuata
3417 2359 3803 2415 observatione

2203 2457 2482 2529 perduret.
2513 2457 2578 2513 'Si
2629 2457 2803 2526 major
2845 2456 2957 2526 jam
2998 2465 3052 2511 et
3098 2455 3423 2525 grandmvus
3473 2455 3802 2520 accesserit,

2207 2551 2220 2599 i
2253 2549 2324 2605 ita
2359 2559 2561 2618 tamen,
2596 2558 2653 2604 ut
2707 2558 2829 2619 post
2863 2548 3195 2618 baptismum
3253 2548 3464 2614 statim,
3498 2548 3546 2602 si
3594 2546 3797 2602 divinte

2205 2727 2308 2768 non
2344 2727 2467 2767 esse
2516 2711 2767 2766 ordinum
2809 2713 3053 2767 omnium
3098 2721 3414 2767 accuratum
3466 2713 3804 2782 catalogom.

2201 2784 2403 2840 Notatu
2437 2784 2657 2853 dignum
2702 2792 2805 2844 est,
2835 2785 2977 2854 quod
3013 2785 3062 2838 in
3107 2785 3331 2852 antiquo
3359 2784 3668 2854 constituto
3697 2783 3805 2837 Sil-

2203 2857 2366 2909 vestri
2397 2870 2550 2922 papze
2575 2857 2794 2908 nomine
2820 2853 3058 2924 vulgato,
3092 2865 3146 2908 et
3171 2869 3197 2907 a
3225 2854 3384 2907 nobis
3406 2853 3460 2908 in
3489 2856 3806 2924 Appendice

2203 2937 2333 2980 tom.
2372 2927 2410 2980 ll
2443 2925 2656 2980 edendo
2689 2928 2904 2995 legitur.
2937 2927 3198 2992 Quamvis
3230 2926 3374 2980 enim
3407 2941 3457 2979 c.
3492 2927 3549 2979 11
3579 2968 3592 2990 ,
3625 2941 3679 2979 ιι.
3717 2926 3802 2991 lli,

2203 3000 2289 3050 ubi
2320 2998 2687 3067 prillSCl'lillllll'
2713 3009 2916 3066 qtttmlo
2943 2998 3177 3066 quisque
3211 3009 3461 3064 tempore
3489 2997 3539 3049 in
3574 2998 3807 3060 singulis

2211 3069 2468 3139 gradibus
2497 3068 2811 3122 ministrare
2839 3069 3058 3133 debeat,
3097 3079 3152 3120 ut
3183 3068 3248 3122 ad
3277 3069 3655 3139 episcopatum
3686 3083 3812 3136 per-

2214 3138 2402 3194 venire
2427 3140 2620 3208 possit,
2651 3142 3103 3207 prtetermitlatur
3133 3139 3344 3193 ostiarii
3376 3138 3596 3206 gradus,
3625 3139 3678 3191 in
3715 3154 3808 3192 eo-

2210 3211 2337 3264 dem
2370 3219 2551 3264 tamen
2586 3209 2899 3264 Constituto
2924 3225 3046 3278 cap.
3076 3213 3132 3274 5,
3164 3228 3214 3261 ιι.
3242 3209 3296 3275 6,
3321 3210 3389 3263 de
3435 3209 3699 3263 SilveSIro
3727 3211 3811 3263 di-

2211 3282 2354 3336 citur
2388 3299 2400 3334 :
2438 3279 2626 3335 Postea
2657 3289 2829 3334 autem
2859 3282 2977 3351 fecit
3005 3282 3196 3349 gradus
3220 3281 3270 3334 in
3294 3282 3488 3350 gremio
3520 3282 3732 3349 synodi,
3759 3291 3811 3332 ιιι

2212 3369 2311 3406 non
2335 3351 2598 3422 presbyter
2625 3352 2870 3406 adversus
2892 3353 3212 3420 episcopum,
3239 3369 3339 3403 non
3356 3353 3603 3404 diaconus
3633 3353 3815 3406 adrer-

2214 3441 2302 3477 sus
2324 3423 2674 3493 presbyterum
2699 3467 2712 3490 ,
2741 3440 2841 3475 non
2863 3422 3210 3476 subdiaconus
3241 3423 3485 3476 adversus
3516 3423 3810 3483 diaconum,

2215 3511 2320 3548 non
2373 3495 2641 3566 acolythus
2675 3494 2923 3566 adversus
2971 3495 3372 3566 subdiacouum,
3400 3509 3500 3547 non
3551 3497 3811 3547 exorcistu

2214 3567 2461 3620 adversus
2497 3564 2833 3636 acolythum,
2866 3582 2968 3618 non
3010 3567 3171 3619 lector
3199 3565 3447 3619 adversus
3480 3566 3810 3629 exop-cistam,

2216 3654 2318 3690 non
2351 3639 2594 3689 ostiarius
2622 3638 2865 3690 adversus
2896 3637 3137 3690 lectorem
3168 3637 3250 3690 det
3281 3638 3678 3690 accusationem.

2294 3717 2316 3744 ε
2353 3708 2504 3774 Apud
2529 3707 2732 3775 Quesn.
2762 3717 2820 3760 ut
2852 3708 2903 3761 in
2936 3724 3037 3760 ms.
3069 3708 3235 3762 Corb.
3265 3708 3538 3759 omittitur
3568 3708 3727 3759 enim.

2297 3777 2313 3815 ί
2351 3779 2682 3832 Vocabulum
2715 3779 2928 3846 impune
2956 3780 3261 3848 suppressit
3278 3777 3482 3844 Qllt'Sﬂ.
3510 3780 3600 3841 qui
3622 3777 3818 3832 exinde

2218 3864 2338 3902 cum
2369 3850 2531 3904 editis
2560 3851 2700 3918 aliis,
2734 3865 2946 3903 necnon
2979 3847 3132 3903 Dion.
3168 3861 3219 3904 et
3259 3850 3394 3919 Isid.
3419 3847 3632 3914 praefert
3665 3865 3814 3919 posse

2221 3927 2429 3982 tentari,
2462 3921 2587 3975 licet
2639 3923 2688 3973 in
2735 3921 3014 3974 veteribus
3058 3920 3323 3987 eXt‘mplis
3366 3918 3608 3982 Codicis,
3655 3918 3817 3988 quem

2224 3992 2493 4059 vulgavit,
2526 3993 2760 4060 aliisque
2791 3993 3089 4058 potioribus
3114 4007 3244 4044 mss.
3276 3991 3422 4044 absit
3455 4006 3626 4057 posse.

2296 4072 2319 4132 β
2354 4064 2407 4115 lu
2439 4063 2608 4131 Regio
2634 4063 2827 4117 codice
2859 4062 2944 4115 hic
2975 4063 3229 4132 adjicitur
3257 4061 3522 4128 particula
3549 4070 3684 4128 post.

2297 4130 2320 4168 ἰ
2354 4134 2508 4200 Quod
2533 4130 2599 4187 ab
2628 4135 2751 4187 hinc
2774 4133 2838 4186 ad
2866 4132 3024 4186 ﬁnem
3045 4130 3234 4202 'usque
3265 4133 3518 4201 epistola:
3547 4134 3706 4199 hujus
3736 4148 3822 4184 se-

2224 4205 2431 4270 quitur,
2463 4205 2603 4272 apud
2653 4215 2897 4258 nostrum
2935 4203 3280 4259 Edmundum
3316 4204 3561 4257 Marteue
3605 4213 3736 4256 tum.
3774 4202 3818 4254 Il

2225 4276 2292 4330 de
2318 4277 2570 4346 Antiquis
2600 4277 2744 4331 Eccl.
2779 4276 2994 4342 ritibus,
3024 4285 3135 4328 tum
3184 4289 3308 4343 pag.
3336 4275 3468 4346 5507,
3499 4290 3563 4327 ex
3598 4273 3822 4344 Egberti

2228 4345 2589 4402 Eboracensis
2637 4347 3035 4417 archiepiscopi
3086 4345 3383 4415 pontificali
3440 4345 3606 4412 libro,
3659 4361 3823 4417 quem

2230 4418 2320 4471 ille
2346 4426 2470 4472 ante
2499 4433 2677 4473 annos
2703 4419 2808 4473 900
2831 4415 3127 4471 exaratum
3173 4427 3345 4486 putat,
3381 4425 3494 4470 tum
3537 4431 3659 4484 pag.
3691 4415 3820 4480 580,

2147 4508 2201 4568 D
2227 4503 2294 4568 ex
2336 4489 2813 4568 Gaturceusiitem
2845 4488 3172 4568 pontiﬁcali,
3197 4503 3319 4568 cum
3357 4502 3462 4568 n_ou
3488 4488 3694 4568 paucis
3730 4503 3827 4538 va-

2228 4560 2510 4615 rietatibus
2552 4557 2856 4614 exhibetur
2891 4561 2991 4612 sub
3035 4561 3139 4613 hoc
3171 4558 3351 4622 titulo,
3377 4557 3578 4616 Incipit
3632 4557 3826 4612 Sermo

2219 4629 2512 4703 Innocentii
2537 4649 2683 4703 papa:
2710 4633 2773 4684 de
2793 4640 2979 4701 septem
3009 4631 3260 4703 gradibus
3286 4628 3530 4703 Ecclesia:
3561 4629 3816 4703 ordinan-

2220 4702 2344 4757 dis:
2373 4706 2466 4758 sed
2516 4701 2644 4773 quid
2691 4713 2816 4756 sunt
2857 4703 2962 4754 duo
3009 4702 3089 4754 illi
3140 4701 3290 4773 libri_,
3320 4702 3465 4773 ntde
3493 4702 3828 4773 auctoritate

2219 4775 2484 4844 derogare
2511 4771 2728 4828 valeant
2759 4782 3110 4836 eceterorum,
3135 4772 3232 4844 qui
3255 4771 3475 4824 Zositno
3517 4783 3686 4826 letam
3710 4772 3829 4840 epi—

2218 4843 2412 4901 stolam
2443 4863 2658 4900 sumtno
2689 4858 2956 4898 consensa
2985 4843 3300 4898 aScribnnt?

2303 4917 2316 4954 ί
2354 4919 2604 4973 Pra'dicti
2637 4915 2978 4983 pontiﬁcales
3003 4915 3125 4968 libri
3155 4915 3322 4967 Elter.
3352 4923 3406 4967 et
3431 4912 3683 4972 Cature..
3709 4930 3830 4965 nos-

2224 5001 2305 5044 tra
2326 4990 2567 5044 didicerit
2592 4989 2851 5058 exempla.
2881 4993 2925 5036 et
2964 4986 3096 5038 inter
3119 4986 3404 5058 lectores...
3440 4985 3826 5055 per-duraverit.

2230 5062 2433 5117 Exinde
2456 5064 2498 5114 si
2522 5062 2710 5126 majori
2732 5054 2874 5112 tutati
2892 5056 3187 5109 accesserit.
3217 5057 3273 5110 ιιι
3306 5054 3389 5109 his
3412 5059 3825 5124 corruptionem

2227 5148 2350 5188 esse
2381 5132 2540 5188 facile
2571 5130 2966 5195 deprehendet,
2992 5129 3081 5196 qui
3117 5126 3258 5180 hunc
3291 5127 3470 5196 locum
3501 5141 3623 5181 cum
3651 5127 3827 5180 altero

2228 5207 2520 5260 contulerit
2552 5205 2710 5272 ej'iist.
2738 5203 2762 5255 1
2795 5195 3059 5272 Striciiu.
3097 5198 3164 5252 15
3191 5209 3246 5251 et
3282 5195 3372 5272 14,
3407 5213 3474 5252 ex
3502 5207 3728 5272 quo,_ut
3751 5199 3831 5251 in‘

2230 5277 2404 5329 l'aules
2431 5267 2678 5330 ecclesiae
2708 5270 3026 5326 ministeriis
3053 5269 3360 5323 censecrati
3392 5274 3459 5322 ab
3502 5267 3617 5336 ipsa
3645 5269 3829 5322 ittl'att-

2232 5349 2299 5400 tia
2357 5347 2618 5402 lectorum
2675 5359 2899 5397 munere
2940 5340 3332 5400 initiarentur,
3397 5357 3497 5393 usu
3545 5353 3826 5409 receptum

2228 5420 2395 5472 fuisse
2427 5425 2661 5472 constat.

2302 5495 2314 5540 l
2356 5491 2504 5544 Merl.
2543 5498 2598 5543 et
2627 5489 2857 5553 Qttesn.,
2881 5484 2971 5556 qui
2993 5493 3158 5556 tamen
3182 5491 3296 5552 post
3322 5480 3630 5556 baptismum
3651 5483 3827 5535 statim

2227 5563 2482 5634 (Quesn._
2498 5564 2574 5634 se)
2603 5552 2791 5634 diuinaf
2819 5552 3020 5634 militia:
3039 5554 3321 5634 desiderat:
3353 5552 3497 5634 Editi
3528 5558 3736 5618 ea'teri,
3765 5557 3836 5634 ita

2227 5623 2394 5686 tamen
2423 5623 2608 5699 (Crab.
2641 5631 2801 5700 quod,
2830 5629 2923 5700 alii
2974 5630 3050 5694 ut)
3090 5634 3221 5700 past
3294 5623 3611 5700 baptismum
3659 5627 3835 5679 statim

2225 5719 2280 5756 se
2322 5696 2511 5756 divina:
2550 5696 2751 5754 militia!
2777 5697 3050 5752 desideret.
3089 5696 3142 5748 ln
3176 5697 3432 5749 omnibus
3479 5705 3660 5750 autem
3694 5711 3830 5750 mss.

2225 5781 2423 5837 exstat,
2455 5775 2523 5826 ita
2571 5782 2736 5825 tamen
2778 5779 2855 5835 ut,
2883 5785 2944 5823 ac
2985 5765 3216 5822 subinde
3259 5766 3543 5820 desiderat.
3580 5765 3731 5821 Unde
3767 5779 3824 5822 ut
