4190 6190
359 215 468 274 675

1573 221 1936 282 EPISTOUE
1982 221 2069 280 ET
2111 220 2454 277 DECRETA.

3559 225 3664 283 674

359 334 567 387 militize
599 334 874 389 desiderat
911 335 1235 405 mancipari,
1269 337 1388 392 sive
1412 338 1558 394 inter
1591 339 1853 406 lectores,
1882 341 1957 393 si-
1986 356 2036 414 Α
2063 352 2252 407 pressu
2277 349 2620 401 occurreres,
2648 335 2894 390 renitens
2919 336 3099 407 rigore
3125 352 3484 410 censuraque,
3505 355 3666 409 quam

360 441 427 480 ve
462 426 610 480 inter
655 429 959 483 exorcistas
1009 431 1382 500 quinquennio
1434 441 1734 489 teneatur:
1766 433 1962 489 exinde

362 517 644 588 acolythus
675 519 758 573 vel
802 521 1170 576 subdiaconus
1195 534 1423 591 quatuor
1461 525 1655 590 annis;
1689 533 1745 580 et
1775 525 1854 580 sic
1894 523 1962 578 ad

361 609 803 666 benedictionem
835 611 1178 681 diaconatus,
1221 616 1265 670 si
1323 625 1589 682 meretur,
1616 616 1876 682 accedat;
1910 618 1964 671 in

362 717 469 773 quo
502 703 697 759 ordine
737 705 983 776 quinque
1019 708 1199 772 annis,
1229 717 1253 745 α
1285 708 1331 762 si
1363 709 1638 778 inculpate
1669 723 1728 762 se
1776 722 1966 778 gesse-

363 797 455 864 rit,
511 799 722 854 baerere
752 799 1000 856 debebit.
1035 801 1242 857 Exinde
1297 801 1722 872 suifragantibus
1755 802 1968 870 stipen‘

365 889 487 956 diis,
521 908 620 961 per
648 900 728 947 tot
755 893 955 963 gradus
985 893 1126 948 datis
1170 895 1409 964 propria:
1445 893 1570 948 ﬁdei
1597 893 1967 959 documentis,

364 985 692 1057 presbyterii
741 987 1108 1043 sacerdotium
1150 990 1351 1059 poterit
1382 989 1705 1057 promereri.
1740 989 1816 1043 De
1863 1004 1969 1060 quo

367 1078 504 1144 loco,
534 1080 581 1134 si
609 1095 677 1135 eo
705 1081 859 1135 illum
887 1079 914 1118 δ
937 1082 1184 1136 exactior
1207 1081 1272 1136 ad
1301 1082 1473 1136 bonos
1502 1097 1682 1137 mores
1715 1083 1821 1136 vita
1845 1097 1967 1151 pro-

367 1171 604 1241 duxerit,
631 1188 901 1228 summum
935 1174 1312 1243 pontiﬁcatum
1336 1188 1562 1242 sperare
1585 1173 1826 1229 debebit.
1858 1173 1971 1229 Hac

370 1275 546 1322 tamen
613 1267 734 1339 lege
794 1278 1048 1331 servata,
1082 1277 1140 1322 ut
1189 1281 1366 1336 neque
1413 1266 1682 1336 digamus,
1720 1276 1741 1303 ο
1795 1280 1970 1336 neque

371 1363 666 1432 ptenitcns,
699 1361 768 1417 ad
814 1362 912 1416 hos
962 1361 1164 1432 gradus
1214 1361 1390 1430 possit
1435 1360 1670 1414 admitti.
1707 1360 1870 1425 Sane,
1912 1367 1973 1414 ut

371 1459 533 1514 etiam
567 1459 884 1514 defensores
917 1458 1188 1524 ecclesicc,
1214 1456 1305 1527 qui
1335 1472 1401 1512 ex
1435 1455 1590 1511 laicis
1622 1456 1775 1520 fiunt,
1807 1469 1969 1527 supra

371 1551 514 1606 dicta
569 1552 955 1607 observatione
986 1561 1299 1617 teneantur,
1333 1549 1379 1604 si
1413 1549 1712 1603 meruerint
1745 1563 1868 1603 esse
1913 1548 1966 1602 in

369 1643 562 1699 ordine
590 1645 902 1699 clericatus.
954 1645 1085 1698 Data
1117 1640 1142 1679 ἀ
1173 1659 1226 1696 tx
1255 1641 1516 1696 kalendas
1547 1641 1767 1696 Martias
1795 1640 1970 1709 (Anno

2070 445 2167 498 pro
2236 430 2544 500 regularum
2595 430 3014 485 conﬁrmatione
3059 446 3414 502 susceperas,
3464 433 3668 502 quippe

2067 538 2188 577 cum
2221 532 2277 578 et
2304 523 2398 578 tibi
2443 533 2690 579 nostrum
2726 523 3041 596 delegatum
3085 540 3276 582 nosses
3321 524 3582 594 ofﬁcium,
3618 531 3675 582 et

2068 615 2219 670 illum
2250 617 2422 672 scires
2449 633 2573 674 esse
2603 617 2916 674 damnatum
2949 636 2962 671 :
2994 618 3165 674 miror
3208 618 3338 690 quid
3389 627 3510 688 post
3560 618 3668 673 ista

2069 708 2302 764 Proculo
2330 709 2514 778 liceat,
2546 719 2642 766 aut
2671 719 2828 766 vacet
2864 711 2978 779 illa,
3009 727 3132 782 quae
3160 721 3548 779 consueverat,
3574 719 3669 766 aut

2071 801 2254 873 pejora
2288 803 2659 858 committere.
2691 813 2716 851 Β
2743 803 2854 860 Cur
2883 821 2988 859 non
3033 813 3187 875 putat
3209 804 3355 861 unde
3379 805 3537 860 istam
3570 804 3672 859 ba-

2071 897 2201 952 beas
2225 907 2550 967 potestatem
2579 906 2748 967 tuam,
2785 898 2952 954 frater
2977 898 3327 966 charissima,
3355 908 3412 953 ιιι
3441 914 3676 954 censue<

2071 988 2268 1054 rimus,
2296 1004 2732 1060 censeamusque
2763 1032 2778 1056 ,
2811 991 3139 1060 quicumque
3185 1005 3252 1046 ex
3301 989 3412 1045 illis
3444 990 3510 1044 ad
3543 1005 3673 1045 nos-

2075 1089 2184 1136 tras
2208 1081 2465 1153 regiones
2480 1084 2726 1148 veniunt,
2744 1083 2863 1138 sine
2890 1093 2979 1137 tua
3001 1099 3107 1138 non
3134 1083 3524 1154 suscipiendos
3545 1098 3668 1140 esse

2073 1174 2326 1242 formata,
2357 1191 2461 1231 nec
2490 1175 2832 1246 probandum
2862 1191 3023 1247 queui
3049 1192 3157 1232 non
3189 1177 3242 1230 in
3273 1176 3551 1246 provincia
3577 1192 3678 1247 po-

2073 1271 2211 1324 situs
2242 1270 2358 1338 ipse
2387 1270 2741 1339 probaveris?
2768 1269 2899 1326 Post
2926 1270 3084 1325 iStam
3111 1285 3234 1326 esse
3265 1270 3670 1342 delegationem

2074 1363 2139 1417 ad
2170 1377 2269 1416 nos
2294 1379 2480 1417 rumor
2505 1363 2746 1430 advenit,
2779 1363 3069 1418 Proculum
3102 1365 3257 1434 quasi
3288 1365 3568 1420 consuetis
3593 1365 3677 1419 lu-

2074 1455 2205 1511 dere
2247 1465 2302 1510 et
2350 1457 2424 1510 uti
2480 1455 2727 1511 moribus
2777 1457 2916 1522 suis,
2958 1456 3212 1527 junxisse
3258 1458 3362 1514 sibi
3409 1457 3674 1528 quosdam

2076 1549 2308 1606 idoneos
2335 1551 2741 1606 turbationibus
2774 1550 3052 1620 homines,
3077 1561 3130 1606 et
3160 1559 3288 1624 post
3319 1553 3408 1606 illa
3453 1568 3573 1623 quae
3599 1552 3676 1608 illi

2077 1643 2460 1698 interdiximus
2484 1643 2791 1699 ordinasse.
2826 1643 2936 1698 Sed
2966 1644 3145 1699 sciant
3167 1644 3363 1715 quibus
3395 1646 3533 1701 hanc
3559 1644 3674 1715 epi-

369 1735 496 1804 418,
529 1734 785 1792 Februar.
809 1737 902 1808 2i)
938 1737 1045 1791 DD.
1081 1735 1194 1791 NN.
1231 1735 1474 1790 llonorio
1516 1752 1592 1790 xu
1636 1744 1692 1791 et
1715 1735 1969 1792 Theodo—
2003 1748 2045 1808 Β
2074 1737 2267 1790 stolam
2317 1736 2568 1791 volumus
2612 1737 2662 1790 in
2713 1737 2964 1792 notitiam
3015 1737 3329 1808 pervenire,
3359 1737 3562 1808 suscipi
3612 1751 3672 1792 se

374 1829 455 1884 sio
486 1845 576 1883 vut
610 1831 854 1901 angustis
886 1829 1241 1885 consulibus.

931 1923 1268 1980 EPISTULA
1300 1925 1347 1979 Χ
1381 1936 1429 1978 ο.

482 2017 734 2071 Adversus
757 2016 973 2072 Proculi
997 2035 1154 2073 ausus
1178 2028 1225 2074 ct
1248 2021 1460 2075 illicitas
1487 2021 1860 2076 ordinationes.

583 2107 810 2165 Zosuws
840 2109 1125 2165 Parnocm
1151 2111 1406 2183 episcopo
1438 2113 1770 2169 Arelatensi.

443 2201 578 2257 Cum
605 2211 657 2257 et
696 2203 748 2256 in
778 2199 1031 2274 prmseuti
1073 2207 1420 2276 cognoveris,
1450 2216 1505 2261 et
1533 2205 1916 2277 frequentibus
1941 2221 1969 2258 a

373 2293 531 2347 nobis
551 2293 741 2348 litteris
759 2295 874 2364 ipse
890 2296 965 2351 sis
983 2299 1240 2364 monitus,
1267 2309 1324 2353 ut
1345 2301 1675 2356 auctoritate
1692 2309 1969 2370 metropo-

370 2382 548 2450 litani,
575 2402 734 2456 quam
768 2388 862 2442 tibi
889 2391 1211 2460 apostolica:
1243 2392 1392 2446 sedis
1417 2393 1863 2463 pronuntiatione
1881 2391 1969 2446 lir-

370 2480 664 2548 mavimuc,
695 2481 912 2538 Proculi
940 2484 1168 2540 ausibus
1197 2487 1592 2557 conatibusque
1622 2487 1751 2553 illis,
1775 2486 1970 2557 quibus

370 2572 547 2628 adhuc
571 2592 628 2628 se
654 2585 804 2645 putat
834 2577 1012 2646 aliqua
1042 2594 1206 2649 posse
1242 2581 1485 2649 turbare,
1517 2582 1680 2651 hujus
1712 2581 1789 2636 rei
1823 2579 1842 2616 ί
1869 2594 1966 2650 op-

375 2697 431 2762 et
473 2690 800 2762 exepistola
836 2691 861 2744 l
909 2691 1088 2746 Siricii
1122 2709 1177 2746 ιι.
1205 2695 1237 2746 4
1267 2691 1353 2746 hic
1379 2708 1499 2746 cum
1531 2701 1849 2762 pervetusto
1876 2705 1970 2745 co-

376 2758 493 2833 dice
522 2758 837 2833 Coi-beiensi
869 2772 923 2817 et
969 2763 1380 2833 Langobardico
1403 2758 1724 2818 Colh'ertino
1754 2764 1796 2818 si
1833 2763 1970 2815 mili-

378 2831 463 2886 tia:
509 2832 931 2899 pracferendum,
968 2850 1068 2888 nec
1093 2831 1150 2888 se
1199 2835 1400 2889 militia:
1449 2835 1802 2890 retinendum
1843 2849 1970 2888 esse

2080 1831 2391 1884 nullatenus
2441 1844 2623 1898 posse,
2661 1826 2687 1864 ¹ι
2717 1829 2807 1899 qtti
2837 1840 2929 1883 aut
2958 1838 3151 1885 contra
3185 1829 3682 1900 regulasrepcnte,

2078 1931 2171 1974 aut
2201 1932 2489 1991 postquam
2525 1920 2600 1975 illi
2647 1920 3056 1988 interdixitnus,
3081 1928 3208 1975 sunt
3243 1922 3506 1976 ordinati.
3537 1921 3679 1976 Data

2085 2014 2096 2050 ί
2137 2031 2195 2070 tu
2248 2030 2422 2070 nonas
2470 2014 2691 2069 Martias
2732 2015 2896 2087 (Ann.
2930 2015 3067 2080 418,
3099 2015 3282 2070 Martii
3320 2014 3402 2086 5),
3435 2015 3680 2072 Honorio

2073 2122 2147 2161 xu
2182 2117 2236 2161 et
2263 2106 2577 2162 Theodosio
2608 2123 2700 2161 vut
2731 2109 2977 2176 angustis
3010 2108 3349 2164 consulibus.

2621 2196 2955 2253 EPISTOLA
2990 2197 3061 2252 Xl
3093 2198 3139 2253 i.

2081 2287 2326 2344 Patroclo
2363 2289 2690 2344 commissum
2719 2306 2844 2353 esse,
2874 2298 2929 2342 ut
2961 2288 3182 2344 Proculi
3210 2291 3326 2345 loco
3357 2291 3520 2346 alium
3567 2292 3681 2362 cpi.

2629 2400 2842 2455 sc0pum
2869 2384 3148 2456 accipiunt.

2078 2481 2310 2535 Zosmus
2342 2481 2356 2510 ¹
2379 2480 2552 2544 clero,
2580 2479 2785 2547 ordini,
2812 2489 2868 2535 et
2900 2480 3041 2550 plebi
3067 2480 3389 2536 consistenti
3413 2457 3688 2536 Massilia".

2151 2574 2268 2629 Non
2297 2574 2466 2628 miror
2499 2573 2786 2628 Proculum
2819 2574 2872 2627 in
2897 2583 3156 2629 consueta
3177 2573 3354 2630 adhuc
3381 2575 3565 2629 fronte
3590 2573 3689 2629 du-

2077 2688 2243 2740 luisse
2291 2700 2476 2755 opera:
2519 2685 2756 2754 pretium
2813 2685 2976 2752 duxi,
3015 2702 3124 2756 quo
3166 2685 3418 2741 advertat
3454 2687 3686 2757 quisquc

2075 2759 2164 2826 qui
2198 2767 2511 2811 sanctarum
2543 2759 2748 2826 scripta
2781 2757 3099 2825 depravari.
3126 2757 3316 2827 sicque
3361 2758 3559 2812 foedata
3599 2758 3686 2811 ni-

2075 2828 2188 2884 hilo
2235 2829 2416 2881 miuns
2463 2843 2587 2881 cum
2632 2829 2962 2882 auctoritate
3020 2828 3204 2899 aliqua
3252 2829 3356 2900 legi
3406 2828 3684 2884 interdum

379 2901 570 2972 liquet.
607 2906 682 2958 Eo
728 2915 884 2974 pacto
920 2905 1166 2960 Zosimus
1214 2923 1315 2960 una
1363 2922 1486 2959 cum
1541 2907 1740 2962 Sit-icio
1788 2907 1868 2962 eis
1902 2907 1968 2960 ad
1998 2899 2041 2960 C
2076 2900 2381 2974 conliltgrat.

379 2974 586 3028 clerum
617 2974 830 3031 videtur
859 2979 1062 3030 aditum
1093 2993 1313 3044 negare,
1337 2977 1427 3047 qui
1460 2994 1565 3030 non
1587 2981 1768 3032 statim
1793 2995 1821 3032 ιι
1843 2979 1969 3047 bap-

381 3047 540 3098 tismo
568 3062 689 3100 Sese
718 3047 976 3103 Ecclesiae
1010 3049 1236 3103 servitio
1272 3049 1656 3117 manciparint.
1690 3049 1971 3104 Veri-ban-

379 3124 466 3190 t_ur
492 3117 771 3185 nimirum,
794 3135 861 3172 ne
887 3120 965 3173 illi
988 3129 1177 3174 contra
1208 3119 1556 3184 munditiem,
1587 3137 1707 3190 qum
1738 3120 1973 3174 clericos

377 3187 556 3254 decet,
584 3190 634 3242 in
662 3192 892 3260 negotiis
913 3192 1095 3245 StL‘CUIi
1125 3191 1416 3260 quidquam
1438 3187 1975 3258 admisissent.Quo-

379 3260 528 3332 circa
552 3261 815 3315 laudanda
857 3262 1120 3316 modestia
1153 3278 1364 3322 eorum,
1397 3263 1486 3332 qui
1517 3265 1699 3332 gravis
1743 3264 1974 3332 alicujus

380 3331 626 3386 criminis
670 3332 962 3402 aliquando
994 3349 1021 3386 a
1075 3348 1134 3388 se
1178 3331 1452 3387 commissi
1500 3331 1743 3398 conscii,
1777 3348 1808 3386 a
1867 3331 1974 3388 tam

383 3414 576 3476 sancto
621 3411 761 3457 statu
802 3404 902 3475 ipsi
947 3419 1004 3458 se
1040 3405 1372 3468 subducunt,
1407 3419 1582 3474 eoque
1613 3421 1671 3460 se
1721 3405 1977 3476 indignos

385 3473 740 3528 arbitrantur.

460 3551 486 3618 εξ
517 3542 570 3595 In
594 3559 707 3618 ius.
738 3543 926 3615 Corb.,
960 3545 1058 3600 ista
1089 3564 1142 3600 se
1174 3547 1406 3618 gesserit.
1440 3547 1495 3600 ln
1528 3547 1744 3602 duobus
1791 3547 1974 3610 Colb.,

385 3614 432 3689 si
462 3614 722 3689 inculpata
755 3618 988 3689 gesserit,
1020 3619 1140 3672 sine
1169 3614 1244 3671 se.
1288 3618 1343 3671 In
1379 3618 1611 3673 Eborac.
1645 3628 1698 3673 ct
1727 3619 1975 3683 Catnrc.,

383 3685 833 3758 siinculpabiliier
856 3690 1058 3744 vixerit.
1085 3689 1224 3742 Tum
1256 3691 1401 3755 apud
1426 3689 1632 3756 Quesn.
1667 3699 1724 3742 ut
1749 3691 1799 3742 in
1829 3690 1979 3744 codi-

383 3756 542 3828 cibus
564 3756 697 3828 eoll.
739 3759 931 3826 lladr.,
960 3759 1251 3828 adhwrere,
1285 3762 1374 3814 ubi
1419 3763 1624 3815 rectius
1658 3761 1710 3815 in
1757 3761 1880 3814 aliis
1914 3761 1980 3813 li-

384 3827 518 3896 bris,
552 3827 767 3884 Iucrere.

458 3897 486 3935 ι’
521 3901 676 3968 Apud
700 3903 1236 3974 Rabanum,auctior
1262 3919 1279 3957 :
1301 3913 1464 3974 atque
1497 3903 1569 3956 ita
1601 3903 1740 3957 forte
1764 3903 1814 3957 in
1849 3919 1980 3958 mss.

390 3969 554 4045 Ebor.
596 3973 900 4045 etﬂCaturc.
947 3974 1258 4041 legendum,
1295 3969 1403 4029 non
1445 3981 1506 4028 ut
1556 3975 1834 4045 vulgatum
1875 3985 1983 4038 est,

388 4042 608 4095 acutior.
640 4044 748 4100 Sed
775 4061 896 4099 cum
930 4046 1052 4098 aliis
1087 4046 1240 4099 libris
1268 4045 1616 4101 retinendum
1648 4042 1896 4100 exactior.

464 4123 486 4149 ο
523 4113 678 4169 Meri.
707 4125 765 4171 et
788 4116 993 4184 Quesn.
1020 4133 1143 4171 cum
1168 4117 1319 4180 lsid.,
1352 4133 1514 4187 neque
1546 4117 1712 4172 viduw
1750 4118 1984 4182 maritus,

396 4199 554 4252 neque
572 4189 841 4253 pcenitcns.
878 4188 1159 4243 Editiones
1185 4189 1306 4243 alia:
1339 4201 1460 4257 post
1488 4188 1646 4242 Rotn.
1681 4188 1874 4242 ordine
1905 4189 1984 4242 inv

393 4271 574 4320 verso,
606 4275 767 4330 neque
799 4261 1068 4325 pwnitens,
1098 4277 1264 4330 neque
1296 4260 1467 4313 ridute
1512 4261 1749 4313 maritus.
1790 4259 1986 4326 Verba,

394 4341 554 4396 neque
585 4329 752 4384 vidua:
794 4332 1033 4396 maritus,
1061 4329 1258 4385 absunt
1300 4348 1328 4384 τι
1363 4332 1523 4384 Crab.
1553 4341 1607 4384 et
1649 4331 1989 4385 collectioni-

393 4395 708 4473 bnslﬁon"
749 4401 940 4473 lladr.,
972 4395 1232 4473 llispana,
1266 4401 1509 4473 Languit.
1545 4417 1760 4473 necnon
1791 4417 1821 4454 a
1855 4417 1986 4456 mss.

393 4466 584 4537 Regio,
617 4472 806 4538 Corb.,
840 4466 1085 4536 Fossat,
1104 4473 1278 4528 tribus
1304 4466 1488 4537 Coib.,
1521 4481 1630 4528 etc.
1662 4472 1731 4527 At
1765 4473 1819 4527 in
1854 4489 1989 4526 mss.

394 4538 561 4615 _Ebor.
594 4552 648 4615 et
674 4543 896 4598 Caturc.
924 4545 1066 4615 quod
1099 4553 1354 4615 superest
1394 4561 1458 4598 ex
1502 4544 1604 4615 hac
1635 4544 1892 4612 epistola.
1920 4545 1991 4597 ita

395 4612 788 4681 interpolatum
823 4629 885 4670 ac
917 4612 1183 4670 mutatum
1213 4614 1435 4669 effertur
1466 4634 1479 4669 :
1514 4614 1700 4686 Neque
1731 4617 1990 4685 bigamus,

397 4698 559 4758 neque
587 4697 866 4758 revertens,
895 4704 1055 4756 neque
1075 4687 1325 4758 paenitens
1357 4703 1388 4738 a
1412 4687 1653 4740 maximis
1692 4687 1994 4740 criminibus

396 4753 466 4829 ad
508 4754 598 4829 ltos
623 4757 815 4828 gradus
842 4753 1005 4829 possit
1027 4753 1255 4811 admitti.
1289 4757 1535 4829 Alioquin
1577 4758 1870 4826 defensores
1915 4775 1998 4811 cce

399 4823 596 4898 clcsitv,
624 4823 713 4898 'qui
741 4845 802 4881 ea:
829 4823 974 4881 laicis
1022 4831 1151 4898 ﬁunt
1184 4829 1334 4881 unius
1382 4823 1559 4881 uetaris
1601 4823 1719 4896 viri,
1755 4830 1798 4882 si
1829 4830 1883 4881 in
1907 4845 1998 4881 su-

399 4896 640 4962 pradicta
667 4896 1030 4954 observatione
1055 4906 1348 4962 teneantur,
1379 4910 1424 4951 et
1456 4901 1501 4952 si
1535 4899 1638 4952 vita
1681 4908 1729 4951 et
1771 4899 1999 4954 moribus

398 4975 448 5018 et
476 4967 691 5021 scientia
717 4969 1114 5036 Scripturarum
1142 4973 1447 5035 meruerint,
1481 4970 1535 5023 in
1561 4969 1746 5023 ordine
1776 4971 1997 5023 clerica-

401 5045 481 5088 lus
507 5041 779 5111 admittere
806 5041 1011 5097 debent.
1043 5043 1303 5111 Quasdam
1352 5041 1452 5094 alia
1484 5041 1734 5095 Codicum
1777 5041 2000 5095 illorum

399 5110 601 5165 menda
632 5122 896 5168 annotare
929 5110 1106 5185 piguit
1140 5133 1151 5166 :
1187 5113 1283 5167 sed
1333 5113 1448 5166 haec
1497 5127 1728 5181 prorsus
1776 5127 1884 5166 non
1930 5115 2004 5165 si—

476 5225 491 5254 ¹
517 5223 798 5281 lnvehitur
828 5226 883 5280 in
915 5226 1236 5291 Procnlunt,
1267 5228 1357 5296 qui
1408 5227 1535 5280 licet
1593 5236 2003 5291 exauctoratus,

401 5301 586 5351 tamen
621 5313 718 5366 pro
747 5299 1028 5368 episeopo,
1055 5309 1107 5353 ut
1139 5307 1320 5364 antea,
1343 5314 1401 5351 se
1423 5299 1677 5367 gerebat,
1711 5307 1767 5352 et
1797 5299 2009 5367 inquie-

405 5375 585 5422 torum
618 5369 982 5437 quorumdam
1029 5370 1233 5423 auxilio
1263 5369 1437 5424 fretus
1479 5369 1786 5423 Ecclesium
1820 5369 2010 5423 turba-

403 5438 844 5512 batxsigniﬁcat
879 5443 952 5512 se:
981 5442 1221 5510 ipsorum
1282 5455 1467 5494 curam
1521 5441 1776 5512 Patroclo
1818 5439 2012 5494 Arela-

411 5510 553 5563 tensi
576 5510 962 5576 demandasse,
981 5522 1035 5565 ut
1053 5513 1197 5580 ejus,
1220 5511 1366 5565 velut
1393 5511 1637 5580 episcopi
1657 5511 1765 5579 sui,
1785 5512 2016 5565 consilio

410 5591 468 5655 et
499 5583 724 5655 nutibus
765 5586 1236 5655 obtemperarent.
1279 5581 1596 5638 Cesseritne
1621 5582 1874 5655 Patroc_|o
1902 5591 2020 5637 tan-

413 5651 537 5724 dem
570 5653 858 5722 Proculus,
892 5651 1235 5724 exploratum
1287 5669 1396 5708 non
1426 5666 1530 5709 est.
1568 5654 1675 5711 Sed
1708 5653 1778 5708 de
1803 5653 2022 5708 Zosimo

419 5723 565 5782 Subit
597 5727 793 5780 iterum
822 5723 1032 5790 mirari,
1059 5729 1152 5797 qui
1186 5727 1390 5781 factum
1433 5726 1528 5795 sit,
1561 5736 1620 5780 ut
1673 5725 1909 5781 Proculo
1939 5727 2025 5779 itt-

2020 4301 2071 4361 D

2151 2971 2176 3008 ά
2209 2969 2353 3024 Editi
2384 2986 2508 3025 cum
2541 2986 2646 3024 ms.
2698 2970 2840 3025 Pith.
2871 2986 2964 3024 vut
3015 2970 3118 3023 kal.
3156 2969 3382 3025 Martias
3425 2971 3686 3024 Honorio.

2082 3042 2160 3096 Ex
2193 3041 2312 3094 aliis
2343 3056 2476 3095 mss.
2509 3042 2857 3097 reSIituimus
2880 3058 2930 3096 ut
2960 3051 3013 3097 et
3040 3057 3362 3096 revocamus
3386 3041 3508 3094 DD.
3544 3040 3682 3096 NN.

2082 3113 2185 3167 hoc
2222 3123 2304 3166 est
2336 3113 2560 3166 donzinis
2603 3114 2831 3179 nostris,
2868 3130 2974 3167 non
3015 3122 3069 3166 ut
3110 3112 3162 3166 in
3203 3128 3305 3168 ms.
3339 3113 3556 3168 Fossnt.
3590 3127 3692 3168 ex-

2083 3198 2333 3254 pressum
2369 3195 2475 3247 est,
2515 3185 2725 3238 domino
2770 3195 2964 3239 nostro.
3013 3184 3198 3254 Longe
3247 3185 3404 3254 pejus
3451 3184 3504 3238 in
3561 3186 3690 3238 Cor-

2085 3256 2288 3310 beiensi
2324 3265 2557 3322 quatuor
2590 3256 2703 3312 illis
2743 3257 2947 3311 litteris
2975 3257 3274 3310 substituta
3313 3267 3398 3310 est
3438 3271 3540 3310 vox
3579 3254 3692 3308 No-

2083 3344 2195 3381 nas.
2237 3325 2395 3394 Apttd
2430 3327 2722 3380 Baronium
2759 3327 2825 3381 ad
2857 3343 3058 3381 annum
3088 3325 3196 3382 M8
3234 3334 3415 3382 exstat
3463 3327 3691 3381 llonorii

2085 3400 2212 3466 imp.
2248 3399 2514 3452 adversus
2555 3397 2880 3468 Pelagianos
2923 3398 3261 3468 Constitutio
3309 3398 3502 3454 iisdem
3547 3399 3690 3452 notis

2084 3470 2340 3537 insignita
2384 3468 2437 3522 itt
2482 3470 2627 3522 hunc
2658 3467 2877 3524 modum
2910 3487 2922 3524 :
2957 3467 3080 3524 DD.
3115 3468 3250 3523 NN.
3281 3468 3522 3523 Honorio
3541 3485 3615 3524 xu
3647 3477 3695 3522 et

2086 3539 2372 3594 Theodosii
2405 3555 2495 3593 \‘lll
2526 3540 2616 3592 AA
2643 3557 2789 3593 cons.

2162 3621 2184 3644 ο
2213 3611 2294 3663 Ad
2317 3609 2696 3681 Colbcrtinnm
2732 3611 3002 3679 codicem,
3035 3611 3087 3665 in
3115 3626 3222 3681 quo
3243 3612 3480 3668 collecta
3512 3626 3693 3668 asser-

2089 3691 2286 3734 vantur
2315 3679 2657 3736 Arelatensis
2683 3682 2950 3737 Ecclesiae
2982 3679 3294 3752 privilegia,
3329 3692 3383 3738 et
3413 3699 3481 3737 ex
3505 3699 3614 3750 quo
3641 3685 3694 3737 in

2090 3752 2397 3806 Annalibus
2441 3752 2655 3806 Baronii
2707 3755 2941 3821 primum
2985 3752 3211 3822 prodiit,
3239 3767 3453 3808 necnon
3489 3755 3556 3806 ad
3589 3753 3694 3808 alia

2087 3824 2197 3878 duo
2228 3824 2594 3892 exemplaria,
2629 3839 2798 3877 unum
2850 3825 3098 3892 ejusdem
3141 3823 3526 3888 bibliotheca,
3561 3825 3697 3880 alte-

2090 3911 2208 3964 rum
2224 3894 2420 3964 Regia:
2451 3911 2480 3947 a
2513 3896 2668 3949 uoltis
2702 3895 2983 3964 recognita
3019 3904 3122 3949 est.

2169 3963 2185 4002 ί
2220 3963 2292 4017 lta
2340 3966 2506 4022 Sirio.
2545 3965 2615 4019 At
2663 3982 2797 4019 mss.
2836 3963 2992 4021 ’Arel.
3034 3977 3087 4020 et
3115 3964 3274 4021 Colb.
3313 3981 3437 4021 cum
3491 3966 3690 4022 Baron.

2091 4053 2393 4108 oppressus,
2419 4037 2553 4099 Reg.
2574 4055 2866 4108 Oppressus.
2891 4036 3069 4092 Antea
3099 4037 3249 4092 solus
3271 4036 3431 4092 Coll).
3448 4037 3570 4091 huic
3594 4039 3690 4108 rei,

2091 4119 2146 4164 et
2189 4117 2308 4176 post
2335 4123 2461 4161 cum
2492 4108 2628 4179 Reg.
2654 4110 2881 4163 retinens
2907 4110 3133 4177 rigorem
3155 4125 3553 4177 censuramque.

2168 4188 2192 4226 Β
2225 4179 2280 4233 Ιιι
2313 4181 2568 4249 vulgatis,
2617 4180 2880 4252 Quidnam
2909 4189 3112 4252 putaret
3151 4180 3289 4233 unde
3326 4180 3502 4234 istaut.
3539 4179 3695 4236 Colb.

2100 4273 2228 4326 ms.,
2261 4258 2478 4331 Cuinam
2509 4271 2692 4331 putant
2721 4249 2991 4314 duistam.
3028 4259 3185 4330 ch.,
3213 4260 3436 4314 Cuinam
3477 4253 3699 4331 putandi

2095 4331 2267 4412 istam.
2296 4330 2452 4397 Quod
2490 4344 2750 4403 corrupte
2789 4333 3050 4403 positum,
3081 4330 3494 4386 resarcieudum
3539 4341 3698 4402 puta~

2096 4417 2296 4456 νιιιιιιε.

2171 4470 2197 4508 h
2225 4474 2380 4543 Apud
2424 4474 2626 4528 Baron.
2659 4484 2718 4529 ut
2748 4474 2801 4529 in
2836 4489 2936 4529 ms.
2976 4474 3150 4543 Arel.,
3179 4476 3301 4543 quia
3326 4484 3437 4528 aut.
3470 4473 3591 4528 Mox
3621 4492 3700 4529 re-

2098 4552 2270 4612 pente,
2299 4545 2348 4599 id
2379 4555 2464 4600 cst
2499 4548 2644 4616 quod
2676 4548 2730 4600 itt
2768 4546 3038 4615 superiori
3069 4547 3299 4616 epistola
3345 4563 3399 4599 ιι.
3432 4546 3502 4611 2,
3536 4545 3698 4611 saltu,

2100 4626 2156 4670 et
2189 4616 2241 4669 in
2278 4617 2507 4684 epistola
2536 4619 2567 4670 7
2592 4635 2645 4670 n.
2674 4617 2730 4686 2,
2754 4616 2895 4671 saltu
2925 4615 3116 4669 subito.
3149 4615 3275 4670 Istic
3303 4616 3518 4686 quidem
3549 4616 3702 4670 Zosi-

2107 4702 2228 4740 mus
2255 4703 2468 4756 poenam
2501 4689 2649 4755 silet,
2678 4703 2842 4758 quam
2890 4687 2942 4758 in
2983 4686 3355 4758 ordinatorem
3403 4702 3510 4740 non
3545 4701 3704 4758 secus

2104 4754 2268 4827 atque
2298 4761 2349 4812 in
2382 4754 2664 4812 ordinatos
2696 4754 2754 4812 in
2783 4757 2993 4812 duabus
3025 4754 3302 4824 prmdictis
3327 4758 3582 4827 epistolis
3611 4756 3711 4811 de-

2105 4830 2300 4884 cernit.
2337 4829 2538 4884 Verum
2571 4831 2711 4883 hanc
2758 4828 2992 4883 Proculo
3040 4828 3266 4882 minime
3296 4829 3364 4882 ab
3404 4843 3471 4883 eo
3513 4827 3709 4884 remis-

2104 4915 2220 4953 sam
2256 4898 2424 4954 fuisse
2454 4916 2521 4955 ex
2545 4900 2776 4968 epistola
2810 4899 3063 4970 sequenti
3095 4897 3274 4968 palam
3308 4899 3420 4955 fiet.

2187 4971 2201 5006 ί
2234 4970 2370 5040 Reg.
2401 4986 2531 5034 ms.,
2561 4987 2613 5025 tv
2641 4987 2825 5024 nonas.

2186 5041 2198 5090 i
2242 5042 2546 5114 Epistolam
2573 5043 2714 5100 hanc
2744 5057 2812 5096 ex
2837 5042 2907 5097 iis
2940 5042 3075 5112 ipsis
3103 5041 3374 5108 fontibus,
3405 5057 3469 5098 ex
3515 5041 3718 5114 quibus

2108 5126 2266 5181 super
2283 5113 2477 5178 iorem,
2507 5114 2844 5182 accepimus.

2117 5227 2322 5282 tensior
2349 5227 2621 5304 videatur,
2649 5245 2809 5304 quem
2828 5242 3082 5304 sanctum
3109 5231 3423 5300 pontiﬁcem
3451 5232 3718 5304 Hierony-

2117 5314 2237 5373 mus
2264 5298 2507 5373 appellat
2533 5300 2692 5373 epist.
2728 5299 2781 5365 4,
2822 5300 3006 5357 faveat
3032 5298 3219 5358 contra
3251 5304 3523 5370 Patroclo,
3559 5298 3715 5373 cujus

2121 5369 2186 5424 ad
2237 5370 2607 5439 episcopatum
2651 5371 3027 5428 Arelatensem
3071 5373 3248 5429 foedus
3284 5373 3486 5440 aditus,
3521 5369 3720 5429 fcethor

2122 5441 2524 5512 administratio
2553 5457 2908 5499 memoratur.
2941 5445 3104 5499 Pulso
3146 5444 3418 5512 siquidem
3451 5460 3479 5497 a
3510 5445 3722 5499 civibus

2125 5510 2351 5586 Hercle,
2372 5523 2431 5568 ut
2461 5513 2698 5586 Prosper
2722 5515 2774 5570 in
2798 5516 3072 5570 Chronico
3127 5510 3342 5582 scribit,
3370 5516 3490 5569 viro
3535 5525 3725 5586 sancto

2127 5593 2182 5655 et
2215 5585 2458 5648 insonte,
2493 5586 2546 5640 in
2577 5584 2694 5655 ejus
2722 5586 2900 5642 locum
2926 5587 3214 5642 ordinatus
3235 5596 3320 5639 est
3350 5601 3494 5638 anno
3523 5584 3728 5641 Christi

2128 5654 2258 5720 512,
2298 5656 2442 5724 quod
2477 5654 2686 5712 amicus
2708 5668 2763 5712 et
2793 5657 3073 5712 familiaris
3095 5667 3242 5711 esset
3277 5655 3581 5711 ConStantii
3612 5674 3732 5712 ma-

2134 5728 2290 5796 gistri
2311 5727 2568 5795 militum,
2601 5729 2755 5798 cujus
2784 5745 2882 5800 per
2939 5729 3118 5798 ipsum
3167 5727 3341 5797 gratia
3368 5729 3738 5801 quatiebatur.
