4206 6174
525 134 633 211 eis

1888 142 1947 205 s,
1988 139 2220 203 zosmt
2259 124 2467 203 PAWE

3726 118 3832 195 eis

529 272 670 321 rare,
707 263 762 311 et
803 265 828 294 α
864 256 1091 310 oblitum
1147 254 1364 325 penitus
1405 253 1633 323 pudoris
1680 249 1921 323 quotidie
1964 249 2129 319 digna
2161 252 2202 311 A
2235 246 2472 304 Zosntos
2500 244 2743 307 AonELto
2772 256 2835 305 ac
2865 243 3104 308 caeteris,
3135 241 3224 313 qui
3255 242 3308 297 in
3341 239 3575 299 concilio
3597 238 3833 297 Cartha-

526 352 874 407 damnatione
902 349 1264 421 committere,
1297 362 1398 405 nec
1428 346 1721 418 aliquando
1746 344 2039 413 desistere,
2068 350 2128 398 ut

525 446 689 500 toties
726 443 1091 499 commonitus
1139 441 1550 512 prohibitusque
1589 455 1694 504 non
1739 448 1942 495 cesset.
1988 439 2126 501 Ecce

527 544 727 591 emtum
759 543 954 591 vestra:
1002 533 1312 593 dilectionis
1343 549 1435 593 sua
1462 577 1476 601 ,
1503 549 1606 605 qua
1636 534 1754 591 sola
1808 543 1968 595 notus
2000 540 2079 586 est
2109 573 2123 601 ,

525 627 832 684 turbatione
873 627 1203 685 confundit:
1240 642 1340 685 nec
1394 627 1694 687 Ecclesiam
1749 628 1955 698 patitur
2004 639 2128 683 esse

524 719 877 787 concordem,
912 734 1034 775 cum
1068 719 1181 775 suis
1220 717 1272 777 id
1302 727 1424 789 agat
1468 734 1687 789 semper
1729 717 1925 779 ofﬁciis
1951 759 1965 782 ,
1997 731 2129 795 qua-

526 820 685 865 tenus
714 825 981 882 aggerens
1012 818 1285 880 postrema
1318 810 1616 881 prioribus,
1648 810 1850 871 malum
1882 808 2125 880 aliquod,

524 901 669 973 quod
697 912 823 958 ante
850 903 1223 972 commiserat,
1253 902 1305 957 in
1337 903 1492 975 pejus
1521 903 1794 965 emendet.
1832 902 1963 958 Cum
2008 902 2127 981 ipse

519 995 632 1066 jam
658 1011 765 1050 non
794 996 864 1051 sit
889 993 917 1034 δ
939 996 1255 1069 episcOpus,
1286 996 1579 1067 episcOpos
1601 995 1750 1066 facit,
1775 1005 1829 1053 et
1860 997 2127 1057 humanus

523 1086 747 1159 largitor
786 1088 905 1143 aliis
954 1105 1013 1143 se
1052 1088 1186 1144 dicit
1218 1103 1381 1160 posse
1432 1097 1693 1160 praestare
1722 1132 1736 1158 ,
1765 1089 1910 1161 quod
1942 1088 2124 1153 datum

524 1181 622 1237 sibi
661 1182 957 1253 aliquando
984 1182 1261 1239 immerito
1306 1193 1495 1241 tenere
1525 1197 1636 1249 non
1682 1185 1880 1254 potuit.
1906 1181 2128 1243 Addens

523 1273 628 1329 sibi
654 1273 941 1346 iungitque
969 1273 1223 1346 inquietre
1267 1277 1465 1333 mentis
1499 1276 1783 1345 homines,
1809 1286 1863 1335 et
1899 1276 1989 1347 qui
2024 1276 2125 1331 soli

474 1372 477 1377 ‘
525 1375 755 1445 possunt
782 1368 963 1424 favere
997 1366 1255 1423 damnato
1276 1412 1290 1435 ,
1318 1384 1414 1441 per
1443 1385 1583 1440 quos
1610 1384 1968 1441 quaecumque
2004 1378 2120 1425 tur-

528 1460 718 1516 barum
770 1459 1047 1515 studiosus
1098 1459 1342 1532 cogitat,
1371 1462 1469 1526 hac
1500 1477 1594 1517 sua
1653 1462 1823 1519 fidens
1864 1462 2127 1523 societate

521 1554 792 1612 conficiat.
811 1556 917 1611 Sed
939 1555 1130 1615 habeo.
1149 1555 1347 1611 fratres
1368 1556 1702 1625 charissimi,
1723 1558 1892 1613 vestri
1914 1571 2121 1633 curam,

2303 339 2517 411 ginensi
2564 337 2855 399 adfuerunt
2884 377 2898 407 ,
2928 335 3295 397 dilectissimis
3324 333 3584 397 fratribus
3615 335 3669 390 in
3720 333 3828 390 Do-

2304 433 2452 493 mino
2477 432 2730 495 salutem.

2306 528 2358 584 t.
2380 524 2637 599 Quamvis
2657 524 2878 585 Patrum
2912 520 3129 579 traditio
3158 520 3475 595 apostolicm
3497 519 3613 577 sedi
3637 528 3827 585 aucto.

2231 620 2449 686 ritatem
2479 629 2682 677 tantam
2719 618 2995 685 tribuerit,
3022 626 3077 675 ut
3109 616 3176 683 de
3213 616 3330 689 ejus
3364 616 3571 689 judicio
3607 616 3829 688 discep—

2232 721 2347 773 tare
2375 713 2560 773 nullus
2586 712 2832 781 auderet,
2861 711 3022 784 idque
3049 726 3143 782 per
3164 726 3403 775 canones
3424 727 3646 784 semper
3674 728 3834 785 regns

2229 805 2418 880 fasque
2441 803 2688 879 [διηφίει.
2719 803 2911 863 eadem
2944 802 3132 876 sedes]
3159 804 3485 871 servaverit,
3512 811 3569 863 et
3598 817 3832 869 currens

2228 900 2407 961 adhuc
2432 901 2545 956 suis
2574 899 2783 970 legibus
2813 894 3185 957 ecclesiastica
3218 896 3502 970 disciplina
3536 896 3682 961 Petri
3732 911 3833 955 no~

2228 990 2431 1059 mini,a
2460 1005 2568 1060 quo
2588 990 2702 1061 ipsa
2729 1003 2943 1063 quoque
2966 988 3263 1055 descendit.
3286 989 3648 1055 reverentiam
3667 1003 3829 1059 quam

2227 1082 2388 1147 debet
2409 1082 2691 1143 exsolvat:
2721 1091 2925 1147 tantam
2954 1081 3098 1143 enim
3122 1079 3250 1143 huic
3278 1080 3537 1153 Apostoln
3561 1080 3826 1145 canonica

2227 1175 2520 1247 antiquitas
2552 1185 2573 1212 ο
2603 1190 2700 1251 per
2725 1173 3029 1241 sententias
3071 1174 3316 1239 omnium
3349 1174 3523 1241 voluit
3574 1189 3694 1231 esse
3725 1190 3827 1246 po~

2228 1269 2451 1331 tentiam
2478 1310 2493 1335 ,
2519 1284 2587 1323 ex
2612 1268 2724 1337 ipsa
2750 1282 2965 1338 quoque
2989 1265 3190 1331 Christi
3231 1266 3327 1333 Dei
3372 1267 3545 1331 nostri
3592 1267 3826 1338 promis-

2227 1363 2402 1428 sione,
2432 1369 2490 1416 ιιι
2510 1369 2563 1416 et
2589 1360 2750 1433 ligata
2776 1360 3030 1425 solveret,
3060 1369 3117 1419 et
3142 1359 3323 1419 soluta
3353 1358 3580 1421 vinciret
3603 1358 3824 1431 (Matth.

2229 1472 2343 1520 xvi,
2379 1453 2468 1526 l9)
2489 1473 2501 1516 ς
2526 1469 2626 1524 par
2657 1454 2940 1527 potestatis
2970 1453 3093 1517 data
3122 1453 3362 1511 conditio
3386 1452 3440 1510 in
3469 1469 3587 1522 eos,
3619 1454 3708 1524 qui
3736 1467 3827 1510 se.

2226 1547 2309 1611 dis
2339 1547 2733 1614 hacreditatom,
2762 1547 2877 1616 ipso
2912 1556 3213 1611 annuente,
3240 1546 3570 1609 meruissent
3603 1565 3616 1613 ;
3664 1545 3830 1614 habet

524 1647 756 1703 moleste
788 1647 971 1703 ferens
1010 1647 1272 1720 quidquid
1306 1647 1399 1703 ille
1436 1647 1764 1717 quotidianis
1793 1648 2017 1705 ausibus
2045 1648 2119 1703 fa-
2152 1644 2198 1713 B
2225 1638 2366 1693 οηῑηὶ
2404 1636 2421 1676 ί
2451 1640 2587 1710 ipse.
2618 1654 2738 1699 Cum
2769 1638 3010 1694 omnium
3057 1636 3427 1703 Ecclesiarum
3453 1681 3467 1707 .
3504 1647 3617 1703 toto
3665 1636 3828 1709 huius

523 1738 637 1809 cit,
670 1739 721 1795 id
754 1755 849 1796 vos
876 1783 890 1807 ,
921 1739 1288 1798 Christianum
1329 1742 1620 1812 populum,
1650 1751 1701 1796 et
1728 1741 1817 1813 qui
1850 1742 1901 1798 in
1936 1751 2122 1801 nostra

521 1832 787 1893 charitate
814 1833 1090 1903 persistat,
1126 1848 1287 1904 posse
1316 1832 1583 1905 perferre,
1619 1849 1719 1888 nec
1745 1833 1863 1903 ejus
1893 1835 2123 1892 obviare

522 1923 699 1991 factis,
727 1936 818 1980 aut
840 1941 1145 1997 repugnare
1168 1926 1478 1981 conatibus.
1508 1926 1714 1982 Idcirco
1744 1942 1928 1981 curam
1955 1927 2125 1989 vestri

520 2018 649 2075 licet
683 2028 735 2074 et
775 2020 1046 2089 prioribus
1084 2019 1458 2074 commiserim
1492 2019 1689 2077 litteris
1723 2030 1744 2058 ο
1786 2029 1977 2076 vestrae
2011 2036 2124 2089 nte..-

522 2112 851 2181 tropolitano
884 2112 1176 2182 provinciae
1204 2111 1360 2166 fratri
1386 2121 1438 2167 et
1463 2113 1789 2185 coepiscopo
1813 2124 2001 2169 nostro
2024 2114 2125 2169 Pa-

523 2203 718 2271 troclo,
738 2211 916 2259 tamen
950 2203 1147 2259 iterum
1177 2204 1461 2263 committo
1491 2212 1579 2259 :ut
1613 2205 1782 2275 ipsius
1813 2204 1912 2260 tuti
1942 2206 2122 2262 consi-

518 2294 594 2350 lio
623 2305 678 2350 et
708 2311 804 2366 pro
828 2294 1241 2366 disciplinarum
1267 2296 1481 2352 ratione
1509 2297 1745 2363 formati,
1775 2296 1891 2368 ejus
1914 2298 2124 2353 obtem-

524 2398 773 2459 perantes
815 2382 1082 2457 nutibus,
1117 2388 1339 2460 dignum
1386 2388 1607 2465 possitis
1655 2390 1906 2459 accipere
1937 2405 2122 2449 sacer:

518 2480 724 2537 dotem.
756 2481 889 2536 Data
934 2498 991 2536 ιιι
1024 2496 1193 2536 nonas
1218 2482 1440 2536 Martias
1473 2480 1643 2554 (Ann.
1665 2479 1793 2547 418,
1828 2480 1982 2534 Febr.
2016 2479 2050 2534 5
2078 2480 2119 2551 ),

522 2575 763 2632 llonorio
794 2592 867 2631 xu
896 2583 949 2631 et
974 2574 1288 2630 Theodosio
1311 2590 1402 2630 VIII
1435 2574 1679 2646 angustis
1704 2574 2045 2631 consulibus.

1051 2707 1387 2764 EPISTOLA
1411 2709 1506 2764 XII
1541 2707 1589 2762 ιί.

519 2822 758 2876 Zosimrts
791 2822 1098 2876 auctoritate
1125 2822 1261 2877 sedis
1288 2840 1396 2878 sua?
1425 2823 1658 2894 pluribus
1687 2825 1948 2890 explicata
1968 2868 1981 2889 ,
2010 2843 2120 2880 cer-

591 2895 746 2966 tiores
779 2896 942 2966 Afros
960 2895 1109 2966 facit,
1143 2911 1196 2949 se
1224 2912 1325 2949 non
1352 2912 1575 2963 omnem,
1604 2908 1658 2950 ut
1689 2897 1816 2966 ipsis
1841 2899 2001 2953 visunt
2020 2909 2113 2965 est,

589 2961 813 3021 διείρειΞὶ
839 2961 1002 3019 verbis
1028 2965 1183 3035 ﬁdem
1206 2961 1592 3033 commodasse,
1612 2961 1788 3022 aut'eu
1818 2961 2114 3025 immutasse

588 3053 705 3108 qua:
730 3036 793 3090 de
813 3035 904 3093 illo
926 3052 957 3088 a
982 3036 1246 3091 decessore
1268 3055 1362 3093 suo
1388 3045 1581 3107 statuta
1601 3048 1740 3093 sunt.

592 3168 617 3193 τι
644 3157 799 3225 Mss.,
832 3156 1223 3229 oblitogpenitus
1247 3159 1465 3229 pudore.
1510 3159 1779 3226 Quantam
1825 3157 1927 3212 sibi
1961 3173 2079 3213 com

522 3239 768 3301 parasSet
820 3227 1086 3301 Proculus
1124 3227 1433 3301 sanctitatis
1467 3230 1662 3284 famam
1697 3273 1710 3294 ,
1746 3230 2111 3301 llicronymns

516 3299 625 3371 sub
646 3299 811 3371 ﬁnem
840 3300 1085 3366 epistola‘.
1110 3300 1146 3371 4Δ
1165 3300 1227 3351 ad
1255 3299 1539 3355 Rusticum
1571 3302 1747 3371 prodit
1779 3300 1863 3354 his
1886 3299 2068 3354 verbis
2096 3320 2106 3354 :

518 3368 693 3443 Habes
718 3370 832 3443 istic
855 3380 1089 3425 sanctum
1112 3368 1882 3443 doetissimumquepontiﬁcem
1912 3371 2112 3426 Procu-

515 3439 752 3514 Ium,qui
770 3442 880 3493 viva
903 3449 949 3494 et
972 3444 1210 3514 prtesenti
1232 3459 1352 3496 voce
1371 3454 1571 3498 nostras
1589 3439 1861 3503 scltctlulas
1882 3452 2108 3514 superet,

515 3513 932 3587 quotidianisqne
960 3513 1264 3587 tractatibus
1296 3515 1391 3587 iter
1414 3586 1419 3587 ν
1439 3526 1584 3568 tnnm
1621 3514 1811 3587 dirigat
1840 3555 1853 3580 ,
1887 3531 1979 3587 nec
2011 3532 2106 3585 pa-

515 3585 671 3656 tiatur
691 3593 758 3650 te,
783 3584 832 3656 in
853 3584 1287 3656 partemalteram
1311 3586 1641 3649 declinando,
1664 3584 1796 3639 viam
1820 3584 2109 3656 relinquere

514 3655 727 3727 regium.
772 3653 878 3727 Sed
921 3653 1067 3727 quod
1110 3656 1247 3719 sibi,
1275 3657 1437 3709 etiam
1472 3657 1780 3724 prohibitus
1804 3702 1816 3724 ,
1852 3653 2113 3727 arrogarc

515 3724 619 3779 non
666 3724 869 3780 destitit
901 3769 914 3791 ,
942 3724 1069 3795 quis
1098 3738 1317 3781 exrnset
1365 3728 1388 3780 ?
1421 3729 1679 3796 Quamvis
1733 3730 1877 3783 enim
1914 3724 2108 3782 Ta'uri-

519 3812 687 3851 nense
709 3798 1000 3852 concilium
1029 3812 1153 3868 can.
1178 3800 1230 3867 l,
1257 3800 1331 3852 uti
1359 3802 1610 3868 superius
1630 3810 1712 3854 est
1736 3801 2108 3863 observatum,

518 3869 564 3921 ei
599 3869 953 3933 conoesseril,
980 3876 1038 3921 ιιι
1070 3867 1367 3941 episcopis,
1401 3885 1540 3941 quos
1573 3887 1598 3921 a
1631 3886 1688 3921 so
1714 3869 2000 3924 ordinatos
2033 3869 2085 3923 di

515 3949 692 4013 iterat,
726 3948 991 4010 tamquam
1017 3940 1313 4013 paterﬁliis
1337 3940 1532 3995 honore
1553 3942 1805 4013 primu'us
1829 3946 2109 4008 assistrret,

514 4008 588 4083 illi
620 4021 813 4083 tamen
848 4008 925 4083 ‘ut
948 4010 1331 4083 ordinationes
1363 4008 1791 4067 novas'faci-ret
1840 4028 1949 4066 non
1984 4028 2111 4083 per-

512 4078 679 4154 misit.
710 4080 864 4154 Adeo
897 4080 1130 4154 difficile
1149 4089 1236 4137 est
1262 4083 1406 4137 intra
1428 4098 1611 4154 :rqnos
1642 4083 1897 4153 legitimae
1933 4078 2117 4152 potes-

512 4152 637 4225 tatis
668 4152 868 4207 limitcs
898 4167 956 4206 se
988 4152 1305 4225 continere,
1334 4165 1423 4208 aut
1454 4152 1520 4208 eo
1550 4152 1823 4209 absistere
1853 4155 1997 4225 quod
2029 4170 2116 4209 se-

512 4222 615 4348 rpet
683 4234 1003 4294 usurpatum
1066 4224 1222 4294 longa
1281 4225 1625 4281 consuetudo
1686 4222 1981 4282 roborasse
2037 4225 2116 4281 vi-

552 4302 729 4348 eatur.

552 4302 729 4349 eatur.

516 4436 550 4490 b
580 4364 608 4490 ll)
639 4365 851 4439 Quippe
880 4365 974 4435 qui
1005 4364 1296 4421 damnatus
1328 4378 1477 4436 erat,
1506 4380 1561 4423 nt
1602 4369 1654 4421 in
1686 4368 1922 4439 epistola
1948 4369 1978 4423 7
2022 4367 2118 4421 ha-

553 4451 581 4490 e
611 4453 696 4490 ur.

553 4445 696 4492 Bllll‘.

583 4518 606 4547 ο
642 4509 874 4563 Litterae
906 4507 1010 4562 illae
1044 4522 1151 4563 non
1204 4517 1455 4575 exstant,
1489 4509 1691 4580 quibus
1720 4509 1853 4565 illttd
1914 4526 2113 4566 munus

514 4577 765 4653 Patroclo
792 4580 1091 4653 inAecclesia
1112 4580 1440 4636 Massiliensi
1468 4577 1775 4653 delegatum
1805 4590 1941 4646 erat,
1966 4581 2111 4652 quod

512 4650 815 4721 Gregorius
843 4650 1228 4706 Visitatoribns
1257 4663 1378 4721 post
1399 4650 1644 4708 amotum
1669 4664 1761 4711 ant
1789 4650 2107 4709 defunctum

511 4723 830 4793 epi_sc0pum
862 4722 1118 4793 frequens
1157 4723 1473 4779 committit.

582 4789 607 4864 tl
642 4794 687 4846 A
710 4789 1014 4848 Baronio'e
1044 4793 1307 4849 Vaticano
1337 4796 1527 4851 codice
1579 4807 1734 4851 eruta
1763 4838 1775 4860 ,
1803 4805 1967 4864 atque
1996 4796 2108 4851 An-

515 4862 717 4916 nalium
748 4878 881 4938 tom.
906 4864 1002 4938 Δ111,
1028 4866 1093 4919 ad
1122 4883 1321 4921 annum
1347 4867 1474 4935 418,
1510 4868 1740 4938 priounn
1760 4862 1974 4938 vulgata
1999 4879 2102 4935 cst,

514 4940 572 4986 et
607 4950 635 4986 ιι
670 4937 828 4989 nobis
851 4936 917 4989 ad
951 4939 1180 4993 alterum
1209 4939 1381 4993 Vatic.
1407 4936 1620 4995 exacta.

588 5014 611 5041 ο
642 5004 873 5081 Ga_rne_r.
929 5007 997 5061 de
1027 5024 1126 5062 suo
1168 5010 1446 5081 substituit
1480 5026 1637 5081 super
1676 5012 1958 5066 sententias
1995 5027 2107 5078 ;ac

513 5090 662 5144 mox,
698 5076 765 5130 Et
805 5079 919 5147 ipsa
942 5096 1138 5151 quoque
1166 5079 1357 5136 Christi
1381 5080 1477 5135 Del
1501 5076 1662 5136 nostri
1686 5076 2106 5151 promissio.vllic

511 5166 691 5240 anue
720 5185 822 5246 res,
858 5170 1053 5246 inquit,
1078 5174 1210 5233 inter
1236 5174 1501 5246 episcopos
1536 5176 1765 5246 regionis
1796 5175 1941 5230 illius
1980 5191 2098 5231 ma-

508 5258 730 5315 gnarum
760 5242 1136 5303 discordiarum
1186 5242 1419 5301 materia
1458 5247 1577 5313 fuit.
1598 5242 1685 5301 'De
1714 5247 1950 5300 venditis
1996 5262 2095 5303 att-

511 5322 619 5369 tem
650 5316 715 5371 ah
738 5328 803 5371 eo
829 5315 1171 5385 sacerdotiis,
1223 5318 1273 5370 in
1306 5318 1477 5372 altera
1524 5317 1779 5385 Prosperi
1822 5317 2099 5374 Chronico

510 5385 793 5443 Pithmano
845 5384 1168 5458 :Pntroctas
1222 5388 1535 5444 Arelatensis
1578 5384 1853 5457 episcopus
1912 5389 2099 5458 infanti

508 5466 736 5513 mercatu
777 5457 1067 5519 sacerdotia
1113 5459 1374 5513 venditare
1419 5475 1602 5512 ausus.
1657 5457 1976 5517 Verisimile
2016 5471 2102 5515 est

548 5540 755 5592 rursus,
786 5524 841 5589 in
892 5528 993 5582 hac
1037 5539 1147 5588 tota
1200 5529 1437 5589 Patrocli
1483 5544 1610 5584 cum
1640 5529 1871 5585 Proculo
1903 5530 2095 5586 Massi-

535 5597 940 5669 iensi,_tt.ilario
969 5599 1330 5668 Narbonensi,
1364 5599 1648 5669 Simplicio
1699 5599 2018 5668 Viennensi,
2046 5610 2104 5658 et

668 5638 812 5737 εήίῖἓ,
850 5638 1340 5741 ἑὸῖιιΐὸῖὲὶῗέἷὸῗὲἰ
1364 5638 2104 5743 ἷῖῗῶὖέἱςέἑαῒεῖἵότῖἷ

2224 1732 2456 1785 maxime
2494 1730 2589 1785 ubi
2632 1730 2883 1795 sederat,
2914 1745 3100 1785 curam
3148 1746 3162 1796 ;
3216 1744 3318 1797 nec
3367 1731 3572 1802 patitur
3621 1730 3827 1803 aliquid

2224 1826 2492 1897 privilegii
2550 1837 2641 1880 aut
2690 1826 2869 1897 aliqua
2924 1826 3160 1891 titubare
3209 1842 3339 1889 aura
3384 1825 3826 1893 sententiaz,cui

2227 1929 2251 1967 ις
2279 1920 2389 1990 ipsa
2416 1919 2498 1973 sui
2541 1919 2773 1981 nominis
2821 1919 2971 1981 firma
3004 1929 3056 1983 Cl
3105 1920 3267 1980 nullis
3297 1918 3554 1983 hebetata
3585 1919 3826 1981 motibus

2223 2012 2504 2067 constituit
2534 2011 2903 2085 fundamenta,
2933 2022 2987 2069 et
3016 2028 3136 2084 qua:
3169 2013 3286 2077 sint;
3318 2028 3421 2083 suo
3462 2012 3707 2091 periculo
3741 2020 3825 2067 te-

2224 2119 2375 2160 mere
2401 2104 2583 2163 nullus
2612 2104 2850 2165 incessat
2890 2120 3053 2170 :cutn
3097 2120 3227 2177 ergo
3270 2114 3430 2163 tinnc
3475 2104 3820 2169 auctoritatis

2225 2197 2418 2253 Petrus
2464 2207 2627 2268 caput
2656 2200 2765 2263 sit,
2809 2207 2863 2263 et
2930 2200 3210 2268 sequentia
3261 2198 3503 2264 ninnium
3554 2197 3825 2266 majorum

2226 2288 2250 2327 ¹³
2275 2291 2451 2346 studia
2484 2291 2807 2358 ftrtuaverit,
2840 2303 2896 2346 ut
2928 2300 3035 2346 Iam
3063 2289 3316 2356 humanis
3347 2306 3508 2365 quam
3531 2289 3727 2346 divinis
3752 2288 3831 2345 le~

2224 2384 2381 2453 gibus
2410 2391 2466 2437 et
2493 2382 2791 2455 dlSt‘iplllliS
2832 2383 3090 2439 omnibus
3138 2383 3385 2447 firmetur
3431 2382 3677 2439 Romana
3718 2382 3826 2447 Ec-

2224 2477 2575 2551 clesia,cujus
2605 2478 2783 2533 locum
2812 2491 2912 2539 nos
2937 2492 3150 2556 regere,
3175 2475 3383 2549 iipsius
3408 2492 3624 2557 quoque
3647 2484 3828 2546 potes~

2226 2578 2385 2625 tatem
2434 2571 2671 2624 nominis
2715 2570 2967 2627 obtinere
3001 2586 3106 2625 non
3156 2570 3295 2632 latet
3325 2586 3423 2625 vos
3451 2613 3465 2638 ,
3489 2570 3585 2626 sed
3629 2571 3823 2639 nostis,

2224 2666 2416 2727 fratres
2434 2663 2763 2732 charissimi,
2779 2674 2826 2720 et
2839 2663 3321 2744 ,quemadtnndum
3340 2664 3827 2735 sacerdotes,scire

2223 2759 2435 2816 debetis
2461 2777 2473 2812 :
2500 2767 2680 2815 tamen
2708 2774 2829 2815 cum
2859 2769 3066 2819 tantum
3094 2759 3256 2819 nobis
3283 2768 3431 2815 esset
3456 2759 3823 2825 auctoritatis,

2222 2864 2279 2908 ut
2308 2852 2490 2906 nullus
2516 2853 2584 2907 de
2610 2860 2794 2906 nostra
2822 2853 2990 2921 possit
3013 2861 3313 2907 retractare
3338 2852 3615 2907 sententia
3644 2868 3658 2918 ;
3686 2850 3823 2913 nihil

2221 2947 2453 3016 egimus,
2484 2944 2627 3021 quod
2658 2961 2761 3000 non
2792 2944 2857 3005 ad
2890 2953 3125 3013 vestram
3160 2947 3407 3003 notitiam
3442 2947 3645 3009 nostris
3677 2945 3823 3005 ultro

2144 3031 2189 3094 C
2223 3040 2418 3096 litteris
2456 3037 2789 3099 referremus
2827 3055 2841 3106 ;
2872 3039 3065 3103 dantes
3106 3038 3223 3101 huic
3271 3038 3601 3105 fraternitati
3627 3081 3643 3105 ,
3673 3046 3731 3095 ut
3768 3038 3826 3094 in

2216 3176 2307 3229 per
2336 3157 2620 3212 sententias
2651 3158 2903 3229 omnium,
2935 3174 3034 3229 pro
3065 3174 3269 3219 summa
3303 3174 3555 3229 consensu
3591 3158 3827 3215 omnium

2213 3227 2505 3283 commode
2529 3229 2849 3312 intell’gitnr
2875 3227 3099 3312 dictum:
3134 3229 3181 3284 ls
3209 3236 3359 3312 certe
3387 3228 3607 3312 Zosimi
3625 3242 3826 3312 scapus

2214 3310 2409 3425 esbdnt
2443 3316 2564 3371 qna:
2596 3298 2725 3355 sedi
2744 3316 2857 3355 sua:
2903 3299 3157 3365 canonica
3202 3301 3486 3372 antiquitas
3521 3298 3775 3365 tribuerit
3803 3341 3821 3370 ,

2217 3387 2307 3425 νιη
2354 3381 2492 3425 teet.

2217 3373 2492 3426 vindicet.

2291 3440 2310 3479 ί
2341 3442 2508 3499 Garn.
2529 3443 2734 3497 omisso
2764 3444 2903 3516 ipse,
2941 3443 3125 3499 subdit
3156 3443 3295 3516 infra
3318 3444 3450 3503 sedit
3472 3458 3569 3515 pro
3593 3443 3819 3516 sederat,

2218 3523 2271 3587 et
2305 3531 2428 3587 mox
2461 3524 2589 3573 ante
2623 3513 2809 3587 vocent
2843 3515 3104 3587 privilegii
3146 3514 3295 3569 addit
3326 3513 3583 3587 omittere.
3614 3513 3828 3577 Ibidem

2217 3586 2291 3659 in,
2326 3586 2500 3640 altero
2548 3602 2650 3640 ms.
2699 3585 2873 3659 Varie.
2908 3585 3176 3659 adjicitur
3202 3588 3474 3647 sustinere.
3526 3586 3828 3659 Perspecta

2216 3657 2323 3710 erit
2377 3660 2670 3712 sententiae
2715 3657 2874 3725 hujus
2906 3656 3199 3728 integritas
3227 3701 3240 3726 ,
3270 3659 3314 3711 si
3364 3656 3721 3721 construatur
3767 3656 3828 3719 in

2220 3727 2374 3801 hunc
2388 3729 2611 3781 modum
2642 3746 2653 3781 :
2689 3744 2780 3781 nec
2802 3728 3001 3801 patitur
3027 3727 3202 3799 aliqua
3219 3746 3346 3783 aura
3371 3728 3593 3789 titubare
3622 3728 3829 3801 aliquid

2220 3798 2480 3870 priuilegii
2505 3809 2596 3853 aut
2625 3800 2913 3854 sententite.

2292 3880 2316 3917 ις
2340 3868 2488 3924 Idem
2519 3870 2712 3931 Garn..
2741 3870 2825 3922 cui
2854 3870 2901 3923 ri
2924 3871 3039 3938 ipsa
3062 3872 3140 3927 sui
3168 3872 3392 3928 nominis
3414 3871 3569 3941 ﬁrma
3589 3880 3636 3926 et
3654 3871 3829 3937 nullis

2219 3940 2465 3995 hactenus
2483 3954 2601 3995 aeta
2625 3941 2868 3998 motibus.
2901 3941 3158 3999 Romana:
3178 3942 3292 3996 sedi
3320 3940 3671 4005 fundamenta
3695 3951 3828 3998 sunt

2220 4011 2370 4097 Petri
2402 4011 2927 4097 notuinednsignita
2956 4058 2970 4082 ,
3002 4023 3272 4097 quatenus
3313 4013 3382 4069 ab
3426 4012 3531 4097 hoc
3572 4014 3825 4097 apostolo

2219 4084 2507 4157 apostolica
2561 4084 3119 4157 sedes__nttncnpatur
3175 4103 3187 4139 :
3247 4099 3422 4157 eoque
3480 4084 3691 4157 firmior
3741 4086 3828 4157 vi:

2220 4153 2336 4208 deri
2412 4154 2576 4235 debet
2632 4153 2781 4210 sedis
2856 4154 3020 4235 hujus
3087 4153 3600 4235 sententiaLgnod
3669 4155 3828 4235 Petri

2220 4225 2494 4301 sententia
2575 4235 2888 4301 censeatur.
2928 4200 3620 4301 JHoc’itaque’sihif‘vnl’t
3669 4200 3826 4289 idsi-

2222 4312 2342 4373 mns
2373 4315 2385 4350 :
2419 4298 2611 4373 Petrus
2672 4308 2754 4351 est
2810 4298 2962 4373 firma
2992 4299 3104 4373 illa
3148 4298 3299 4373 petra
3330 4340 3343 4361 ,
3373 4298 3461 4353 cui
3510 4300 3654 4363 velut
3702 4303 3830 4373 tun-

2222 4369 2478 4423 damento
2515 4371 2755 4441 llomana
2797 4369 2957 4427 sedes
2992 4369 3266 4441 innititur,
3298 4386 3573 4441 quantque
3605 4385 3706 4427 nec
3735 4370 3826 4425 ιιιρ

2144 4474 2193 4534 D
2224 4441 2300 4522 ris
2330 4440 2536 4534 infcrni
2570 4439 2808 4505 motibus
2845 4440 3213 4512 superandam
3256 4439 3379 4497 esse
3407 4439 3657 4507 Christus
3695 4457 3827 4514 pro-

2223 4512 2392 4566 misit.

2292 4580 2317 4619 h
2346 4583 2620 4656 alterius.
2650 4582 2852 4656 Vatia,
2877 4591 3089 4656 statuta.
3120 4582 3331 4656 Deinde
3356 4583 3645 4656 legendum
3671 4582 3824 4649 vides

2219 4663 2307 4731 t_ur
2333 4696 2347 4721 ,
2378 4663 2426 4706 et
2470 4654 2594 4710 id...
2639 4655 2983 4731 ﬁrmaverint.
3034 4654 3137 4719 Pro
3187 4654 3465 4729 ﬁrmaverit
3492 4700 3506 4727 ,
3539 4656 3824 4721 substituit

2217 4724 2385 4781 Garn.
2413 4724 2749 4782 servaverint.

2292 4794 2510 4871 i_Ettiti,
2546 4806 2592 4851 et
2641 4805 2969 4871 potestatem.
3005 4795 3265 4867 Majorem
3298 4798 3470 4871 habet
3507 4797 3817 4871 emphasim

2216 4868 2405 4941 lectio,
2430 4884 2589 4939 quam
2617 4884 2681 4921 ex
2709 4883 2810 4921 ms.
2849 4867 3027 4933 Vatic,
3061 4883 3404 4941 revocamus,
3430 4867 3691 4939 lusimus
3722 4869 3823 4931 ha,

2212 4940 2349 4995 here
2380 4954 2440 5013 se
2469 4941 2956 5013 dicitpotestatem
2990 4940 3231 5013 nominis
3265 4941 3433 5011 Petri,
3467 4943 3617 5013 quia,
3648 4948 3707 4997 ut
3732 4956 3823 5005 sn~

2215 4982 2306 5087 ρῖςι
2340 4982 2751 5087 observavimus
2777 5053 2790 5077 ,
2828 4982 3003 5080 ipsius
3046 4982 3205 5071 sedes
3239 4982 3707 5087 αᾶιῖἓιὶθιίἓδιῗίιοέ
3735 5002 3822 5075 ess

2217 5082 2360 5139 Petri
2383 5086 2527 5137 sedes
2557 5083 2890 5154 appellatur.

2210 5176 2311 5249 bus
2343 5178 2604 5249 Ecclesiae
2636 5175 3000 5249 Arelatensis,
3020 5176 3329 5249 plurimum
3370 5179 3638 5235 momenti
3671 5177 3821 5249 apud

2203 5247 2484 5302 Zosimnm
2511 5248 2792 5314 habuisse,
2831 5258 2889 5301 nt
2919 5247 2989 5302 de
3019 5247 3265 5305 Patrocli
3296 5251 3506 5307 artibus
3560 5247 3816 5306 nihil—di-

2203 5335 2344 5392 cam,
2397 5319 2708 5374 Constantii
2742 5319 3007 5392 magistri
3052 5320 3287 5392 militum
3326 5364 3339 5386 ,
3373 5339 3496 5383 mox
3554 5322 3815 5392 thsaris,

2206 5391 2299 5460 qui
2328 5391 2583 5445 Patroclo
2605 5402 2662 5446 et
2704 5390 3128 5447 Arelatensibus
3158 5390 3397 5456 favebat,
3424 5390 3817 5461 auctoritatem

2205 5472 2260 5537 et
2289 5464 2545 5537 gratiam.
2582 5464 2657 5529 De
2680 5464 2897 5537 fuitesta
2936 5478 3073 5537 vero
3101 5462 3338 5537 Patrocli
3365 5465 3610 5537 ejusdem
3639 5465 3813 5535 crede,

2205 5533 2445 5607 Prosper
2496 5533 2640 5589 idem
2683 5535 2797 5604 agit
2824 5535 2880 5590 in
2925 5532 3203 5589 Chronico
3232 5532 3436 5607 vulgari
3496 5537 3560 5592 ad
3610 5532 3816 5599 annum

2203 5604 2406 5662 Christi
2437 5620 2722 5663 coooxxvr.
