4206 6174
474 212 582 273 687

1427 205 1775 272 APPENDIX
1815 210 1905 270 AD
1946 204 2176 273 orans
2216 216 2273 272 s.
2316 212 2544 277 ZOSIMI
2583 205 2808 278 9AM.

3674 216 3780 277 688

470 328 669 401 scripta
697 325 935 382 Zosimus
960 326 1263 396 accepisset,
1289 332 1567 378 convocato
1597 324 1737 378 clero
1757 367 1773 391 ,
1814 323 2080 392 accitoque
2108 335 2161 396 Α
2186 327 2391 393 vinciis,
2422 328 2626 382 ineunte
2657 345 2831 383 mense
2846 327 3128 383 Novembri
3154 328 3281 384 anni
3301 324 3408 386 H7
3425 330 3774 385 convenerint.

474 418 737 486 Ctelestio,
769 419 932 491 ipsius
957 435 1015 471 ac
1044 416 1247 486 Pelagii
1274 431 1487 469 causam
1516 415 1808 470 examinari
1837 426 1991 487 atque
2016 432 2077 470 ea

476 513 541 567 de
568 530 626 569 re
648 523 761 567 acta
790 512 976 583 conﬁci
996 510 1262 582 prwcepit.
1296 508 1456 563 Gesta
1483 507 1578 562 illa
1608 509 1799 563 exinde
1816 507 2075 564 Basilisco

474 607 669 660 tradita
690 648 705 671 ,
731 614 786 658 ut
816 621 874 657 ea
913 604 1133 671 deferret
1163 602 1217 656 in
1240 600 1496 672 Africam,
1525 618 1628 672 quo
1650 600 1787 655 hunc
1801 600 2077 655 subdiaco-

476 710 612 751 nunr
627 712 765 750 anno
809 695 936 761 417,
967 703 1087 749 ante
1115 694 1151 748 2
1183 692 1492 748 Novembris
1523 695 1659 748 diem
1696 694 1988 766 perrenisse
2011 709 2077 749 ea:

474 788 692 856 epistola
715 785 771 853 8,
797 803 851 840 n.
881 786 936 850 4,
964 794 1163 840 certum
1193 794 1287 839 est.
1320 783 1396 839 De
1420 784 1503 839 his
1530 785 1685 856 gestis
1708 783 1912 839 Marius
1933 783 2076 838 Mer-

474 890 617 936 cator
640 879 932 953 (Common.
966 895 1013 931 c.
1047 878 1126 949 1),
1158 880 1246 949 qui
1270 894 1449 933 eorum
1492 876 1811 946 exemplaria
1840 893 1993 948 penes
2023 893 2076 931 se

471 976 632 1045 fuisse
661 982 911 1040 testatur,
936 973 1078 1028 istud
1116 974 1318 1028 tradit:
1348 973 1639 1028 Caelestius
1685 972 2073 1044 interrogatus,

471 1085 594 1124 cum
636 1068 706 1123 ab
757 1068 849 1123 illo
877 1067 1164 1137 cognitore
1214 1064 1470 1139 (Zosimo)
1512 1064 1853 1134 aliquatenus
1898 1078 2075 1120 terre-

471 1170 665 1225 retur,
712 1160 922 1216 crebris
970 1160 1427 1231 responsionibus
1477 1165 1536 1213 et
1585 1160 2077 1228 prosecutionibus

469 1255 584 1311 suis
613 1270 766 1322 spcm
815 1253 1226 1325 prmseminavit
1275 1252 1644 1308 condemnare
1684 1267 1743 1308 se
1792 1252 2029 1322 capitula
2057 1293 2074 1320 ,

472 1350 543 1406 de
565 1349 763 1420 quibus
793 1348 935 1419 apud
964 1346 1357 1418 Carthaginem
1390 1347 1445 1420 (a
1479 1346 1739 1420 Paulino)
1782 1348 1962 1404 fuerat
1990 1363 2079 1403 ac-

470 1452 712 1510 cusatus,
744 1442 1096 1513 promittens.
1121 1442 1178 1497 Id
1203 1442 1352 1497 enim
1374 1450 1430 1496 et
1454 1442 2073 1512 instantiusjuhebatur,

470 1537 540 1591 ab
590 1550 767 1606 eoque
798 1534 1181 1590 vehementius
1208 1535 1655 1603 exspectabatur.
1692 1533 1944 1591 Eamdem
1968 1552 2078 1590 rem

470 1629 706 1699 pluribus
722 1627 1046 1698 prosequitur
1065 1627 1383 1701 Augustinus
1395 1626 1488 1682 lib.
1509 1628 1573 1681 de
1595 1626 1750 1681 Pecc.
1774 1629 1905 1700 orig.
1919 1671 1932 1695 ,
1949 1644 1996 1682 c.
2017 1629 2072 1683 7.

2192 418 2378 473 Verum
2428 421 2600 474 varios
2652 421 2933 495 Augustini
2988 421 3313 494 aliorumque
3344 421 3565 477 Patrum
3617 422 3777 486 locos,

2178 510 2359 577 quibus
2390 512 2692 566 sententiam
2715 528 2865 565 suam
2895 513 3083 584 fultam
3115 522 3318 581 putant,
3346 513 3392 567 si
3416 514 3532 578 quis
3561 512 3780 586 diligen-

2179 612 2256 657 ter
2285 604 2586 670 excusserit,
2610 604 2834 665 nullum,
2870 604 2957 674 qui
2979 608 3028 660 ei
3065 606 3235 677 reipsa
3265 604 3466 674 faveat,
3496 602 3782 671 deprehen-

2179 697 2283 751 det.
2334 696 2400 750 Et
2445 714 2508 750 ea:
2554 698 2617 751 iis
2656 697 2884 767 quidem,
2912 714 3044 769 quos
3076 697 3147 751 ad
3181 698 3463 752 concilium
3501 713 3641 752 anno
3673 696 3780 751 417

2179 788 2409 863 habitum
2436 790 2846 855 accommodant,
2882 792 3057 846 nullus
3081 800 3178 859 est,
3221 792 3313 863 qui
3351 809 3455 846 non
3501 791 3572 845 ad
3603 791 3780 846 conci-

2178 884 2307 938 lium
2333 898 2470 937 anno
2498 884 2731 953 sequenti
2752 882 2988 938 kalendis
3031 882 3189 938 Maiis
3217 883 3527 938 celebratum
3554 899 3785 938 commo-

2179 979 2294 1033 dius
2317 962 2801 1050 referaturclEpist.
2835 978 2910 1033 al.
2943 978 3034 1045 47,
3068 996 3207 1033 nunc
3225 978 3355 1046 215,
3384 997 3440 1034 η.
3471 980 3553 1051 2).
3586 978 3779 1034 Nomi-

2180 1077 2344 1130 natim
2368 1092 2483 1130 vero
2533 1074 2666 1130 illud
2713 1084 3000 1130 memorant
3042 1074 3375 1147 Augustini:
3421 1074 3579 1143 Quod
3624 1089 3779 1145 papae

2180 1164 2404 1220 Zosimo
2433 1165 2501 1221 de
2530 1166 2791 1221 Alricano
2828 1167 3063 1222 concilio
3092 1167 3360 1236 scriptum
3392 1176 3478 1223 est
3503 1212 3517 1236 ,
3549 1166 3779 1236 ejusque

2179 1259 2507 1329 rescriptum
2552 1260 2618 1313 ad
2651 1261 2938 1316 universos
2978 1260 3150 1315 totius
3178 1259 3332 1314 orbis
3358 1260 3682 1330 episcopos,
3727 1267 3783 1314 et

2178 1353 2325 1423 quod
2354 1353 2650 1423 posteriori
2678 1353 2915 1408 concilio
2951 1352 3196 1422 plenario
3225 1353 3395 1407 totius
3423 1350 3626 1408 Africa:
3652 1367 3783 1407 con-

2181 1454 2264 1499 tra
2296 1447 2475 1514 ipsum
2508 1460 2755 1501 errorem
2799 1446 3039 1501 breviter
3067 1444 3479 1511 constituimus,
3525 1444 3774 1516 legimus.

2183 1536 2284 1592 Ubi
2326 1538 2620 1609 negandum
2664 1554 2769 1593 non
2804 1549 2877 1594 est
2941 1538 3047 1592 duo
3086 1538 3151 1592 ab
3198 1538 3488 1610 Augustino
3529 1538 3780 1609 distingui

2181 1632 2438 1698 concilia,
2483 1648 2701 1704 quorum
2743 1649 2904 1687 unum
2932 1632 3249 1687 Africanum
3273 1672 3289 1698 ,
3320 1633 3543 1687 alterum
3590 1632 3780 1702 plena-

472 1724 579 1780 Sed
603 1724 715 1793 ipsa
736 1732 993 1796 gestorum
1024 1721 1179 1776 verba
1208 1763 1225 1788 ,
1268 1724 1337 1775 ad
1361 1737 1475 1791 qua:
1502 1730 1714 1792 uterque
1752 1722 1994 1790 respicit,
2042 1737 2075 1773 a
2104 1731 2151 1791 Β
2178 1723 2317 1778 rium
2373 1735 2539 1780 vocet.
2594 1724 2702 1780 Sed
2750 1742 2816 1780 ea:
2867 1725 2945 1779 his
2989 1742 3051 1779 ne
3080 1741 3239 1779 unum
3294 1725 3537 1795 quidem,
3588 1726 3777 1779 nedum

470 1814 699 1871 Paulino
723 1815 942 1870 diacono
962 1815 1014 1867 in
1042 1814 1300 1884 superiori
1329 1814 1553 1883 epistola
1575 1813 1632 1879 8,
1660 1832 1716 1867 n.
1748 1814 1806 1879 2,
1838 1818 2073 1885 referun-

470 1922 571 1977 tur,
618 1910 708 1966 ubi
732 1927 852 1965 cum
875 1909 1160 1981 unicuique
1185 1909 1283 1965 illa
1312 1912 1580 1965 consulere
1605 1910 1761 1980 facile
1785 1911 1875 1977 sit,
1902 1928 1960 1964 ea
1989 1912 2073 1965 hic

468 2013 693 2077 repetere
714 2003 1127 2073 supersedemus.

1229 2095 1319 2151 IV.

539 2189 593 2243 5.
641 2187 879 2243 Hilarius
933 2187 1293 2243 Narbonensis
1350 2191 1626 2261 episcopus
1674 2189 1854 2257 iniquo
1895 2188 2073 2243 animo

470 2286 641 2354 ferens
671 2284 812 2354 quod
839 2282 1085 2337 Zosimus
1111 2281 1361 2338 Patroclo
1402 2283 1697 2339 Arelatensi
1719 2285 1943 2339 antistiti
1968 2302 2071 2339 non

466 2378 521 2431 in
558 2376 840 2433 Viennensi
865 2386 1066 2432 tantum
1099 2378 1389 2446 provincia,
1420 2378 1513 2432 sed
1536 2389 1585 2433 et
1617 2379 1669 2432 in
1696 2379 1897 2434 duabus
1928 2376 2074 2434 Nar-

465 2470 771 2525 bonensibus
789 2471 1053 2543 episcOpos
1084 2470 1365 2524 ordinandi
1396 2479 1699 2540 potestatem
1726 2472 2067 2540 attribuisset,

467 2560 775 2615 relationem
807 2561 877 2614 ad
907 2576 1023 2615 eum
1055 2561 1195 2614 misit
1229 2558 1432 2633 (Epist.
1466 2560 1519 2625 (ἰ,
1558 2578 1611 2613 n.
1659 2562 1735 2631 1),
1777 2579 1880 2633 qua
1920 2580 2072 2617 suum

467 2669 576 2706 esse
602 2652 934 2717 obtendebat,
971 2654 1025 2705 in
1055 2650 1393 2707 Narbonensi
1432 2651 1461 2705 Ι
1487 2654 1756 2725 provincia
1782 2656 2072 2710 sacerdotes

469 2750 738 2805 ordinare.
773 2748 959 2820 Neque
987 2759 1157 2804 tamen
1191 2750 1286 2803 hoc
1305 2752 1396 2822 jus
1426 2750 1582 2805 veteri
1609 2795 1623 2818 ,
1650 2759 1706 2803 ut
1734 2751 2068 2824 exigebatur,

467 2842 841 2898 consuetudine
883 2843 981 2897 sibi
1025 2842 1352 2911 vindicabat,
1383 2842 1474 2895 sed
1514 2842 1741 2912 quadam
1780 2843 1978 2897 decoris
2023 2853 2072 2897 et

468 2935 777 2992 honestatis
824 2936 1041 3005 specie,
1085 2949 1345 2992 asserens
1376 2940 1428 2988 in
1469 2936 1647 2990 aliena
1682 2936 1956 3005 provincia
2003 2936 2072 2991 ab

469 3029 579 3083 alio
618 3044 729 3084 non
779 3028 985 3083 debere
1029 3027 1145 3083 ﬁeri
1187 3026 1523 3083 sacerdotes.
1568 3025 1720 3082 Hanc
1764 3027 2070 3082 relationem

2174 1817 2344 1885 ambo,
2400 1819 2468 1872 ad
2516 1836 2713 1873 annum
2744 1821 2847 1875 417
2886 1820 3067 1890 referri
3113 1829 3284 1890 queat.
3323 1818 3394 1873 Id
3422 1828 3557 1875 certe
3580 1860 3596 1886 ,
3636 1819 3778 1889 quod

2172 1913 2463 1983 plenarium
2492 1924 2780 1984 nuncupat,
2812 1915 2998 1970 celebri
3025 1914 3118 1970 illo
3156 1914 3355 1968 Zosimi
3386 1912 3454 1969 ad
3487 1914 3655 1967 totius
3687 1927 3779 1967 οι·-

2171 2005 2258 2061 bis
2293 2008 2587 2077 episcopos
2615 2008 2865 2079 rescripto
2890 2008 3154 2078 posterius
3195 2007 3358 2079 fuisse
3386 2015 3566 2074 aperte
3603 2006 3770 2060 docet.

2178 2095 2356 2168 Neque
2382 2099 2680 2169 ambiguum
2717 2108 2827 2165 est,
2856 2100 2981 2170 quin
3025 2098 3268 2154 Africani
3300 2095 3522 2153 concilii
3567 2097 3776 2151 nomine

2173 2192 2429 2263 synodum
2458 2208 2596 2245 anno
2616 2190 2723 2246 418
2755 2190 2992 2246 kalendis
3033 2191 3192 2246 Maiis
3212 2190 3465 2254 habitam,
3493 2206 3608 2261 qua:
3636 2204 3774 2263 prte-

2176 2285 2370 2338 dictant
2410 2282 2610 2338 Zosimi
2654 2284 2963 2355 rescriptum
3016 2285 3330 2350 antecessit,
3388 2283 3523 2337 idem
3585 2281 3776 2337 Doctor

2173 2376 2455 2449 intelligat.
2507 2376 2661 2440 Quod
2707 2379 3018 2446 conﬁrmare
3044 2378 3160 2432 licet
3191 2394 3308 2431 cum
3350 2394 3414 2432 ea:
3454 2377 3534 2432 his
3572 2375 3663 2430 lib.
3711 2377 3777 2430 de

2175 2469 2327 2525 Pecc.
2364 2470 2569 2542 Origin.
2622 2486 2743 2540 cap.
2785 2471 2818 2527 7
2865 2489 2879 2525 :
2937 2473 3134 2527 Postea
3164 2486 3332 2540 quam
3381 2486 3451 2525 ex
3496 2470 3774 2526 AFRICAXO

2173 2555 2558 2631 episcoporum
2591 2561 2829 2616 concilio
2861 2562 3131 2631 rescripta
3181 2561 3387 2617 directa
3418 2571 3549 2617 sunt
3576 2604 3593 2629 ,
3640 2560 3772 2632 quid

2175 2655 2336 2711 fuerit
2391 2662 2747 2711 consecutum
2800 2665 2860 2710 ut
2898 2656 3203 2725 justissime
3246 2656 3299 2711 in
3340 2671 3464 2711 eum
3501 2655 3775 2711 sententia

2174 2747 2542 2815 proferretur,
2583 2756 2779 2803 cuncta
2852 2747 3042 2818 legite,
3088 2756 3196 2802 tum
3259 2763 3323 2802 ea:
3370 2748 3485 2802 istis
3541 2745 3773 2820 ejusdem

2173 2837 2292 2892 libri
2320 2855 2435 2908 cap.
2477 2838 2541 2893 2t
2583 2856 2596 2891 :
2648 2838 2781 2893 Post
2822 2840 3091 2910 rescripta
3121 2841 3324 2911 quippe
3345 2839 3608 2895 AFRICANI
3636 2853 3772 2893 con-

2172 2931 2407 2985 cilii.....
2441 2946 2571 2985 cura
2605 2930 2849 2987 lidelium
2881 2941 3178 3002 patuerunt
3216 2948 3338 3002 qure
3380 2932 3585 2988 litteris
3614 2931 3727 2986 suis
3752 2972 3768 2997 ,

2173 3040 2311 3094 quas
2337 3022 2667 3094 conscripsit
2699 3039 2794 3093 per
2817 3025 3003 3080 orbem
3037 3024 3420 3095 perferendas,
3459 3040 3597 3095 papa
3620 3024 3772 3079 Zosi-

466 3121 702 3176 Zosimus
718 3120 937 3189 epistola
959 3120 1015 3185 6,
1034 3136 1175 3173 anno
1196 3118 1325 3184 417,
1358 3118 1679 3188 Septembris
1706 3119 1776 3175 29
1809 3121 1894 3174 die
1914 3120 2060 3186 data,
2090 3116 2138 3179 C
2170 3132 2289 3172 mus
2344 3116 2681 3171 exsecranda
2726 3116 2991 3173 adtexuit.
3042 3119 3333 3189 Augustino
3375 3118 3598 3173 concinit
3639 3117 3771 3173 Pro-

471 3215 684 3283 refutat.

540 3399 593 3454 6.
627 3396 868 3453 Aurelius
890 3398 1085 3467 aliique
1110 3397 1301 3469 Africa:
1328 3398 1578 3469 episcopi,
1604 3414 1740 3453 anno
1774 3400 1900 3467 417,
1928 3401 2066 3455 circa

472 3494 657 3548 mensis
709 3491 1014 3547 Novembris
1069 3492 1224 3545 initia
1266 3490 1583 3563 Carthagine
1629 3496 1958 3567 congregati,
2004 3495 2067 3550 de

472 3587 710 3643 Caelestio
738 3587 807 3641 ad
836 3585 1101 3641 Zosimum
1122 3603 1314 3658 papam
1340 3588 1735 3660 rescripseram,
1761 3606 1875 3642 ctmt
1908 3607 1965 3643 eo
1991 3592 2068 3645 sic

470 3680 880 3752 expostulantes,
913 3680 1059 3750 quasi
1087 3681 1327 3735 Itwretico
1364 3680 1483 3734 huic
1511 3681 1565 3734 in
1601 3683 1836 3737 omnibus
1865 3700 2069 3738 occant-

470 3772 731 3828 ntodasset
783 3773 970 3841 ﬁdem,
1001 3781 1153 3841 atque
1178 3771 1329 3826 illius
1373 3772 1537 3827 verbis
1574 3791 1677 3828 non
1720 3775 1970 3831 discussis
2001 3777 2069 3831 ad

470 3882 675 3919 omnem
703 3864 957 3936 syllabam
986 3880 1261 3919 assensum
1290 3865 1617 3934 praebuisset.
1652 3864 1754 3920 His
1782 3867 1835 3919 in
1875 3868 2069 3923 litteris

472 3958 601 4024 sibi,
632 3966 810 4028 utpote
833 3954 975 4027 apud
1004 3971 1133 4026 quos
1163 3964 1436 4009 accusatus
1469 3956 1532 4009 sit
1569 3952 1835 4010 Caelestius
1859 3998 1873 4022 ,
1917 3969 2068 4013 notas

470 4065 581 4103 esse
607 4046 960 4101 memorabant
1002 4046 1149 4100 illius
1180 4054 1338 4099 artes.
1385 4044 1514 4099 Tant
1558 4059 1934 4114 prtemonentes
1965 4051 2073 4103 sin-

471 4155 641 4195 ceram
679 4154 782 4192 non
807 4152 912 4190 esse
941 4136 1081 4191 illius
1109 4134 1298 4203 ﬁdem,
1332 4134 1600 4190 Zosimum
1635 4136 2025 4193 obtestabantur
2053 4182 2068 4205 ,

475 4250 538 4287 ne
563 4231 712 4285 illum
736 4243 1063 4299 prccpropere
1091 4226 1395 4294 absolveret,
1422 4229 1513 4281 sed
1539 4245 1617 4283 res
1646 4229 1699 4284 in
1724 4246 1785 4283 eo
1811 4232 2070 4303 relinque—

476 4332 554 4377 ret
591 4331 752 4387 statu,
777 4320 831 4373 in
849 4336 950 4390 quo
970 4327 1089 4373 ante
1130 4320 1460 4374 novissimam
1486 4322 1832 4392 cognitionem
1878 4336 2026 4379 erant
2051 4367 2067 4390 ,

477 4418 575 4471 hoc
605 4425 677 4472 est
700 4460 715 4484 ,
747 4432 779 4470 a
806 4414 1195 4481 communione,
1235 4430 1339 4484 qua
1376 4404 1607 4485 privatus
1652 4415 1716 4469 ab
1764 4414 2070 4474 Innocentio

2167 3224 2285 3280 sper
2315 3207 2403 3260 lib.
2432 3217 2609 3261 contra
2635 3206 2966 3273 Collatorem,
2992 3225 3040 3263 c.
3065 3209 3154 3274 10,
3171 3226 3261 3265 seu
3286 3209 3342 3274 5,
3368 3227 3422 3264 n.
3450 3208 3540 3265 15.
3570 3210 3773 3283 Quippe

2167 3301 2307 3373 quod
2336 3301 2406 3355 ibi
2435 3302 2569 3355 velut
2597 3302 2652 3356 in
2695 3301 2946 3372 Africano
2976 3305 3200 3359 concilio
3229 3306 3570 3360 constitutum
3591 3306 3773 3360 laudat

2168 3393 2223 3447 in
2249 3392 2389 3447 hunc
2418 3392 2629 3447 modum
2658 3410 2675 3446 :
2714 3393 3061 3451 Erraverunt
3096 3395 3351 3453 Africana
3384 3399 3770 3469 episcoporum

2169 3486 2430 3551 concilia,
2461 3503 2581 3557 qua:
2610 3486 2846 3543 decretis
2877 3488 2991 3544 suis
3022 3490 3436 3547 constituerunt
3478 3500 3772 3563 utrumque

2170 3580 2265 3634 Dei
2297 3580 2502 3634 donum
2540 3595 2688 3646 esse,
2719 3591 2775 3635 et
2801 3581 2947 3637 scire
2986 3583 3115 3654 quid
3144 3584 3326 3639 facere
3354 3584 3681 3648 debeamus,
3716 3593 3772 3639 et

2171 3673 2397 3745 diligere
2428 3684 2484 3728 ιιι
2522 3673 2811 3739 faciamus,
2865 3676 3079 3731 totidem
3112 3677 3275 3731 verbis
3300 3677 3579 3747 deﬁnitum
3607 3679 3772 3750 legere

2170 3778 2244 3822 est
2288 3768 2342 3821 in
2369 3768 2570 3839 synodo
2613 3767 3014 3841 Carthaginensi
3041 3786 3180 3824 anno
3209 3770 3311 3826 H8
3342 3769 3578 3826 kalendis
3610 3770 3772 3826 Maiis

2172 3859 2368 3926 habita,
2406 3876 2523 3914 can.
2564 3859 2620 3927 4,
2651 3879 2739 3916 seu
2782 3861 2838 3918 5.
2887 3861 3001 3916 Nec
3029 3878 3229 3919 movere
3270 3879 3581 3935 quemquam
3626 3863 3773 3919 debet

2170 3954 2309 4024 quod
2336 3953 2527 4008 ibidem
2557 3953 2766 4025 subjicit
2811 3954 3085 4029 Prosper:
3120 3958 3456 4013 Erraverunl
3486 3973 3647 4014 ccxxv
3686 3973 3772 4013 sa-

2170 4045 2446 4109 cerdotes,
2476 4045 2564 4116 qui
2598 4045 2651 4101 in
2678 4047 2930 4118 epistola,
2961 4066 3120 4121 quam
3155 4050 3268 4105 suis
3288 4050 3771 4108 constitutionibus

2174 4137 2556 4206 prmtulerunt,
2584 4146 2720 4206 etc.,
2751 4140 2905 4210 quasi
2920 4144 3037 4213 jam
3067 4142 3216 4195 aliud
3241 4141 3544 4205 concilium,
3576 4159 3771 4197 memo-

2173 4247 2292 4286 rare
2337 4232 2578 4303 incipiat.
2639 4232 2764 4287 Non
2792 4235 2929 4288 enim
2969 4235 3050 4290 his
3086 4236 3256 4290 verbis
3280 4236 3429 4290 aliud
3459 4236 3768 4302 concilium,

2174 4323 2264 4379 sed
2308 4324 2541 4393 eiusdem
2594 4327 2802 4381 concilii
2833 4328 2981 4406 aliud
3022 4331 3305 4402 scriptum,
3338 4339 3462 4400 puta
3500 4329 3771 4404 epistolam

2177 4421 2411 4489 praedicti
2434 4422 2647 4475 concilii
2669 4421 2887 4477 decretis
2932 4408 3204 4495 prie/imam
3235 4434 3623 4480 commemorat.

475 4513 644 4583 fuerat
688 4509 979 4574 Caelestius,
1019 4506 1247 4562 alienum
1290 4523 1553 4561 remanere
1602 4508 1810 4562 interim
1855 4510 2065 4566 sineret.
2098 4509 2151 4569 D
2246 4511 2300 4567 8.
2334 4512 2440 4568 Sed
2462 4523 2509 4567 et
2538 4514 2678 4568 intra
2703 4515 2837 4569 illud
2866 4526 3084 4587 tempus,
3112 4533 3210 4586 quo
3229 4516 3430 4573 Zosimi
3452 4519 3517 4573 de
3535 4518 3770 4574 Caelestio

482 4604 636 4673 Quod
667 4620 782 4658 cum
812 4601 1172 4655 edisseruerint
1203 4607 1309 4652 tam
1339 4599 1544 4665 copiose
1577 4609 1634 4652 ut
1665 4616 1836 4654 eorum
1872 4601 2072 4656 litteras

477 4695 751 4751 roluminis
775 4694 983 4749 nomine
1012 4693 1206 4746 donare
1229 4689 1471 4745 Zosimus
1514 4706 1616 4745 non
1654 4691 1942 4759 dubitarit,
1975 4692 2072 4747 hoc

481 4804 651 4845 tamen
670 4791 894 4844 modeste
916 4785 1046 4840 adeo
1082 4785 1466 4855 praestiterunt,
1501 4793 1556 4836 ut
1588 4784 1748 4857 hujus
1783 4801 1930 4857 papa:
1958 4788 2071 4839 ani-

482 4899 620 4936 mum
670 4883 723 4935 in
774 4878 995 4933 Caelestii
1047 4878 1271 4948 gratiam
1313 4876 1637 4946 quantumvis
1684 4894 1993 4950 prapensum
2038 4896 2072 4932 a

482 4980 834 5044 prceconcepta
863 4970 927 5022 de
953 4969 1046 5022 illo
1067 4968 1309 5040 Opinione
1337 4977 1634 5034 avocarent,
1671 4979 1728 5022 ut
1763 4986 1826 5024 ea:
1854 4970 2070 5042 epistola

484 5071 574 5133 15,
598 5084 699 5137 qua
729 5064 851 5135 ipsis
874 5062 1156 5133 rescripsit,
1181 5059 1363 5132 liquet.

555 5162 608 5215 7.
660 5155 942 5220 Nonnulli,
993 5169 1215 5225 quorum
1258 5155 1538 5211 eruditioni
1586 5156 1862 5228 deferimus
1905 5158 2075 5231 pluri-

486 5270 646 5321 mum,
670 5250 759 5305 uni
784 5247 981 5304 Zosimi
1002 5245 1233 5317 epistola:
1261 5248 1502 5303 secundm
1521 5247 1656 5303 duas
1685 5248 1747 5302 ab
1778 5248 1921 5319 Afris
1952 5250 2073 5304 red-

481 5348 615 5403 ditas
660 5359 770 5399 esse
798 5342 1097 5413 apinantur,
1132 5354 1289 5392 unam
1330 5340 1562 5394 videlicet
1608 5356 1635 5394 e
1674 5338 2073 5412 Carthaginensi

477 5438 719 5505 concilio,
743 5435 881 5508 quod
908 5434 1172 5500 Aurelius,
1200 5450 1265 5488 ne
1291 5434 1514 5487 duorum
1535 5435 1783 5487 mensium
1810 5451 1841 5487 a
1863 5433 2070 5489 Zosimo

481 5532 838 5603 prazscriptum
876 5527 1207 5582 intervallum
1243 5527 1354 5581 sine
1397 5524 1619 5597 epistola
1663 5524 1798 5580 elabi
1844 5526 2076 5594 sineret,

478 5625 721 5698 festinato
749 5622 1074 5693 congregarit
1101 5636 1119 5685 ;
1146 5618 1361 5672 alteram
1387 5633 1505 5673 vero
1530 5634 1593 5673 ea:
1620 5617 1784 5673 altero
1814 5618 2032 5672 concilio
2056 5661 2070 5687 ,

475 5715 530 5771 in
559 5728 658 5783 qua
688 5713 804 5766 item
837 5710 1155 5785 Carthagine
1191 5708 1366 5780 plures
1395 5711 1620 5781 episcopi
1652 5728 1679 5767 e
1707 5709 1920 5768 diversis
1945 5729 2070 5783 pro-

2177 4603 2365 4660 litterae
2391 4605 2534 4675 Afris
2572 4606 2779 4662 tradita:
2818 4617 2973 4674 sunt,
3013 4618 3059 4663 et
3100 4627 3203 4681 quo
3239 4608 3318 4664 illi
3359 4611 3771 4683 conscripserunt

2179 4712 2288 4763 cas,
2322 4697 2507 4766 quibus
2551 4698 2689 4752 idem
2724 4716 2863 4772 papa
2897 4702 3046 4767 epist.
3088 4699 3156 4756 i2
3186 4703 3477 4772 respondet,
3524 4703 3613 4759 vim
3656 4713 3773 4760 octo

2179 4789 2382 4842 dierum
2411 4790 2705 4861 excogitare
2735 4793 2853 4846 licet
2882 4793 3233 4849 intervallum.
3268 4794 3467 4869 Nempe
3493 4796 3773 4853 Basiliscus

2178 4881 2524 4937 subdiaconus
2553 4901 2639 4938 cas
2669 4882 2869 4939 Zosimi
2896 4886 3119 4954 litteras,
3152 4886 3337 4959 quibus
3363 4887 3584 4943 Caelestii
3611 4904 3771 4943 accu-

2179 4988 2372 5033 satores
2399 4977 2603 5044 Romte,
2636 4988 2693 5032 ut
2722 4996 2838 5032 eum
2866 4978 2938 5033 ibi
2968 4992 3278 5052 prazsentem
3307 4994 3602 5055 arguerent,
3633 4983 3772 5037 intra

2173 5072 2458 5127 secundum
2502 5089 2723 5128 mensem
2762 5074 2936 5128 sistere
2973 5092 3026 5130 se
3062 5076 3402 5148 jubebantur,
3445 5080 3501 5133 in
3539 5079 3771 5151 Africam

2176 5162 2508 5234 perferendas
2524 5165 2769 5233 suscepit.
2797 5164 2909 5220 Nec
2928 5167 3142 5222 dubium
3162 5170 3288 5241 quin
3308 5169 3405 5224 iste
3423 5170 3771 5227 subdiaconus

2175 5258 2350 5309 statim
2380 5255 2442 5309 ab
2477 5257 2698 5311 adventu
2730 5274 2823 5313 suo
2859 5260 3135 5329 specialem
3171 5261 3395 5318 leestii
3421 5274 3772 5320 accusatorem

2178 5344 2468 5402 Paulinum
2512 5351 2780 5404 convenire
2827 5368 2928 5407 non
2973 5352 3254 5408 distulerit.
3306 5356 3459 5426 Atqui
3510 5355 3771 5413 Paulinus

2177 5455 2285 5492 sese
2310 5439 2346 5493 2
2380 5438 2685 5497 Novembris
2720 5444 2804 5498 die
2839 5461 2871 5498 a
2901 5444 3160 5501 Basilisco
3187 5461 3490 5505 conventum
3526 5468 3587 5506 ac
3621 5452 3771 5508 verba

2177 5538 2324 5586 tenus
2358 5531 2574 5586 Romam
2603 5535 2819 5590 citatum
2851 5548 3094 5605 testatus,
3128 5551 3271 5594 sexto
3299 5552 3411 5614 post
3438 5542 3543 5612 die,
3575 5544 3671 5598 hoc
3692 5554 3770 5599 est

2179 5621 2487 5681 Novembris
2517 5627 2573 5695 8,
2617 5625 2855 5685 libellum
2895 5632 2965 5685 ad
2991 5631 3257 5688 Zosimum
3283 5651 3375 5706 per
3404 5635 3770 5692 Marcellinum

2179 5716 2606 5790 Carthaginensis
2633 5723 2863 5778 ecclesiae
2883 5725 3258 5782 subdiaconum
3279 5730 3433 5784 misit.
3462 5728 3591 5785 Cum
3613 5731 3769 5803 igitur
