4206 6174
460 294 562 354 689

852 298 1127 359 NOTI'I'IA
1167 301 1615 363 SCRIPTORUM
1652 305 1793 365 NON
1832 308 2055 366 EXSTA

2159 312 2281 369 lUM
2322 313 2491 383 ρυλε]
2531 315 2621 370 AD
2661 317 2970 376 ZOSIMUM
3010 319 3381 381 ΛΤΤΙΝΕΝΤ.

3650 323 3755 382 690

454 414 697 471 Zosimus
739 419 957 490 epistola
1012 418 1092 487 15,
1146 437 1198 472 n.
1242 420 1299 489 2,
1346 421 1655 491 respondere
1703 441 1756 478 se
1802 425 2059 495 signiﬁcet
2090 430 2138 488 Α
2170 428 2629 497 cognoscendam,
2660 447 2845 486 verum
2875 432 3037 488 etiam
3061 434 3127 488 ad
3153 436 3756 508 laciendamjustitiam.

453 508 706 578 Afrorum
739 509 923 564 litteris
956 511 1053 565 sibi
1095 528 1186 583 per
1223 514 1455 567 eumdem
1500 514 1860 571 Marcellinum
1891 518 2054 587 datis,

454 617 773 671 consequens
818 604 964 659 nobis
1000 604 1226 674 videtur,
1275 614 1329 659 ut
1360 606 1441 661 ha:
1464 606 1709 678 Afrorum
1736 609 1920 667 litterae
1954 627 2060 665 una

455 711 575 750 cum
603 694 779 751 libello
804 695 1021 751 Paulini
1041 696 1221 752 eodem
1246 697 1281 753 8
1304 698 1609 754 Noveinbris
1634 701 1719 754 die
1748 699 2058 756 Marcellino

458 787 665 842 tradita:
687 786 902 856 fuerint.
927 787 1052 841 .lam
1075 805 1192 843 vero
1212 789 1351 843 intra
1373 807 1563 860 paucos
1584 790 1704 845 illos
1726 792 1853 854 dies,
1877 792 2059 864 quibus

456 888 505 933 et
535 876 820 933 Basiliscus
857 879 909 932 in
945 880 1183 951 Africam
1216 880 1445 947 advenit,
1489 892 1536 935 et
1576 882 1914 937 Marcellinus
1940 884 2061 938 inde

456 971 682 1027 Romam
710 977 971 1045 profectus
998 984 1092 1039 est,
1136 975 1191 1029 in
1226 977 1403 1029 eadem
1434 977 1641 1031 civitate
1669 978 1801 1032 duas
1839 978 2059 1034 celebres

454 1066 702 1135 synodos,
743 1081 775 1118 a
802 1064 985 1134 quibus
1022 1067 1234 1121 seorsim
1270 1067 1462 1122 littera:
1497 1067 1566 1121 ad
1594 1066 1859 1122 Zosimum
1890 1070 2060 1124 misste

452 1154 575 1221 sint,
606 1154 808 1211 habitas
834 1173 941 1211 esse
960 1157 1078 1225 quis
1099 1157 1198 1211 sibi
1224 1159 1574 1231 persuadeat?
1596 1159 1664 1213 Et
1689 1162 1826 1215 istud
1850 1178 1902 1232 qi
1924 1161 2057 1216 idem

457 1247 752 1303 observasse
772 1251 969 1321 juverit
987 1292 1001 1311 .
1036 1268 1137 1305 non
1165 1252 1322 1306 modo
1350 1262 1404 1307 ut
1435 1253 1681 1308 historica
1708 1253 2060 1309 illustraretur

457 1341 669 1410 veritas,
699 1341 790 1395 sed
822 1342 1047 1397 maxime
1084 1360 1148 1398 ne
1185 1328 1478 1399 crederetur
1516 1345 1757 1400 Zosimus
1804 1347 1868 1400 de
1908 1348 2057 1401 rebus

454 1433 645 1485 summi
674 1434 962 1499 momenti,
996 1433 1060 1487 de
1085 1434 1272 1503 quibus
1315 1435 1419 1490 duo
1459 1438 1682 1492 concilia
1713 1439 1920 1507 copiose
1956 1439 2057 1508 ipsi

453 1527 799 1596 scripsissent,
822 1530 1007 1602 jejune
1037 1532 1249 1585 omnino
1277 1548 1337 1586 ac
1364 1549 1466 1586 non
1493 1534 1604 1588 sine
1627 1534 1853 1606 quadam
1884 1533 2054 1606 negli-

453 1621 643 1693 gentia:
678 1633 769 1676 aut
799 1623 954 1677 etiam
982 1624 1236 1694 superbia:
1268 1642 1328 1679 ac
1370 1626 1533 1695 fastus
1562 1638 1685 1681 nota
1714 1628 2055 1696 rescripsisse.

454 1710 538 1766 Ea
576 1714 713 1768 enim
754 1715 981 1787 suspicio
1017 1732 1228 1787 prorsus
1257 1718 1530 1786 evanescit,
1573 1719 1661 1772 ubi
1698 1736 1806 1774 una
1853 1728 2053 1773 tantum

2167 532 2265 573 nos
2293 534 2392 589 per
2421 532 2575 576 actus
2602 522 2844 593 singulos
2868 524 3111 594 adjuvari
3146 543 3158 580 :
3189 526 3264 580 ita
3290 536 3344 582 ut
3367 529 3486 583 sine
3507 528 3594 584 illa
3623 528 3756 584 nihil

2162 629 2304 669 vera:
2353 626 2668 687 sanclthue
2707 618 2920 687 pietatis
2962 619 3199 687 habere,
3231 622 3472 693 cogitare
3493 664 3507 688 ,
3538 623 3755 688 dicere,

2162 721 2321 777 agere
2353 707 2652 763 valeamus.
2692 728 2711 762 ι

2236 799 2322 853 11.
2367 797 2444 853 De
2490 802 2667 853 eadem
2722 802 2937 870 epistola
2991 802 3137 875 loqui
3183 804 3384 859 videtur
3437 808 3759 878 Augustinus

2162 891 2252 945 lib.
2297 908 2334 946 II
2361 893 2428 945 ad
2459 890 2727 964 Bonifac.,
2768 911 2814 949 c.
2847 896 2902 963 5,
2937 896 3025 949 ubi
3053 898 3125 950 ait
3153 912 3173 951 :
3206 897 3289 952 Ea:
3316 898 3496 967 Africa
3535 898 3755 955 Romam

2118 988 2123 995 ’
2162 983 2346 1038 littera:
2376 998 2551 1055 postea
2589 997 2839 1041 venerant
2866 989 2920 1041 id
2954 992 3273 1046 continentes
3305 1008 3324 1045 :
3352 990 3470 1048 Non
3505 993 3758 1049 sufficere

2162 1076 2476 1131 hominibus
2528 1078 2861 1133 tardioribus
2908 1089 2967 1135 et
3014 1081 3457 1148 Sollicilioribus,
3505 1084 3647 1155 quod
3698 1100 3757 1141 se

2159 1172 2489 1239 generaliter
2543 1171 2843 1227 Innocentii
2892 1174 3134 1244 episcopi
3192 1176 3390 1231 litteris
3444 1177 3758 1233 consentire

2162 1265 2473 1335 (Caelestius)
2499 1266 2770 1322 fatebatur
2794 1284 2806 1320 :
2833 1268 2928 1322 sed
2954 1278 3143 1338 aperte
3167 1286 3290 1324 eum
3318 1270 3519 1327 debere
3542 1271 3758 1327 anatbe~

2162 1360 2428 1415 matizare
2450 1376 2573 1430 quae
2600 1359 2653 1414 in
2683 1376 2783 1415 suo
2810 1360 2995 1416 libello
3026 1377 3187 1432 prava
3211 1375 3465 1433 posuerat
3490 1380 3505 1430 ;
3538 1379 3605 1418 ne
3632 1364 3676 1418 si
3702 1363 3755 1418 id

2160 1468 2268 1507 non
2310 1451 2559 1520 fecisset,
2606 1452 2759 1506 multi
2806 1467 2995 1522 parum
3042 1454 3442 1524 intelligentes,
3487 1456 3659 1526 magis
3700 1456 3753 1511 in

2161 1543 2345 1599 libello
2374 1545 2492 1613 ejus
2516 1543 2606 1599 illa
2632 1544 2754 1600 ﬁdei
2781 1560 2991 1599 venena
3021 1561 3050 1599 a
3082 1545 3213 1601 sede
3238 1547 3537 1616 apostolica
3568 1546 3757 1603 crede-

2159 1646 2283 1692 rent
2308 1638 2606 1706 approbala
2634 1681 2648 1705 ,
2684 1646 2976 1707 propterea
3003 1639 3147 1709 quiod
3187 1639 3258 1695 ab
3284 1641 3369 1694 illa
3400 1641 3602 1696 dictum
3639 1650 3756 1696 erat

2160 1744 2282 1784 eum
2313 1728 2553 1785 libellum
2579 1745 2703 1786 esse
2734 1730 3063 1786 catholicum
3082 1772 3096 1797 ,
3123 1747 3284 1802 quam
3316 1732 3603 1789 emendata
3627 1749 3756 1804 pro-

453 1806 751 1861 admittitur
772 1807 1019 1878 Afrorum
1051 1810 1290 1880 epistola,
1320 1811 1407 1865 cui
1433 1823 1674 1867 accurate
1705 1830 1797 1883 pro
1828 1825 2055 1884 tempore
2088 1813 2130 1872 B
2163 1832 2282 1892 pter
2309 1821 2440 1876 illud
2466 1864 2479 1883 .
2510 1822 2655 1892 quod
2687 1838 2746 1878 se
2780 1839 2929 1894 papa:
2958 1823 3258 1880 Innocentii
3299 1826 3494 1881 litteris
3523 1841 3756 1883 consen-

454 1902 750 1972 respondet.
795 1900 943 1957 Fieri
975 1903 1179 1958 demum
1208 1905 1377 1976 potuit
1398 1950 1413 1974 ,
1443 1913 1497 1958 ut
1527 1906 1642 1977 Afri
1661 1949 1674 1973 ,
1715 1906 1803 1974 qui
1838 1908 2059 1961 concilia

453 1998 743 2068 frequenter
767 1994 1116 2062 celebrabant,
1151 1995 1460 2070 Carthagine
1476 2001 1594 2069 jam
1621 2000 1939 2071 congregati,
1966 2011 2057 2054 aut

453 2088 828 2162 propemodum
857 2092 1208 2163 congregandi
1238 2100 1423 2159 essent,
1474 2108 1591 2145 cum
1630 2092 1912 2147 secundum
1947 2092 2055 2147 Zo-

452 2187 573 2240 simi
616 2186 886 2259 epistolam
927 2196 1254 2258 acceperunt.
1311 2186 1461 2241 Unde
1502 2186 1699 2258 factum
1734 2198 1806 2241 est
1851 2198 1906 2242 ut
1954 2190 2056 2261 ipsi

453 2278 603 2332 citius
630 2279 989 2349 rescriberem,
1022 2280 1456 2350 quemadmodum
1483 2297 1623 2337 anno
1656 2292 1898 2352 sequente
1924 2300 2050 2338 con-

452 2368 595 2441 tigit.

1249 2466 1335 2521 Vl.

521 2555 574 2611 9.
613 2555 757 2612 Tunc
788 2566 1081 2626 opportune
1101 2560 1311 2624 accidit,
1346 2570 1400 2616 ut
1431 2562 1628 2616 Zosimi
1654 2564 1877 2635 epistola
1901 2563 1968 2617 12
1988 2565 2051 2618 ab

450 2650 593 2720 Afris
640 2665 699 2704 ul
741 2648 989 2706 kalendas
1032 2652 1203 2707 Maias
1240 2656 1365 2708 anni
1408 2656 1513 2710 418
1555 2656 1893 2728 acciperetur.
1939 2653 2052 2725 Ipsi

451 2741 587 2796 enim
613 2742 787 2796 triduo
808 2753 943 2813 post,
970 2745 1067 2799 hoc
1092 2756 1165 2799 est
1196 2746 1322 2816 ipsis
1347 2745 1582 2800 kalendis
1617 2746 1796 2813 Maiis,
1827 2745 2051 2801 Cartha-

450 2835 571 2907 gine
597 2836 650 2889 in
689 2835 906 2891 basilica
939 2836 1126 2892 Fausti
1153 2838 1539 2893 celeberrimum
1576 2839 1755 2894 eadem
1788 2840 1851 2893 de
1894 2855 2053 2893 causa

450 2926 729 2981 concilium
767 2926 1077 2985 habuerunt.
1120 2928 1187 2984 In
1222 2947 1282 2985 eo
1308 2931 1646 2986 consederunt
1675 2931 1914 2987 Aurelius
1943 2933 2051 3001 epi-

450 3036 633 3093 scopus
665 3020 1116 3094 Carthaginensis,
1147 3021 1475 3078 Donatianus
1500 3022 1820 3097 Teleptensis
1843 3026 2054 3096 provin-

450 3113 545 3168 cia:
572 3112 861 3184 Bgzacena:
896 3116 1091 3185 primas
1126 3125 1171 3169 et
1212 3116 1304 3171 alii
1341 3132 1477 3185 ccn,
1528 3126 1636 3172 tam
1674 3133 1740 3174 ex
1775 3118 2048 3187 provincia

2160 1913 2265 1965 tire
2294 1912 2407 1979 ipse
2441 1911 2826 1980 restionderat:
2855 1911 3054 1967 Eodem
3085 1926 3314 1986 spectare
3334 1916 3591 1972 credimus
3614 1918 3753 1987 quod

2157 2003 2295 2057 idem
2325 2001 2519 2056 Doctor
2546 2003 2673 2057 ibid.
2717 2020 2833 2076 cap.
2866 2004 2920 2069 4,
2953 2005 3022 2058 ad
3049 2006 3242 2060 calcem
3272 2010 3471 2061 numeri
3499 2006 3552 2074 6,
3585 2008 3751 2073 docet,

2160 2093 2314 2161 Atros
2343 2093 2576 2148 videlicet
2607 2094 2676 2147 ad
2713 2093 2979 2148 Zosimum
3017 2095 3349 2151 rescribentes
3373 2097 3658 2170 ﬂagitasse,
3694 2108 3752 2151 ut

2159 2185 2425 2240 Caelestius
2456 2186 2570 2255 ipsa
2599 2189 2826 2242 omnino
2869 2190 2937 2242 de
2966 2189 3065 2244 hac
3101 2190 3404 2260 quasstione
3447 2191 3754 2265 (originalis

2157 2278 2376 2351 peccati)
2406 2282 2569 2335 verba
2595 2295 3024 2337 commemorare
3046 2290 3102 2336 et
3124 2282 3608 2349 analbematizare,
3632 2300 3753 2354 ante

2160 2374 2211 2427 in
2242 2372 2428 2428 libello
2456 2388 2556 2428 suo
2589 2374 2769 2443 posuit
2809 2373 3046 2445 (quaeque
3072 2373 3283 2446 supra§
3310 2376 3363 2439 1,
3395 2393 3449 2430 n.
3486 2376 3542 2441 2,
3572 2378 3752 2431 retuli-

2156 2463 2337 2534 mus),
2366 2476 2675 2535 cogeretur.

2230 2560 2318 2616 12.
2362 2559 2527 2614 Νοιαε
2555 2561 2775 2629 denique
2810 2560 3134 2631 Augustinus
3172 2561 3266 2615 lib.
3308 2562 3371 2615 de
3412 2560 3565 2616 Pecc.
3601 2560 3748 2635 Orig.

2155 2667 2201 2705 c.
2245 2651 2309 2719 8,
2358 2652 2496 2705 istud
2533 2653 2586 2706 in
2623 2651 2706 2707 his
2748 2652 2976 2719 litteris,
3022 2652 3207 2723 quibus
3255 2654 3553 2711 venerabili
3599 2670 3752 2725 pelue

2156 2742 2376 2797 Zosimo
2406 2744 2647 2814 synodus
2675 2741 2939 2798 Africana
2981 2744 3308 2813 respondit,
3354 2760 3753 2801 commemora-

2158 2844 2267 2890 tum
2287 2877 2301 2902 ,
2327 2836 2453 2905 quid
2487 2836 2737 2890 nimirum
2764 2835 2832 2890 de
2859 2836 3165 2891 Palmstinze
3190 2837 3382 2909 synodi
3405 2839 3605 2908 gesns,
3633 2839 3754 2909 qui-

2158 2934 2256 2986 bus
2293 2946 2351 2984 se
2396 2929 2647 3001 Pelagius
2682 2930 2994 2985 absolutum
3035 2944 3158 2984 esse
3190 2930 3476 3000 gloriatur,
3526 2943 3749 2987 sanctus

2158 3040 2292 3093 papa
2329 3023 2674 3078 Innocentius
2698 3021 2970 3093 judicarit.
3007 3021 3158 3078 Unde
3193 3031 3242 3076 et
3277 3023 3540 3093 Africana:
3564 3023 3752 3095 synodi

2157 3127 2328 3185 patres
2353 3131 2568 3183 operam
2595 3115 2801 3169 dedisse
2830 3113 3120 3187 colligitur,
3153 3124 3209 3169 ut
3238 3116 3459 3170 latebras
3486 3132 3548 3169 ac
3575 3116 3749 3181 doles,

451 3203 730 3276 ltyzacena
758 3248 773 3272 ,
805 3223 965 3277 quam
997 3208 1317 3263 Mauritania
1350 3208 1630 3277 Sitifensi,
1672 3209 2001 3279 Tripolitana
2030 3252 2045 3277 ,
2077 3194 2123 3257 C
2152 3207 2338 3279 quibus
2374 3209 2645 3263 luereticus
2673 3208 2766 3263 ille
2796 3208 3086 3281 impietates
3123 3225 3246 3263 suas
3287 3210 3490 3280 operire
3517 3208 3747 3275 solebat,

450 3295 724 3365 Numidia,
756 3298 1077 3354 Mauritania
1104 3301 1432 3357 Caesariensi
1461 3312 1515 3357 et
1547 3303 1801 3372 Hispania
1828 3320 2047 3377 congre-

452 3390 559 3459 gati
582 3434 598 3458 ,
636 3399 692 3443 ut
721 3392 777 3445 in
820 3392 1203 3464 exemplaribus
1241 3393 1447 3449 Codicis
1475 3412 1508 3448 a
1550 3396 1823 3463 Quesnello
1856 3399 2051 3469 vulgati

453 3497 501 3535 c.
541 3482 605 3537 l5
632 3482 869 3557 legimus.
902 3484 1140 3540 Concilio
1167 3487 1287 3540 huic
1313 3486 1540 3560 Prosper
1568 3487 1658 3542 lib.
1684 3499 1823 3543 cont.
1857 3488 2047 3544 Collat.

453 3590 502 3628 c.
540 3575 593 3639 5,
626 3592 679 3629 η.
722 3576 812 3642 15,
842 3586 890 3632 et
916 3595 1051 3651 resp.
1094 3580 1163 3633 ad
1191 3579 1375 3651 object.
1410 3582 1442 3635 8
1474 3580 1767 3650 Gallorum,
1804 3580 2052 3654 Prosperi

449 3667 573 3720 item
624 3665 882 3722 Chronico
914 3671 1259 3725 consentiente
1282 3715 1296 3736 ,
1352 3673 1621 3745 episcopos
1666 3675 2052 3742 quatuordecim

452 3774 614 3829 supra
642 3758 915 3828 ducentos,
950 3760 1169 3816 Photius
1197 3778 1313 3817 vero
1338 3764 1515 3818 codice
1544 3764 1614 3819 55
1639 3775 1868 3835 quatuor
1893 3782 2052 3837 supra

451 3850 699 3904 ducentos
725 3852 906 3922 viginti
932 3852 1226 3923 interfuisse
1258 3854 1488 3908 tradunt.
1524 3855 1769 3922 Quamvis
1796 3867 1967 3909 autem
2000 3858 2051 3911 in

454 3941 629 3996 codice
657 3943 853 4009 Quesn.
883 3945 1183 4014 plenarium
1213 3946 1544 4015 inscribatttr,
1579 3965 1681 4001 non
1712 3949 1856 4002 aliud
1883 3960 2052 4004 tamen

454 4034 518 4089 ab
545 4052 605 4089 eo
649 4052 758 4091 esse
784 4038 901 4108 jam
929 4038 1282 4110 probavimus,
1325 4041 1464 4111 quod
1509 4040 1825 4114 Augustinus
1866 4043 1954 4097 lib.
1991 4045 2055 4097 de

457 4124 612 4182 Pecc.
645 4130 804 4201 orig.,
843 4146 890 4185 c.
923 4130 956 4185 8
984 4141 1032 4184 et
1070 4133 1162 4197 21,
1187 4149 1385 4187 necnon
1415 4134 1503 4188 lib.
1538 4149 1577 4188 ιι
1618 4134 1686 4187 ad
1716 4133 2053 4206 Boni/nciam

455 4236 500 4273 c.
528 4219 562 4274 5
585 4219 895 4277 Africanum
922 4235 1207 4296 nuncupat.

526 4315 616 4369 10.
649 4312 905 4385 Episcopi
942 4317 1052 4371 illic
1096 4320 1398 4391 congregati
1445 4329 1559 4374 octo
1599 4336 1845 4387 canones,
1878 4322 2053 4391 quales

456 4403 631 4460 Codex
673 4405 871 4472 Quesn.
915 4423 963 4461 c.
1012 4410 1079 4464 15
1117 4408 1341 4476 exhibet,
1402 4411 1707 4465 Milevitana
1750 4428 1787 4467 ιι
1833 4412 2055 4467 concilio

456 4516 726 4570 perperam
753 4500 909 4554 tribui
937 4502 1146 4567 solitos,
1182 4503 1555 4571 condiderunt,
1590 4521 1775 4574 easque
1800 4503 1868 4558 ad
1906 4503 2055 4560 Zosi-

2154 3312 2458 3377 retegerent.
2506 3303 2711 3358 Marius
2742 3303 3008 3357 Mercator
3044 3310 3107 3359 de
3142 3302 3331 3357 litteris
3358 3303 3475 3374 illis
3504 3303 3603 3358 hoc
3638 3314 3753 3359 tan-

2156 3404 2266 3449 tum
2296 3395 2531 3450 indicare
2564 3397 2689 3451 satis
2715 3396 2889 3463 habet,
2919 3397 3212 3465 episc0pos
3246 3411 3314 3451 ex
3344 3395 3527 3452 Africa
3555 3397 3754 3452 rescri-

2153 3488 2349 3544 beutes
2384 3504 2599 3545 omnem
2627 3504 2879 3553 causam,
2913 3506 3035 3560 quae
3063 3489 3206 3558 apud
3244 3504 3340 3547 eos
3372 3490 3459 3562 (de
3487 3489 3751 3562 Ctelestio)

2157 3579 2299 3635 facta
2332 3580 2542 3649 fuerat,
2588 3581 2772 3635 missis
2801 3581 2965 3636 etiam
3010 3582 3179 3651 gestis
3216 3595 3341 3650 qua:
3379 3580 3595 3637 fuerant
3624 3590 3752 3636 tunc

2154 3689 2277 3729 cum
2308 3673 2400 3728 illo
2426 3675 2514 3728 vel
2544 3673 2611 3728 de
2645 3673 2736 3729 illo
2760 3673 3035 3742 confecta,
3065 3673 3406 3742 exposuisse.

2903 3765 3016 3821 VII.

2230 3860 2318 3914 15.
2351 3857 2603 3912 Omnibus
2629 3857 2826 3912 Zosimi
2855 3856 3086 3927 epistolis
3108 3856 3360 3911 celebrior
3387 3866 3465 3911 est
3490 3872 3573 3923 ea,
3597 3872 3753 3927 quam

2155 3951 2292 4004 idem
2325 3948 2528 4003 Marius
2570 3948 2831 4003 Mercator
2856 3948 2982 4002 edit.
3016 3946 3201 4001 Buluz.
3232 3965 3354 4021 pag.
3388 3946 3493 4002 158
3528 3947 3755 4002 Tracto-

2156 4041 2297 4096 riam
2321 4043 2637 4111 nuncupari,
2663 4057 2724 4094 ac
2754 4055 2848 4111 per
2871 4050 3040 4096 totum
3068 4040 3257 4097 orbem
3287 4042 3508 4095 missam
3530 4056 3641 4094 esse
3662 4042 3753 4095 ob-

2154 4143 2344 4189 servat.
2395 4133 2475 4189 De
2524 4134 2706 4188 eadem
2755 4134 2975 4206 epistola
3017 4134 3336 4204 Augustinus
3385 4133 3454 4188 ad
3505 4131 3753 4205 Optatum

2156 4226 2308 4295 epist.
2353 4225 2478 4293 190,
2530 4243 2585 4280 n.
2628 4226 2724 4295 22,
2766 4227 2841 4280 sic
2875 4224 3102 4281 scribit:
3144 4225 3405 4296 Exempla
3447 4225 3750 4281 recentium

2155 4317 2461 4373 litterarum
2487 4363 2501 4385 ,
2531 4318 2648 4373 sive
2674 4332 2794 4387 ante
2822 4316 3132 4387 specialiter
3159 4317 3225 4371 ad
3259 4316 3419 4372 Afros
3441 4358 3458 4385 ,
3489 4317 3604 4372 sive
3632 4331 3752 4387 quae

2158 4412 2540 4467 universaliter
2570 4411 2634 4466 ad
2661 4426 2856 4466 omnes
2884 4413 3175 4482 episcopos
3201 4410 3269 4467 de
3296 4420 3595 4467 memorata
3624 4409 3756 4466 sede

2158 4513 2473 4571 manarunt,
2511 4519 2579 4558 ne
2610 4501 2748 4557 forte
2775 4501 2841 4557 ad
2871 4511 3105 4556 vestram
3135 4502 3480 4557 sanctitatem
3512 4500 3751 4555 nondum

456 4608 595 4647 mum
640 4594 860 4666 prae/ira
902 4594 1010 4648 illis
1058 4597 1276 4668 epistola
1328 4598 1596 4653 miserunt.
1658 4597 1894 4653 Canones
1936 4599 2055 4654 illos
2086 4574 2136 4634 ι)
2164 4594 2509 4665 pervenerint
2536 4636 2551 4659 ,
2582 4594 2737 4648 vobis
2769 4594 3078 4647 curavimus
3105 4593 3265 4647 mitti.
3312 4593 3443 4658 Qui?
3481 4592 3761 4661 Ανθαδιίηί

460 4686 568 4754 ipse
596 4688 857 4759 adoptavit
878 4686 1137 4742 Zosimus.
1164 4688 1309 4744 Certe
1330 4689 1386 4744 in
1410 4688 1703 4757 Tractoria,
1728 4692 1792 4744 de
1807 4708 1911 4763 qua
1937 4708 2058 4746 mox

458 4780 649 4833 dicturi
679 4797 880 4844 sumus,
914 4782 1142 4849 tertium,
1169 4793 1408 4852 quartum
1436 4793 1483 4836 et
1511 4784 1750 4853 quintum
1778 4784 1908 4837 velut
1937 4800 2058 4855 pro-

458 4872 573 4943 pria
603 4872 736 4924 sedis
763 4873 1066 4941 apostolica:
1111 4872 1316 4927 decreta
1356 4873 1533 4927 haberi
1570 4873 1750 4928 voluit.
1802 4872 2058 4944 Epistula:

459 4978 630 5019 autem
678 4968 749 5019 eis
802 4966 1067 5039 adjuncta
1110 4967 1452 5041 fragmentum
1500 4964 1727 5042 Prosper
1778 4968 1867 5020 lib.
1916 4978 2053 5021 cont.

458 5058 647 5114 Collat.
688 5076 736 5114 c.
786 5061 843 5125 5,
888 5078 942 5115 n.
980 5062 1066 5130 l5,
1109 5062 1256 5117 nobis
1300 5063 1569 5116 asservavit
1608 5072 1654 5116 et
1686 5061 2057 5115 commendavit

458 5154 537 5206 Itis
565 5154 726 5207 verbis
755 5170 774 5209 :
810 5172 829 5206 ι
864 5154 1179 5210 Erraverunt
1206 5171 1364 5212 ccxsv
1402 5157 1713 5219 sacerdotes,
1747 5157 1836 5226 qui
1863 5157 1914 5209 in
1945 5158 2051 5229 epi-

455 5245 590 5299 stola
633 5262 789 5316 quam
831 5249 939 5303 suis
986 5250 1434 5303 constitutionibus
1471 5247 1829 5318 prtctulerunt,
1878 5250 1951 5304 ita
1990 5251 2058 5303 ad

456 5340 759 5409 apostolica:
801 5341 935 5394 sedis
976 5341 1256 5394 antistitem
1298 5340 1362 5393 Β.
1403 5339 1669 5395 Zosimum
1697 5353 1817 5396 sunt
1855 5343 2011 5396 locuti
2038 5360 2057 5397 :

455 5431 851 5486 Cotistituimus
873 5432 926 5487 in
951 5432 1227 5499 Pelagium
1256 5443 1417 5503 atque
1440 5434 1753 5489 Caelestium
1778 5449 1874 5504 per
1895 5451 2060 5490 vene.

459 5523 689 5579 rabilem
724 5526 1045 5595 episcopum
1084 5525 1457 5580 Innocentium
1497 5527 1564 5581 de
1593 5527 1893 5582 beatissimi
1927 5543 2055 5598 apo-

458 5616 587 5671 stoli
618 5616 762 5671 Petri
795 5618 925 5673 sede
949 5618 1214 5687 prolatam
1239 5632 1461 5673 manere
1487 5618 1815 5673 sententiam
1834 5662 1849 5683 ,
1882 5618 2058 5676 donec

457 5710 807 5779 apertissima
856 5710 1203 5768 confessione
1247 5709 1543 5777 fateantur,
1595 5715 1772 5782 gratia
1823 5715 1914 5770 Dei
1962 5731 2059 5786 per

462 5788 646 5857 lesum
685 5798 962 5857 Christqu
1006 5801 1293 5860 Dominum
1343 5815 1588 5865 nostrum
1628 5820 1737 5861 non
1782 5797 1953 5860 solum
1992 5807 2056 5860 ad

2162 4688 2313 4742 verba
2352 4687 2547 4759 duplici
2590 4686 2788 4738 ratione
2830 4681 3118 4755 intelligere
3155 4691 3231 4736 est
3276 4698 3295 4735 :
3346 4698 3449 4734 una
3486 4682 3757 4749 nimirum,

2162 4801 2267 4854 qua
2294 4784 2477 4836 litteris
2508 4798 2540 4833 a
2567 4779 2776 4834 ZOsimo
2804 4779 3161 4833 universaliter
3188 4780 3260 4831 ad
3288 4793 3465 4831 omnes
3490 4780 3761 4850 episcOpos

2166 4877 2359 4942 missis,
2390 4874 2630 4945 quaedam
2652 4871 2898 4945 speciales
2928 4872 2997 4925 ad
3027 4871 3181 4942 Afros
3213 4873 3475 4943 adjuncttz
3502 4873 3604 4925 sint
3627 4886 3648 4936 ;
3678 4872 3763 4925 id-

2163 4985 2259 5037 que
2301 4983 2391 5039 per
2427 4983 2482 5020 se
2509 4974 2694 5019 sonant
2722 4966 2886 5018 allata
2916 4964 3072 5034 hujus
3111 4961 3349 5018 Dactoris
3385 4962 3561 5028 verba,
3608 4971 3763 5034 atque

2163 5061 2411 5115 historica
2434 5060 2623 5112 veritas
2649 5058 2919 5126 conﬁrmat
2942 5073 2961 5112 .'
2989 5057 3151 5111 altera
3172 5073 3311 5119 vero.
3349 5073 3454 5127 qua
3481 5072 3597 5128 qua:
3623 5056 3763 5127 Afris

2158 5151 2454 5221 specialiter
2495 5153 2759 5220 inscriptae
2801 5151 3005 5222 fuerant
3048 5150 3213 5221 (quia
3251 5150 3380 5220 ipsis
3421 5150 3705 5205 scribendis
3734 5163 3763 5202 e

2161 5247 2558 5318 Carthaginensi
2607 5246 2803 5317 synodo
2858 5244 3094 5300 kalendis
3153 5244 3311 5300 Maiis
3358 5244 3537 5299 habita
3577 5242 3763 5296 rescri-

2160 5340 2331 5395 bentes
2360 5340 2679 5393 occasionem
2710 5335 3007 5407 dederant).
3041 5337 3368 5401 postmodum
3396 5331 3761 5388 universaliter

2162 5440 2230 5486 ad
2271 5447 2445 5485 omnes
2490 5430 2757 5500 episcopos
2805 5430 2977 5483 missa:
3022 5430 3145 5484 sint.
3192 5428 3290 5483 Rei
3337 5427 3568 5480 ordinem
3616 5422 3760 5479 Mar.

2165 5525 2444 5587 Mercator,
2470 5540 2590 5595 pag.
2622 5523 2747 5589 151,
2778 5531 2959 5577 narrat
2989 5523 3069 5576 his
3090 5522 3254 5576 verbis
3282 5536 3293 5550 '
3324 5520 3608 5590 Episcopis
3630 5532 3765 5576 vero

2161 5635 2228 5676 ex
2254 5618 2436 5675 Africa
2468 5617 2579 5689 (ubi
2600 5616 2830 5672 kalendis
2863 5615 3024 5671 Maiis
3055 5612 3422 5686 convenerant)
3452 5616 3764 5670 rescriben-

2159 5713 2335 5780 tibus,
2363 5726 2691 5779 omnemque
2719 5725 2937 5765 causam
2965 5724 3087 5779 quas
3117 5706 3260 5777 apud
3291 5724 3386 5763 eos
3412 5707 3553 5764 facta
3583 5709 3767 5765 fuerat

2162 5804 2597 5876 aspernantibus,
2634 5804 2815 5859 missis
2861 5803 3025 5859 etiam
3063 5802 3227 5872 gestis
3262 5803 3463 5862 exinde
3497 5806 3625 5877 Qua:
3654 5804 3785 5861 fue-
