4206 6174
432 329 531 387 691

1399 324 1744 385 APPENDIX
1786 321 1879 384 AD
1917 320 2149 385 UPERA
2190 328 2247 385 S.
2280 320 2512 387 ZOSIM‘I
2549 329 2769 387 ΡΑΡᾹΞ.

3628 332 3734 389 632

430 455 555 502 rant
597 453 724 502 tunc
765 458 887 501 cum
933 443 1025 499 ilio
1054 442 1139 499 vel
1178 441 1248 499 de
1282 443 1379 497 illo
1418 440 1702 515 (Caelestia)
1742 441 1987 499 cornicula
2008 480 2023 508 ,
2059 445 2102 502 Α
2133 444 2212 495 dis
2243 438 2403 499 blatis
2431 458 2555 499 anu.
2585 443 2691 500 418
2723 442 2888 499 habiti
2918 444 3125 515 scriptis
3156 445 3528 511 rescribanmr,
3564 447 3730 514 primo

434 548 659 594 vocatus
685 537 753 593 ad
787 537 1114 592 aeditumum
1146 537 1446 607 pleniorem
1472 576 1489 602 ,
1522 545 1581 591 ut
1606 550 1726 606 quae
1758 536 2024 606 promise-

434 642 519 688 rat
546 631 782 705 (Zosimo
801 647 941 684 atina
967 629 1100 701 M7)
1127 628 1414 685 festinaret
1444 629 1668 699 implere
1694 674 1707 698 ,
1738 629 1792 683 id
1817 637 1902 683 est
1924 669 1939 695 ,
1968 637 2030 682 ut

431 723 705 779 datnuaiis
736 722 1010 792 prasdictis
1040 722 1292 791 capitulis
1322 721 1474 793 (ante
1519 719 1776 775 Paulinus
1805 722 1850 774 ei
1891 719 2031 792 obje-

434 814 599 886 cerat)
628 816 897 870 mittentia
925 813 1181 868 Afrorum
1206 828 1313 883 qua
1343 814 1517 867 fuerat
1540 814 1702 882 (attito
1728 806 1856 882 412)
1883 826 2032 864 eont-

434 912 692 965 munioue
722 908 985 979 privatos,
1019 907 1323 961 absolveret
1337 923 1421 972 ur,
1457 922 1562 959 non
1592 904 1767 959 stilum
1801 919 1907 957 non
1937 903 2023 956 alio

430 1004 563 1073 fuit,
611 1001 706 1057 sed
737 1001 898 1056 otium
937 1016 1003 1055 es
1052 1010 1352 1054 snt-morata
1404 1000 1539 1053 urbe
1585 996 1839 1067 profugit.
1883 996 2033 1049 ’l‘unc

433 1112 583 1166 ergo,
610 1104 661 1148 ut
687 1093 769 1147 Itis
790 1102 1121 1148 annos-tamus
1138 1093 1291 1146 verba
1314 1092 1587 1163 Augustini
1608 1090 1694 1144 lib.
1719 1107 1757 1145 η
1779 1089 1847 1143 ad
1872 1086 2032 1143 Batti-

430 1190 651 1261 facium,
680 1206 726 1243 c.
758 1190 815 1257 5,
844 1202 965 1241 cum
986 1187 1102 1257 ejus
1135 1187 1420 1255 prasentia
1446 1195 1766 1255 posceretur
1789 1192 1846 1237 ut
1866 1183 2036 1237 certis

433 1302 497 1340 ac
534 1286 790 1341 dilucidis
828 1284 1276 1353 responsionibus
1313 1282 1395 1335 vel
1432 1280 1637 1334 astutia
1669 1277 1908 1332 hominis
1949 1274 2036 1330 vel

434 1378 703 1433 correctio
724 1377 1103 1441 diluceseeret,
1129 1384 1182 1430 et
1208 1374 1337 1429 nulli
1359 1372 1609 1443 otnlsigua
1631 1377 1958 1435 remaneret,
1976 1382 2038 1422 so

435 1473 704 1528 subtraxit
724 1471 982 1527 examini.
1003 1470 1179 1541 Atque
1202 1469 1271 1522 oi)
1294 1468 1416 1533 hoe,
1440 1467 1767 1536 prosequitur
1790 1462 1867 1518 Μ.
1898 1462 2041 1518 Mer-

436 1574 600 1633 calor,
627 1579 655 1619 a
674 1565 848 1620 beam:
871 1564 1149 1618 memoria:
1164 1561 1387 1616 Zosimo
1403 1561 1661 1631 episcopo
1683 1557 1903 1627 scriptis
1924 1570 2041 1610 am-

438 1658 796 1731 pliinilltiSVCl
819 1658 1147 1730 longissimis
1173 1655 1555 1726 perdumnatus
1573 1660 1677 1718 est,
1699 1652 1750 1705 in
1770 1651 1968 1723 quibus
1987 1659 2043 1706 et

438 1757 555 1827 ipsa
570 1754 830 1826 capitula,
850 1754 917 1809 de
936 1753 1130 1823 quibus
1154 1752 1209 1822 (a
1237 1748 1464 1804 Paulino
1485 1746 1728 1818 diacono)
1754 1748 1929 1801 luerat
1951 1758 2039 1800 ac-

2130 539 2539 609 aomputandum
2579 551 2650 593 est
2691 552 2907 609 tempus,
2951 555 3054 611 quo
3095 540 3253 613 hujus
3294 538 3503 594 concilii
3533 541 3731 609 scripta

2134 631 2446 702 Carthagine
2488 631 2706 686 Romam
2750 633 3008 701 potuerint
3050 633 3286 701 perferri,
3311 641 3359 687 et
3380 630 3504 686 inde
3532 628 3735 688 Zosimi

2133 726 2320 780 littera:
2356 724 2721 798 Carthaginem
2751 727 2952 796 referri.
2988 724 3140 779 Istud
3170 741 3323 796 porro
3354 727 3563 791 certius,
3593 726 3733 798 quod

2134 817 2453 890 Augustinus
2483 818 2815 889 Carthagine,
2849 818 3117 872 memorati
3148 816 3573 892 Carthagincnsis
3603 837 3731 874 cou-

2137 910 2243 966 tilii
2270 911 2515 966 mandato
2545 913 2808 984 delegatus
2830 909 2983 982 (Cod.
3007 926 3127 967 can.
3153 908 3302 966 Eccl.
3332 911 3473 982 Afr.,
3502 929 3549 966 c.
3583 908 3734 984 1⁸27),

2139 1014 2245 1058 tum
2287 1002 2600 1069 versabatur,
2647 1019 2763 1058 cum
2802 1019 2862 1057 eo
2901 1002 3099 1058 Zosimi
3141 1002 3326 1059 littera:
3354 1012 3736 1077 perviuerunt;

2138 1098 2303 1167 iisque
2325 1098 2546 1169 acceptis
2586 1097 2746 1152 libros
2788 1098 2851 1151 de
2891 1095 3071 1151 Gratia
3094 1093 3290 1150 Citriin
3330 1105 3377 1150 et
3418 1094 3481 1150 de
3515 1092 3737 1151 Peccato

2139 1189 2385 1262 originali
2426 1199 2546 1244 ante
2585 1189 2877 1253 adornavit,
2923 1204 3074 1261 quam
3118 1190 3236 1243 inde
3272 1188 3328 1243 in
3360 1185 3738 1243 Mauritaniam

2141 1276 2511 1335 Cwsariensrm
2559 1280 2878 1351 provinciam
2926 1281 3358 1349 proﬁcisceretur.
3413 1282 3741 1352 Quapropter

2140 1383 2191 1429 et
2228 1373 2321 1427 hos
2361 1370 2519 1427 libras
2564 1374 2618 1427 in
2646 1368 3121 1428 Itetractatlonibus
3157 1372 3392 1444 proxime
3417 1380 3535 1427 ante
3561 1370 3734 1441 Gesta,

2140 1482 2254 1541 qtttc
2286 1471 2399 1542 ipso
2430 1476 2677 1541 prtesenle
2704 1468 2846 1541 apud
2877 1468 3163 1523 Ctt’sareant
3194 1466 3528 1524 Mauritania:
3555 1467 3737 1525 civita-

2143 1572 2244 1617 tem
2280 1562 2375 1616 hac
2416 1574 2550 1615 anno
2590 1560 2695 1617 MS
2738 1558 3054 1635 Septembris
3090 1558 3162 1615 9.0
3191 1560 3275 1616 die
3303 1563 3534 1631 confecta
3564 1563 3737 1617 consi-

2144 1662 2401 1728 gnataque
2444 1664 2585 1723 sunt,
2628 1666 2876 1709 recenset.
2910 1656 2970 1710 Si
3008 1652 3169 1726 igitur
3197 1663 3417 1726 tempus,
3451 1652 3591 1727 quod
3620 1651 3744 1711 huic

2143 1749 2316 1805 itineri
2345 1747 2668 1819 conﬁciendo
2697 1766 2760 1803 ac
2782 1748 3040 1819 prazdictis
3070 1746 3211 1804 libris
3236 1748 3608 1804 continuandis
3632 1749 3744 1822 suf-

441 1859 688 1914 cnsattts,
715 1850 1081 1913 continentur,
1108 1858 1159 1901 et
1182 1845 1362 1900 omnis
1383 1858 1546 1898 coma
1569 1854 1674 1897 tam
1697 1842 1765 1897 de
1783 1840 2038 1897 lecalio
2069 1838 2117 1900 B
2144 1843 2344 1915 fecerit,
2375 1842 2777 1910 subtrahamus;
2814 1841 3011 1897 litteras
3038 1841 3157 1897 illas
3186 1860 3287 1897 non
3314 1845 3478 1899 serius
3509 1842 3742 1918 Augusto

443 1943 853 2011 suprascripto,
895 1950 1053 2009 «piant
1081 1937 1151 1993 de
1191 1937 1409 2007 Pelagio
1452 1936 1712 2006 magistro
1756 1933 1874 2003 ejus
1919 1946 2040 2003 pra-

445 2035 597 2089 viore
630 2033 839 2087 videtur
876 2046 1001 2088 esse
1048 2040 1287 2085 narrata.
1334 2028 1581 2097 Quorum
1628 2028 1955 2096 scriptorum
1986 2034 2042 2079 et

444 2142 542 2181 nos
568 2128 653 2180 hic
677 2125 940 2179 habentes
965 2122 1325 2192 exemplaria,
1356 2131 1409 2175 et
1438 2102 1841 2175 ad'Orientales
1864 2118 2044 2173 cccle-

447 2219 579 2283 sias,
598 2217 819 2289 Egyptl
840 2217 1145 2279 dioecesim,
1170 2223 1227 2270 et
1245 2212 1794 2282 Constantinopolim,
1814 2210 2047 2265 etThes-

449 2312 765 2377 salonicam,
782 2327 828 2364 Cl
851 2307 1305 2379 Hierosolymam,
1318 2306 1516 2361 similia
1533 2305 1827 2374 eademque
1841 2302 2049 2373 scripta

450 2408 569 2479 (hoc
596 2415 671 2461 est
697 2405 839 2477 quod
867 2412 1046 2457 vacant
1077 2418 1104 2455 tt
1139 2401 1276 2472 pari)
1310 2400 1376 2455 ad
1408 2400 1697 2470 episcenos
1728 2398 2047 2452 transmissa

450 2516 572 2554 esse
601 2500 963 2569 suggerimus.
998 2496 1094 2550 liis
1116 2506 1289 2549 autent
1317 2496 1505 2549 litteris
1536 2490 1790 2563 Pelagius
1813 2501 1863 2546 et
1889 2488 2047 2545 Cale.

450 2592 581 2645 stius
606 2591 826 2644 necdum
853 2586 1087 2642 absolute
1113 2600 1174 2639 ac
1203 2589 1334 2639 citra
1359 2600 1559 2639 omnem
1584 2586 1750 2637 uenite
1776 2599 1939 2654 spem,
1963 2587 2051 2636 sed

456 2685 560 2738 nisi
592 2681 823 2737 correcti
855 2681 1016 2735 etiam
1053 2681 1267 2749 egerint
1309 2677 1685 2748 penitentiam
1710 2721 1723 2744 ,
1767 2686 1881 2731 tato
1909 2673 2054 2729 chri-

454 2778 631 2830 ειίςιηο
655 2775 787 2829 orbe
823 2773 1068 2829 damnati
1096 2772 1159 2826 ab
1196 2771 1488 2841 Augustino
1526 2770 1681 2839 epist.
1716 2768 1841 2831 190.
1875 2784 1926 2822 n.
1955 2767 2049 2833 22,

456 2872 711 2924 dicuntur.
758 2867 909 2923 Uusle
950 2875 997 2920 et
1038 2864 1101 2918 de
1140 2865 1205 2917 iis
1243 2862 1384 2917 idem
1425 2862 1621 2916 Doctor
1662 2862 1751 2916 lib.
1794 2862 1857 2915 de
1904 2859 2052 2913 Pecs.

462 2964 636 3036 0rig.,
659 2978 771 3035 cap.
805 2962 898 3029 22,
931 2960 1182 3031 loquitur,
1211 2970 1263 3012 ut
1295 2961 1444 3028 prius
1471 2965 1566 3012 aut
1596 2959 1646 3011 lu
1685 2958 1859 3011 locum
1882 2955 2056 3024 panti-

461 3058 647 3113 tentiae
695 3058 957 3122 redactis,
1012 3060 1137 3118 aut,
1188 3052 1235 3105 si
1287 3051 1336 3105 id
1381 3051 1794 3113 recusaverint,
1838 3047 2060 3101 omnino

465 3148 756 3204 damnatis.

2146 1952 2317 1991 mense
2360 1936 2414 1989 in
2460 1935 2641 2007 Africa
2685 1946 2919 2006 acceptas
2960 1948 3086 2001 esse,
3131 1952 3193 1989 ac
3232 1936 3402 1990 media
3447 1936 3541 1991 illo
3583 1937 3748 1991 inter-

2145 2025 2304 2092 vallo,
2335 2026 2478 2098 quod
2504 2044 2536 2081 a
2572 2026 2804 2082 kalendis
2836 2024 2991 2082 .ilaiis
3018 2028 3087 2082 ad
3109 2028 3301 2083 exitum
3326 2025 3547 2100 Augusti
3567 2045 3753 2084 excur-

2149 2123 2235 2188 rit,
2283 2121 2383 2175 hoc
2421 2128 2493 2176 est
2535 2123 2614 2177 rel
2650 2134 2865 2177 exeunte
2900 2119 3080 2183 Junio,
3115 2122 3191 2176 rel
3216 2116 3368 2177 Julia
3400 2124 3607 2177 ineunte
3631 2136 3754 2177 con-

2148 2213 2367 2287 scriptas
2406 2232 2511 2269 esse
2552 2214 2705 2285 facile
2743 2213 3001 2270 dabimus.
3036 2211 3270 2288 Idipsttm
3300 2224 3346 2268 et
3385 2213 3522 2278 quod
3615 2218 3645 2268 8
3674 2225 3755 2268 se-

2151 2308 2326 2379 quenti
2361 2308 2415 2361 in
2442 2308 2713 2379 epistolam
2735 2306 2972 2373 alteram,
3006 2321 3122 2378 qua:
3142 2322 3257 2361 cum
3273 2306 3366 2361 hac
3391 2305 3663 2361 Tractoria
3684 2304 3754 2359 ad

2152 2401 2306 2470 Afros
2333 2401 2489 2452 missa
2516 2408 2619 2464 est,
2650 2400 2839 2453 dicturi
2867 2416 3069 2466 sumus,
3099 2400 3449 2470 conﬁrmabit.

2228 2497 2315 2551 lli.
2352 2495 2572 2550 Celebris
2610 2495 2703 2550 illa
2742 2495 2936 2549 Zosimi
2975 2496 3211 2565 epistola,
3245 2514 3335 2567 per
3377 2504 3541 2550 totum
3585 2495 3756 2549 orbem

2157 2588 2505 2643 Christianum
2532 2589 2710 2655 missa,
2737 2602 2842 2643 non
2866 2590 2931 2643 ab
2960 2588 3250 2659 Augustino
3275 2598 3476 2642 tantum
3497 2595 3589 2643 aut
3615 2586 3756 2644 Mar.

2161 2680 2463 2743 Mercatore,
2505 2682 2595 2735 sed
2631 2692 2676 2735 et
2716 2694 2746 2735 a
2777 2680 3034 2755 Prospero
3064 2681 3151 2735 lib.
3182 2688 3361 2735 contra
3392 2678 3584 2735 Callet.
3620 2698 3667 2735 c.
3699 2678 3758 2747 ὃ,

2161 2788 2211 2828 tt.
2261 2774 2351 2841 15,
2394 2778 2445 2829 in
2486 2774 2748 2830 Car/estini
2781 2787 2930 2847 papa!
2969 2776 3185 2847 cpisl‘la
3222 2776 3315 2843 ﬁt,
3347 2793 3393 2828 c.
3440 2772 3471 2831 ὃ
3507 2786 3553 2828 et
3594 2776 3665 2839 9,
3708 2774 3762 2828 in

2165 2866 2411 2937 Prosperi
2455 2868 2712 2923 Chronico
2753 2871 2822 2922 ad
2861 2884 2984 2922 ann.
3028 2869 3165 2935 418,
3208 2880 3255 2922 ct
3302 2882 3333 2922 a
3364 2867 3639 2924 Gennadio
3671 2867 3762 2922 lib.

2164 2962 2228 3015 de
2270 2962 2467 3034 Script.
2511 2962 2636 3018 ccci.
2674 2976 3005 3018 memoratur.
3041 2960 3363 3018 Carnuntem
3390 2962 3637 3035 scriptum
3664 2972 3767 3017 tam

2164 3054 2517 3109 authenticum
2547 3063 2752 3126 tantque
2786 3055 3155 3120 necessarium,
3187 3060 3329 3108 tanta
3359 3054 3531 3110 studio
3556 3072 3647 3126 per
3676 3068 3763 3107 or-

2168 3146 2277 3201 bent
2314 3148 2689 3215 transmissum,
2736 3156 2977 3218 tantaque
3007 3148 3237 3202 omnium
3264 3144 3650 3202 Catholicorum
3678 3140 3771 3200 lte-

538 3242 625 3296 M.
671 3241 994 3295 Sententia"!
1020 3236 1171 3291 illam
1204 3236 1447 3290 2085mm
1476 3248 1581 3288 ηοη
1624 3235 1800 3297 Solus.
1834 3232 1923 3286 Sed
1949 3246 2065 3285 cum
2093 3228 2140 3293 C
2172 3241 2287 3293 titia
2322 3239 2506 3311 ubique
2539 3249 2804 3313 exceptum
2851 3241 3171 3294 intercidisse
3213 3241 3381 3294 nescio
3410 3251 3508 3311 quo
3539 3240 3646 3308 [ato
3673 3256 3771 3294 au-

463 3336 601 3388 clero
644 3332 883 3385 Romano
909 3372 923 3395 ,
957 3344 1075 3384 cum
1111 3346 1214 3401 quo
1261 3330 1413 3382 etiam
1452 3341 1594 3380 anno
1636 3326 1905 3396 superiore
1952 3321 2067 3378 Cte-

460 3428 668 3481 lestium
709 3424 985 3486 audierat,
1024 3425 1162 3476 tulit.
1197 3420 1453 3488 Quocirca
1499 3418 1774 3490 Pelagiani
1816 3420 2067 3484 prttt'ari-

461 3520 683 3573 cationls
712 3525 891 3571 notam
918 3515 1073 3569 modo
1100 3515 1304 3568 clericis
1329 3512 1602 3575 Romanis,
1638 3524 1689 3564 ut
1717 3513 1860 3577 apud
1890 3510 2067 3584 Augu-

461 3612 654 3666 stinum
677 3609 765 3664 tib.
792 3623 831 3663 ιι
858 3610 923 3663 ad
954 3607 1191 3678 Bonifoc.
1219 3623 1266 3659 c.
1292 3609 1325 3660 3
1345 3606 1515 3659 videre
1541 3612 1641 3663 est.
1673 3608 1828 3657 modo
1853 3601 2067 3657 Zosimo

466 3712 520 3755 ut
562 3703 699 3756 idem
744 3702 1064 3772 Augustinus
1105 3697 1199 3753 lib.
1243 3710 1294 3751 vt
1332 3705 1515 3751 contra
1558 3695 1835 3749 Julianunt
1877 3696 2063 3759 tratit,

462 3796 758 3861 inurebant,
787 3795 933 3864 quasi
961 3792 1024 3847 de
1054 3790 1268 3862 Pelagio
1289 3799 1337 3844 et
1357 3786 1594 3844 Calestio
1617 3787 1763 3842 aliud
1786 3788 1882 3840 hoc
1907 3803 2066 3851 anno,

463 3905 619 3963 quant
646 3887 785 3960 quod
824 3886 1117 3959 superiore,
1153 3883 1416 3955 judicium
1458 3896 1548 3948 per
1592 3878 2069 3952 prteearioationem

465 3984 818 4058 protulissent.

536 4077 629 4131 15.
657 4073 703 4127 Ε
737 4073 935 4128 clericis
962 4080 1135 4127 autem
1176 4068 1426 4125 Romanis
1453 4070 1678 4137 primum
1719 4065 1943 4137 Xystum
1981 4080 2069 4118 seu

472 4170 684 4227 Sixtum
714 4178 823 4221 tum
859 4165 1235 4239 presbyterum,
1268 4178 1329 4217 ac
1367 4163 1561 4217 Zosimi
1598 4172 1708 4234 post
1741 4160 2070 4231 Bonifacium

472 4271 520 4318 et
562 4259 894 4318 Caelestinum
935 4270 1282 4313 successorem
1310 4256 1513 4328 judicia
1549 4254 1670 4308 huic
1712 4252 2073 4325 subscripsisse

471 4353 785 4424 Augustinus
812 4350 965 4423 epist.
1000 4347 1127 4416 194,
1162 4349 1286 4402 oliui
1317 4347 1442 4416 105,
1478 4362 1529 4401 n.
1577 4347 1629 4411 1,
1674 4346 1863 4400 innuit.
1907 4341 2075 4416 quue

470 4456 587 4501 eum
613 4444 791 4517 fecisse
822 4449 988 4509 notat,
1019 4452 1143 4496 cum
1167 4485 1179 4509 ,
1212 4441 1376 4510 inquit
1405 4441 1578 4509 ipsum
1612 4440 1900 4509 alloquens,
1932 4437 2073 4492 fama

472 4539 705 4610 jactaret
747 4533 982 4590 inimicis
1027 4531 1343 4589 christiana:
1387 4532 1578 4602 gratia:
1622 4542 1672 4588 te
1713 4531 1915 4587 lavere.
1964 4530 2073 4586 Sed

2172 3336 2340 3387 dimus
2386 3349 2404 3386 :
2449 3342 2521 3387 tot
2563 3334 2669 3387 alia
2714 3336 3032 3386 nranimento
3062 3342 3226 3387 cetera
3250 3331 3479 3387 eamdem
3509 3333 3770 3403 fortunam

2170 3425 2388 3481 subiisse
2429 3426 2600 3479 trinas
2638 3426 2912 3479 mirantur.
2942 3422 3006 3477 At
3034 3423 3081 3477 si
3109 3431 3273 3477 totum
3303 3422 3539 3479 exhibere
3568 3423 3772 3478 minime

2172 3518 2305 3583 licet,
2333 3517 2412 3572 uel
2455 3519 2632 3572 saltim
2676 3518 2881 3587 quasvis
2925 3517 3034 3590 ejus
3079 3517 3359 3586 particulas
3400 3515 3583 3589 legere,
3629 3524 3674 3570 et
3717 3517 3771 3570 in

2171 3624 2334 3664 unum
2378 3610 2619 3663 collectas
2662 3606 2745 3661 hic
2786 3619 3153 3679 reprtesetttare
3195 3623 3282 3661 aut
3331 3606 3562 3662 indicare
3607 3621 3774 3671 operte

2171 3701 2392 3772 pretium
2422 3702 2598 3773 fuerit.

2246 3794 2335 3850 17.
2371 3792 2573 3849 Marius
2612 3792 2892 3864 Mercator,
2931 3795 3055 3851 edit.
3096 3790 3284 3849 Baias.
3323 3810 3443 3869 pag.
3480 3788 3603 3860 154,
3632 3792 3775 3865 capi-

2174 3889 2284 3944 tula
2310 3904 2421 3956 sex,
2447 3888 2509 3943 de
2534 3889 2718 3960 quibus
2748 3888 3014 3945 Caelestius
3041 3905 3071 3941 a
3095 3884 3326 3941 Paulino
3361 3896 3635 3941 accusatus
3660 3883 3774 3958 [ue-

2173 3990 2286 4047 rat,
2329 3983 2381 4035 in
2418 3978 2613 4035 Zosimi
2647 3980 2919 4036 Tractoria
2948 3979 3203 4035 contineri
3233 3979 3402 4034 docet.
3436 3978 3545 4035 Sed
3573 3995 3631 4033 ea
3659 3993 3774 4032 cum

2174 4076 2313 4148 apud
2338 4075 2569 4129 eumdem
2600 4072 2943 4129 Mercatorem
2972 4092 3093 4146 pag.
3117 4072 3153 4129 '5
3182 4083 3227 4127 et
3255 4068 3377 4136 1⁸55.
3407 4088 3603 4127 necnon
3632 4071 3775 4143 apud

2176 4168 2525 4242 Augustinum
2559 4168 2649 4223 lib.
2688 4168 2751 4223 de
2775 4166 2951 4223 Gestis
2995 4167 3218 4240 Pelagii,
3251 4184 3296 4221 c.
3334 4166 3421 4231 H,
3454 4182 3508 4219 n.
3540 4164 3633 4232 2'5,
3664 4160 3775 4217 cui-

2176 4281 2275 4337 que
2314 4265 2459 4319 abvia
2498 4264 2625 4332 sint,
2652 4262 2735 4317 hic
2771 4263 3069 4317 reticemus.
3107 4259 3223 4315 Alia
3249 4274 3471 4332 quoque,
3506 4266 3629 4313 teste
3661 4254 3771 4310 Au-

2177 4358 2384 4429 gustino
2422 4355 2514 4411 lib.
2555 4354 2619 4410 de
2649 4350 2804 4410 Pecc.
2843 4354 3017 4427 0rig.,
3047 4370 3097 4409 c.
3130 4350 3194 4407 ‘21
3216 4394 3230 4419 ,
3265 4370 3319 4407 n.
3348 4351 3449 4416 21,
3481 4366 3610 4407 cura
3642 4347 3775 4405 lide-

2178 4450 2310 4509 lium
2358 4452 2606 4521 fratrum,
2643 4451 2731 4522 qui
2766 4446 2945 4505 Ranae
2982 4446 3341 4515 versabantur,
3390 4444 3477 4500 ubi
3521 4440 3774 4519 Pelagius

2181 4544 2468 4602 diutissime
2508 4547 2731 4612 vixerat,
2775 4561 2837 4600 ex
2878 4544 3042 4617 ipsius
3080 4540 3284 4614 Pelagii
3320 4540 3527 4614 scriptis
3565 4539 3776 4611 prolata

470 4638 533 4686 ιιῑ
584 4627 702 4685 huic
762 4628 976 4683 tristitia
1032 4624 1100 4681 de
1158 4622 1358 4680 IIOSll‘iS
1412 4623 1673 4680 cordibus
1722 4630 2029 4695 teiget‘etur
2054 4669 2068 4693 ,
2100 4618 2317 4706 Dsum’
2363 4653 2486 4709 qua;
2523 4636 2723 4693 “ueris
2764 4637 2899 4705 suis,
2939 4649 3073 4707 quas
3099 4633 3425 4706 οοηεοιιίρείι
3454 4646 3553 4705 per
3585 4630 3774 4688 orbem

473 4723 652 4796 primo
679 4732 731 4778 te
759 4718 996 4793 priOrem
1023 4717 1311 4774 anathema
1332 4717 1410 4772 cis
1434 4716 1485 4772 in
1514 4717 1713 4788 populo
1741 4714 2070 4787 frequentis-

473 4819 614 4872 simo
649 4815 1031 4885 pronuntiasse
1071 4812 1261 4868 eadem
1300 4810 1440 4866 fama
1492 4824 1599 4865 non
1640 4811 1831 4866 tacuit.
1869 4808 2071 4865 Deinde

472 4924 599 4964 cum
632 4909 827 4964 litteris
856 4904 1172 4978 apostolica:
1202 4905 1347 4961 sedis
1384 4905 1460 4976 (id
1494 4912 1567 4959 est
1595 4902 1815 4977 Zosimi)
1849 4905 1916 4960 de
1952 4904 2073 4960 illo-

471 5012 594 5057 rum
644 5003 993 5055 damnatione
1035 4996 1104 5054 ad
1152 4996 1389 5054 Africam
1435 4997 1654 5065 missis,
1703 5009 1809 5053 tute
1855 5011 2072 5070 quoque

468 5096 666 5150 litterae
698 5093 763 5147 atl
799 5090 1167 5147 vulnerabilem
1198 5102 1397 5164 senem
1442 5090 1723 5146 Aurelium
1762 5100 2070 5147 consecuta:

472 5196 619 5243 sunt.
654 5183 767 5241 Has
787 5194 962 5240 autem
987 5180 1141 5256 ngti
1174 5186 1373 5239 litteras
1398 5196 1490 5255 per
1518 5182 1741 5238 Leonem
1770 5181 2068 5253 acolythum

471 5283 801 5336 transmissos
850 5278 1007 5349 fuisse
1046 5278 1184 5331 idem
1224 5276 1541 5348 Augustinus
1582 5278 1733 5345 epist.
1784 5275 1908 5343 191,
1948 5276 2070 5329 olim

473 5374 602 5442 101,
634 5392 686 5429 n.
722 5374 771 5442 1,
804 5380 983 5427 auctor
1006 5382 1102 5427 est.
1138 5369 1223 5425 Ex
1242 5387 1344 5443 quo
1371 5380 1417 5425 ct
1448 5370 1646 5425 litteras
1667 5368 1885 5433 Zosimi,
1911 5367 2070 5439 siqui-

473 5465 590 5521 dem
622 5467 777 5520 simul
804 5464 975 5519 ntissa:
1001 5472 1142 5529 sunt,
1174 5463 1406 5534 ejusdem
1435 5461 1619 5515 Leonis
1659 5476 1816 5531 opera
1846 5458 2072 5529 perlatus

474 5564 629 5633 fuisse
660 5559 952 5629 conﬁcitur.

546 5655 635 5710 15.
684 5655 837 5708 Notae
864 5666 965 5708 non
1009 5654 1215 5716 desunt,
1245 5650 1432 5720 quibus
1475 5648 1814 5719 dignoscatur
1849 5656 2071 5719 tempus,

472 5764 573 5816 quo
603 5746 710 5800 illm
738 5745 932 5801 Zosimi
961 5746 1148 5802 littera:
1174 5746 1254 5799 vet
1280 5742 1446 5799 Roma
1475 5743 1670 5809 missae,
1703 5745 1782 5798 vel
1809 5743 1864 5797 in
1892 5741 2071 5813 Africa

461 5856 680 5906 receptat
720 5854 838 5899 sint.
876 5843 1001 5898 Cum
1038 5847 1171 5900 enim
1204 5840 1623 5915 Carthaginensls
1653 5842 1858 5897 concilii
1889 5840 2068 5897 kalt‘n-

2177 4727 2506 4785 catholicum
2554 4727 2931 4800 perferendas,
2977 4743 3112 4798 papa
3153 4724 3408 4782 Zosimus
3438 4721 3775 4780 exsecranda

2174 4822 2427 4875 altexuil.
2464 4814 2631 4875 Plura
2670 4834 2788 4874 vero
2819 4836 2883 4874 ex
2908 4818 3014 4873 illis
3043 4817 3182 4873 Mar.
3219 4815 3489 4870 Mercator
3518 4833 3549 4869 a
3586 4814 3778 4885 pagina

2180 4912 2284 4973 155
2324 4917 2391 4970 ad
2433 4914 2537 4973 158
2579 4912 2797 4988 profert,
2842 4927 2947 4969 tum
2988 4931 3052 4969 ea:
3079 4910 3285 4987 Pelagii
3313 4910 3695 4969 commentariis
3724 4906 3777 4963 in

2180 5008 2413 5064 Paulum
2439 5009 2756 5079 apostolum,
2784 5016 2888 5061 tum
2919 5024 2981 5062 ex
3008 5006 3113 5061 alia
3140 5005 3371 5077 quodam
3394 5000 3624 5078 ejusdem
3652 4998 3780 5057 Ser—

2176 5121 2324 5157 mone
2356 5104 2628 5172 excerpta,
2672 5118 2787 5173 qua:
2825 5096 3111 5155 Tractorite
3152 5096 3350 5154 Zosimi
3386 5098 3581 5151 inserta
3622 5094 3779 5165 [uisio

2177 5210 2298 5270 pag.
2337 5196 2439 5254 158
2469 5194 2641 5267 prodit
2672 5190 2753 5250 his
2786 5194 2946 5249 verbis
2980 5211 2998 5249 :
3030 5194 3163 5261 Qua:
3194 5191 3374 5246 omnia
3406 5186 3778 5260 suiiraSCtipla

2178 5290 2435 5359 capitula,
2481 5299 2537 5342 ut
2572 5287 2682 5357 jam
2726 5286 2977 5356 superius
3018 5285 3221 5340 dictum
3259 5292 3368 5349 est,
3410 5278 3657 5337 continet
3686 5274 3776 5331 illa

2175 5381 2347 5436 beata:
2378 5380 2655 5436 memoriae
2684 5375 2926 5448 episeopi
2950 5377 3200 5447 epistola,
3227 5391 3347 5445 qua:
3379 5372 3666 5429 Tractoria
3692 5366 3777 5423 tli—

2176 5468 2339 5541 citnr,
2383 5488 2484 5543 qua
2515 5468 2803 5529 (Talestius
2834 5464 3195 5541 Pelagiusque
3226 5467 3465 5523 damnati
3497 5477 3644 5521 sunt.
3676 5460 3777 5520 Ιη-

2176 5579 2254 5622 ter
2295 5584 2357 5622 ea
2395 5575 2567 5621 autem
2609 5580 2727 5636 qua:
2766 5561 3028 5618 Mercator
3068 5560 3140 5616 ibi
3168 5578 3231 5616 ea:
3256 5559 3642 5616 commentariis
3675 5557 3777 5613 Pe-

2173 5658 2300 5729 lagii
2342 5662 2396 5713 in
2435 5656 2667 5713 Paulum
2705 5655 2969 5723 describit,
3016 5664 3181 5710 exstat
3225 5654 3324 5709 ista
3359 5652 3518 5726 hujus
3545 5644 3779 5706 hmretici

2172 5752 2571 5825 argumentatio,
2596 5760 2713 5822 qua:
2742 5762 2787 5804 et
2818 5749 2880 5804 ab
2906 5745 3194 5820 Augustino
3222 5748 3373 5817 epist.
3411 5744 3537 5813 190,
3567 5743 3635 5798 ad
3669 5734 3782 5815 0p-

2173 5855 2357 5911 tatttm,
2389 5862 2439 5900 η.
2468 5843 2556 5923 22,
2581 5838 2725 5900 inter
2747 5840 2856 5917 alia
2885 5841 3004 5923 ejus
3033 5839 3360 5914 dantttabilia
3388 5838 3550 5913 etiam
3582 5830 3780 5893 litteris
