4190 6190
437 298 545 357 693

815 295 1095 355 NOTITIA
1130 292 1572 353 SCRIPTORUM
1614 293 1752 352 NON
1793 292 2247 352 EXSTAN'l‘lUM
2286 293 2455 363 QUAS
2494 293 2585 349 Al)
2627 292 2931 352 ZOSIMUM
2971 292 3343 350 ATTINENT.

3637 293 3743 350 69$

436 412 754 485 apostolica
795 410 948 467 sedis
987 409 1242 481 adjuncta
1273 409 1611 481 pradicatur.
1642 409 1699 464 Si
1729 408 1928 474 anima,
1960 410 2041 463 in-
2070 427 2125 486 Α
2150 418 2339 464 natura
2378 416 2691 479 praesumat,
2739 408 3009 465 clamante
3044 405 3311 479 Apostolo
3341 426 3353 463 :
3383 406 3501 463 Non
3530 417 3615 464 est
3645 424 3745 464 no-

435 508 569 579 quit,
611 521 679 561 ex
720 505 944 561 traduce
981 520 1089 558 non
1127 513 1231 571 est,
1281 502 1377 557 sed
1407 502 1523 556 sola
1551 515 1681 557 cato
1708 510 1917 556 tantum
1946 500 2040 556 ha-

437 601 530 657 bet
558 600 835 656 traducem
868 598 1101 668 peccati,
1128 597 1244 652 sola
1269 611 1400 666 ergo
1423 611 1640 667 pteuam
1669 609 1931 651 meretur.
1960 597 2044 652 lu—

432 693 637 763 justum
666 706 749 749 est
776 693 945 759 enim,
975 701 1038 747 ιιι
1061 691 1222 747 hodie
1246 701 1375 746 nata
1403 694 1604 757 anima,
1632 704 1739 745 nou
1770 705 1838 745 ex
1864 704 2043 746 massa

436 786 595 853 Adae,
629 795 735 841 tant
764 786 1049 856 antiquum
1077 795 1358 855 peceatum
1392 794 1571 854 portet
1597 784 1834 839 alienum
1871 803 1883 839 :
1918 784 2043 854 quia

439 880 586 934 nulla
631 878 844 933 ratione
878 877 1225 941 conceditur,
1258 889 1313 933 ut
1341 878 1507 946 Deus,
1540 878 1630 947 qui
1667 879 1883 947 propria
1915 893 2042 948 pec-

438 979 558 1026 cata
585 969 832 1037 dimittit,
868 970 1101 1040 imputet
1126 969 1389 1024 alienum.
1797 1020 1805 1028 _

513 1064 603 1119 18.
645 1061 798 1117 Hanc
836 1060 1041 1134 Pelagii
1073 1062 1571 1135 argumentationem
1600 1060 1718 1114 ideo
1749 1061 2042 1132 referimus,

436 1156 561 1228 quia
593 1155 915 1227 praecipuum
951 1170 978 1208 e
1021 1153 1185 1207 tribus
1226 1154 1459 1221 epistolis
1495 1151 1692 1206 Zosimi
1722 1153 2043 1223 fragmentis,

441 1264 558 1321 quia
587 1257 887 1319 supersunt,
920 1248 974 1301 in
1004 1263 1117 1301 eam
1160 1247 1381 1300 maxime
1413 1244 1572 1299 cadit.
1610 1244 1810 1315 Nempe
1841 1245 2045 1315 Augus-

444 1342 580 1396 tinus
619 1342 675 1395 in
713 1344 890 1395 eadem
930 1338 1154 1410 epistola
1198 1339 1320 1405 i90,
1365 1356 1421 1393 η.
1456 1340 1549 1405 25,
1589 1337 1698 1393 htec
1741 1339 2044 1409 pt'afatus:

441 1434 560 1491 Non
592 1443 676 1489 cst
705 1435 854 1488 enim
889 1433 1023 1487 falsa
1057 1434 1224 1487 etiam
1255 1434 1310 1487 iu
1346 1432 1694 1501 parvulorum
1723 1432 2048 1503 bapti~tnale

443 1527 698 1582 remissio
739 1536 1115 1597 peccatorum,
1161 1539 1261 1580 nec
1300 1524 1468 1579 verbo
1509 1535 1667 1579 tenus
1695 1525 1915 1592 dicitur,
1949 1523 2046 1579 sed

442 1620 711 1676 veraciter
732 1622 933 1689 agitur,
952 1619 1146 1673 subdit.
1173 1616 1308 1672 Nam
1335 1627 1392 1670 ιιι
1415 1618 1526 1687 jam
1554 1616 1898 1684 verbisutar,
1926 1629 2048 1688 quas

440 1715 495 1770 in
546 1713 780 1783 epistola
829 1712 1140 1769 beatissimi
1186 1710 1457 1766 antistitis
1502 1711 1708 1767 Zosimi
1757 1711 2043 1781 leguntur;

442 1823 602 1879 eaque
628 1806 779 1863 verba
808 1806 1007 1878 profert
1035 1806 1088 1859 in
1116 1805 1252 1859 hunc
1280 1806 1515 1859 modum.

1026 1913 1387 1954 FRAGMENTUII
1416 1914 1430 1952 1

976 1990 1268 2045 Tractorite
1295 1989 1515 2045 Zosimi.

517 2086 722 2141 Fidelis
745 2086 1005 2140 Dominus
1036 2087 1088 2139 in
1117 2086 1297 2140 verbis
1325 2086 1463 2151 suis,
1485 2085 1716 2156 ejusque
1743 2085 2047 2156 baptisutus

441 2193 503 2233 re
522 2187 628 2233 aei
651 2178 853 2243 verbis,
880 2177 932 2232 id
955 2185 1043 2233 est
1068 2193 1256 2247 opere,
1281 2176 1627 2233 confessione
1650 2185 1703 2232 et
1724 2177 2048 2234 remissione

443 2285 569 2326 vera
613 2279 985 2340 peccatorum,
1034 2273 1087 2326 in
1125 2273 1274 2326 omni
1312 2288 1466 2339 sexu,
1508 2281 1692 2338 :rtate,
1734 2272 2048 2329 conditione

445 2364 660 2434 generis
702 2365 926 2419 humani
957 2366 1205 2420 eamdem
1236 2366 1625 2435 plenitudinem
1657 2375 1823 2421 tenet.
1856 2367 2048 2422 Nullus

443 2457 627 2523 enim,
676 2457 778 2511 nisi
821 2457 913 2527 qui
955 2459 1165 2526 peccati
1209 2472 1401 2513 servus
1442 2469 1549 2527 est,
1597 2460 1733 2513 liber
1780 2460 2041 2527 elllcitur,

440 2564 546 2604 nec
575 2548 894 2619 redemptus
928 2550 1034 2605 dici
1068 2561 1267 2620 potest,
1300 2552 1402 2606 nisi
1434 2555 1525 2615 qui
1554 2566 1686 2606 vere
1726 2568 1823 2621 per
1853 2567 2047 2622 pecca-

442 2649 554 2695 tum
584 2641 751 2696 luerit
777 2650 903 2695 ante
930 2642 1208 2711 captivus;
1241 2644 1383 2697 sicut
1407 2642 1673 2712 scriptum
1704 2654 1787 2697 est
1818 2661 1831 2697 :
1859 2642 1917 2699 Si
1952 2660 2046 2702 vos

443 2733 613 2789 Filius
640 2734 976 2801 liberaverit,
1010 2750 1142 2791 vere
1172 2736 1326 2791 liberi
1360 2736 1557 2808 eritis(
1588 2735 1743 2791 Joan.
1779 2753 1891 2803 vut,
1928 2736 2042 2810 56).

442 2828 544 2884 Per
586 2832 764 2897 ipsum
804 2832 952 2884 enim
998 2830 1345 2885 renascimur
1368 2831 1711 2901 Spiritaliter,
1744 2846 1839 2900 per
1867 2831 2044 2902 ipsum

441 2924 812 2994 cruciligimur
853 2924 1074 2979 mundo.
1117 2925 1293 2995 Ipsius
1338 2935 1518 2980 morte
1551 2928 1741 2981 mortis
1773 2926 1841 2981 ab
1869 2926 2042 2982 Adam

441 3017 692 3071 omnibus
716 3016 870 3071 nobis
896 3018 1242 3085 ittll’OdllCltD,
1266 3030 1428 3088 atque
1460 3020 1791 3073 transmissm
1816 3021 2038 3075 univer-
2078 3078 2089 3085 ,

441 3124 515 3164 θαι
537 3111 756 3172 anima,
780 3107 914 3163 illttd
938 3111 1234 3180 propagine
1257 3120 1593 3165 contractqu
1619 3110 2043 3182 chirographum

2145 502 2227 559 bis
2271 503 2581 558 colluctatio
2617 503 2886 558 adversus
2930 518 3151 560 carnem
3184 514 3237 558 et
3278 504 3621 575 sanguinem,
3649 505 3747 569 sed

2146 604 2336 650 eontra
2381 595 2656 665 principes
2698 606 2749 650 et
2794 603 3096 666 potestates
3139 598 3282 651 aeris
3328 596 3513 671 hujus,
3557 605 3750 653 contra

2147 686 2407 755 Spiritalia
2453 687 2711 755 nequitia!
2753 688 2805 740 iu
2838 689 3150 743 caelestibus
3178 688 3399 762 (Ep/tes.
3433 705 3509 754 vt,
3539 688 3652 763 19.).
3688 689 3757 746 Et

2146 778 2289 834 sicut
2329 778 2446 842 ipse
2486 780 2683 834 iterum
2727 779 2857 834 dicit
2886 798 2897 833 :
2931 781 3124 836 Infelix
3169 798 3268 851 ego
3296 781 3484 848 homo,
3514 784 3635 853 quis
3664 798 3751 838 mc

2150 871 2399 927 liberabit
2433 871 2503 926 de
2543 887 2774 943 corpore
2817 876 3009 929 mortis
3056 874 3217 948 hujus
3254 875 3430 948 (Rom.
3470 893 3573 943 vn,
3613 875 3751 948 ειη

2149 962 2335 1019 Gratia
2378 963 2478 1019 Dei
2522 980 2616 1034 per
2656 966 2840 1021 Jesum
2864 964 3145 1021 Christum
3180 968 3472 1025 Dominum
3501 980 3749 1025 nostrum

2150 1053 2193 1124 (l
2222 1051 2345 1110 Cor.
2373 1070 2461 1124 xv,
2495 1055 2609 1128 10).
2645 1058 2709 1111 lit
2738 1056 2936 1112 iterum
2966 1076 2979 1111 :
3007 1058 3193 1115 Gratia
3231 1058 3331 1115 Dei
3370 1074 3492 1115 sum
3527 1060 3578 1115 id
3607 1060 3751 1132 quod

2150 1164 2291 1212 sum,
2335 1158 2389 1205 et
2432 1151 2604 1220 gratia
2647 1151 2740 1206 Dei
2784 1151 2835 1205 iu
2886 1166 2974 1208 me
3016 1168 3182 1207 vacua
3216 1153 3471 1224 nonfuit,
3503 1154 3598 1210 sed
3632 1155 3755 1226 plus

2150 1242 2258 1296 illis
2291 1242 2544 1297 omnibus
2590 1243 2865 1311 laboravi;
2914 1262 3022 1301 non
3065 1261 3166 1316 ego
3207 1257 3415 1315 autem,
3449 1248 3543 1304 sed
3578 1250 3749 1321 gratia

2152 1336 2247 1391 Dei
2283 1351 2516 1392 mecum.
2557 1336 2690 1392 illud
2729 1339 2910 1408 etiam,
2959 1339 3104 1409 quod
3133 1340 3274 1396 intra
3299 1341 3747 1415 Carthaginensis

2152 1430 2345 1501 synodi
2399 1431 2622 1486 decreta
2673 1432 3035 1488 cousdtutum
3088 1445 3213 1502 cst,
3270 1437 3427 1508 quasi
3475 1440 3753 1512 proprium

2152 1524 2466 1594 apostolica:
2507 1524 2653 1581 sedis
2700 1527 3101 1598 amplectimur,
3156 1529 3300 1599 quod
3340 1531 3553 1587 scilicet
3592 1535 3757 1591 tertio

2153 1617 2390 1688 capitulo
2445 1618 2749 1675 delinituut.
2795 1619 2895 1674 His
2937 1621 3261 1696 adjiciuntur
3296 1623 3532 1697 ejusdem
3569 1626 3756 1696 synodi

2154 1711 2382 1782 capitula
2421 1712 2455 1766 4
2499 1718 2547 1765 et
2587 1710 2620 1767 5
2660 1712 2795 1766 velut
2839 1712 3077 1784 ejusdem
3124 1714 3425 1785 apostolicte
3462 1716 3598 1771 sedis
3635 1733 3756 1789 pro-

2079 1820 2127 1880 Β
2151 1804 2289 1874 prio.

2218 1895 2311 1951 9.0.
2353 1895 2650 1952 Generatim
2697 1916 2814 1954 vero
2860 1900 3034 1955 omnia
3073 1901 3283 1955 concilii
3326 1899 3751 1976 Cartltaginensis

2149 1989 2382 2045 kalendis
2424 1989 2583 2046 Maiis
2620 1991 2744 2045 anni
2788 1992 2893 2047 418
2933 1991 3097 2047 habiti
3138 1994 3340 2050 decreta
3378 1994 3448 2048 ad
3488 1994 3756 2053 Zosimum

2152 2084 2369 2153 perlata,
2414 2092 2465 2137 et
2509 2083 2571 2136 ab
2611 2100 2670 2138 eo
2714 2085 2767 2138 in
2813 2083 2856 2138 Τ
2858 2086 3082 2139 ractoria
3119 2087 3277 2159 fuisse
3308 2088 3595 2160 approbata
3625 2087 3759 2144 Pro-

2151 2198 2269 2249 sper
2308 2182 2361 2235 in
2388 2180 2645 2236 Chronico
2677 2185 2938 2240 memoria:
2968 2184 3235 2238 mandavit
3266 2184 3349 2240 Itis
3379 2186 3543 2243 verbis
3569 2202 3588 2240 :
3615 2188 3761 2249 Con-

2149 2275 2277 2331 cilio
2319 2276 2461 2345 apud
2508 2274 2894 2351 Carthaginem
2944 2277 3133 2335 habito
3175 2294 3331 2335 ccxxv
3372 2280 3758 2351 episcoporum

2151 2366 2216 2421 ad
2254 2384 2449 2440 papam
2483 2368 2760 2429 Zosimum
2802 2370 3082 2443 synodalia
3112 2370 3335 2427 decreta
3367 2373 3613 2442 perlata;
3648 2389 3762 2436 out-

2150 2476 2245 2515 BUS
2274 2475 2554 2525 PROBATIS,
2578 2477 2678 2532 per
2709 2471 2877 2516 totum
2907 2462 3172 2519 mundum
3204 2463 3434 2519 haeresis
3464 2465 3756 2535 Pelagiana

2151 2552 2405 2607 damnata
2451 2565 2555 2609 est.
2592 2555 2922 2629 Quapropter
2962 2557 3034 2611 ad
3074 2557 3309 2612 eamdem
3346 2558 3670 2619 Tractoriam
3708 2572 3761 2621 ut

2152 2642 2584 2715 Carthaginensia
2615 2646 2821 2701 decreta
2845 2648 3216 2721 approbantem
3244 2651 3566 2727 Augustinus
3598 2652 3689 2709 lib.
3721 2655 3759 2717 it

2151 2739 2212 2793 de
2243 2739 2431 2794 Anima
2458 2748 2507 2794 et
2540 2741 2651 2810 ejus
2687 2740 2924 2812 Origine,
2957 2759 3004 2797 c.
3039 2743 3131 2812 12,
3162 2762 3216 2797 ιι.
3251 2745 3341 2814 17,
3377 2747 3630 2821 respicere
3655 2765 3758 2813 non

2152 2833 2405 2887 immerito
2446 2834 2703 2900 videatur,
2746 2834 2836 2888 ubi
2875 2836 3052 2890 scribit
3100 2852 3118 2890 :
3157 2835 3421 2892 Novellos
3463 2838 3758 2896 haereticos

2154 2920 2476 2996 Pelagianos
2520 2926 2824 2995 justissima
2868 2928 3229 2983 conciliorum
3264 2928 3665 2989 catholicorum
3703 2942 3761 2987 et

2151 3017 2301 3072 sedis
2340 3018 2659 3088 apostolicm
2705 3018 2984 3073 damnavit
3013 3019 3336 3088 auctoritas,
3366 3035 3433 3076 eo
3464 3020 3607 3091 quod
3640 3021 3757 3081 ausi

2154 3109 2355 3165 iuerint
2381 3128 2487 3165 nou
2519 3110 2808 3182 baptizatis
2834 3112 3073 3181 parvulis
3100 3112 3229 3169 dare
3255 3111 3458 3187 quietis
3484 3122 3536 3169 et
3559 3113 3757 3175 salutis

441 3208 732 3276 rumpitur,
756 3207 809 3260 in
842 3221 949 3276 quo
982 3207 1164 3261 nullus
1193 3208 1419 3262 omnino
1447 3217 1719 3273 natorum,
1751 3217 2039 3278 antequam
2071 3210 2116 3272 ς
2152 3203 2329 3257 locum
2360 3203 2519 3257 etiam
2554 3213 2760 3273 praeter
2786 3219 3015 3272 regnum
3043 3205 3335 3260 caelorum.
3362 3202 3463 3258 His
3485 3206 3618 3259 enim
3649 3222 3759 3260 ver-

442 3314 540 3369 per
570 3300 895 3369 baptismum
927 3300 1218 3369 liberetur,
1260 3316 1366 3354 non
1401 3310 1616 3357 tenetur
1644 3303 1937 3357 obnoxius.

517 3392 714 3458 Quibus
754 3393 905 3446 dictis
951 3394 1272 3465 Augustinus
1316 3394 1459 3446 istud
1497 3393 1565 3446 ad
1602 3395 1868 3449 sententitt’
1895 3396 2050 3467 hujus

446 3486 653 3541 laudem
690 3496 740 3540 et
780 3488 1085 3555 apostolica:
1123 3488 1261 3542 sedis
1300 3488 1795 3545 commendationem
1826 3489 2047 3562 subjun-

444 3578 517 3651 git
559 3594 578 3633 :
621 3579 678 3633 In
724 3578 811 3633 his
840 3579 1023 3633 verbis
1054 3578 1370 3648 apostolica:
1397 3580 1545 3635 sedis
1575 3591 1682 3635 tam
1708 3582 1931 3653 antiqua
1962 3593 2046 3638 at-

443 3686 550 3741 que
578 3670 799 3726 fundata
828 3684 981 3727 certa
1011 3680 1065 3726 et
1091 3673 1237 3727 clara
1266 3683 1351 3727 est
1377 3672 1645 3729 catholica
1678 3673 1835 3740 ﬁdes,
1867 3685 1926 3730 ut
1957 3692 2047 3731 ne-

443 3763 523 3818 las
553 3764 623 3819 sit
645 3764 718 3821 de
742 3764 834 3819 illa
858 3764 1112 3820 dubitare
1139 3765 1477 3821 Christiano.

1022 3874 1383 3916 FBAGMEN'I'UI
1410 3875 1467 3915 11.

518 3949 606 4006 19.
655 3950 895 4006 Alterum
939 3956 1289 4024 fragmentum
1321 3954 1375 4007 in
1412 3953 1634 4026 epistola
1659 3953 1724 4010 21
1761 3954 2044 4023 Caelestini,

447 4059 559 4116 cap.
605 4045 662 4112 θ,
697 4044 844 4100 nobis
870 4055 1192 4101 asservatum
1232 4057 1331 4112 est,
1367 4049 1454 4102 ubi
1480 4049 1619 4103 idem
1649 4047 1847 4105 Doctor
1878 4049 2050 4124 (Zosi-

447 4139 583 4207 mus)
616 4154 735 4191 cum
775 4140 845 4192 ad
886 4141 1045 4193 totius
1086 4139 1223 4194 orbis
1253 4141 1525 4211 episcopos
1559 4143 1621 4196 de
1650 4142 1841 4197 divina:
1870 4144 2051 4215 gratiw

446 4229 786 4299 opitulatione
814 4233 1127 4302 loqueretur,
1164 4241 1476 4285 memoratur
1500 4235 1771 4304 scripsisse
1803 4250 1820 4286 :

517 4322 672 4390 Quod
703 4337 836 4393 ergo
863 4331 1080 4393 tempus
1121 4325 1437 4392 intervenit,
1468 4340 1575 4393 quo
1602 4323 1723 4395 ejus
1752 4340 1855 4379 non
1884 4340 2015 4395 egea
2034 4354 2047 4365 -

449 4431 570 4472 mus
600 4416 850 4473 auxilio?
888 4416 945 4473 In
976 4417 1232 4473 omnibus
1260 4419 1425 4489 igitur
1455 4417 1686 4484 actibus,
1722 4421 1924 4486 causis,
1960 4435 2051 4476 co—

447 4511 799 4582 gitationibus
822 4551 837 4577 ,
877 4511 1116 4567 motibus
1155 4510 1372 4582 adjutor
1410 4522 1464 4567 et
1498 4523 1777 4583 protecmr
1807 4511 2049 4568 orandus

2151 3294 2257 3362 bis,
2295 3311 2410 3362 qua:
2448 3297 2769 3370 Augustinus
2807 3298 2900 3351 sub
2943 3299 3068 3351 anni
3108 3296 3215 3353 M9
3256 3299 3445 3352 exitum
3477 3298 3758 3381 scribebat,

2150 3393 2319 3447 notari
2349 3409 2475 3462 pene
2502 3409 2603 3447 non
2632 3392 2943 3465 ambigintus
2968 3394 3064 3447 hoc
3093 3394 3374 3459 decretum,
3403 3394 3543 3467 quod
3569 3392 3757 3455 Bittius

2150 3484 2283 3537 inter
2323 3495 2507 3538 cwtera
2550 3481 2841 3538 Milevitani
2879 3482 3089 3539 concilii
3126 3484 3325 3551 edidit;
3358 3484 3471 3540 licet
3500 3486 3677 3556 paucis
3703 3486 3759 3544 in

2152 3579 2414 3632 codicibus
2456 3580 2750 3633 inveniatur
2794 3597 2811 3635 :
2860 3581 3106 3645 Placuit,
3159 3593 3219 3637 ιιι
3264 3582 3310 3636 si
3356 3582 3483 3655 quis
3523 3581 3756 3653 dixerit,

2154 3669 2276 3724 idco
2300 3670 2504 3726 dixisse
2532 3671 2854 3727 Dominum:
2881 3670 2938 3726 in
2971 3672 3137 3726 domo
3168 3673 3350 3728 Patris
3378 3674 3488 3729 mei
3518 3675 3757 3735 mansio-

2155 3776 2253 3816 nes
2293 3762 2475 3815 multa:
2518 3772 2667 3828 sunt,
2709 3773 2843 3828 cte.,
2891 3774 2950 3817 ut
2984 3764 3319 3835 intelligatur
3347 3767 3473 3838 quia
3503 3766 3557 3821 in
3588 3780 3757 3837 regno

2153 3853 2415 3909 caelorum
2456 3854 2560 3909 erit
2587 3854 2780 3924 aliquis
2813 3855 2963 3909 locus
2995 3855 3230 3925 medius,
3264 3858 3347 3912 vel
3380 3857 3523 3912 ullus
3553 3856 3757 3913 alicubi

2153 3947 2329 4011 locus,
2373 3946 2469 4000 ubi
2510 3948 2670 4004 beate
2717 3949 2903 4002 vivant
2945 3949 3180 4020 parvuli,
3213 3949 3304 4021 qui
3332 3952 3454 4005 sine
3482 3949 3755 4020 baptismo

2154 4055 2221 4096 ex
2264 4038 2365 4096 hac
2409 4040 2516 4095 vita
2562 4041 2892 4112 migraruut,
2942 4042 3062 4098 sine
3093 4058 3201 4114 quo
3230 4043 3283 4099 in
3317 4058 3546 4115 regnum
3580 4043 3754 4105 coelo-

2154 4151 2296 4201 rum,
2340 4134 2481 4205 quod
2524 4144 2609 4189 est
2657 4134 2765 4189 vita
2814 4146 3043 4205 interna,
3093 4136 3303 4190 intrare
3344 4152 3452 4193 non
3498 4144 3752 4207 possunt,

2154 4227 2443 4283 anathema
2472 4227 2564 4282 sit.
2589 4226 2719 4281 Nam
2741 4244 2863 4282 cum
2890 4226 3154 4283 Dominus
3177 4229 3357 4283 dicat:
3384 4228 3498 4284 Nisi
3522 4230 3645 4300 quis
3668 4243 3756 4286 re—

2157 4330 2313 4376 natus
2346 4320 2514 4375 fuerit
2553 4336 2621 4375 ex
2649 4335 2787 4388 aqua
2823 4331 2876 4376 et
2907 4320 3116 4392 Spiritu
3145 4330 3355 4393 sancto,
3392 4337 3498 4377 non
3530 4322 3757 4385 intrabit

2156 4417 2209 4472 in
2252 4435 2478 4492 regnum
2509 4417 2776 4475 ccelorum
2811 4416 2995 4490 (Joan.
3039 4435 3122 4491 ut,
3165 4418 3221 4490 5)
3254 4460 3267 4484 ,
3302 4419 3423 4486 quis
3451 4419 3755 4479 catholicus

2156 4512 2368 4569 dubitet
2411 4515 2735 4586 participem
2784 4513 2991 4569 diaboli
3039 4513 3156 4571 fore
3196 4529 3343 4587 cum,
3377 4515 3468 4586 qui
3512 4514 3761 4577 cultiores

449 4611 555 4656 est.
595 4602 905 4674 Superbum
946 4613 1031 4659 est
1060 4603 1204 4659 enim
1229 4645 1243 4669 ,
1274 4615 1329 4658 ιιι
1357 4604 1650 4674 quidquam
1681 4604 1787 4659 sibi
1817 4603 2048 4659 humana
2078 4599 2131 4659 D
2158 4622 2265 4661 nou
2299 4609 2560 4663 meruerit
2586 4624 2709 4664 esse
2744 4607 2987 4663 Christi?
3015 4607 3115 4676 Qui
3146 4609 3291 4665 enim
3323 4607 3553 4667 dextera
3582 4616 3756 4680 caret,

522 4825 548 4854 ει
578 4815 717 4871 Hinc
746 4815 1022 4885 colligitur
1050 4832 1172 4870 cum
1207 4815 1258 4871 in
1290 4815 1535 4870 Romana
1568 4826 1681 4872 tum
1714 4816 1764 4869 in
1798 4814 2051 4871 Africana

449 4886 678 4943 ecclesia
723 4904 842 4943 eam
880 4894 1007 4942 tunc
1035 4886 1298 4957 temporis
1324 4886 1579 4941 usitatam
1612 4887 1779 4941 fuisse
1804 4887 2057 4954 baptismi

448 4958 718 5025 formam,
764 4959 941 5025 qualis
982 4959 1034 5012 in
1080 4961 1305 5028 antiquo
1375 4958 1574 5011 Missali
1623 4957 2057 5013 Gothico-Gabi—

448 5045 617 5097 eano,
663 5030 809 5100 quod
858 5030 1183 5085 Thomssius
1229 5029 1500 5097 vulgavit,
1547 5029 1939 5100 pratscribitttr
1972 5029 2056 5083 his

450 5100 634 5155 verbis
679 5097 694 5155 ξ
741 5101 959 5168 Baptizo
1000 5110 1049 5156 te
1092 5102 1168 5155 tll.
1214 5101 1268 5154 in
1307 5101 1519 5155 nomine
1565 5098 1737 5155 Patris
1768 5108 1816 5155 et
1849 5097 1979 5153 Filii
2009 5109 2057 5154 et

451 5171 688 5239 Spiritus
717 5173 887 5226 sancti
916 5175 969 5225 in
1007 5170 1358 5226 remissionem
1393 5181 1746 5238 peccatorum,
1780 5180 1832 5223 ut
1864 5168 2055 5224 habeas

450 5244 609 5312 uitam
649 5252 919 5298 (sternam.
967 5244 1126 5308 Hinc,
1177 5254 1233 5294 ut
1276 5242 1612 5312 Augustinus
1654 5241 1749 5295 hb.
1793 5244 1861 5294 de
1891 5241 2049 5295 Pecc.

452 5311 628 5383 Orig.,
674 5331 725 5370 c.
770 5314 824 5378 5.
858 5315 1073 5378 scribit,
1104 5323 1330 5369 coactus
1355 5311 1436 5367 est
1462 5312 1751 5368 C(elestius
1783 5311 2053 5377 oonlitrt‘i,

451 5385 679 5454 infantes
723 5387 902 5441 debere
942 5386 1197 5456 baptizari
1238 5386 1291 5438 in
1334 5386 1687 5456 remissionem
1727 5393 2053 5455 peccatorum

453 5452 735 5511 secundum
763 5452 1330 5523 regulam'universulis
1357 5452 1628 5510 Ecclesia'.
1665 5452 1807 5507 idem
1842 5466 1893 5508 ct
1929 5471 2049 5523 pro-

456 5526 598 5582 literi
629 5524 946 5598 compulsus
978 5540 1059 5581 est
1092 5527 1345 5595 Pelagius
1381 5546 1394 5582 :
1426 5541 1585 5595 quem
1620 5526 1836 5585 «:nidcm
1867 5524 2056 5598 Pinia-

455 5612 581 5662 nus,
625 5597 842 5662 Albino,
887 5610 942 5653 et
982 5599 1209 5654 Melania
1249 5614 1371 5653 cum
1413 5598 1693 5651 audissent
1722 5597 2059 5664 responden-

456 5679 588 5740 tem,
621 5672 761 5740 quod
789 5672 999 5732 eisdem.
1038 5672 1224 5739 quibus
1254 5679 1301 5723 et
1331 5671 1575 5738 iuajtres,
1603 5669 1917 5740 sacramenti
1948 5684 2059 5721 ver-

456 5738 531 5811 bis
558 5738 829 5809 (adeoque
858 5743 911 5795 in
940 5743 1296 5795 remissionem
1325 5740 1702 5811 peccatorum),
1734 5739 2058 5811 lmptizantur

455 5809 703 5883 infantes,
735 5827 843 5873 non
883 5814 1237 5871 mediocriter
1268 5828 1328 5880 se
1361 5812 1573 5873 lsctatos
1602 5809 1748 5882 esse,
1782 5819 1918 5867 teste
1952 5810 2060 5869 Au-

2157 4817 2376 4885 gustino
2403 4816 2498 4872 lib.
2522 4816 2591 4871 de
2623 4815 2780 4871 Pecc.
2812 4816 2990 4887 Orig.,
3011 4830 3062 4870 c.
3088 4817 3139 4882 t,
3159 4816 3519 4885 scripserunt.
3554 4816 3752 4871 Verum

2156 4888 2388 4942 subinde
2428 4889 2572 4942 idem
2607 4888 2804 4943 Doctor
2834 4902 2883 4943 c.
2917 4887 2982 4942 Ἢ
3014 4887 3275 4942 observat
3307 4887 3410 4943 hoc
3438 4903 3565 4945 eum
3595 4887 3753 4942 lalla-

2158 4960 2295 5012 citer
2322 4957 2688 5025 respondisse,
2716 4969 2975 5029 tamquam
3004 4957 3287 5026 infantibus
3315 4958 3545 5015 remissio
3570 4976 3754 5028 pecca-

2159 5038 2279 5101 to_ru
2300 5046 2328 5080 η
2361 5030 2629 5101 verborum
2672 5032 2841 5101 sonitu
2874 5029 3148 5096 diceretur,
3189 5046 3294 5083 non
3319 5047 3491 5084 rerum
3520 5039 3758 5101 ageretur

2158 5099 2359 5166 eﬂectu.
2393 5099 2494 5156 Cui
2526 5100 2757 5156 fallacia:
2783 5099 3216 5169 Cartliiaginense
3242 5099 3569 5168 amcitiam,
3604 5102 3758 5159 Illita-

2162 5171 2335 5245 vitaui
2380 5173 2676 5245 "nomine
2716 5173 3017 5245 vulgatum,
3064 5172 3216 5245 cujus
3255 5173 3497 5245 decreta,
3544 5172 3753 5245 utijam

2160 5241 2599 5311 observat-intus,
2632 5241 2883 5296 Zosimus
2917 5241 3259 5311 approbavit,
3300 5247 3349 5298 in
3384 5244 3515 5297 Cod.
3550 5244 3755 5311 Quos".

2161 5327 2279 5380 cap.
2324 5312 2392 5368 i3
2430 5314 2509 5369 sic
2542 5309 2782 5368 occurrit
2816 5330 2828 5366 :
2869 5309 3076 5366 Placuit
3107 5323 3160 5366 ut
3186 5316 3488 5383 quicumque
3512 5309 3754 5383 parrulos

2159 5392 2381 5439 recentes
2405 5384 2469 5438 ab
2500 5386 2659 5439 tueris
2686 5394 2908 5439 matrum
2933 5384 3275 5453 baptizandus
3306 5381 3479 5453 negat.
3513 5381 3602 5434 tm
3628 5381 3757 5436 dicit

2162 5471 2212 5529 tu
2244 5470 2596 5529 ueutsuoueu
2626 5457 2845 5529 quidem
2868 5444 3215 5529 peccaronuu
3253 5472 3339 5509 eos
3367 5444 3750 5529 baptizari,“

2162 5525 2292 5579 nilnl
2331 5546 2414 5580 eos
2453 5544 2514 5582 ex
2552 5523 2715 5581 Adam
2746 5527 2946 5582 trahere
2972 5528 3238 5598 originalis
3266 5523 3478 5598 peccati,
3512 5525 3650 5594 quod
3677 5523 3755 5579 la-

2159 5614 2310 5652 t'arro
2351 5600 2753 5668 regenerationis
2797 5595 3069 5668 crpietur,‘
3104 5599 3238 5648 unde
3270 5595 3327 5664 fit
3365 5610 3669 5665 consequens
3702 5602 3757 5647 ut

2161 5669 2216 5723 in
2244 5671 2316 5723 eis
2348 5674 2511 5737 forma
2541 5672 2857 5740 baptismatis
2877 5713 2891 5736 ,
2922 5684 2974 5723 tu
3005 5681 3352 5740 neutsstoueu
3385 5679 3755 5740 mccsronuu,

2163 5757 2264 5793 non
2308 5758 2421 5795 rere
2447 5742 2541 5794 sed
2576 5737 2708 5810 false
2752 5742 3089 5811 intelligatur,
3133 5738 3406 5811 anathema
3451 5737 3534 5789 sit.
3571 5737 3761 5811 Eidem

2164 5811 2393 5867 fallaciae
2415 5825 2560 5868 nunc
2577 5807 2796 5883 quoque
2817 5807 3065 5869 lusimus
3082 5824 3297 5866 omnem
3312 5807 3515 5865 aditum
3538 5808 3759 5867 claudit.
