4206 6174
410 238 516 293 693

1366 246 1708 301 APPENDIX
1750 248 1840 301 Al)
1880 248 2108 302 Ol’l'JlA
2151 250 2207 303 S.
2253 249 2480 303 ZUSIAII
2524 248 2745 304 PAPAE.

3610 246 3714 302 696

410 361 685 415 sinistram
720 360 907 431 procul
940 362 1101 415 dubio
1128 361 1395 416 incurret.
1425 363 1577 430 Quod
1601 366 1644 417 si
1674 366 1744 419 ita
1775 376 1867 433 est,
1899 384 2008 418 ma-
2035 372 2086 428 Α
2117 368 2207 419 illa
2257 370 2549 432 necessitas,
2602 369 2764 421 nihilo
2787 369 2951 439 magis
2993 370 3129 421 idem
3164 366 3357 421 Doctor
3403 370 3451 420 in
3501 369 3718 438 epistola

411 454 604 507 tandus
635 463 706 506 est
739 454 885 519 ordo,
917 470 1068 523 quem
1101 454 1238 506 idem
1287 470 1455 507 canon
1506 457 1648 526 apud
1682 457 2011 523 Quesnellum

416 547 544 601 Cod.
575 563 691 617 cap.
729 547 795 599 15
824 547 959 598 inter
990 545 1421 616 Carthagiaenses
1454 548 1660 603 obtinet.
1688 550 1839 623 Apud
1867 550 2013 605 illuni

418 638 554 689 enim
598 638 777 689 tertius
814 643 921 701 est;
964 638 1195 706 quamvis
1236 636 1373 690 alius
1414 640 1479 692 sit
1519 640 1581 692 ab
1622 658 1701 708 ea,
1732 659 1880 711 quem
1910 644 2018 714 ipse

416 729 657 783 Zasimus
709 726 1133 799 Carthaginensis
1190 732 1399 785 concilii
1453 734 1675 788 tertium
1722 736 2017 804 capitulum

415 832 587 876 vacat.

980 930 1338 971 FRAGMENTUH
1380 934 1454 972 HL

490 1009 583 1062 21.
629 1006 864 1061 Tertium
902 1010 1131 1078 ejusdem
1171 1009 1455 1065 Tractoria:
1504 1014 1849 1085 fragmentum
1889 1014 2022 1068 Pra-

418 1116 536 1171 sper
580 1099 673 1153 lib.
717 1114 894 1154 contra
933 1100 1128 1155 Collat.
1159 1119 1207 1156 c.
1240 1103 1327 1169 10,
1360 1122 1445 1157 seu
1478 1105 1533 1173 5,
1566 1124 1617 1158 n.
1656 1106 1742 1169 15,
1776 1124 1836 1160 ac
1864 1106 2027 1162 Caele-

424 1193 547 1245 stini
592 1192 813 1261 epistola
856 1192 958 1260 21,
1004 1210 1051 1248 c.
1093 1196 1146 1259 5,
1182 1195 1538 1265 suppeditant.
1588 1197 1742 1251 Istud
1768 1198 2027 1253 relaturus

424 1283 651 1355 Prosper
684 1286 757 1338 ita
789 1288 1039 1357 prtefatur
1074 1304 1091 1341 :
1126 1288 1334 1341 Errarit
1366 1300 1694 1344 sacrosancta
1723 1292 1854 1345 beati
1886 1291 2029 1345 Petri

421 1381 585 1442 sedes,
633 1396 748 1449 qua:
772 1381 840 1433 ad
870 1382 1161 1435 uniuersum
1207 1382 1377 1436 orbem
1424 1401 1573 1454 papw
1614 1383 1810 1438 Zosimi
1844 1401 1931 1438 ore
1956 1388 2030 1439 sic

425 1474 679 1544 loquitur.
716 1473 897 1527 Eidem
931 1475 983 1527 in
1020 1476 1243 1546 epistola
1276 1474 1533 1529 Calestini
1567 1477 1896 1543 prteiizittitur
1924 1480 2032 1531 ha’c

424 1565 531 1619 alia
569 1568 810 1637 prtefatia
855 1584 872 1620 :
916 1566 981 1621 In
1019 1585 1173 1637 quant
1207 1584 1298 1621 nos
1328 1569 1637 1621 sententiam
1668 1570 1847 1641 dirigit
1878 1572 2033 1624 beata'

421 1659 793 1712 recordationis
838 1675 988 1729 papa:
1032 1658 1227 1712 Zosimi
1269 1660 1523 1731 regularis
1569 1662 1877 1726 auctoritas,
1918 1678 2035 1716 cum

2120 458 2241 523 195,
2276 459 2326 511 in
2353 476 2454 527 qua
2494 475 2608 512 eam
2626 475 2800 512 rursus
2832 472 3223 526 commemorat,
3256 460 3449 529 aperit.
3482 458 3717 513 Meminit

2119 561 2165 603 et
2193 550 2463 604 Possidius
2491 552 2761 622 legationis
2784 552 2960 623 hujus,
2993 562 3144 621 atque
3193 550 3486 605 collationis
3514 552 3718 619 Augus-

2124 644 2284 697 tinum
2308 646 2442 696 inter
2460 656 2507 697 et
2549 642 2835 696 Emeritam
2859 641 3186 697 Danatistum
3219 644 3469 698 Ctesarea:
3492 646 3543 696 in
3568 640 3723 696 Mau-

2124 735 2311 788 ritania
2342 751 2477 788 anna
2498 736 2601 789 418
2635 734 2948 804 Septembris
2969 735 3040 790 90
3066 736 3147 791 die
3180 753 3243 790 ex
3273 736 3546 807 legationis
3568 735 3723 801 huius

2126 827 2392 880 occasione
2416 826 2605 880 habita:
2636 844 2653 880 :
2686 828 2773 880 sed
2794 843 2908 898 qua:
2932 827 3079 882 illum
3126 830 3400 882 necessitas
3422 827 3524 881 huc
3554 838 3725 881 traxe-

2128 921 2211 982 rit,
2242 920 2436 984 pariter
2455 928 2605 973 tacet.
2635 920 2727 974 Sic
2755 937 2905 988 parra
2936 937 3041 973 rem
3068 938 3183 990 cap.
3213 919 3279 973 14
3313 932 3519 973 narrat:
3548 918 3729 975 Omni-

2130 1013 2364 1083 potentis
2390 1013 2483 1067 Dei
2520 1014 2777 1082 praestitit
2804 1014 3091 1077 auxilium,
3128 1024 3181 1066 ιιι
3228 1023 3416 1082 postea
3446 1014 3496 1066 in
3543 1009 3730 1066 Caesa-

2133 1105 2299 1158 rieusi
2348 1104 2688 1159 Mauritaniae
2727 1106 2947 1159 civitate
2994 1107 3323 1160 constitutus
3351 1103 3462 1175 (sit)
3502 1118 3727 1158 venera-

2131 1196 2254 1251 bilis
2281 1196 2555 1250 mcniorizc
2583 1196 2935 1267 Augustinus,
2966 1213 3071 1267 quo
3089 1212 3213 1252 eum
3238 1198 3426 1251 venire
3455 1210 3576 1249 cum
3606 1195 3727 1249 aliis

2134 1289 2472 1358 coepisc0pis
2511 1290 2657 1343 sedis
2710 1290 3023 1359 apostolicae
3077 1289 3276 1343 litterm
3327 1287 3728 1357 compulerunt,

2135 1384 2205 1436 ob
2239 1382 2609 1436 terminandas
2658 1383 2912 1437 videlicet
2966 1383 3102 1436 alias
3134 1381 3395 1437 Ecclesia:
3428 1380 3725 1435 necessita-

2140 1485 2239 1529 tes.
2272 1476 2385 1529 llac
2411 1491 2542 1545 ergo
2571 1477 2860 1531 occasione
2883 1475 3158 1546 provenit,
3190 1486 3245 1529 ut
3276 1476 3573 1530 Emeritam
3600 1473 3734 1542 ejus-

2139 1567 2261 1623 dem
2292 1569 2395 1623 loci
2426 1570 2827 1623 Donatistarum
2862 1571 3212 1640 episcopum.
3233 1610 3246 1623 .
3273 1609 3283 1621 .
3313 1567 3545 1623 videret.
3584 1567 3738 1637 Atqui

2139 1670 2256 1713 ante
2276 1659 2387 1714 hinc
2418 1677 2531 1713 cum
2564 1659 2791 1715 Emerita
2840 1670 2981 1731 gesta
3015 1661 3332 1732 Augustinus
3375 1662 3427 1712 in
3461 1659 3735 1713 Retracto-

426 1753 649 1806 scribens
688 1753 756 1807 ad
787 1754 943 1806 totius
982 1755 1118 1806 orbis
1160 1755 1423 1825 episcopos
1451 1756 1541 1808 ait.
1584 1754 1715 1808 Tum
1743 1757 2032 1828 subjiciun-
2069 1762 2116 1821 B
2143 1752 2470 1806 tianibuslib.
2497 1769 2555 1818 ll,
2576 1770 2621 1806 c.
2657 1752 2748 1818 50,
2777 1752 2933 1807 libros
2957 1754 3191 1823 proxime
3212 1752 3429 1805 collocat
3457 1750 3524 1805 de
3552 1750 3740 1805 Gratia

429 1854 512 1897 tur
558 1844 753 1899 Zosimi
794 1846 940 1899 verba
974 1862 993 1900 :
1034 1846 1142 1899 Nos
1183 1858 1365 1901 autem
1409 1848 1666 1902 instinctu
1699 1848 1789 1902 Dei
1823 1849 2027 1919 (omnia

431 1938 577 1992 enim
615 1938 759 1994 bona
796 1939 861 1993 ad
903 1951 1179 1995 auctorem
1214 1956 1373 1994 suum
1419 1941 1706 1996 referenda
1736 1955 1859 1997 sunt
1888 1943 2030 1997 unde

434 2034 757 2101 nascuntur)
786 2032 852 2086 ad
888 2030 1119 2086 fratrum
1152 2046 1205 2087 et
1238 2033 1687 2102 coepiscopovum
1720 2047 2030 2090 nostrorum

430 2126 797 2181 Conscientias
824 2127 1075 2181 universa
1102 2128 1407 2181 retulimus.
1436 2126 1567 2193 Qua:
1596 2130 1845 2181 sententia
1869 2145 2032 2197 gitan-

437 2229 543 2271 tunt
574 2218 716 2284 Afris
753 2218 1026 2288 placuerit,
1058 2218 1237 2273 eadem
1265 2219 1488 2287 epistola
1517 2219 1641 2272 ibid.
1673 2221 1993 2289 testiﬁcatur.

504 2309 595 2363 22.
626 2309 736 2363 Nec
782 2310 928 2363 siluit
960 2310 1124 2373 Man,
1158 2310 1416 2364 Mercator
1463 2328 1564 2381 qua
1622 2313 1821 2365 ratione
1868 2322 2030 2366 totum

451 2402 584 2457 illud
606 2401 807 2456 Zosimi
829 2404 1078 2474 scriptum
1127 2404 1178 2455 in
1225 2404 1461 2457 universa
1507 2405 1743 2459 Ecclesia
1770 2419 2035 2474 exceptum

444 2501 567 2570 fuit.
596 2500 797 2564 Beatm,
844 2500 1007 2569 inquit
1037 2499 1163 2553 edit.
1197 2497 1384 2554 Baluz.
1418 2517 1537 2570 pag.
1590 2500 1713 2568 158,
1763 2503 2039 2556 ιιιθιιιοτὶςυ

444 2593 686 2661 episc0pi
738 2590 943 2645 Zosimi
991 2591 1250 2660 epistola,
1306 2608 1426 2662 qua:
1486 2592 1770 2646 Tractoria
1818 2594 2039 2662 dicitur,

443 2684 562 2756 qua‘
589 2684 877 2739 Caelestius
922 2685 1281 2754 Pelagiusque
1322 2684 1563 2739 damnati
1605 2695 1752 2752 sunt,
1794 2696 1847 2741 et
1896 2687 2040 2742 Con-

448 2779 886 2848 stantinopolim,
915 2788 972 2834 et
1002 2795 1098 2849 per
1133 2789 1307 2834 totum
1327 2780 1517 2836 orbem
1545 2782 2046 2852 subscriptionihus

445 2882 759 2927 sanctorum
816 2882 1029 2944 patrum
1086 2884 1170 2927 est
1220 2874 1494 2928 roborata.
1567 2876 1720 2939 Quod
1790 2876 2047 2946 eleganter

451 2964 682 3036 Prosper
714 2966 766 3018 in
817 2964 948 3019 libra
991 2976 1172 3019 contra
1224 2964 1440 3030 Collat.,
1470 2983 1523 3019 n.
1569 2966 1660 3029 57,
1690 2968 1936 3036 expressit
1967 2966 2047 3020 his

452 3057 616 3111 verbis
671 3073 690 3111 :
734 3056 1120 3112 Africanorum
1173 3058 1528 3113 conciliorum
1590 3058 1828 3114 decretis
1874 3059 2049 3114 beatae
2114 3052 2127 3061 ’

2128 1844 2334 1898 Christi
2366 1855 2409 1895 et
2436 1845 2502 1898 de
2533 1844 2763 1899 Peecato
2798 1844 3071 1914 originali,
3106 1844 3167 1896 de
3190 1842 3372 1913 quibus
3392 1844 3501 1896 lucc
3534 1840 3684 1895 habet
3717 1856 3736 1894 :

2142 1920 2338 1991 Postea
2366 1953 2526 2005 quam
2554 1936 2838 2007 Pelagiana
2872 1938 3096 1991 haeresis
3130 1952 3251 1991 cum
3282 1938 3396 1991 suis
3423 1935 3737 1990 auctoribus

2137 2034 2207 2085 ab
2235 2032 2510 2102 episcopis
2564 2033 2813 2086 ecclesia:
2869 2030 3153 2095 Romanae,
3213 2031 3362 2100 prius
3392 2029 3733 2095 lnuocmtio,

2144 2128 2348 2182 deinde
2374 2126 2624 2192 Zosimo,
2678 2127 3101 2194 cooperantibus
3143 2127 3497 2181 conciliorum
3530 2123 3745 2177 Africa-

2145 2238 2334 2277 norum
2368 2222 2584 2287 litteris,
2615 2220 2859 2272 convicta
2889 2229 3049 2288 atque
3076 2217 3328 2272 damnata
3382 2228 3496 2280 est,
3539 2214 3731 2283 scripsi

2146 2316 2281 2369 duos
2314 2314 2483 2368 libros
2506 2312 2771 2366 adversus
2802 2328 2921 2378 eos,
2975 2327 3141 2365 unum
3194 2310 3262 2365 de
3297 2310 3479 2365 Gratia
3507 2308 3735 2375 Christi,

2142 2407 2376 2460 alterum
2406 2403 2473 2459 de
2501 2405 2736 2458 Peccato
2768 2403 3041 2473 originali.
3070 2401 3154 2456 Ea:
3173 2420 3275 2473 qua
3297 2402 3545 2467 sequitur,
3581 2411 3632 2453 ut
3660 2400 3752 2457 liti

2144 2508 2265 2552 term
2287 2497 2391 2551 illic
2406 2497 2677 2566 speciales,
2692 2496 2877 2565 quibus
2896 2498 3181 2566 Augustino
3197 2512 3254 2549 ac
3267 2496 3417 2549 sociis
3434 2495 3487 2549 in
3503 2494 3752 2548 Maurita‘

2146 2590 2287 2643 niam
2307 2590 2493 2662 legatio
2508 2588 2821 2643 demandata
2838 2588 3124 2654 est,litteris
3139 2589 3323 2660 quibus
3338 2586 3585 2660 Pelagius
3598 2598 3749 2659 atque

2146 2682 2409 2738 Coalestius
2434 2700 2465 2736 a
2486 2682 2694 2737 Zosima
2727 2685 2962 2737 damnati
3001 2693 3142 2750 sunt,
3172 2700 3274 2737 nan
3302 2685 3403 2737 sint
3447 2684 3745 2737 anteriores.

2150 2773 2262 2828 Nec
2282 2774 2537 2845 quomodo
2586 2777 2898 2845 posteriores
2929 2777 3126 2831 censeri
3158 2788 3367 2848 queant,
3420 2775 3529 2831 ulla
3552 2778 3751 2831 ratione

2148 2882 2382 2942 apparet.

2915 2966 2980 3020 Χ.

2225 3059 2317 3113 21.
2360 3057 2609 3131 EpiscOpi
2640 3060 2849 3131 Africae.
2880 3061 2968 3130 qui
3016 3071 3134 3131 post
3161 3060 3433 3113 concilium
3473 3058 3750 3130 Carthagi-

450 3149 851 3205 recordationis
906 3166 1040 3220 papa
1093 3150 1348 3204 Zosimus
1399 3151 1685 3203 sementim
1718 3167 1829 3205 sua:
1884 3152 2049 3205 robur
2076 3144 2120 3204 C
2156 3170 2312 3207 nense
2352 3152 2582 3207 kalendis
2611 3152 2769 3207 Maiis
2808 3155 3061 3218 habitum,
3094 3152 3486 3224 ipsiastoncilii
3527 3154 3748 3221 decreta,

452 3246 736 3309 annexuit,
782 3254 835 3297 et
878 3244 944 3297 ad
1001 3244 1291 3313 impiorum
1338 3244 1813 3299 detruncationeni
1867 3246 2049 3315 gladio

456 3335 605 3391 Petri
636 3336 897 3390 dexteras
929 3336 1169 3389 omnium
1220 3338 1470 3390 armavit.
1528 3334 1740 3402 Verum,
1791 3348 1845 3391 ut
1889 3340 2052 3392 verbis

453 3436 663 3480 utamur
690 3426 848 3479 Marii
880 3426 1189 3480 Mercatoris
1216 3428 1449 3480 eamdem
1472 3430 1721 3483 rationem
1741 3446 2053 3499 prosequen-

456 3522 565 3587 tis,
608 3522 655 3575 ei
705 3520 951 3575 Julianus
1015 3521 1307 3589 caeterique
1378 3522 1677 3590 complices
1731 3525 1850 3590 ejus
1923 3524 2053 3577 sub-

457 3612 706 3667 scribere
733 3612 1125 3677 detrectantes,
1181 3624 1687 3683 consentaueosque
1715 3630 1773 3667 se
1807 3616 2054 3669 nolentes

458 3705 656 3760 iisdem
690 3704 943 3759 Patribus
975 3703 1175 3769 facere,
1210 3721 1317 3759 non
1371 3706 1545 3759 solum
1576 3700 1947 3775 imperialibus
1978 3708 2055 3761 lc-

458 3798 639 3869 gibus,
669 3799 764 3854 sed
799 3807 856 3853 et
897 3800 1334 3853 sacerdotalibus
1363 3802 1581 3855 statutis
1629 3801 1861 3870 depositi
1895 3812 2056 3872 atque

460 3892 823 3957 exauctorati,
858 3908 924 3947 ex
954 3892 1104 3947 omni
1128 3892 1280 3946 Italia
1309 3894 1522 3962 expulsi
1556 3906 1705 3948 sunt.
1750 3895 1903 3962 Quod
1940 3898 2056 3951 licet

458 3986 680 4038 maxime
724 3984 815 4037 sub
845 3982 1042 4037 Zosimi
1100 4000 1406 4055 successore
1435 3982 1717 4054 Bonifacia
1760 3986 2056 4057 contigerit,

462 4079 537 4130 uti
565 4078 747 4131 suadet
778 4077 912 4130 illud
943 4076 1194 4144 Prasperi
1217 4078 1376 4131 citata
1408 4078 1544 4143 loco,
1575 4078 1725 4148 Papa
1754 4080 2061 4137 Bonifacius

460 4170 837 4242 plissimorum
868 4168 1261 4237 lmperatorum
1293 4169 1561 4224 catholica
1611 4172 1876 4242 religione
1932 4189 2061 4244 gau~

463 4262 646 4327 debat,
680 4272 735 4316 et
771 4272 963 4316 contra
1023 4261 1273 4315 inimicos
1330 4262 1521 4332 gratia:
1571 4263 1667 4317 Dei
1721 4282 1825 4319 non
1876 4267 2058 4321 solum

461 4352 801 4423 apostolicis,
850 4352 946 4407 sed
996 4353 1158 4406 etiam
1210 4354 1374 4422 regiis
1425 4354 1683 4408 utebatur
1712 4356 2063 4412 edictis:hac

462 4458 633 4500 tamen
658 4449 851 4514 factum
883 4462 992 4499 esse
1011 4454 1230 4510 constat,
1273 4455 1327 4498 ut
1373 4444 1569 4499 Zosimi
1629 4446 1911 4503 Tractoria:
1956 4463 2062 4504 tota

2157 3245 2287 3299 terni
2314 3260 2376 3299 ea;
2404 3244 2622 3317 singulis
2666 3246 2944 3315 provinciis
2986 3243 3297 3318 Carthagine
3348 3254 3749 3315 permanserant,

2157 3355 2274 3392 cum
2297 3339 2366 3392 ibi
2395 3340 2711 3408 accepissent
2734 3340 2997 3410 proximas
3025 3339 3220 3393 Zosimi
3239 3339 3506 3409 epistolas,
3535 3340 3755 3408 adjunc-

2159 3433 2221 3485 tis
2253 3432 2346 3485 sibi
2370 3442 2422 3484 ut
2449 3431 2649 3485 videtur
2698 3432 2952 3498 episcopis
2991 3448 3118 3498 quos
3165 3432 3404 3502 festinata
3452 3447 3632 3485 vacare
3664 3447 3756 3501 pa-

2156 3533 2384 3588 tuerunt,
2408 3523 2774 3595 gratulatorias
2816 3523 2885 3574 ad
2936 3524 3167 3575 eumdem
3219 3539 3409 3593 papam
3441 3523 3640 3576 litteras
3674 3538 3755 3576 re-

2159 3618 2490 3687 scripserunt,
2514 3632 2731 3687 quorum
2756 3617 3099 3689 fragmentum
3120 3633 3277 3670 unum
3310 3627 3535 3688 superest
3565 3617 3617 3669 in
3643 3616 3726 3684 epi
3741 3643 3756 3650 -

2158 3713 2293 3765 stola
2320 3710 2381 3764 2|
2424 3710 2682 3765 Ctelestini
2714 3710 3076 3765 sicloudatum
3105 3727 3121 3764 :
3154 3709 3308 3763 Hunc
3335 3721 3509 3763 autem
3538 3708 3754 3781 (Zosimi

2161 3821 2212 3857 in
2234 3803 2544 3873 Tractaria)
2576 3820 2857 3858 sermonem
2887 3804 3249 3857 sincerissima:
3274 3804 3503 3857 veritatis
3536 3802 3646 3855 luce
3671 3820 3753 3854 ra—

2163 3898 2387 3951 diantem
2421 3907 2563 3950 tanta
2617 3897 2731 3968 Afri
2765 3896 2989 3969 episcopi
3042 3897 3233 3949 honore
3280 3896 3501 3949 venerati
3530 3905 3668 3959 sunt,
3701 3903 3756 3947 ut

2162 3989 2234 4041 ita
2262 3990 2330 4041 ad
2368 3991 2599 4043 eumdem
2640 3989 2806 4042 virum
2856 3989 3176 4042 scriberent:
3208 3987 3341 4042 Illud
3373 4002 3503 4042 vero
3528 3987 3670 4056 quod
3704 3988 3756 4040 in

2167 4082 2369 4136 litteris
2404 4081 2535 4145 tuis,
2577 4061 2716 4149 quas
2763 4080 2829 4134 ad
2878 4082 3161 4134 universas
3223 4079 3526 4148 provincias
3555 4077 3759 4132 curasti

2164 4189 2287 4228 esse
2310 4172 2632 4239 mittendas,
2656 4173 2886 4240 posuisti
2908 4171 3130 4226 dicens:
3154 4170 3265 4225 Nos
3296 4181 3476 4223 tamen
3500 4170 3757 4224 instinctu

2168 4268 2263 4321 Dei
2298 4267 2503 4337 (omnia
2533 4269 2677 4321 enim
2710 4267 2848 4321 bona
2879 4266 2944 4319 ad
2977 4276 3256 4320 auctorem
3288 4280 3443 4318 suum
3474 4261 3758 4318 referenda

2166 4371 2295 4414 sunt
2324 4359 2467 4414 unde
2491 4362 2819 4427 nascuntur)
2870 4358 2935 4412 ad
2968 4358 3195 4412 fratrum
3219 4366 3274 4412 et
3312 4355 3757 4426 coepiscoporum

2168 4463 2483 4507 nostrorum
2515 4450 2905 4505 conscientiam
2938 4450 3189 4504 universa
3217 4448 3523 4511 retulimus,
3558 4448 3637 4501 sic
3663 4460 3755 4499 ac-

458 4539 515 4592 in
538 4537 775 4592 Ecclesia
805 4548 1024 4607 recepta:
1051 4537 1329 4591 auctoritas
1358 4537 1729 4595 vindicaretur.
1758 4540 1864 4595 Sed
1890 4553 1936 4595 et
1962 4544 2059 4595 huc
2089 4520 2140 4578 Ῑ)
2167 4546 2412 4613 cepimus
2434 4544 2657 4608 dictum,
2684 4552 2739 4597 ut
2772 4542 2893 4596 illos
2924 4543 3014 4612 qui
3045 4550 3237 4595 contra
3296 4542 3387 4595 Dei
3429 4538 3759 4608 adjutorium

462 4633 527 4686 de
554 4650 629 4698 re,
659 4631 799 4703 infra
824 4647 971 4685 num.
990 4631 1082 4699 50,
1116 4631 1276 4702 paulo
1306 4633 1624 4689 enucleatius
1676 4636 1937 4690 tractandi
1965 4640 2059 4691 erit

457 4726 620 4780 locus.

1209 4818 1301 4873 IX.

526 4910 619 4965 25.
661 4911 792 4967 Cum
818 4912 1065 4981 praedicta
1094 4910 1293 4964 Zosimi
1318 4910 1539 4978 epistola
1556 4912 1711 4963 simul
1734 4913 1909 4966 missa:
1936 4926 2057 4966 sunt

457 5016 505 5059 et
531 5006 651 5058 alite
695 5007 949 5074 speciales
980 5006 1048 5058 ad
1100 5005 1249 5075 Afros
1278 5006 1484 5069 litterte,
1537 5006 1718 5075 quibus
1764 5006 2053 5076 Augustino

455 5097 677 5168 aliisque
696 5098 751 5149 in
792 5096 1167 5151 Mauritaniam
1204 5098 1567 5149 Ca'sariensem
1616 5098 1805 5166 legatio
1838 5109 2053 5168 prapter

453 5190 851 5261 aliasquasdam
882 5190 1125 5244 Ecclesia:
1154 5193 1482 5245 necessitates
1508 5192 1893 5263 injungebatur.
1932 5194 2045 5257 Qua

456 5284 520 5339 de
543 5300 595 5337 re
623 5284 947 5354 Augustinus
976 5284 1127 5350 epist.
1162 5284 1292 5337 alios
1326 5283 1450 5349 157,
1480 5302 1616 5338 nunc
1642 5284 1764 5350 191),
1799 5287 1867 5337 ad
1891 5285 2053 5357 Opta-

460 5388 569 5431 tum
590 5396 644 5433 n.
671 5394 688 5432 ι
719 5378 829 5432 haec
876 5377 1050 5431 scribit
1087 5377 1373 5440 :Litterac,
1405 5394 1539 5446 quas
1570 5378 1637 5431 ad
1670 5378 2049 5433 Mauritaniam

455 5468 857 5526 Ctesariensem
886 5470 1109 5535 misisti,
1154 5486 1240 5524 me
1268 5470 1407 5539 apud
1438 5468 1748 5523 Caisaream
1784 5482 2052 5539 praesente

451 5572 741 5627 venerunt,
777 5578 886 5632 quo
917 5578 1019 5617 nos
1041 5562 1278 5632 iniuncta
1314 5562 1471 5615 nobis
1504 5577 1531 5613 a
1580 5562 1878 5616 venerabili
1910 5580 2047 5633 papa

452 5651 676 5706 Zosimo
709 5654 1023 5721 apostolicae
1071 5652 1219 5708 sedis
1265 5652 1525 5721 episc0po
1551 5652 1922 5709 ecclesiastica
1954 5670 2049 5710 ne-

446 5746 674 5800 cessitas
698 5755 955 5801 traxerat.
996 5747 1244 5813 Qtttenam
1276 5755 1443 5799 autem
1492 5749 1648 5817 fuerit
1701 5746 2047 5802 ecclesiastica

2166 4640 2439 4692 extollunt
2471 4636 2691 4690 humani
2723 4634 2934 4688 arbitrii
2984 4634 3315 4700 libertatem,
3368 4631 3620 4686 districto
3648 4630 3761 4699 gla-

2164 4730 2257 4783 dio
2277 4728 2539 4790 veritatis,
2558 4726 2700 4781 velut
2717 4727 2916 4781 cursim
2947 4726 3239 4789 transiens,
3268 4734 3600 4792 amputares.
3619 4720 3759 4788 Quid

2164 4823 2308 4877 enim
2345 4831 2449 4874 tam
2480 4819 2653 4874 libero
2676 4818 3125 4881 fecistiarbitrio,
3150 4832 3311 4887 quam
3337 4816 3476 4885 quod
3508 4816 3763 4869 universa

2168 4918 2219 4969 in
2246 4923 2445 4970 nostrae
2478 4912 2807 4967 humilitatis
2834 4910 3225 4966 conscientiam
3282 4906 3557 4963 retulisti?
3588 4908 3654 4961 Et
3683 4916 3762 4961 ta-

2165 5023 2287 5063 men
2323 5006 2584 5061 instinctu
2618 5005 2710 5060 Dei
2744 5004 2943 5059 factum
2972 5018 3096 5058 esse
3126 5002 3360 5058 fideliter
3380 5002 3762 5071 sapienterque

2164 5100 2371 5164 vidisti,
2407 5098 2678 5153 veraciter
2724 5097 3062 5165 fideliterque
3110 5095 3325 5151 dixisti.
3382 5095 3510 5151 Ideo
3548 5095 3758 5165 utique,

2159 5192 2282 5257 quia
2319 5200 2652 5259 pt‘:l)|i:traltlt‘
2681 5188 2933 5242 voluntas
2958 5204 2987 5241 a
3019 5188 3249 5241 Domino
3272 5187 3290 5259 (
3313 5188 3469 5240 Prov.
3499 5202 3621 5251 vni,
3653 5204 3755 5241 sec.

2159 5284 2407 5354 LXX),et
2425 5292 2479 5336 ut
2499 5280 2625 5337 boni
2641 5280 2842 5351 aliquid
2858 5291 3037 5350 agant,
3056 5281 3297 5349 paternis
3312 5279 3761 5350 iuSpirationibus

2154 5391 2378 5431 snorum
2412 5376 2528 5443 ipse
2576 5375 2749 5443 tangit
2793 5376 2957 5428 corda
2989 5373 3250 5427 filiorum.
3286 5376 3568 5443 Quotquot
3610 5374 3755 5428 enim

2155 5467 2363 5536 Spiritu
2400 5466 2493 5520 Dei
2517 5476 2771 5535 aguntur,
2799 5464 2853 5519 lii
2876 5464 2971 5518 lilii
3000 5473 3126 5518 sunt
3156 5464 3249 5518 Dei
3270 5464 3449 5532 (Rom.
3483 5479 3602 5531 vui,
3644 5465 3757 5533 11),

2154 5570 2339 5616 utnec
2386 5569 2630 5613 nostrum
2672 5558 2869 5614 deesse
2910 5559 3216 5612 sentiamus
3244 5558 3555 5625 arbitrium,
3607 5567 3663 5614 et
3701 5558 3757 5614 in

2152 5654 2309 5709 bonis
2338 5653 2648 5724 quibusque
2686 5650 2982 5705 voluntatis
3012 5648 3261 5703 humanae
3312 5650 3548 5721 singulis
3587 5651 3758 5705 motla

2150 5747 2252 5804 bus
2285 5747 2454 5816 magis
2500 5745 2647 5800 illius
2706 5744 2895 5800 valere
2940 5759 3045 5799 non
3104 5740 3420 5800 dubitemus
3467 5743 3749 5799 auxilium.
