4190 6190
347 309 450 366 697

734 310 1006 370 NOTITIA
1049 316 1489 378 SCRIPTORUM
1530 323 1666 382 NON
1709 327 2153 387 ltXSTANTIUM
2194 334 2358 403 QUAS
2397 336 2489 390 Al)
2527 337 2833 394 ZOSIMUM
2872 339 3246 398 ATTINENT.

3546 341 3654 398 693

347 426 868 527 Idem-fragmentum
895 435 1108 489 totidem
1127 437 1290 490 verbis
1314 439 1466 508 refert
1497 458 1558 493 ac
1588 441 1769 495 laudat
1818 441 1950 497 Pro-
1979 447 2026 506 A
2058 457 2161 514 ret,
2192 450 2311 507 sive
2343 469 2450 508 non
2479 467 2750 524 peccaret,
2811 457 2999 513 fuisset
3038 459 3357 527 moriturus,
3407 475 3509 516 nec
3554 460 3655 516 hoc

345 538 463 595 sper
485 523 578 578 lib.
607 534 792 578 contra
813 523 1150 590 Collatorem,
1172 546 1225 583 u.
1254 529 1338 583 15.
1374 529 1503 603 Ipsa
1515 543 1688 589 autem
1702 537 1948 603 epistola,

344 632 409 672 ea:
433 634 537 688 qua
565 631 863 691 excerptum
893 631 986 688 est,
1013 632 1133 676 autc
1169 624 1369 679 videtur
1399 629 1612 700 scripta,
1651 647 1806 700 quam
1841 633 1948 685 Att-

343 710 586 779 gustinus
615 727 677 764 ac
705 712 834 766 socii
850 713 906 766 in
934 713 1306 770 Mauritaniam
1333 735 1385 773 se
1405 721 1695 790 conferrent
1718 723 1950 792 adeoque

343 812 462 858 ante
485 805 684 860 exitum
714 806 952 878 Augusti.

1099 903 1192 959 XI.

539 993 650 1050 Sub
677 996 814 1050 idem
847 1007 1047 1068 tempus
1073 998 1319 1054 Julianus
1344 1000 1652 1058 Eclanensis
1678 1005 1946 1076 episcOpus

346 1085 476 1140 duas
497 1086 566 1140 ad
605 1085 875 1142 Zosimum
902 1107 1093 1162 papam
1140 1093 1388 1164 epistolas
1439 1095 1664 1168 scripsit,
1720 1111 1834 1166 quia
1883 1095 1945 1149 ab

344 1180 563 1248 ipsemet
608 1178 826 1236 Iuliano
867 1183 1010 1254 apud
1051 1185 1398 1254 Augustinum
1450 1187 1542 1240 lib.
1581 1186 1685 1258 0p.
1733 1188 1941 1258 imperf.

345 1287 392 1324 c.
428 1271 497 1326 18
519 1282 868 1327 memorantur
900 1275 978 1328 his
1011 1277 1172 1330 verbis
1206 1275 1328 1331 :Ad
1352 1277 1634 1332 Zosimum
1667 1278 1943 1348 quondam

348 1362 498 1418 illius
527 1364 679 1418 urbis
705 1365 1024 1436 episcopum
1077 1382 1244 1438 super
1273 1367 1355 1422 his
1391 1368 1779 1438 quaestiOuibus
1807 1369 1944 1423 duas

345 1456 604 1526 epistolas
642 1458 919 1513 destinavi
947 1476 962 1522 ;
1015 1460 1109 1516 sed
1153 1476 1222 1516 eo
1249 1471 1495 1532 tempore
1526 1477 1635 1532 quo
1666 1461 1845 1516 adlmc
1874 1461 1942 1516 li-

344 1548 475 1606 bros
506 1565 736 1606 exorsus
761 1567 866 1607 non
893 1567 1066 1608 erant.
1118 1553 1236 1608 Una
1279 1570 1395 1609 vero
1442 1571 1506 1609 er
1551 1553 1656 1608 illis
1694 1572 1725 1607 a
1769 1553 1941 1608 Matio

345 1639 641 1697 Mercatore
671 1660 775 1698 non
806 1644 966 1699 semel
1004 1655 1234 1702 notatur.
1262 1646 1329 1701 Et
1372 1650 1414 1701 is
1464 1647 1668 1716 quidem
1697 1647 1788 1701 lib.
1823 1647 1944 1702 sub-

343 1742 508 1789 notat.
534 1751 649 1808 cap.
683 1736 737 1802 6,
767 1737 892 1791 edit.
923 1735 1110 1792 Baluz.
1142 1756 1265 1810 pag.
1304 1738 1681 1806 15,1ulianttm
1703 1741 1776 1794 sic
1805 1738 1938 1794 allo-

2053 555 2178 596 esse
2235 545 2451 602 ratione
2498 547 2814 603 subnixum.
2863 549 3213 606 Credendum
3261 561 3343 606 est
3375 553 3520 607 enim
3560 552 3664 607 itit-

2053 635 2342 690 mortalem
2374 637 2593 707 quidem
2619 641 2846 704 l'actutn,
2898 643 2992 698 sed
3017 643 3108 713 qui
3140 645 3182 697 si
3217 660 3324 699 non
3361 655 3663 714 peccasset,

2052 737 2148 789 per
2168 732 2388 792 gustum
2415 726 2547 797 ligni
2572 729 2718 794 vine,
2751 731 3008 786 virtutem
3033 744 3223 803 posset
3266 734 3659 789 immortalita-

2053 815 2123 870 tis
2153 816 2406 886 adipisci.
2439 819 2574 877 Male
2629 824 2794 894 igitur
2841 825 3047 880 dictum
3078 837 3184 892 est,
3235 827 3350 884 sive
3383 839 3662 900 peccaret,

2049 909 2167 962 sive
2191 926 2296 964 tton
2328 923 2602 982 peccaret.
2630 915 2798 972 fuisse
2822 919 3171 974 moriturum.

2122 1001 2214 1058 27.
2260 1002 2342 1058 Ea?
2380 1004 2462 1059 his
2505 1008 2760 1063 nonnulla
2801 1028 3007 1065 rursum
3046 1022 3279 1085 repetens
3309 1030 3372 1068 ac
3414 1015 3664 1087 perstrin-

2047 1108 2170 1163 gens
2236 1095 2372 1149 idem
2422 1097 2684 1154 Mercator
2737 1101 2865 1155 ibid.
2911 1119 3026 1174 cap.
3083 1105 3137 1168 9,
3197 1121 3318 1177 pag.
3377 1105 3444 1161 50
3485 1115 3531 1159 ct
3587 1109 3649 1161 5|

2047 1187 2121 1239 ait
2153 1187 2250 1243 :ln
2305 1192 2532 1261 epistola
2578 1204 2664 1247 tua
2701 1236 2715 1260 ,
2766 1211 2909 1264 quae,
2965 1206 3022 1250 ut
3062 1202 3484 1254 memoravimus
3518 1246 3530 1268 ,
3583 1199 3650 1254 ad

2049 1289 2250 1336 sancta:
2305 1287 2583 1340 metnorize
2634 1304 2822 1358 papant
2868 1291 3141 1346 Zosimum
3202 1294 3368 1348 missa
3415 1305 3518 1357 est,
3550 1295 3662 1348 dis-

2048 1371 2213 1440 plicet
2267 1375 2383 1443 tibi,
2441 1393 2676 1450 eumque
2733 1381 3103 1450 condemnas,
3153 1385 3242 1453 qui
3285 1387 3452 1439 sentit
3478 1386 3653 1441 Adam

2047 1465 2334 1520 mortalem
2405 1467 2634 1539 factum,
2686 1474 2778 1542 qui
2849 1475 2964 1529 sive
3028 1485 3318 1546 peccaret,
3371 1479 3489 1532 sive
3542 1494 3651 1533 non

2047 1566 2350 1625 peccaret,
2409 1559 2601 1617 fuisset
2676 1566 2973 1620 moriturus
3023 1586 3035 1622 :
3079 1577 3134 1623 et
3185 1570 3268 1624 ais
3298 1611 3312 1634 ,
3387 1586 3487 1625 nec
3555 1570 3658 1626 hoc

2046 1664 2170 1706 esse
2204 1653 2414 1710 ratione
2466 1656 2786 1712 subnixum.
2820 1659 2999 1717 Credo
3047 1664 3192 1718 enim
3250 1679 3394 1728 esse,
3450 1665 3653 1736 inquis,

2044 1741 2414 1801 itumortalem
2451 1747 2652 1804 laetum
2678 1751 2921 1821 quidem,
2959 1753 3053 1809 sed
3078 1755 3169 1824 qui
3212 1757 3255 1811 si
3289 1773 3396 1811 non
3433 1773 3656 1827 peccas-

341 1827 518 1898 quitur
547 1842 566 1881 :
593 1827 733 1882 Audi
769 1843 912 1884 nunc
941 1844 1061 1898 qua:
1085 1831 1214 1884 olim
1250 1830 1364 1900 ipse
1398 1831 1835 1899 pronuntiaveris
1887 1832 1938 1886 in
1973 1830 2020 1890 B
2046 1849 2148 1903 set,
2179 1853 2274 1904 per
2318 1849 2534 1908 gustum
2588 1842 2720 1913 ligni
2752 1845 2900 1910 vitae,
2931 1859 3115 1914 posset
3139 1850 3395 1901 virtutem
3425 1848 3652 1902 immor-

343 1919 577 1988 epistola
601 1920 856 1978 videlicet
915 1934 1028 1989 tua,
1065 1940 1228 1994 quain
1261 1923 1329 1979 ad
1358 1927 1540 1980 sedem
1575 1926 1934 1994 apostolicam

344 2011 438 2066 illo
469 2022 720 2080 tempore
770 2029 937 2068 ausus
986 2030 1046 2070 es
1096 2016 1339 2083 mittere,
1389 2015 1608 2086 quando
1633 2027 1939 2072 conventus

340 2108 658 2166 detrectasti
688 2126 812 2166 cum
845 2111 1109 2168 universa
1156 2112 1404 2167 Ecclesia
1435 2113 1708 2183 Pelagium
1733 2111 1939 2167 Caeles-

340 2203 583 2274 tiumque
604 2204 886 2260 damnare.
915 2204 1066 2260 Unde
1086 2207 1345 2260 evidenter
1367 2206 1636 2272 docemur,
1662 2207 1934 2276 epistolam

343 2296 492 2348 illam
519 2305 641 2349 tunc
659 2297 822 2367 fuisse
859 2300 1128 2370 scriptam,
1157 2315 1273 2352 cum
1299 2297 1545 2352 Julianus
1574 2309 1850 2353 concentus
1885 2310 1936 2351 ut

351 2385 548 2441 Zosimi
575 2387 855 2444 Tractoriw
883 2407 976 2459 per
998 2392 1171 2444 orbem
1197 2393 1366 2445 missa:
1399 2390 1740 2458 subscribens,
1782 2389 1936 2446 Pela-

339 2481 482 2554 gium
523 2479 914 2553 Cwlestittntque
952 2485 1243 2552 dantnaret,
1270 2488 1323 2539 id
1352 2486 1931 2557 priestaredelrectarit.

343 2575 525 2646 Neque
566 2579 724 2648 igitur
776 2581 940 2632 multo
993 2591 1262 2650 postquam
1309 2578 1548 2633 Zosimus
1598 2596 1717 2633 mox
1742 2580 1934 2633 dictant

343 2666 671 2723 Tractoriam
695 2670 882 2736 edidit,
911 2675 1105 2742 scripta
1129 2684 1200 2725 est
1234 2689 1252 2726 :
1273 2674 1362 2726 set!
1404 2674 1562 2744 paulo
1589 2673 1787 2727 tardius
1812 2672 1934 2727 huic

339 2779 490 2834 papa:
511 2765 612 2835 fuit
630 2763 854 2818 reddita.
890 2764 1029 2819 Na-n
1089 2776 1377 2837 antequam
1406 2769 1458 2821 in
1492 2783 1690 2822 manus
1720 2779 1933 2822 sancta:

338 2856 487 2912 illius
517 2856 779 2913 Romanae
807 2859 1056 2915 ecclesiae
1083 2861 1294 2916 veniret
1314 2862 1598 2927 antistitis,
1635 2870 1686 2917 te
1716 2874 1930 2932 agente,

338 2951 504 3021 inquit
551 2953 666 3006 loco
693 2957 850 3007 citato
881 2955 949 3007 ad
973 2956 1247 3026 ipsummet
1283 2957 1558 3009 Juliattunt
1587 2955 1866 3021 Mercator,
1903 2971 1932 3010 a

339 3046 616 3102 nonnullis
645 3062 675 3102 a
703 3058 754 3102 te
784 3048 1028 3117 deceptis
1059 3064 1160 3118 per
1204 3057 1373 3103 totam
1418 3064 1556 3119 pene
1590 3049 1796 3104 Italiam
1827 3048 1933 3104 cir-

337 3140 601 3208 cumlata,
634 3150 689 3196 et
743 3149 1019 3209 tamquam
1064 3157 1318 3210 magnum
1375 3141 1580 3210 aliquid
1636 3141 1928 3194 llttlllOttlm

2045 1929 2272 1984 talitatis
2296 1932 2547 2001 adipisci.
2577 1935 2846 2006 Adjungis
2875 1937 3039 1992 etiam
3060 1938 3182 2006 jure
3212 1939 3650 2008 improbandutn,

2042 2025 2133 2093 qui
2163 2025 2478 2094 pra-dicanti
2505 2027 2768 2098 Apostolo
2792 2031 3120 2086 contradicit
3147 2032 3382 2086 dicenti:
3413 2031 3567 2087 Sicut
3596 2033 3648 2086 in

2043 2117 2214 2170 Adam
2245 2134 2438 2173 omnes
2475 2125 2807 2184 moriuntur,
2851 2124 2923 2177 ita
2957 2139 3151 2178 omnes
3196 2125 3250 2178 in
3297 2122 3518 2178 Christo
3569 2124 3646 2177 vi-

2042 2209 2423 2264 vicabuntur.
2475 2213 2581 2265 Sed
2618 2231 2771 2282 quant
2821 2214 3077 2283 fallaciter
3120 2215 3219 2268 ista
3293 2217 3634 2283 depromeret,

2041 2300 2176 2355 idem
2216 2305 2437 2375 scriptor
2475 2305 2554 2360 Itis
2581 2309 2648 2360 ad
2674 2324 2790 2360 eum
2837 2308 2997 2362 verbis
3041 2310 3216 2363 statim
3247 2310 3443 2362 iudicat
3471 2309 3646 2378 :Qua:

2041 2413 2162 2454 eum
2194 2402 2425 2471 simplex
2461 2402 2809 2459 Christianus
2832 2405 3004 2470 audit,
3033 2405 3168 2460 nihil
3193 2406 3328 2473 doli,
3365 2405 3496 2460 nihil
3527 2423 3652 2461 ere-

2041 2490 2179 2546 tlens
2205 2493 2385 2549 alIerri
2412 2496 2662 2562 fallaciae,
2691 2514 2842 2552 more
2887 2513 2996 2569 quo
3043 2500 3110 2553 ab
3139 2501 3416 2570 Apostolis
3459 2499 3643 2554 doceri

2041 2585 2201 2639 Solita
2226 2597 2308 2641 est
2335 2588 2597 2655 Ecclesia,
2628 2592 2897 2658 Optimum
2927 2603 2979 2645 et
3007 2607 3164 2647 suum
3209 2594 3505 2648 arbitratus
3532 2609 3650 2646 ma-

2038 2680 2303 2748 gistrum,
2360 2681 2711 2751 intentusque
2735 2687 2800 2738 ad
2842 2686 3046 2755 reliqua
3090 2686 3338 2754 ejusdem
3364 2687 3638 2756 Apostoli,

2039 2773 2238 2840 quaein
2269 2771 2370 2829 hac
2408 2788 2568 2828 causa
2621 2777 2988 2846 prosequeris,
3049 2777 3320 2831 audienda
3371 2778 3639 2833 decernit.

2037 2864 2170 2932 Quis
2197 2866 2364 2934 enim,
2417 2869 2588 2922 subdit
2635 2870 2795 2938 paulo
2845 2872 3104 2942 inferius,
3152 2881 3204 2926 te
3257 2873 3308 2925 in
3364 2873 3648 2942 superiote

2037 2959 2306 3014 sententia
2337 2969 2425 3012 tua
2453 2961 2533 3015 vel
2565 2962 2827 3031 suspicari
2847 2975 3030 3032 posset
3050 2963 3192 3018 aliud
3219 2965 3447 3032 sentire,
3479 2980 3640 3034 quam

2039 3049 2346 3121 illiontues,
2379 3053 2492 3125 qui,
2529 3064 2737 3110 sancta:
2783 3058 3063 3110 memoria:
3094 3072 3227 3126 papa
3250 3057 3471 3110 Zosimo
3503 3072 3642 3125 pra:-

2037 3145 2272 3215 sidente,
2312 3149 2402 3204 Dei
2451 3151 2770 3205 sacerdotes
2813 3151 3132 3221 Pelagium,
3190 3150 3642 3218 Cwlestiumque,

335 3233 565 3286 auribus
589 3232 857 3286 insinuata
877 3233 1247 3302 cognoscitur.
1269 3232 1522 3300 Quocirca
1544 3244 1590 3286 et
1613 3233 1932 3302 Augustinus
1961 3217 2007 3281 C
2042 3249 2208 3308 teque
2235 3240 2584 3309 damnarunt,
2619 3259 2784 3313 super
2815 3243 2900 3296 Itis
2929 3217 3191 3298 omnibus
3245 3243 3314 3298 de
3357 3217 3646 3298 Adamica-

333 3325 407 3378 ait
429 3325 566 3398 (Lib.
600 3342 614 3380 t
642 3325 742 3398 0p.
772 3327 927 3397 intp.,
956 3344 1002 3380 c.
1039 3326 1126 3398 18)
1155 3346 1166 3380 :
1360 3328 1592 3397 epistola
1624 3342 1729 3382 non
1758 3336 1841 3382 est
1864 3327 1929 3380 ad

335 3415 632 3482 Zosimum,
653 3421 748 3474 sed
779 3420 846 3473 ad
875 3434 968 3475 eos
995 3420 1332 3476 seducendos
1361 3421 1452 3490 qui
1497 3419 1686 3474 Romae
1711 3428 1933 3490 possent

335 3507 430 3563 tali
463 3511 714 3566 suasione
741 3511 948 3566 sedubi.

401 3602 497 3658 26.
540 3602 607 3656 Et
636 3604 774 3659 inea
824 3605 1033 3676 quidem
1084 3606 1304 3678 epistola
1351 3606 1582 3660 nondum
1633 3606 1928 3660 hatreticunt

331 3695 510 3765 palam
532 3696 780 3766 prodebat
807 3714 1032 3758 sensum.
1064 3701 1154 3752 sed
1178 3699 1272 3752 sub
1321 3697 1590 3752 catholicis
1640 3700 1822 3764 verbis,
1851 3699 1929 3751 uti

331 3793 495 3846 solent
524 3793 612 3862 qui
644 3809 934 3861 perversam
969 3793 1257 3847 doctrinam
1306 3793 1590 3864 pradicare
1634 3794 1710 3848 vel
1761 3794 1927 3862 fovere

329 3882 611 3956 incipiunt,
642 3887 716 3940 ita
745 3887 964 3955 velabat,
990 3896 1044 3940 ut
1077 3888 1274 3957 fantosa
1321 3903 1412 3941 sex
1433 3887 1661 3958 capitula
1689 3887 1924 3941 thlestto

331 3979 533 4050 objecta
579 3995 819 4048 respuere
866 3997 927 4034 ac
957 3982 1208 4035 damnare
1233 3981 1510 4036 videretur.
1569 3979 1652 4034 Ibi
1681 3997 1920 4050 namque,

332 4069 504 4126 Mario
543 4071 988 4140 Mercatoreteste,
1023 4075 1155 4128 inter
1177 4084 1360 4128 cwtera
1383 4074 1551 4128 aiebat
1577 4071 1744 4145 (Ibid.
1767 4074 1922 4144 paulo

327 4167 486 4238 post).

400 4259 501 4327 Qui
532 4270 618 4316 est
643 4261 802 4332 igitur
824 4270 1087 4328 assertor,
1120 4261 1264 4332 quod
1321 4277 1501 4331 neque
1554 4277 1650 4330 per
1683 4271 1917 4316 mortem

330 4354 458 4410 Adin
497 4371 660 4412 omne
691 4371 861 4428 genus
914 4357 1192 4412 homintun
1246 4358 1534 4421 moriatur,
1596 4371 1774 4425 neque
1825 4369 1922 4424 per

330 4448 788 4503 resurrectionem
842 4448 1044 4504 Christi
1079 4464 1239 4503 omne
1285 4464 1454 4517 genus
1487 4447 1774 4500 hominum
1827 4461 1916 4500 re-

324 4550 509 4609 surgat
530 4583 545 4609 ,
574 4552 764 4596 contra
794 4543 1110 4612 Apostolum
1140 4542 1305 4596 sentit
1332 4540 1605 4595 dicentem
1677 4538 1829 4594 Sicut
1859 4538 1912 4592 in

2038 3331 2245 3400 pitulis,
2273 3349 2394 3404 qua:
2422 3349 2450 3387 a
2493 3345 2545 3388 te
2575 3343 2735 3389 antea
2770 3334 3074 3405 improbata
3099 3343 3230 3390 sunt
3268 3345 3326 3388 et
3378 3333 3643 3389 eundem-

2035 3425 2204 3478 nata'l
2253 3427 2316 3477 At
2363 3443 2478 3480 eunt
2519 3427 2666 3480 aliud
2720 3430 2954 3481 clausum
3004 3439 3228 3496 pectore,
3272 3428 3419 3480 aliud
3467 3442 3642 3495 prom-

2032 3528 2174 3588 ptum
2199 3519 2250 3572 in
2281 3520 2460 3592 lingua
2491 3529 2610 3574 tunc
2636 3519 2895 3582 habuisse,
2921 3537 2984 3574 ex
3003 3521 3111 3573 alio
3132 3535 3302 3591 opere,
3324 3520 3460 3590 quod
3489 3518 3641 3588 longe

2033 3620 2145 3678 post
2175 3609 2427 3666 Julianus
2459 3613 2765 3677 elaboravit,
2795 3611 3054 3665 Mercator
3076 3613 3266 3665 ibidem
3293 3612 3635 3672 demonstrat,

2031 3713 2213 3773 utpote
2241 3705 2294 3758 in
2318 3721 2419 3774 quo
2445 3706 2533 3758 ille
2555 3705 2737 3758 doceat
2787 3715 3002 3758 ntortem
3048 3706 3099 3758 in
3128 3723 3211 3758 eos
3236 3714 3434 3757 tantunt
3455 3721 3638 3775 perm-

2031 3797 2150 3851 dcte
2195 3797 2360 3862 (Mar.
2415 3797 2579 3851 Merc.
2624 3817 2748 3871 pag.
2776 3799 2906 3869 5i),
2939 3814 3076 3867 quos
3131 3799 3636 3866 prazvaricatiouem

2033 3890 2167 3944 Adae
2196 3890 2398 3944 viderit
2425 3892 2712 3944 tumulatus
2755 3909 2766 3943 :
2795 3907 2915 3960 qua:
2962 3891 3337 3960 pra-varicatio
3383 3890 3508 3944 licet
3531 3905 3639 3943 non

2030 3983 2106 4037 sit
2131 3982 2271 4036 facta
2302 3983 2594 4046 naturalis,
2619 3982 2724 4036 luit
2757 3993 2937 4036 tamen
2987 3983 3160 4036 forma
3197 3983 3402 4050 pet-cati
3435 3998 3448 4044 ;
3485 3994 3648 4050 atque

2027 4075 2097 4129 ob
2128 4075 2230 4129 hoc
2262 4075 2388 4130 licet
2423 4089 2532 4128 non
2557 4083 2818 4144 aggravet
2841 4084 3150 4137 nascentes,
3187 4083 3367 4126 tamen
3413 4083 3637 4128 accusat

2028 4168 2338 4233 imitantes;
2409 4167 2628 4238 denique
2692 4168 2968 4236 (Subnot.
3019 4185 3066 4222 c.
3125 4167 3180 4233 (,
3226 4184 3347 4238 pag.
3406 4166 3523 4237 12)
3580 4169 3632 4221 in

2027 4275 2218 4314 omnes
2266 4259 2516 4314 homines
2569 4273 2675 4313 non
2708 4268 2987 4327 peccatum
3022 4259 3310 4324 transisse,
3357 4259 3452 4314 sed
3482 4273 3631 4313 mor-

2024 4364 2175 4419 tem,
2232 4353 2439 4408 illatam
2523 4352 2711 4423 atique
2779 4355 3076 4408 severitate
3137 4353 3371 4422 judicii,
3424 4367 3633 4423 prazva-

2026 4446 2306 4501 t-icationis
2364 4448 2637 4503 ultricem.
2680 4446 2791 4500 Nec
2849 4456 2981 4501 tacet
3018 4449 3136 4520 ejus
3199 4446 3489 4517 fallaciam,
3530 4462 3630 4513 qua

2024 4557 2138 4592 cum
2163 4541 2406 4611 infantes,
2437 4541 2527 4611 qui
2545 4550 2830 4594 nascuntur
2849 4540 3023 4607 hodie,
3058 4556 3158 4594 non
3185 4540 3236 4591 in
3265 4555 3325 4591 eo
3352 4555 3440 4608 per
3457 4540 3628 4591 omnia

324 4630 500 4687 Adam
528 4647 720 4688 omnes
749 4635 1078 4699 moriuntur,
1107 4637 1176 4686 ita
1224 4633 1275 4686 in
1311 4632 1530 4686 Christo
1560 4648 1755 4686 omnes
1783 4633 1914 4686 vivi-
1946 4609 2000 4666 D
2023 4645 2158 4688 statu
2201 4636 2253 4688 in
2292 4652 2395 4706 quo
2437 4637 2535 4705 fuit
2563 4637 2727 4690 Adam
2753 4645 2872 4688 ante
2897 4647 3182 4706 peccatum,
3209 4649 3316 4685 esse
3364 4632 3622 4702 fatebatur

329 4724 633 4779 licabuntur
662 4727 703 4796 (
735 4726 854 4782 Cor.
894 4743 984 4794 xv,
1005 4725 1126 4796 ).
1179 4725 1310 4781 Jure
1357 4726 1518 4794 igitur
1548 4725 1914 4792 improbatur,

324 4820 416 4890 qui
451 4819 576 4875 huic
597 4821 884 4876 sententia:
911 4820 1261 4880 contradicit,
1314 4837 1435 4886 qua:
1462 4821 1574 4873 ait:
1605 4819 1707 4873 Per
1739 4817 1915 4872 [tomi-

322 4927 448 4968 nem
483 4927 652 4977 mors,
683 4923 738 4968 et
767 4929 862 4981 per
887 4913 1166 4968 hominem
1198 4912 1526 4967 resurrectio
1574 4921 1914 4966 mortuorum

320 5002 508 5073 (lbid.,
541 5004 658 5076 ).
704 5004 837 5060 Item
887 5004 1030 5075 quod
1063 5011 1342 5072 peceatum
1372 5003 1505 5058 Adin
1528 5003 1704 5072 ipsum
1739 5003 1914 5056 Solum

322 5098 489 5162 laesit,
519 5110 573 5154 et
605 5115 712 5152 non
743 5114 916 5170 genus
956 5099 1273 5152 humanum.
1317 5097 1381 5151 Et
1429 5096 1547 5151 haec
1588 5097 1857 5150 sententia
1887 5112 1916 5149 a

321 5191 485 5244 nobis
510 5189 708 5244 merito
739 5189 1010 5244 refellitur
1045 5207 1056 5242 :
1093 5203 1200 5241 non
1225 5187 1370 5242 enim
1411 5187 1512 5242 soli
1545 5188 1667 5255 ipsi,
1694 5186 1787 5240 sed
1833 5201 1921 5253 ge-

320 5283 436 5337 neri
464 5283 701 5335 humano
724 5281 967 5336 obtuisse
987 5279 1322 5335 credendum
1349 5289 1453 5334 est.
1485 5279 1646 5344 Item,
1671 5278 1812 5348 quod
1838 5278 1920 5332 iit-

317 5372 502 5429 l'autes
522 5374 575 5428 in
605 5389 672 5429 eo
697 5384 842 5429 statu
865 5373 974 5428 sint
999 5373 1052 5428 in
1079 5387 1188 5443 quo
1222 5372 1390 5427 Adam
1415 5372 1519 5426 fuit
1539 5381 1667 5426 ante
1701 5385 1918 5440 praeva-

322 5469 670 5532 ricationem,
704 5469 848 5524 inter
875 5467 1310 5534 iudisciplinatas
1341 5477 1534 5535 reputo
1563 5465 1911 5534 quiestiones.

318 5560 438 5616 Non
461 5563 610 5617 enim
635 5578 731 5631 per
759 5562 942 5616 omnia
976 5561 1120 5616 ineo
1163 5570 1306 5614 statu
1355 5570 1480 5614 sunt
1507 5561 1596 5629 qui
1623 5569 1916 5615 nascuntur

317 5653 483 5712 hodie
528 5656 582 5711 in
613 5672 722 5726 quo
747 5655 918 5712 Adam
951 5655 1046 5710 fuit
1075 5664 1205 5710 ante
1247 5662 1553 5724 peccatum,
1580 5653 1830 5724 quamvis
1861 5663 1916 5709 et

319 5745 458 5800 istos
483 5764 620 5818 opus
647 5746 742 5802 Dei
773 5762 920 5812 esse,
950 5748 1091 5802 sicut
1112 5755 1169 5802 et
1198 5747 1310 5813 ille,
1339 5746 1524 5816 negari
1561 5764 1669 5801 non
1720 5748 1911 5817 possit.

313 5837 472 5902 Item,
493 5839 666 5897 Adam
690 5839 855 5896 etiam
889 5840 1178 5896 mortalem
1208 5840 1431 5916 factum,
1463 5842 1556 5910 qui
1586 5839 1700 5895 sive
1724 5853 1915 5908 pecca-

2023 4727 2217 4799 (lbid.,
2246 4745 2367 4800 pag.
2401 4727 2512 4798 l7),
2567 4729 2620 4782 id
2650 4729 2918 4782 recondito
2963 4744 3113 4780 sensu
3157 4727 3492 4790 prrcdicabat,
3535 4741 3626 4778 nec

2019 4831 2208 4874 statum
2240 4822 2372 4876 Adin
2397 4832 2522 4876 ante
2553 4833 2859 4891 peceatum,
2893 4821 2990 4876 sed
3021 4821 3336 4890 exiguitatis
3357 4828 3413 4872 et
3442 4821 3620 4888 parvi-

2020 4913 2147 4965 tatis
2176 4913 2227 4965 iu
2254 4929 2357 4981 qua
2393 4923 2692 4966 uascmttur
2718 4913 2956 4967 infantes
2977 4960 2990 4982 ,
3027 4913 3372 4985 intelligebat.

2092 5008 2183 5062 28.
2215 5003 2294 5059 De
2344 5005 2510 5060 altera
2553 5005 2756 5059 Juliani
2786 5007 3006 5072 epistola
3051 5006 3183 5060 nihil
3211 5008 3476 5074 novimus,
3521 5007 3624 5060 nisi

2024 5105 2157 5172 forte
2184 5099 2294 5154 haec
2323 5101 2436 5168 ipsa
2464 5100 2530 5152 sit
2557 5098 2678 5168 dei
2711 5101 2962 5168 expositio
2980 5141 2994 5164 ,
3038 5117 3193 5169 quant
3221 5117 3252 5151 u
3279 5097 3478 5153 Iacobo
3505 5100 3622 5153 Sir-

2025 5193 2217 5245 moudo
2243 5208 2269 5245 e
2296 5191 2452 5245 reteri
2475 5191 2650 5246 codice
2689 5191 2972 5246 Veronensi
3002 5202 3199 5245 erutam
3229 5191 3387 5246 Joan.
3420 5191 3618 5246 Game-

2023 5285 2133 5338 rius
2164 5285 2214 5337 in
2243 5285 2471 5339 editione
2493 5283 2633 5337 Mar.
2667 5284 2972 5339 .llercatoris
3001 5297 3138 5356 part.
3168 5301 3204 5350 ,
3239 5304 3358 5357 pag.
3391 5283 3496 5338 519
3522 5327 3536 5349 ,
3566 5284 3618 5334 in

2022 5377 2185 5432 lucem
2213 5378 2404 5440 emisit,
2443 5393 2656 5448 qua'que
2684 5379 2737 5430 in
2765 5377 3052 5449 appendice
3090 5389 3215 5432 tom.
3249 5377 3316 5442 ,
3347 5393 3464 5430 nov.
3492 5375 3614 5429 edit.

2021 5470 2297 5539 Augustini
2319 5487 2438 5540 pag.
2465 5469 2568 5525 0
2597 5485 2778 5523 recusa
2809 5479 2900 5524 est.
2942 5470 3014 5524 De
3033 5471 3182 5524 titulo
3207 5468 3339 5522 nihil
3362 5470 3417 5522 in
3439 5469 3618 5522 arche-

2020 5574 2144 5634 typo
2172 5572 2402 5634 superest
2448 5572 2632 5634 praeter
2675 5565 2930 5634 quasdam
2971 5561 3376 5616 evanescentium
3421 5561 3621 5614 littera-

2017 5674 2133 5712 rum
2162 5657 2382 5728 figuras,
2414 5675 2542 5724 quas
2569 5673 2634 5710 ea:
2658 5673 2717 5710 eo
2745 5656 3008 5724 explicare
3037 5653 3153 5706 licet
3178 5693 3193 5718 ,
3241 5652 3380 5722 quod
3405 5653 3473 5706 ad
3503 5651 3615 5705 cal-

2021 5763 2128 5801 cem
2149 5747 2429 5816 subjicitur
2456 5748 2507 5800 in
2537 5747 2674 5800 hunc
2701 5745 2913 5798 modum
2939 5760 2956 5798 :
2991 5741 3223 5812 Explicit
3245 5741 3466 5798 libellus
3497 5742 3622 5798 lidei

2020 5838 2078 5892 S.
2109 5839 2159 5893 J.
2195 5839 2287 5909 6...,
2319 5838 2560 5902 desunt
2584 5839 2638 5892 in
2672 5836 2942 5906 Augustini
2984 5851 3113 5890 nova
3149 5833 3375 5891 editione
3408 5838 3625 5906 exponi-
