4206 6174
535 311 642 368 099

1464 315 1810 372 APPENDIX
1852 316 1944 371 AD
1980 314 2214 372 OPERA
2251 316 2313 374 S.
2353 317 2578 374 ZOSIMI
2619 317 2845 375 PAPIE.

3724 323 3829 380 7οθ

530 439 634 496 tur,
664 429 1004 486 sacerdotum
1031 429 1059 486 J
1069 444 1161 484 esu
1187 428 1406 486 Christi.
1455 431 1576 486 Hau:
1603 435 1741 488 enim
1772 433 2128 500 interpretatio
2161 441 2203 494 Α
2234 434 2357 490 urbe
2378 435 2539 490 Roma
2565 435 2716 490 datus
2736 436 2917 506 fuisset
2941 452 3050 490 sese
3069 437 3378 507 defendendi
3399 450 3554 510 atque
3574 441 3818 512 purgand.

531 525 694 596 magis
722 524 988 588 pt'obazttr,
1017 540 1171 592 quam
1209 522 1472 592 Garuerii,
1500 527 1586 594 qui
1610 528 1776 581 tribus
1813 528 1918 581 illis
1947 528 2134 582 litteris

535 617 594 672 S.
625 616 674 670 J.
709 616 770 670 Ο.
804 633 969 668 vocent
1021 616 1332 671 Siculorum
1365 617 1628 688 designari
1661 618 1992 673 existimavit.
2045 618 2136 673 Ti.

532 711 630 763 tuli
687 721 857 763 autem
901 709 1182 764 oblitterati
1221 712 1334 765 loco
1375 710 1662 765 Garnerius
1716 711 1956 766 laudatus
2002 710 2140 764 hunc

535 804 800 858 substituit
834 821 852 858 :
877 803 1119 858 Libellus
1147 805 1270 860 lidei
1315 820 1343 858 a
1375 804 1590 860 Juliano
1620 805 1909 860 Eclanensi
1942 805 2138 861 missus

533 896 600 950 ad
654 897 841 950 sedem
892 897 1249 965 apostolicam
1298 897 1518 953 nomine
1569 912 1703 952 xvm
1758 899 2138 968 episcoporum

534 989 960 1045 delrectantium
994 991 1346 1047 subscribere
1374 993 1708 1045 damnationi
1745 991 1944 1061 Pelagii
1977 1001 2140 1061 atque

536 1081 801 1136 Caelestii.
838 1082 951 1136 Nec
977 1091 1193 1154 apparet
1216 1081 1322 1136 alia
1347 1099 1506 1137 causa
1533 1124 1548 1148 ,
1593 1099 1687 1137 cur
1726 1082 1863 1136 hunc
1912 1081 2141 1137 libellum

535 1175 758 1228 nOmine
789 1190 924 1228 ιιι-ιιι
958 1177 1341 1244 episcoporum
1394 1174 1626 1229 oblatum
1676 1176 1755 1229 vir
1785 1175 2014 1229 eruditus
2054 1175 2138 1244 af-

535 1269 756 1338 ﬁrmarit
781 1310 795 1334 ,
830 1271 929 1322 nisi
957 1270 1076 1338 quia
1108 1270 1451 1342 Augustinum
1496 1269 1675 1339 legerit
1706 1269 1796 1322 lib.
1841 1285 1857 1322 ι
1887 1269 1955 1321 ad
1982 1267 2144 1322 Boni-

532 1366 726 1437 facium
771 1382 825 1420 n.
857 1366 888 1418 5
916 1365 1226 1436 respondere
1269 1381 1323 1418 se
1362 1373 1628 1418 testantem
1659 1364 1856 1417 duabus
1900 1361 2144 1434 Pelagia-

538 1474 720 1510 norum
763 1457 997 1522 epistolis
1021 1499 1034 1520 ,
1083 1458 1173 1510 uni
1205 1457 1452 1526 scilicet,
1482 1472 1642 1525 quam
1680 1455 1878 1510 dicitur
1915 1454 2140 1509 Romam

538 1549 754 1603 misisse
785 1548 1030 1603 Julianus
1061 1591 1074 1602 .
1113 1585 1126 1601 .
1169 1590 1182 1602 .
1219 1549 1376 1603 alteri
1409 1559 1589 1604 autem
1621 1593 1635 1616 ,
1680 1565 1839 1618 quam
1873 1549 2058 1602 decem
2091 1557 2146 1603 et

540 1651 664 1696 octo
707 1641 850 1696 velut
879 1641 1123 1710 episcopi
1171 1643 1461 1711 participes
1511 1642 1628 1710 ejus
1669 1643 1878 1696 erroris
1929 1658 2036 1696 non
2077 1642 2143 1696 ad

538 1736 832 1805 quoslibet,
869 1735 965 1789 sed
1003 1736 1068 1789 ad
1099 1735 1202 1790 loei
1235 1736 1401 1804 ipsius
1425 1737 1738 1806 episcopum
1775 1736 2016 1808 (Rufum)
2049 1751 2143 1789 sua

2242 529 2416 594 locus;
2452 538 2564 593 post
2605 527 2796 583 multas
2829 530 3264 599 tergiversationes
3288 573 3301 596 ,
3343 530 3526 602 quibus
3573 533 3626 585 in
3670 549 3830 587 unum

2241 621 2564 674 contendisse
2588 623 2802 676 convicti
2839 630 2992 688 sunt,
3041 634 3097 677 ut
3144 625 3461 692 imponerent
3491 641 3550 679 ac
3570 625 3829 696 judicium

2240 711 2525 775 eluderent,
2562 711 2767 765 tandem
2794 729 2877 766 eos
2899 729 2929 765 a
2959 714 3062 782 ﬁde
3091 713 3346 767 catholica
3377 716 3572 769 alienos
3602 725 3648 770 et
3687 718 3833 771 dam-

2242 805 2448 859 natione
2480 807 2662 878 dignos
2685 823 2793 860 esse
2816 809 3058 861 constitit.
3105 807 3229 860 Tant
3257 811 3472 863 solemni
3493 821 3665 864 autem
3683 813 3833 884 judi—

2241 905 2320 957 cio
2346 899 2659 954 subscribere
2681 900 2803 952 dum
2831 900 3077 954 Julianus
3117 918 3177 954 ac
3206 903 3330 955 socii
3373 919 3432 955 eo
3460 903 3666 957 obtentu
3695 906 3835 958 nole-

2244 994 2385 1061 bant,
2417 995 2553 1064 quod
2582 993 2678 1046 sibi
2707 993 2761 1046 in
2806 993 3037 1047 absentes
3065 1035 3078 1060 ,
3111 1011 3240 1065 quos
3285 1010 3385 1049 non
3415 996 3686 1050 audierant
3714 1000 3830 1071 ipsi,

2242 1089 2547 1142 sententiam
2569 1087 2740 1140 dicere
2763 1103 2862 1140 non
2889 1087 3064 1142 liceret
3086 1102 3104 1151 ;
3145 1090 3258 1155 quis
3283 1104 3368 1143 eos
3393 1090 3588 1158 optima
3623 1092 3840 1161 a'quita-

2243 1179 2307 1236 tis
2329 1179 2440 1250 lege
2468 1195 2736 1248 perperam
2752 1179 2892 1233 abuti
2921 1195 3021 1233 non
3042 1180 3242 1252 judicet
3265 1181 3290 1234 Ρ
3313 1179 3379 1234 In
3398 1180 3496 1236 hoc
3521 1198 3718 1253 quoque
3735 1181 3839 1236 Ju-

2244 1274 2372 1327 liani
2408 1289 2470 1325 ac
2496 1273 2752 1326 sociorum
2781 1272 3182 1339 deprehenditur
3229 1275 3485 1347 ingenium
3515 1316 3527 1337 ,
3573 1275 3710 1345 quod
3749 1292 3840 1329 ex-

2246 1366 2491 1437 positioni
2512 1365 2636 1434 ﬁdei
2666 1381 2773 1419 sure
2796 1365 2848 1418 in
2869 1365 3119 1436 prcedicto
3143 1365 3317 1419 libello
3346 1368 3663 1439 subjiciunt:
3689 1368 3836 1434 Ηιιιο,

2249 1470 2304 1512 ιιι
2347 1458 2505 1512 nobis
2548 1457 2847 1512 secundum
2875 1457 3197 1512 catholicam
3223 1458 3378 1512 [idem
3406 1461 3577 1514 risum
3610 1469 3712 1525 est,
3748 1476 3843 1515 ve-

2247 1561 2374 1608 stra:
2400 1551 2670 1605 sanctitati
2692 1552 3000 1619 conscripta
3033 1552 3434 1605 transmisimus
3459 1568 3472 1618 ;
3510 1567 3631 1622 qua:
3661 1553 3706 1608 si
3735 1553 3840 1607 ali-

2250 1656 2331 1700 ter
2357 1647 2562 1716 putatis
2593 1644 2850 1710 tcnenda,
2871 1643 3159 1698 rescribite
3190 1661 3204 1698 :
3238 1644 3320 1699 sin
3349 1654 3527 1700 autem
3565 1686 3576 1702 .
3606 1686 3620 1700 .
3652 1686 3664 1698 .
3694 1656 3842 1702 certa

2250 1741 2319 1795 sit
2349 1742 2610 1795 sanctitas
2636 1746 2818 1792 vestra
2851 1752 2950 1793 nos
2986 1738 3052 1792 ad
3091 1739 3422 1793 audientiam
3475 1739 3728 1809 plenarite
3756 1753 3846 1811 sy-

537 1829 833 1884 calliditate
865 1829 1202 1894 tentandum,
1249 1840 1302 1884 et
1330 1829 1396 1883 ad
1427 1845 1551 1884 suas
1581 1843 1763 1897 partes
1789 1871 1802 1892 ,
1855 1831 1900 1885 si
1955 1838 2137 1900 posset
2167 1835 2214 1895 B
2243 1833 2366 1887 nodi
2398 1846 2718 1901 provocare.
2758 1831 2843 1885 lbi
2869 1831 3000 1885 enim
3027 1831 3228 1902 loquela
3255 1831 3573 1904 dignoscitur
3592 1833 3843 1904 ipsorum,

543 1924 686 1989 lieri,
723 1923 1135 1989 traducendum,
1163 1924 1279 1978 ausi
1307 1935 1428 1978 sunt
1458 1925 1904 1979 Thess:tlonicam
1941 1925 2149 1980 scribe-

542 2033 622 2072 re.
663 2017 742 2069 Ea:
781 2034 841 2071 eo
875 2027 1065 2082 tamen,
1100 2020 1238 2088 quod
1285 2020 1556 2087 epistolam
1587 2019 1656 2072 ad
1701 2018 1895 2088 Rufum
1921 2018 2144 2074 Thessa-

544 2109 854 2163 lonicensem
894 2111 1190 2181 epismpum
1231 2112 1531 2181 scripserint
1592 2113 1873 2166 octodecim
1923 2113 2148 2184 episcOpi

545 2199 766 2273 Pelagio
793 2200 1024 2268 addicti,
1073 2218 1174 2254 non
1207 2203 1437 2274 sequitur
1479 2214 1533 2256 ut
1573 2205 1663 2273 qui
1712 2205 1778 2257 ad
1813 2205 2147 2272 apostolicam

543 2294 716 2348 sedem
761 2295 950 2346 missus
977 2303 1049 2346 est
1079 2293 1322 2357 libellus,
1370 2312 1401 2347 a
1447 2295 1654 2348 totidem
1694 2298 1946 2366 episcopis
1995 2298 2150 2365 fuerit

545 2387 885 2455 conscriptus.
933 2385 1118 2439 Verum
1149 2403 1263 2440 cum
1297 2385 1524 2456 plurium
1553 2389 1758 2442 nomine
1784 2390 1997 2442 missum
2043 2406 2150 2444 esse

545 2487 759 2541 constet,
788 2478 907 2530 hinc
929 2477 1297 2540 octodecimne,
1332 2495 1397 2532 an
1419 2477 1592 2549 plures
1622 2478 1698 2532 rel
1740 2482 2005 2546 pauciores
2036 2485 2151 2550 fue-

544 2571 670 2635 rint,
697 2580 1014 2643 compertum
1039 2569 1223 2623 habere
1245 2579 1333 2623 aut
1358 2569 1490 2624 nihil
1518 2581 1604 2624 aut
1633 2588 1816 2641 parum
1843 2573 2071 2625 interest.

613 2661 704 2718 29.
741 2662 973 2715 Certiora
1001 2673 1120 2715 sunt
1141 2669 1446 2734 argumenta
1472 2703 1486 2727 ,
1529 2661 1710 2731 quibus
1743 2663 1878 2714 hunc
1922 2663 2151 2716 libellum

546 2751 776 2825 epistola.D
813 2757 1033 2824 formam
1065 2769 1172 2823 pra:
1200 2770 1254 2807 se
1293 2757 1434 2825 ferre
1472 2753 1611 2807 idem
1650 2755 1728 2807 vir
1755 2755 1994 2808 eruditus
2027 2772 2152 2827 pro-

547 2845 629 2898 bat
660 2861 677 2899 :
706 2861 866 2916 neque
888 2845 1155 2899 obscurum
1195 2858 1267 2899 est
1297 2845 1527 2899 libellum
1567 2861 1657 2900 seu
1687 2847 1957 2916 epistolam
1996 2847 2152 2902 istum

544 2940 897 3009 episcoporum
925 2956 1036 2993 esse
1060 2940 1130 2992 ad
1152 2938 1450 3011 apostolica:
1462 2941 1596 2994 sedis
1624 2939 1900 3006 prwsulem
1925 2940 2154 2995 scriben-

546 3033 694 3095 tium,
722 3050 752 3085 a
779 3033 962 3104 quibus
990 3033 1124 3086 idem
1153 3033 1345 3104 prtesul
1375 3043 1422 3086 et
1449 3043 1601 3102 pater
1631 3043 1838 3105 prapter
1857 3036 2045 3106 primae
2073 3050 2154 3088 se-

546 3126 625 3180 dis
655 3125 982 3198 dignitatem,
1037 3136 1085 3179 et
1130 3127 1300 3179 frater
1327 3137 1536 3196 prOpter
1563 3127 1890 3197 episcopatus
1937 3145 2153 3182 consor-

2249 1927 2339 1997 qui
2371 1937 2418 1981 et
2442 1925 2740 1998 apostolica:
2765 1925 2901 1978 sedis
2917 1923 3174 1994 judicium
3197 1934 3242 1977 et
3264 1924 3399 1978 orbis
3421 1924 3845 1994 subscriptionem

2250 2027 2642 2084 contemnentes,
2675 2018 2830 2088 paulo
2870 2026 2981 2086 post
3018 2016 3086 2069 ad
3115 2016 3314 2087 Rufum
3341 2015 3847 2071 Thessalonicensem

2251 2111 2614 2180 scripserunt:
2665 2108 3014 2178 Simpliclbus
3043 2109 3336 2178 episcOpis,
3386 2109 3504 2163 sine
3545 2123 3845 2179 congrega-

2253 2208 2399 2257 tione
2430 2201 2646 2273 synodi,
2694 2203 2745 2255 in
2779 2201 2913 2255 locis
2945 2202 3057 2254 suis
3085 2200 3430 2267 sedentibus,
3474 2211 3681 2255 extorta
3715 2201 3850 2256 suh-

2251 2296 2474 2365 scriptio
2503 2302 2597 2348 est.
2627 2295 2768 2358 Quos
2790 2297 3020 2364 refutans
3060 2293 3372 2364 Augustinus
3420 2294 3554 2349 inter
3589 2294 3694 2345 alia
3725 2292 3852 2346 dicit

2257 2387 2396 2455 (Lib.
2423 2403 2493 2455 tv,
2512 2396 2648 2439 cont.
2675 2385 2814 2438 Duas
2836 2386 2987 2453 epist.
3014 2382 3283 2451 Pelagian.
3311 2400 3357 2436 c.
3377 2385 3462 2448 12,
3489 2401 3542 2437 n.
3563 2384 3688 2450 '54):
3715 2382 3854 2436 Isto-

2255 2497 2370 2536 rum
2396 2481 2672 2549 superbia,
2695 2494 2815 2548 qua:
2845 2487 3046 2531 tantum
3071 2493 3130 2533 se
3153 2477 3368 2531 extollit
3390 2477 3654 2531 adversus
3680 2477 3850 2532 Deum

2257 2614 2268 2626 .
2307 2613 2322 2630 .
2360 2613 2372 2626 .
2403 2612 2415 2625 .
2459 2572 2597 2626 hanc
2637 2571 2800 2626 etiam
2849 2569 3078 2640 gloriam
3133 2579 3351 2638 captare
3401 2569 3754 2638 intelligitur,
3789 2578 3853 2623 ut

2255 2675 2475 2735 propter
2505 2665 2626 2718 illos
2657 2664 2895 2717 Orientis
2929 2670 2981 2715 ct
3011 2661 3318 2716 Occidentis
3346 2661 3584 2731 synodus
3625 2674 3855 2728 congre-

2251 2771 2424 2829 getur.
2470 2757 2564 2810 λ’ἰί
2588 2758 2760 2828 itaque
2778 2766 3048 2827 repugnat,
3084 2756 3355 2825 quominus
3395 2754 3672 2822 prtedictus
3699 2752 3852 2808 libelo

2252 2852 2332 2904 lus
2364 2866 2390 2902 e
2409 2848 2610 2903 duabus
2637 2849 2888 2918 epistolis,
2917 2863 3043 2914 quas
3075 2846 3318 2900 Julianus
3345 2863 3376 2899 a
3415 2863 3468 2899 se
3493 2845 3561 2898 ad
3587 2844 3853 2899 Zosimum

2254 2945 2437 2996 missas
2468 2958 2578 2995 esse
2603 2951 2852 2994 memorat
2872 2982 2886 3007 ,
2919 2956 3022 2992 una
3048 2949 3317 2992 censeatur
3349 2949 3459 3010 post
3494 2936 3693 3008 Pelagii
3737 2939 3854 3008 qui-

2253 3038 2365 3088 dem
2393 3044 2546 3105 atque
2572 3031 2795 3087 Caelestii
2816 3032 3219 3094 dantuationem,
3259 3030 3348 3083 sed
3374 3039 3651 3100 antequam
3679 3028 3857 3083 Julia-

2253 3143 2347 3178 nus
2374 3141 2489 3178 cum
2523 3126 2676 3178 sociis
2714 3141 2742 3178 e
2769 3123 2974 3178 sedibus
2996 3140 3101 3176 suis
3131 3121 3428 3194 pelleretur,
3455 3122 3689 3192 adeoque
3715 3137 3858 3176 anno

547 3220 673 3271 tium
721 3221 1076 3287 compellatur.
1127 3219 1188 3273 Si
1225 3220 1382 3273 etiam
1428 3219 1505 3272 uel
1536 3237 1654 3275 cum
1692 3223 1873 3292 paucis
1918 3222 2151 3294 epistola
2175 3217 2220 3280 C
2253 3219 2358 3273 418
2386 3217 2696 3288 conscripta.

543 3308 750 3362 Juliani
770 3313 838 3363 ad
867 3310 1130 3364 Zosimum
1158 3313 1485 3382 fragmentis,
1514 3330 1626 3383 qua:
1657 3330 1720 3369 ex
1744 3313 1915 3370 Mario
1949 3314 2148 3368 Merca-

547 3411 656 3456 tore
682 3403 915 3473 proxime
945 3405 1340 3471 descripsimus,
1375 3406 1677 3474 conferatur
1701 3424 1719 3473 ;
1755 3424 1813 3460 ea
1840 3423 1949 3460 sese
1975 3405 2150 3474 offeret

548 3497 670 3567 styli
702 3498 993 3558 consensio.
1019 3515 1121 3566 qua
1153 3507 1427 3568 utrumque
1453 3500 1699 3569 scriptum
1728 3517 1789 3554 ea:
1811 3499 1987 3554 eodem
2012 3504 2152 3570 fonte

551 3590 807 3658 prodiisse
831 3605 933 3642 non
967 3591 1222 3643 immerito
1245 3602 1530 3645 censentur.
1564 3593 1711 3646 Certe
1741 3604 1796 3647 ut
1821 3594 1874 3646 in
1907 3593 1984 3646 his
2008 3595 2152 3666 frag-

552 3681 737 3733 mentis
767 3680 1015 3753 Apostolo
1038 3683 1080 3734 is
1105 3683 1365 3736 adversari
1395 3686 1658 3751 scribitur,
1684 3687 1883 3755 quiest
1912 3696 2154 3742 assertor

549 3773 696 3844 quod
721 3789 897 3844 neque
929 3790 1026 3844 per
1057 3786 1288 3832 mortem
1319 3778 1450 3833 Adae
1476 3795 1639 3835 omne
1665 3797 1834 3851 genus
1872 3783 2151 3838 hominum

550 3869 854 3935 moriatur,
905 3885 1082 3941 neque
1131 3887 1228 3941 per
1278 3875 1733 3930 resurrectionem
1775 3892 1936 3932 omne
1981 3893 2154 3948 genus

550 3960 830 4016 hominum
859 3975 1141 4034 resurgat;
1172 3966 1246 4018 ita
1273 3967 1327 4019 in
1362 3967 1538 4021 libello
1568 3969 1662 4022 illo
1695 3970 1993 4037 danmatur,
2037 3972 2154 4040 qui-

552 4067 789 4122 cumque
821 4058 1018 4109 asserit
1056 4057 1201 4125 quod
1249 4073 1423 4128 neque
1461 4076 1557 4129 per
1585 4061 1757 4116 Adam
1795 4078 1956 4118 omne
1984 4079 2155 4134 genus

553 4147 834 4201 hominmn
863 4149 1149 4215 moriatur,
1179 4166 1350 4220 neque
1381 4167 1480 4221 per
1501 4153 1775 4210 Christum
1799 4171 1957 4210 omne
1985 4172 2156 4227 genus

549 4247 819 4310 resurgat.
861 4239 988 4294 Tant
1015 4242 1153 4314 quod
1176 4244 1254 4297 his
1283 4244 1458 4298 statim
1492 4244 1803 4317 subjicitur:
1837 4247 1931 4301 Vel
1974 4249 2017 4304 si
2047 4264 2152 4320 qua

552 4344 678 4388 sunt
705 4334 834 4402 alia,
865 4350 982 4403 qum
1020 4336 1103 4389 vel
1137 4346 1325 4390 contra
1358 4336 1681 4392 catholicam
1718 4340 1875 4394 tidem
1911 4341 2152 4408 veniant,

545 4431 630 4486 vel
659 4430 726 4484 ad
750 4445 1204 4485 INDISCIPLINATAS
1235 4430 1546 4500 pertineant
1586 4433 1946 4503 quaestiones,
1989 4433 2156 4490 simili

549 4525 927 4580 exsecratione
953 4525 1297 4594 damnamus,
1325 4525 1559 4579 eumdem
1606 4528 1744 4595 sapit
1785 4528 1977 4600 stglum
2005 4537 2155 4600 atque

3000 3307 3114 3363 XII.

2325 3410 2417 3464 50.
2448 3407 2530 3462 An
2557 3406 2802 3460 Julianus
2828 3421 2861 3459 a
2897 3403 3106 3458 Zosimo
3135 3403 3440 3456 nominatim
3476 3403 3753 3456 damnatus
3789 3403 3857 3456 sit

2253 3505 2523 3573 quaeritur.
2564 3498 2721 3554 Joan.
2756 3499 3038 3552 Garnerius
3061 3497 3337 3567 quominus
3363 3495 3508 3549 illum
3537 3495 3601 3548 ab
3629 3498 3724 3548 hoc
3761 3511 3856 3566 pa.

2257 3614 2322 3665 pa
2345 3595 2649 3650 nominatim
2681 3594 2980 3646 damnatura
3011 3592 3220 3655 sentiat,
3249 3589 3433 3643 lihello
3464 3589 3608 3653 ﬁdei,
3661 3590 3856 3658 episto-

2255 3690 2413 3758 laque
2441 3687 2508 3741 ad
2538 3686 2736 3740 Rufum
2765 3682 3306 3739 Tlicssslonicensem
3335 3681 3563 3750 aliisque
3594 3696 3733 3750 pene
3773 3682 3858 3734 in-

2256 3783 2423 3838 ﬁnitis
2463 3783 2579 3837 sive
2607 3779 2827 3839 Juliani,
2862 3778 2976 3832 sive
3006 3777 3288 3847 Augustini
3319 3791 3543 3846 operum
3574 3776 3708 3831 locis
3732 3792 3856 3847 pro-

2257 3876 2417 3930 hiberi
2456 3892 2510 3930 se
2534 3875 2727 3929 scribit.
2777 3871 3014 3940 lnﬁciari
3052 3881 3217 3925 tamen
3242 3872 3411 3940 nequit
3440 3868 3711 3924 Julianum
3733 3886 3854 3923 cum

2255 3971 2407 4025 sociis
2437 3969 2720 4023 Tractat-ite
2759 3965 2955 4020 Zosimi
2996 3963 3309 4018 subscribere
3360 3963 3616 4016 nolentem
3651 3961 3714 4014 ab
3748 3962 3856 4034 epi-

2255 4073 2469 4135 scopatu
2510 4061 2669 4132 fuisse
2699 4062 2952 4131 dejectum
2979 4074 2997 4122 ;
3033 4074 3150 4112 cum
3185 4059 3456 4127 perspicua
3477 4058 3579 4111 sint
3609 4074 3669 4111 ea
3695 4057 3762 4112 de
3800 4072 3858 4110 re

2258 4157 2399 4211 Mar.
2448 4154 2748 4208 Mercatoris
2790 4154 2940 4207 verba
2972 4150 3144 4225 (Pag.
3182 4151 3280 4205 158
3312 4152 3395 4204 ed.
3435 4149 3621 4204 Bolus.
3653 4153 3671 4219 )
3712 4148 3855 4204 :Cui

2257 4245 2588 4323 (Tractoricc)
2619 4246 2865 4303 Julianus
2897 4253 2950 4300 et
2981 4245 3174 4313 reliqui
3197 4244 3487 4313 complices
3511 4243 3857 4298 subscribere

2257 4342 2626 4397 detrectantes
2665 4380 2678 4394 .
2714 4376 2727 4392 .
2767 4379 2780 4391 .
2835 4352 2941 4392 non
2991 4337 3164 4391 solum
3221 4336 3596 4405 imperialibus
3624 4334 3855 4404 legibus,

2258 4435 2352 4491 sed
2384 4447 2437 4489 et
2483 4431 2912 4488 sacerdotalibus
2952 4430 3173 4486 statutis
3203 4429 3438 4500 depositi
3485 4438 3651 4500 atque
3691 4444 3858 4483 exau—

2257 4528 2448 4582 ctorati
2475 4567 2490 4590 ,
2535 4535 2588 4580 et
2627 4526 2775 4580 onmi
2816 4522 2966 4579 Italia
2997 4522 3267 4578 deturbati
3295 4533 3442 4578 sunt.
3490 4519 3601 4576 Ista
3649 4531 3855 4586 autem,

547 4618 648 4672 ista
675 4617 880 4671 Juliani
908 4618 1144 4686 superius
1173 4635 1227 4673 η.
1272 4619 1342 4674 26
1373 4621 1539 4674 relata
1565 4637 1582 4674 :
1617 4620 1772 4688 Quod
1824 4621 2061 4679 infantes
2097 4625 2149 4679 in
2179 4606 2230 4666 Ῑ)
2255 4617 2611 4674 sacerdotalia
2648 4625 2872 4678 statuta,
2901 4615 3081 4684 quibus
3101 4615 3345 4668 Julianus
3373 4630 3434 4667 ac
3476 4614 3600 4668 socii
3622 4612 3856 4683 depositi

546 4726 613 4766 eo
637 4718 780 4766 statu
812 4715 936 4775 sint,
965 4712 1016 4765 in
1042 4727 1150 4780 quo
1173 4712 1270 4766 fuit
1287 4712 1455 4768 Adam
1476 4722 1599 4769 ante
1623 4716 2145 4784 prmvaricationem,

550 4805 694 4858 inter
719 4820 1171 4862 INDISCIPIJNATAS
1211 4816 1341 4877 puto
1369 4806 1722 4878 quaestiones.
1767 4807 1948 4880 Neque
1983 4811 2152 4865 minus

552 4908 787 4965 apertum
811 4909 882 4953 est
913 4900 1008 4951 hac
1036 4916 1122 4953 eos
1143 4901 1433 4971 scripsisse,
1460 4917 1573 4953 cum
1597 4901 1659 4955 ab
1683 4903 1754 4955 eis
1777 4903 2064 4972 exigeretur
2096 4915 2154 4957 ut

553 4990 755 5060 Pelagii
779 5009 840 5045 ac
865 4991 1086 5046 Ccelestii
1110 4993 1432 5048 damnationi
1463 4995 1852 5064 subscriberent,
1879 4996 2034 5068 idque
2061 4998 2153 5051 de—

552 5090 844 5136 trectarent.
890 5083 1144 5148 Quocirca
1174 5101 1274 5139 non
1311 5089 1421 5140 sine
1465 5087 1725 5140 industria
1754 5087 1808 5141 in
1851 5087 2022 5141 libello
2055 5103 2150 5142 suo

551 5176 722 5228 omnia
745 5176 1037 5230 exscribunt
1061 5176 1453 5248 Scripturarum
1479 5179 1791 5243 testimonia,
1807 5178 1989 5248 quibus
2003 5179 2154 5233 Zosi-

549 5285 661 5321 mus
688 5268 838 5339 epist.
867 5270 920 5333 5,
947 5269 1014 5321 ad
1049 5271 1222 5337 Afros,
1250 5286 1302 5322 η.
1331 5270 1386 5335 5,
1433 5272 1741 5324 sententiam
1762 5273 1816 5324 in
1847 5273 2076 5325 absentes
2103 5281 2152 5325 et

547 5361 810 5415 inauditos
839 5361 1048 5415 minime
1087 5363 1357 5416 dicendam
1409 5379 1515 5416 esse
1557 5363 1875 5440 probaverat.
1928 5363 2152 5417 Tantum

546 5455 682 5510 illud
709 5457 920 5524 mirum,
946 5457 1083 5526 quod
1111 5473 1170 5510 ea
1199 5457 1252 5509 in
1277 5471 1331 5509 re
1354 5473 1463 5510 sese
1482 5456 1544 5509 ab
1568 5458 1779 5526 ipsumet
1800 5455 2009 5510 Zosimo
2031 5456 2154 5510 edo-

552 5559 659 5603 ctos
688 5549 848 5619 fuisse
878 5567 982 5603 non
1003 5550 1379 5619 jartitauerint.
1415 5547 1604 5601 Verum
1650 5548 1706 5600 id
1735 5548 1876 5618 quod
1914 5548 2154 5606 obtende-

555 5642 699 5706 bant,
729 5658 792 5695 ne
821 5642 1213 5702 subscriberent,
1239 5656 1432 5694 merum
1459 5642 1698 5711 effugium
1722 5641 1841 5711 fuit.
1866 5640 1997 5694 Cum
2019 5644 2157 5696 enim

561 5733 808 5805 Pelagius
840 5745 992 5806 atque
1023 5734 1288 5790 Cretestius
1330 5751 1464 5803 sirpe
1511 5735 1726 5806 fuissent
1765 5735 1948 5798 auditi,
1986 5736 2160 5807 eisque

556 5827 659 5878 sine
699 5844 872 5882 rorant
896 5829 1002 5882 sive
1026 5828 1213 5895 libellis
1237 5829 1286 5883 in
1315 5829 1618 5904 Palwstina,
1641 5829 1693 5884 in
1718 5829 1917 5904 Africa,
1959 5829 2012 5884 in
2045 5831 2159 5900 ipsa

2254 4721 2392 4777 sunt,
2425 4711 2477 4762 in
2505 4709 2721 4763 concilio
2743 4708 2828 4762 cui
2851 4707 3116 4762 Romanus
3144 4709 3372 4776 pontifex
3391 4718 3629 4774 prtccrat,
3654 4707 3856 4761 sancito

2255 4820 2363 4858 esse
2391 4811 2563 4873 aperte
2599 4803 2743 4855 docet
2785 4801 2921 4855 idem
2948 4799 3087 4854 Mar.
3133 4798 3393 4855 Mercator
3421 4800 3626 4870 prwfat.
3667 4800 3721 4852 in
3751 4808 3858 4853 tra-

2253 4906 2417 4950 ctatus
2453 4895 2680 4949 Nestorii
2707 4895 2876 4958 (Edit.
2909 4895 3094 4950 Belus.
3121 4912 3242 4967 pag.
3273 4896 3342 4950 55
3370 4897 3418 4961 ),
3464 4893 3554 4948 ubi
3581 4893 3855 4949 Julianum

2256 5004 2317 5043 es
2338 4987 2595 5056 episcopo
2628 4987 2911 5042 Eclanensi
2935 5003 3057 5041 cum
3095 4986 3448 5055 participibus
3485 4987 3599 5040 suis
3626 4986 3754 5038 olim
3789 4997 3855 5040 ss

2261 5094 2583 5135 srosroucs
2614 5095 2906 5134 ssuresns
2925 5087 3337 5133 oratiotoratum
3363 5091 3522 5147 atque
3547 5077 3856 5144 depositum

2261 5183 2526 5228 memorat.
2564 5173 2592 5227 Ι
2598 5175 2646 5228 bi
2673 5172 2874 5243 quidem
2901 5174 3018 5244 legit
3041 5171 3323 5226 (iarnerius
3354 5169 3512 5244 (Pag.
3548 5169 3641 5241 58)
3669 5170 3738 5225 ab
3767 5185 3860 5226 cc-

2255 5269 2560 5323 clesiaslica
2609 5266 2922 5320 sententis:
2972 5265 3062 5318 sed
3108 5265 3393 5330 lia/naias,
3447 5265 3516 5317 ab
3557 5263 3858 5330 apostolica

2257 5363 2528 5418 sententia
2574 5376 2640 5414 ea;
2677 5359 2944 5428 archetypi
2991 5358 3095 5424 fide
3139 5357 3381 5410 restituit.
3443 5356 3700 5423 Quocirca
3743 5371 3861 5409 cum

2257 5457 2396 5510 idem
2424 5456 2644 5524 scriptor
2671 5452 2945 5506 Julianum
2966 5453 3040 5505 sic
3065 5452 3358 5520 alloquetur
3386 5447 3554 5520 (Edit.
3588 5447 3772 5502 Bolus.
3801 5466 3856 5517 ρ.

2266 5552 2390 5618 “9,
2416 5551 2640 5605 Garner.
2671 5567 2722 5618 p.
2755 5548 2848 5617 7'5)
2875 5567 2885 5601 :
2914 5548 3048 5614 Quis
3078 5547 3220 5600 enim
3256 5555 3307 5599 te
3334 5546 3390 5598 iu
3422 5546 3704 5614 superiore
3731 5560 3861 5598 sen-

2265 5643 2432 5696 tentia
2463 5642 2546 5696 vel
2581 5638 2846 5711 suspicari
2897 5648 3076 5708 posset
3107 5636 3248 5690 aliud
3290 5636 3492 5691 sentire
3517 5675 3532 5702 ,
3565 5651 3726 5705 quam
3784 5636 3861 5690 illi

2264 5750 2476 5802 omnes,
2496 5735 2585 5804 qui
2605 5745 2808 5788 sanctzu
2829 5730 3100 5787 memorim
3123 5745 3255 5798 pupa
3275 5728 3491 5782 Zosiuio
3514 5727 3861 5796 praesidente,

2268 5829 2362 5886 Dei
2388 5827 2700 5884 sacerdotes
2725 5826 3019 5898 Pelagiana,
3047 5822 3395 5893 Cwlestium,
3427 5835 3601 5888 reque
3638 5820 3866 5888 damna-
