4190 6190
359 370 462 427 701

1195 372 1521 429 DECIIETA
1569 374 1661 431 EX
1704 375 2054 434 EPIS’IOLIS
2093 374 2152 433 S.
2193 377 2425 435 ZOSIMI
2468 378 2867 438 EXCERPTA.

3559 382 3667 439 702

358 489 517 555 runt,
546 505 664 542 eum
690 490 988 558 apostolica:
1014 490 1151 545 sedis
1188 492 1503 562 praesulem,
1537 493 1688 562 cujus
1714 492 1964 548 sententia
1990 494 2042 559 Α
2069 512 2130 549 ne
2173 514 2279 549 non
2322 495 2631 551 absistentes
2659 539 2674 563 ,
2713 497 2781 551 ad
2829 495 3150 551 Comitatum
3199 506 3388 569 prwter
3440 512 3663 551 canones

358 580 637 635 Iulianum
666 581 973 648 depositum
993 583 1269 651 dixit,non
1292 583 1453 640 alium
1479 602 1510 639 a
1529 584 1741 639 Zosimo
1768 587 1961 642 intelli-

358 690 476 747 gere
505 690 557 729 se
586 676 710 729 satis
736 673 1014 747 signiﬁcat.
1050 675 1204 743 Quod
1241 686 1413 732 tamen
1452 694 1557 732 non
1587 695 1646 732 eo
1675 695 1824 732 sensu
1853 681 1963 732 dic-

358 775 489 830 tum,
521 776 577 820 ut
604 765 787 820 iisdem
810 766 1150 838 synodalibus
1177 769 1381 823 statutis
1399 767 1669 839 Pelagius,
1697 768 1962 824 Caelestius

359 875 419 912 ac
455 856 704 913 Julianus
743 860 934 929 fuerint
966 860 1241 924 damnati;
1284 862 1372 913 sed
1414 870 1468 914 ut
1513 862 1648 914 idem
1694 860 1957 928 Zosintus,

357 952 446 1021 qui
473 949 752 1022 Pelagium
782 951 1173 1023 Caelestiumque
1192 953 1489 1017 damnarat,
1536 970 1597 1007 ac
1640 954 1795 1007 missa
1830 953 1953 1006 Tra»

357 1042 521 1096 ctoria
565 1043 805 1097 damnari
833 1060 864 1097 a
889 1045 1086 1098 ueteris
1114 1054 1428 1116 praeceperat
1448 1089 1462 1113 ,
1509 1045 1838 1115 postmodum
1858 1045 1962 1098 Ju-

357 1136 555 1191 lianum
577 1135 861 1192 Tractoriw
876 1137 996 1191 huic
1024 1153 1086 1192 ne
1116 1137 1451 1192 subscriberet
1497 1146 1816 1192 recusantem
1845 1178 1860 1203 ,
1894 1137 1956 1190 ab

357 1228 656 1299 episcopatu
682 1227 896 1300 dejecit.

429 1324 520 1379 5i.
551 1324 875 1397 Quapropter
898 1335 944 1378 et
971 1325 1292 1398 Augustinus
1319 1324 1513 1397 (Lib.t,
1547 1334 1688 1379 cont.
1717 1322 1947 1391 Iuliam,

356 1436 402 1473 c.
440 1419 524 1485 I2,
543 1436 593 1472 n.
622 1421 732 1488 I5),
753 1418 925 1473 Mario
950 1417 1232 1474 Mercatori
1252 1422 1551 1486 concinens,
1568 1416 1953 1474 Zosimumlu-

355 1514 489 1569 (iani
533 1515 913 1570 damnatorem
956 1498 1253 1584 nuncupat.
1297 1514 1412 1585 Ipsi
1461 1517 1654 1586 quippe
1684 1514 1953 1569 Zosimttm

356 1609 805 1677 praevaricationis
835 1610 1106 1663 accusanti
1136 1610 1409 1678 respondet
1440 1628 1453 1664 :
1497 1607 1793 1664 Innocentii
1830 1624 1949 1663 suc-

353 1716 629 1757 cessorem
652 1701 885 1757 crimine
907 1702 1372 1772 pravaricationis
1394 1718 1649 1759 accusas:
1674 1704 1800 1773 quia
1825 1704 1953 1759 doc-

355 1795 514 1851 trina:
556 1796 871 1864 apostolica:
911 1804 966 1850 et
1009 1796 1092 1850 sui
1125 1796 1430 1852 decessoris
1460 1797 1745 1851 sententia:
1777 1796 1952 1851 noluit

2067 598 2442 660 perrexerant;
2483 590 2620 644 idem
2650 606 2810 661 papa,
2844 590 3050 645 decreto
3077 589 3238 655 edito,
3271 604 3356 642 eos
3379 605 3413 641 a
3437 604 3666 643 commu-

2066 682 2221 736 nione
2255 696 2350 735 sua
2394 682 2668 750 submovit,
2708 693 2859 751 atque
2904 682 3034 736 hanc
3066 682 3373 735 sententiam
3402 698 3434 734 a
3459 696 3513 735 se
3543 682 3662 736 sub-

2065 776 2311 846 scriptam
2342 791 2448 830 una
2477 790 2595 829 cum
2620 777 2850 847 scriptis,
2892 774 3082 845 quibus
3113 774 3512 827 contumeliosos
3539 773 3663 830 illo-

2064 885 2182 921 rum
2211 869 2458 940 epistolas
2488 870 2610 922 olim
2642 870 2917 938 refutaret,
2958 867 3260 922 Ravennam
3286 867 3356 919 ad
3388 867 3663 936 prtedictos

2064 964 2257 1035 legatos
2288 963 2446 1016 misit.
2488 961 2587 1016 Ha?
2624 970 2799 1014 autem
2829 963 3134 1016 clericorum
3163 958 3436 1014 rebellium
3461 961 3659 1028 episto-

2062 1054 2146 1115 las,
2190 1052 2389 1107 Zosimi
2433 1053 2753 1124 apologetica
2782 1053 2997 1123 scripta,
3047 1049 3378 1123 ejusdemque
3414 1052 3659 1107 adversus

2060 1146 2181 1200 illos
2206 1147 2413 1217 prolata
2442 1147 2699 1201 sententia
2726 1146 3054 1201 interierunt.
3511 1130 3523 1141 ’

2782 1237 2925 1296 XIV.

2130 1332 2219 1387 55.
2246 1330 2429 1403 Neque
2444 1331 2831 1403 ambigendum,
2846 1335 2972 1405 quin
2984 1333 3215 1405 aliquam
3226 1333 3269 1388 Ζ
3274 1333 3348 1388 osi
3356 1348 3468 1386 mus
3483 1332 3623 1402 scrip
3634 1357 3654 1372 -

2058 1426 2178 1477 serit
2223 1423 2495 1495 epistolam
2538 1424 2606 1477 de
2646 1423 2866 1479 Maximi
2912 1424 3176 1480 Valentini
3201 1424 3430 1496 episcopi
3468 1439 3648 1491 causa,

2058 1517 2209 1588 cujus
2233 1513 2580 1586 cognitionem
2609 1515 2921 1587 provinciali
2947 1516 3149 1588 synodo
3177 1535 3204 1569 ιι
3238 1514 3652 1573 successoribus

2055 1607 2168 1661 Suis
2188 1604 2479 1678 delegatum
2502 1624 2610 1664 esse
2626 1605 2931 1679 Bonifacius
2954 1611 3117 1682 ipsius
3137 1625 3398 1665 successor
3423 1607 3655 1662 meminit

2057 1701 2315 1774 (Bonifac.
2351 1718 2389 1771 ι,
2420 1716 2502 1773 ep.
2535 1702 2592 1769 5,
2623 1719 2675 1757 n.
2704 1702 2779 1775 1).

2795 1793 2909 1849 XV.

353 1888 642 1958 refragari.
682 1885 793 1944 Sed
837 1888 908 1943 de
952 1888 1054 1942 hoc
1094 1889 1315 1944 interim
1362 1899 1549 1954 taceo;
1595 1905 1663 1945 ne
1701 1890 1945 1943 animum
1978 1909 2025 1969 Β
2126 1882 2215 1942 54.
2248 1886 2323 1941 Ab
2354 1864 2515 1959 Afris,
2546 1889 2622 1941 uti
2642 1886 2878 1954 vidimus,
2908 1889 3013 1943 duo
3036 1888 3192 1944 veluti
3217 1886 3449 1943 Nicrenis
3469 1887 3650 1942 decre-

354 1989 530 2043 tuum.
562 1996 725 2052 quem
757 1994 957 2036 sanare
991 1983 1172 2053 potius
1195 1984 1380 2052 cupio,
1416 1983 1668 2037 laudibus
1693 1998 1786 2038 'rm
1816 1998 1950 2038 nsu-

350 2089 576 2132 usroms
625 2076 957 2131 exulcerem.
1009 2076 1151 2132 Sane
1192 2079 1281 2147 pia
1324 2076 1421 2131 illa
1464 2077 1742 2149 Augustini
1787 2075 1947 2143 αποσ-

354 2169 450 2237 tio,
478 2184 587 2239 qua
606 2165 813 2243 Iuliani
832 2169 1066 2222 animum
1090 2167 1379 2223 demulcere
1406 2185 1469 2223 ac
1498 2184 1684 2223 sanare
1714 2169 1946 2237 cupiens,

351 2276 469 2315 eum
498 2260 799 2316 exulcerare
818 2260 1095 2328 metuebat,
1148 2270 1204 2314 ut
1230 2262 1295 2313 ab
1320 2260 1580 2315 invidioso
1608 2259 1947 2316 damnatoris

354 2356 431 2410 tui
460 2356 711 2410 rocabulo
737 2370 790 2410 se
819 2356 1118 2424 abstineret,
1150 2356 1407 2429 exigebat,
1447 2356 1551 2409 nisi
1571 2356 1763 2428 judicii
1789 2355 1950 2409 alicu-

342 2448 438 2515 jus
468 2449 643 2517 reipsa
677 2449 872 2519 prolati
897 2449 1092 2501 veritas
1119 2445 1257 2501 illud
1287 2449 1352 2501 ab
1402 2463 1461 2500 eo
1487 2447 1813 2501 extorsisset.
1862 2444 1947 2500 Ex

345 2540 411 2592 iis
435 2545 631 2602 autem,
654 2540 744 2609 qui
767 2555 880 2593 eum
904 2538 1124 2593 Iuliano
1146 2547 1269 2592 tunc
1292 2538 1621 2592 condemnati
1644 2547 1783 2605 sunt,
1815 2554 1948 2592 non-

346 2629 542 2697 nullos,
572 2630 865 2702 Perﬁdium
885 2633 1099 2699 scilicet,
1132 2629 1376 2695 Florum,
1411 2629 1775 2684 Marcellinum
1797 2640 1948 2700 atque

348 2725 628 2779 Orontium
676 2725 937 2779 Calestini
986 2740 1140 2797 papa:
1187 2725 1407 2797 epistola
1458 2724 1529 2779 20
1570 2724 1785 2777 indicat.
1871 2723 1948 2778 Hi

344 2833 500 2888 porro
534 2817 755 2887 primum
788 2815 1027 2870 Romana
1056 2818 1110 2870 in
1133 2817 1352 2888 synodo,
1383 2815 1592 2870 Zosimo
1615 2815 1943 2887 praesidente,

345 2910 554 2963 statutis
593 2910 937 2979 synodalibus
964 2911 1028 2962 de
1055 2910 1355 2980 episcopatu
1379 2910 1583 2977 dimoti,
1617 2910 1946 2977 postmodum

348 3002 622 3075 Bonifacio
652 3002 848 3058 Zosimi
872 3018 1171 3059 successore
1194 3015 1399 3076 agente,
1435 3003 1631 3073 legibus
1658 3005 1947 3074 imperiali-

347 3095 440 3151 bus
479 3111 546 3150 ex
584 3098 726 3151 omni
774 3093 939 3151 Italia
973 3096 1233 3152 deturbati
1260 3111 1400 3152 sunt.
1449 3096 1579 3165 Qua:
1609 3097 1712 3151 duo
1745 3095 1947 3151 Marius

352 3187 616 3245 Mercator
644 3206 749 3244 non
778 3191 906 3245 satis
935 3191 1231 3263 distinguit.

1085 3286 1219 3341 XIII.

420 3376 510 3433 39..
545 3378 788 3433 Zosimus
833 3396 974 3435 anno
1012 3378 1119 3439 $18
1152 3379 1389 3437 Octobris
1432 3380 1466 3437 5
1492 3382 1576 3435 die
1619 3380 1687 3434 ad
1725 3380 1946 3453 legatos,

348 3484 474 3535 quos
497 3467 751 3525 Ravennae
774 3472 1011 3538 Itabcbat,
1037 3472 1283 3538 scribens,
1310 3473 1654 3536 quorumdam
1680 3471 1948 3525 rebellium

350 3563 657 3617 clericorum
685 3580 895 3619 suorum
922 3565 1209 3636 injuriosas
1239 3566 1488 3620 adversus
1514 3582 1568 3619 se
1592 3574 1839 3618 tnemorat
1863 3565 1951 3617 lit-

348 3666 507 3723 teras,
561 3673 761 3710 nccnon
796 3674 893 3711 sua
937 3656 1101 3728 ipsius
1131 3658 1326 3729 scripta
1366 3658 1550 3727 quibus
1594 3658 1724 3710 Olim
1766 3654 1952 3708 litteris

345 3744 451 3802 illis
473 3749 807 3819 responderat
829 3746 979 3818 (Zos.
1000 3749 1150 3821 epist.
1175 3747 1287 3820 14).
1318 3749 1426 3806 Sed
1446 3751 1570 3821 quia
1590 3750 1691 3815 illi,
1718 3747 1955 3804 rebellio-

2052 1977 2116 2031 tis
2142 1979 2430 2048 prwstituta
2454 1977 2697 2034 Zosimus
2718 1980 2993 2050 quaesierat
3012 1996 3031 2034 :
3061 1981 3304 2033 nimirum
3328 1990 3387 2033 ut
3417 1977 3649 2034 Romam

2052 2071 2247 2125 liceret
2292 2070 2566 2142 episcopis
2596 2085 2918 2141 provocare.
2949 2080 3001 2126 et
3030 2081 3090 2127 ut
3114 2072 3442 2127 clericorum
3470 2080 3650 2125 causa!

2051 2165 2195 2232 apud
2261 2178 2482 2223 suarum
2541 2164 2946 2236 provinciarum
2998 2167 3291 2237 episcopos
3340 2163 3647 2221 (inirentur.

2050 2261 2198 2318 Tunc
2216 2263 2316 2329 illi,
2351 2264 2553 2318 etiamsi
2575 2279 2705 2318 nova
2729 2272 2777 2318 st
2803 2264 3038 2318 inaudita
3062 2263 3160 2319 sibi
3188 2264 3505 2327 viderentur,
3531 2276 3651 2333 quas

2052 2354 2106 2409 Ν
2110 2357 2287 2411 ieiuna:
2306 2355 2493 2428 synodi
2513 2358 2718 2412 nomine
2736 2357 3132 2428 proferebantur
3153 2356 3360 2411 decreta
3379 2353 3645 2427 (Bonifae.

2050 2463 2088 2513 ι,
2124 2464 2207 2519 ep.
2240 2448 2292 2518 i,
2325 2466 2380 2503 n.
2410 2443 2491 2521 4),
2536 2446 2737 2509 litteris
2784 2459 2952 2505 tamen
2994 2449 3060 2505 ad
3090 2451 3340 2509 eumdem
3371 2448 3646 2505 Zosimum

2051 2540 2191 2595 datis
2231 2541 2654 2611 rescripseram,
2699 2557 2825 2598 sese
2868 2558 2931 2598 ea
2967 2557 3193 2598 servare
3233 2542 3355 2596 sine
3396 2541 3503 2597 ulla
3530 2540 3651 2610 ejus

2051 2633 2246 2705 injuria
2280 2634 2557 2703 paulisper
2583 2634 2765 2689 sinere
2797 2650 2968 2706 usque
2994 2636 3064 2691 ad
3096 2635 3507 2704 inquisitionem
3538 2642 3651 2689 sta-

2054 2738 2293 2782 lutorum
2311 2725 2514 2781 Nicmni
2533 2726 2776 2795 concilii,
2802 2727 2899 2782 hoc
2918 2736 3013 2791 est,
3039 2728 3257 2784 decretis
3277 2728 3465 2793 missis,
3491 2727 3654 2780 donec

2053 2820 2106 2874 Ν
2112 2823 2395 2875 icceaorum
2430 2822 2707 2890 explorata
2735 2822 2800 2875 sit
2836 2822 3042 2889 veritas,
3072 2838 3181 2876 sese
3206 2830 3422 2875 mortem
3449 2834 3646 2891 gerere.

2050 2913 2130 2968 An
2169 2914 2352 2969 litterae
2396 2915 2502 2968 illa:
2528 2913 2739 2968 Zosimo
2782 2914 2955 2969 adhuc
2984 2917 3245 2985 superstiti
3280 2915 3496 2968 reddin
3519 2916 3646 2979 sint,

2051 3023 2229 3070 necne,
2260 3016 2573 3078 compsrtum
2598 3021 2700 3059 non
2718 3004 2989 3059 habemus.
3035 3006 3098 3057 At
3120 3004 3254 3058 illud
3280 3011 3493 3067 certum,
3520 3010 3649 3055 tem-

2050 3118 2145 3172 pus
2173 3099 2271 3170 ipsi
2298 3096 2523 3170 defuisse
2551 3115 2654 3169 quo
2685 3114 2899 3152 causam
2929 3099 3080 3151 istam
3108 3096 3302 3167 ﬁniret.

2771 3192 2909 3245 XVI.

2124 3286 2213 3342 '55.
2249 3284 2473 3339 Demum
2518 3286 2627 3339 [nec
2662 3284 2873 3339 Zosimo
2913 3286 3122 3339 decreta
3157 3280 3485 3351 Pontiﬁralis
3525 3280 3654 3335 liber

2051 3379 2286 3435 attribuit
2315 3396 2334 3435 :
2370 3378 2437 3436 Ut
2465 3378 2724 3435 diacones
2756 3378 2920 3433 Imvas
2952 3386 3126 3433 tectas
3154 3375 3223 3431 de
3253 3376 3414 3445 pallia
3437 3372 3653 3429 iinosti-

2054 3473 2158 3525 mis
2185 3470 2476 3534 baberent,
2521 3482 2578 3523 ut
2610 3485 2709 3539 per
2737 3468 3021 3540 parochias
3053 3468 3272 3523 licentia
3308 3477 3455 3522 esset
3483 3466 3656 3520 bene-

2052 3563 2269 3618 dicendi
2315 3578 2536 3619 cereum
2584 3563 2923 3631 pascltnlem,
2960 3575 3016 3616 ut
3041 3562 3204 3615 nullis
3233 3560 3451 3614 clericis
3483 3573 3651 3629 pocu-

2057 3657 2164 3711 lum
2206 3660 2257 3711 in
2304 3657 2524 3731 publico
2575 3657 2975 3727 propinaretur,
3018 3655 3123 3710 nisi
3167 3664 3377 3709 tantum
3413 3656 3465 3708 in
3493 3652 3651 3708 cellis

2056 3748 2322 3815 ﬁdelium,
2358 3746 2594 3804 maxime
2620 3748 2973 3803 clericorum.

358 3964 3622 3993 mm

562 4168 1121 4259 DECRETA
1196 4177 1368 4261 EX
1440 4170 2033 4268 EPISTOLIS
2108 4176 2199 4259 S.
2280 4173 2679 4259 ZOSIMI
2754 4172 3434 4258 EXCERPTA.

1529 4360 1625 4424 (Ex
1649 4358 1769 4413 Coll.
1794 4358 1975 4412 Concil.
2002 4357 2155 4408 Mansi
2174 4364 2297 4409 tom.
2323 4358 2429 4421 IV.)

343 4757 654 4828 Apostolicte
677 4757 813 4813 sedis
855 4757 1139 4812 auctoritas
1167 4766 1351 4812 contra
1391 4765 1697 4814 sanctorum
1741 4764 1937 4813 statuta
1961 4743 2018 4805 Ι)

747 4850 948 4922 aliquid
971 4848 1248 4907 concedere
1269 4866 1373 4905 non
1388 4851 1541 4907 valet.

948 4982 1046 5047 (Ex
1071 4983 1341 5045 Gratiano.)

411 5112 615 5171 Contra
665 5122 867 5171 statuta
917 5114 1141 5171 Patrum
1193 5117 1496 5172 concedere
1550 5117 1758 5188 aliquid
1792 5161 1806 5185 ,
1852 5118 1938 5174 vel

344 5216 561 5262 mutare
581 5249 595 5273 ,
628 5221 730 5263 nec
757 5207 922 5278 hujus
957 5208 1182 5279 quidem
1210 5208 1357 5264 sedis
1386 5219 1565 5279 potest
1610 5211 1932 5266 auctoritas.

342 5298 499 5369 Apud
532 5313 631 5354 nos
661 5299 813 5355 enim
842 5299 897 5355 in
925 5300 1205 5356 convulsis
1235 5299 1514 5356 radicibus
1539 5302 1669 5355 vivit
1699 5302 1935 5373 antiqui-

340 5398 424 5445 tas
450 5432 464 5455 ,
496 5392 582 5447 cui
613 5392 837 5449 decreta
865 5391 1090 5448 Patrum
1130 5407 1363 5449 sanxere
1395 5396 1787 5449 reverentiam.

560 5544 634 5590 EX
672 5549 930 5592 IPISTOLA
966 5550 1039 5591 ΑΙ.)
1067 5549 1369 5591 ιιεεγοωωι
1404 5550 1713 5593 ΕΡΙεΕΟΡυΙ.

916 5647 1089 5710 (llansi
1115 5653 1229 5699 tom.
1256 5646 1364 5712 IV.)

415 5841 470 5899 Si
503 5856 612 5900 non
634 5842 801 5901 fuerit
823 5842 1016 5902 doctus
1043 5845 1158 5902 Scri
1168 5855 1360 5918 pturas
1374 5860 1482 5902 non
1500 5846 1590 5902 ﬁat
1611 5848 1923 5923 episcOpus.

2303 4775 2312 4784 .
2813 4735 2879 4792 ll.

2118 4830 2219 4899 Qui
2238 4828 2569 4886 ordinaverit
2591 4843 2700 4886 non
2718 4828 2940 4885 doctum
2962 4830 3285 4902 episcopum
3303 4829 3637 4901 deponatur.

2116 5019 2175 5076 Si
2217 5019 2286 5075 de
2328 5018 2557 5074 infantia
2608 5027 2802 5074 tonsus
2849 5019 3011 5075 fuerit
3044 5035 3111 5074 xx
3145 5033 3413 5075 annorum
3446 5064 3459 5088 ,
3507 5034 3639 5091 pro-

2042 5122 2348 5169 moveatur.

2805 5206 2893 5262 IV.

2117 5297 2316 5353 Lector
2344 5300 2617 5354 exorcista
2650 5300 2797 5354 intra
2829 5316 2860 5355 ν
2890 5314 3099 5369 annos,
3132 5305 3385 5373 acolytus
3416 5310 3472 5358 et
3510 5300 3639 5356 sub.

2043 5391 2305 5447 diaetmus
2335 5406 2391 5447 ut
2425 5392 2535 5447 sint
2563 5433 2578 5460 ,
2612 5391 2885 5448 diaconus
2911 5411 2943 5449 ν
2971 5409 3167 5449 annos.

2818 5485 2880 5541 V.

2114 5574 2262 5633 Ordo
2291 5576 2477 5634 clerici
2507 5597 2519 5632 :
2548 5578 2725 5633 lector
2750 5620 2766 5646 ,
2821 5580 3099 5636 exorcista
3124 5621 3140 5648 ,
3176 5581 3423 5652 acolytus
3449 5620 3463 5645 ,
3509 5579 3640 5635 sub-

2043 5666 2335 5736 diaconus,
2374 5670 2695 5742 presbyter,
2723 5672 3039 5743 episcopus.

2819 5763 2909 5818 VI.

2112 5853 2367 5925 Bigamus
2393 5855 2483 5911 vel
2518 5858 2796 5927 pcettitens
2817 5857 2871 5912 in
2895 5857 3050 5914 clero
3088 5873 3198 5915 non
3235 5858 3550 5933 recipiatur.
