4190 6190
329 195 440 253 70³1

1688 192 1694 203 ’
1722 182 2230 251 PROLEGOMENA
2243 226 2255 241 .

3515 187 3645 251 ’τοο

332 309 419 363 die
447 310 605 379 [inem
634 309 780 380 fecit.
821 348 833 361 .
873 348 884 362 .
923 349 936 363 .
968 308 1083 379 Ego
1113 322 1244 365 vero
1291 308 1342 364 id
1387 310 1533 381 quod
1577 325 1606 364 a
1649 327 1737 365 me
1766 312 1939 365 visunt
1970 317 2023 376 Α
2052 312 2248 382 quibus
2288 323 2422 380 ergo
2466 306 2787 374 conﬁcitur,
2819 321 2925 362 non
2957 321 3065 362 uno
3094 316 3284 365 tenore
3311 349 3325 375 ,
3362 308 3456 365 sed
3483 310 3651 365 alter-

333 400 548 467 l‘uerat,
576 401 873 456 honorabili
900 404 1008 457 viro
1054 401 1209 459 Casta
1259 402 1479 457 diacono
1507 403 1602 457 sub
1633 406 1786 476 cujus
1815 421 1939 458 cura

332 492 616 564 degebam,
647 496 830 549 statim
865 496 1049 551 retuli.
1116 513 1135 547 ι
1192 495 1320 551 [hec
1351 497 1464 551 ille.
1499 497 1769 568 Deinceps
1812 513 1941 553 vero

335 585 664 642 diaconatus
723 588 976 643 ordinem
1019 589 1337 659 suscepisse
1367 588 1657 644 Paulinum
1688 630 1703 655 ,
1736 606 1805 646 ex
1834 591 1945 645 Au-

333 681 551 753 gustino
581 680 659 753 (a)
688 691 744 738 et
787 682 958 738 Mario
1001 682 1306 739 Mercatore
1329 681 1404 753 (ὁ)
1436 683 1751 749 erudimur;
1781 698 1943 752 quem

334 773 601 830 videlicet
637 788 704 829 eo
752 775 808 829 in
856 775 1029 846 gradu
1076 776 1337 832 adversus
1368 775 1684 832 Caelestium
1737 775 1944 847 Pelagii

338 864 725 923 bzeresiarchae
749 869 1016 937 collegam
1042 878 1261 926 strenue
1283 871 1652 927 insurrexisse
1675 870 1940 941 produnt:

337 968 398 1015 ut
427 970 724 1031 pr0pterea
759 962 946 1018 minus
976 973 1131 1019 recte
1155 964 1409 1018 nonnulli
1440 963 1803 1019 existimarint
1828 962 1903 1034 (c)
1930 1004 1945 1027 ,

341 1054 633 1110 diaconum
682 1054 854 1112 fuisse
904 1056 1180 1113 Ambrosii
1227 1057 1657 1114 Mediolanensis
1707 1057 1947 1128 episcopi

344 1149 599 1205 eumdem
656 1150 944 1205 Paulinum
983 1168 994 1204 :
1047 1166 1170 1208 cum
1223 1160 1483 1216 constet,
1520 1168 1643 1208 eum
1676 1152 1949 1207 moriente

344 1240 637 1296 Ambrosio
663 1242 893 1296 minoris
914 1241 1095 1296 adhuc
1116 1241 1326 1298 ordinis
1348 1242 1608 1297 clericum
1640 1241 1964 1310 exstitisse,

347 1343 408 1386 ut
456 1331 619 1386 modo
669 1333 960 1402 ipsummet
1008 1342 1291 1388 auctorem
1339 1344 1688 1388 euarrantem
1738 1332 1952 1387 audivi-

349 1442 493 1482 mus.
536 1427 760 1498 Decepti
791 1428 1047 1483 nimirum
1080 1428 1230 1483 luere
1254 1428 1357 1483 viri
1383 1428 1689 1484 doctissimi
1717 1428 1955 1484 auctori-

349 1527 462 1573 tate
494 1516 650 1572 Marii
675 1517 993 1573 Mercatoris
1021 1561 1036 1585 ,
1071 1517 1167 1587 qui
1198 1533 1397 1589 parum
1451 1531 1609 1573 caute
1658 1517 1792 1573 illud
1845 1527 1956 1573 tra-

348 1609 484 1664 didit
515 1608 598 1679 (d)
627 1627 641 1674 ;
674 1609 770 1663 sed
804 1625 869 1664 eo
903 1608 1224 1680 prudentior
1255 1611 1620 1679 Augustinus,
1652 1611 1743 1679 qui
1772 1609 1956 1665 Pauli-

2044 406 2210 459 natim
2240 419 2353 459 rem
2394 403 2667 473 peregisse
2694 401 3001 458 Paulinum.
3030 401 3296 458 Nimirum
3323 404 3645 474 opusculum

2047 496 2190 550 istud
2222 497 2478 550 hortante
2504 493 2807 567 Augustino
2831 494 3029 550 litteris
3052 495 3270 551 tradere
3288 500 3515 567 coeperit
3536 497 3650 552 Mc-

2043 590 2281 657 diolani;
2310 590 2455 661 quod
2487 591 2610 646 aliis
2629 592 2776 646 curis
2803 589 3321 660 supervenientibus
3370 591 3652 647 intermis-

2047 698 2203 746 sum,
2237 682 2289 737 in
2315 682 2500 738 Africa
2545 690 2735 753 postea
2770 682 2975 752 degens
3020 681 3338 738 absolverit.
3364 682 3496 751 Quae
3521 681 3649 753 qui-

2048 774 2174 831 dem
2205 775 2444 845 ipsemet
2469 775 2648 846 palam
2680 774 2965 847 professus
2992 790 3115 832 esse
3152 776 3495 847 perhibetur.
3528 776 3657 834 Haec

2049 870 2197 921 enim
2229 867 2392 923 habet
2420 866 2499 939 (It)
2528 886 2540 921 :
2571 867 2687 922 Nos
2714 878 2884 923 tamen
2910 885 2969 923 ea
2998 866 3198 940 (gesta)
3228 869 3532 927 MEDIOLANI
3557 885 3652 927 Po-

2048 975 2186 1025 Sl'l‘l,
2209 961 2325 1031 ipso
2373 959 2663 1015 Mascesele
2712 961 2987 1031 referente,
3019 963 3357 1036 cognovimus
3387 981 3406 1019 :
3437 980 3560 1018 nam
3599 970 3648 1017 et

2052 1066 2104 1104 IN
2135 1066 2237 1106 ΠΛΟ
2286 1066 2574 1109 Ριιονιιςοιλ
2606 1070 2658 1108 IN
2686 1069 2791 1118 QUA
2820 1069 2958 1109 NUNC
2986 1069 3157 1111 POSI'I'I
3184 1071 3304 1112 HEC
3331 1071 3610 1113 SCRIBIIUS
3633 1100 3650 1125 ,

2051 1144 2291 1216 plurimis
2316 1145 2415 1200 hoc
2444 1148 2619 1218 ipsum
2645 1148 2821 1201 retulit
2859 1146 3259 1216 sacerdotibus;
3286 1149 3471 1217 quibus
3497 1153 3655 1205 etiam

2052 1237 2422 1307 referentibus,
2447 1239 2678 1294 securius
2724 1239 2836 1295 hare
2885 1241 3034 1295 nobis
3062 1242 3271 1314 cegnita
3292 1282 3307 1306 ,
3346 1259 3470 1299 ante
3499 1256 3657 1299 LIBRO

2057 1345 2354 1386 auruncum:
2406 1332 2647 1385 arbitrati
2691 1348 2892 1387 sumus.
2949 1332 3262 1404 lterumque
3313 1335 3659 1392 manifestius

2055 1419 2232 1477 adhuc
2262 1421 2366 1477 sub
2393 1422 2559 1476 linem
2590 1421 2654 1494 (Ι)
2680 1441 2693 1479 :
2728 1439 2778 1478 IN
2811 1439 2958 1480 unus
2984 1435 3155 1480 ETIAI
3183 1426 3658 1494 CABTnAGINlBNSI,

2056 1513 2272 1581 inquit,
2331 1531 2447 1568 cum
2497 1516 2639 1584 apud
2692 1515 3047 1572 Fortunatam
3098 1518 3381 1574 diaconum
3440 1522 3657 1591 fratrem

2058 1606 2361 1662 venerabilis
2381 1608 2479 1660 viri
2526 1608 2722 1662 Aurelii
2747 1610 2971 1681 episcOpi
2998 1652 3012 1676 ,
3046 1627 3116 1667 AD
3136 1626 3432 1668 cosvtvmu
3459 1628 3665 1670 conve-

353 1718 481 1756 num
516 1701 807 1757 Mediolani
859 1703 1030 1770 probe
1088 1713 1353 1771 noverat,
1402 1704 1608 1774 quique
1659 1713 1953 1775 propterea
1984 1704 2031 1763 B
2058 1714 2245 1755 NISSFM
2274 1718 2381 1755 una
2409 1718 2529 1755 cum
2563 1700 2837 1758 Vincentio
2879 1703 3209 1760 Colossitano
3235 1707 3512 1780 episcOpo,
3542 1706 3667 1762 Hu-

352 1796 650 1852 diaconum
670 1796 937 1867 quidem,
988 1796 1084 1851 sed
1137 1813 1404 1867 nusquam
1452 1798 1726 1853 Ambrosii
1776 1796 1961 1852 diaco-

358 1905 485 1943 nunt
517 1904 642 1944 eum
687 1888 1009 1959 appellavit.
1044 1888 1230 1959 Neque
1279 1889 1443 1942 aliter
1485 1888 1959 1947 saneAnnalium

356 1982 864 2040 ecclesiasticorum
888 1983 1119 2050 Parens,
1142 1981 1234 2052 qui
1262 1982 1547 2036 Paulinum
1569 1993 1780 2037 auctum
1796 1993 1960 2037 POST-

355 2095 425 2134 EA
470 2079 751 2132 diaconatu
779 2076 969 2132 scribit
1006 2075 1097 2149 (c).
1142 2075 1314 2131 Porro
1350 2077 1676 2145 scriptorem
1712 2084 1963 2131 nostrum

356 2170 692 2242 presbyterii
718 2172 929 2225 honore
958 2169 1127 2224 fuisse
1153 2178 1415 2239 praeterea
1442 2168 1725 2241 dignatnm
1754 2182 1963 2223 memo-

360 2263 461 2318 riae
510 2262 747 2333 prodidit
776 2262 1017 2317 Isidorus
1070 2261 1411 2332 llispalensis
1441 2262 1555 2334 (f):
1599 2262 1747 2333 quod
1782 2271 1962 2318 tamen

364 2355 508 2426 apud
536 2354 873 2425 antiquiores
903 2353 1153 2425 nuspiam
1187 2366 1550 2410 memoratum
1587 2355 1855 2410 invenias.

434 2447 490 2501 ‘2.
524 2449 643 2503 .lam
670 2462 802 2503 vero
822 2447 1037 2502 Paulini
1070 2448 1378 2502 litterarum
1409 2449 1745 2503 monimenta
1777 2463 1966 2503 recen-

365 2555 602 2596 seatnus.
633 2541 683 2596 Is
727 2540 910 2611 itaque
964 2542 1179 2596 hortatu
1227 2542 1410 2597 sancti
1437 2542 1728 2613 Augustini
1758 2585 1772 2609 ,
1805 2557 1967 2613 quem

367 2639 580 2691 noverit
614 2645 723 2691 tum
757 2635 1045 2691 Mediolani
1102 2651 1224 2691 cum
1276 2638 1398 2692 istic
1436 2648 1625 2707 ageret
1663 2636 1808 2691 idem
1852 2635 1965 2691 Au-

367 2729 657 2799 gustinus,
694 2739 807 2782 tum
861 2730 914 2783 in
965 2727 1149 2785 Africa
1202 2744 1309 2799 quo
1357 2728 1579 2784 demum
1631 2743 1692 2783 se
1736 2727 1972 2783 contulit

368 2821 670 2888 Paulinus,
702 2822 884 2879 Vitam
936 2823 1112 2877 sancti
1168 2821 1446 2877 Ambrosii
1501 2821 1866 2887 conscripsit,
1914 2831 1973 2875 ut

370 2914 604 2984 ipsemet
649 2916 820 2970 semel
862 2915 1176 2985 iterumque
1228 2923 1457 2970 testatur
1490 2915 1592 2989 (g).
1621 2913 1812 2984 Neque
1844 2929 1972 2970 vero

373 3010 556 3063 statim
588 3008 657 3062 ab
692 3009 845 3064 obitu
888 3009 1189 3065 beatissimi
1222 3010 1475 3079 praesulis
1514 3011 1604 3081 qui
1637 3025 1783 3064 anno
1809 3010 1914 3065 397
1941 3024 1972 3065 e

2062 1808 2192 1845 rana
2233 1794 2389 1847 etiam
2439 1796 2677 1867 episwpo
2724 1796 3003 1864 Bolitano,
3036 1798 3127 1852 sed
3156 1808 3203 1854 et
3240 1800 3362 1855 aliis
3409 1800 3664 1874 episcOpis

2063 1894 2111 1938 et
2143 1885 2478 1951 diaconibus;
2498 1897 2622 1942 tunc
2653 1888 2881 1944 Murano
2909 1892 3149 1964 episcopo
3170 1893 3464 1948 detrahenti
3485 1904 3665 1950 sancto

2064 1978 2175 2030 uiro
2206 1978 2546 2049 (Ambrosio)
2577 1981 2733 2035 retuli
2753 1984 2948 2037 exitum
2976 1984 3261 2056 presbyteri
3289 1986 3530 2056 superius
3557 2000 3667 2042 me-

2065 2071 2273 2124 morati.

2138 2161 2191 2215 5.
2234 2160 2406 2217 Porro
2432 2163 2501 2218 ad
2546 2163 2777 2235 hujusce
2819 2166 3131 2224 Pauliniani
3160 2172 3409 2240 opusculi
3436 2172 3668 2243 pretium

2067 2252 2213 2322 quod
2236 2263 2474 2323 spectat,
2511 2256 2642 2312 illud
2674 2258 2834 2326 plane
2865 2274 2989 2314 cum
3023 2260 3265 2318 Baronio
3305 2263 3401 2336 (in)
3433 2265 3667 2337 aliisque

2071 2358 2191 2415 post
2221 2347 2394 2419 ipsum
2445 2351 2578 2421 viris
2608 2352 2837 2409 eruditis
2872 2355 3224 2413 statuendum
3257 2399 3272 2425 ,
3306 2374 3503 2431 nempe
3534 2361 3671 2416 scri-

2069 2440 2244 2509 ptoris
2298 2440 2460 2496 ﬁdem
2522 2446 2723 2499 nemini
2774 2446 2945 2504 licere
2989 2451 3040 2503 in
3083 2449 3306 2505 dubium
3356 2468 3669 2511 revocare:

2077 2549 2096 2582 ‹
2124 2548 2245 2602 quze
2270 2536 2419 2589 enim
2444 2535 2530 2591 vel
2555 2538 2671 2605 ipse
2701 2538 2866 2607 vidit,
2893 2541 2977 2596 vel
3005 2555 3034 2595 a
3058 2553 3245 2598 sancta
3273 2543 3592 2602 Marcellina
3605 2547 3675 2605 de

2074 2624 2368 2680 Ambrosio
2410 2630 2528 2696 ejus
2558 2628 2729 2686 fratre
2755 2631 2982 2701 didicit,
3012 2634 3098 2689 vel
3149 2650 3216 2690 ex
3247 2637 3524 2693 variorum
3553 2639 3678 2710 epi-

2073 2717 2226 2772 stolis
2258 2729 2378 2787 post
2417 2719 2565 2775 illius
2593 2722 2804 2779 obitum
2851 2724 2993 2781 datis
3024 2727 3090 2783 de
3129 2728 3197 2795 iis
3222 2729 3318 2801 qui
3347 2730 3579 2788 diversis
3620 2734 3675 2789 in

2076 2811 2372 2878 provinciis
2415 2812 2591 2882 ipsum
2636 2815 2843 2874 vidisse
2901 2831 3235 2891 narrarunt,
3284 2838 3345 2880 se
3390 2827 3682 2897 scripsisse

2077 2912 2328 2961 testatur.
2371 2925 2391 2958 ι
2418 2906 2815 2967 Verumtamen
2850 2913 2981 2968 illud
3022 2915 3075 2971 in
3112 2918 3577 2991 eo‘dcsideratur,
3601 2923 3680 2979 ait

2075 2996 2158 3050 vir
2186 2998 2381 3054 doctus
2423 2999 2506 3074 (n')
2527 3047 2540 3069 ,
2578 3005 2718 3070 quod
2750 3004 2805 3059 in
2834 3006 2995 3062 rebus
3033 3010 3355 3066 euarrandis
3389 3014 3479 3069 vix
3510 3015 3675 3071 ullam

376 3100 510 3155 vivis
559 3101 842 3166 excessit,
874 3101 1162 3157 Paulinum
1212 3103 1483 3173 ejusmodi
1531 3104 1813 3174 scriptioni
1862 3118 1968 3157 ma-

2080 3088 2451 3162 cltronologiae
2500 3095 2766 3151 rationem
2809 3097 3034 3166 habuit;
3068 3117 3246 3173 neque
3296 3103 3370 3177 (ο)
3420 3106 3584 3162 rebus
3608 3108 3679 3165 ab

374 3209 500 3247 num
531 3193 877 3260 admovisse,
910 3196 997 3250 vel
1027 3210 1149 3251 eam
1180 3196 1377 3252 saltem
1429 3196 1736 3254 confecisse
1776 3198 1965 3269 liquet.

377 3283 670 3341 Scribebat
696 3288 843 3342 enim
877 3298 1003 3359 post
1026 3305 1227 3343 annum
1273 3290 1409 3355 100,
1439 3308 1546 3361 quo
1592 3307 1666 3347 ex
1715 3292 1815 3346 hac
1864 3296 1973 3346 vita

380 3381 596 3436 sublato
618 3381 973 3453 Simpliciano
1000 3383 1274 3438 Ambrosii
1304 3399 1658 3453 successore,
1687 3387 1739 3441 in
1768 3385 1974 3441 Medio-

380 3473 590 3529 lanensi
621 3475 878 3531 cathedra
926 3475 1155 3531 sedebat
1190 3475 1496 3544 Venerius,
1530 3487 1588 3532 ut
1613 3493 1680 3534 ex
1727 3478 1813 3532 his
1856 3478 1977 3549 ejus

384 3567 567 3622 verbis
605 3568 912 3639 colligimus
959 3570 1039 3641 (Ii)
1070 3588 1081 3623 :
1126 3568 1387 3639 Defuncto
1416 3587 1475 3625 eo
1506 3571 1846 3644 (Ambrosio)
1877 3589 1979 3627 non

381 3658 517 3712 alius
555 3657 640 3712 illi
691 3662 936 3715 successit
966 3662 1020 3714 in
1050 3662 1402 3716 sacerdotium
1426 3704 1440 3726 ,
1478 3662 1580 3717 nisi
1607 3663 1652 3717 is
1689 3679 1842 3734 quem
1889 3661 1981 3717 ille

380 3753 568 3808 bonum
612 3770 786 3809 senem
832 3755 969 3809 trina
1002 3771 1124 3810 voce
1152 3757 1469 3827 signaverat.
1502 3754 1597 3811 Cui
1629 3756 1981 3827 Simpliciano

390 3844 661 3902 Venerius.
693 3888 708 3903 .
746 3887 758 3901 .
796 3885 811 3903 .
863 3863 1129 3902 successor
1182 3847 1304 3917 fuit.
1347 3847 1487 3916 Quin
1519 3857 1727 3918 etpost
1762 3848 1981 3903 Venerii

385 3948 648 4003 mortem,
682 3956 804 4011 qua:
828 3955 975 3995 anno
1002 3941 1109 3996 108
1133 3950 1226 3995 aut
1252 3939 1360 3997 409
1382 3941 1635 4011 contigit,
1672 3940 1809 3994 Vita:
1847 3942 1982 3995 Am-

385 4031 661 4088 brosianae
689 4033 1104 4088 conscribendas:
1135 4047 1358 4101 operam
1389 4033 1571 4088 adhuc
1600 4033 1821 4089 dedisse
1845 4032 1984 4087 Pan-

389 4124 558 4181 linum
588 4128 869 4183 novimus:
901 4126 1171 4197 siquidem
1215 4127 1460 4181 meminit
1486 4126 1717 4182 Joannis
1745 4127 1985 4197 praefecti

388 4220 678 4288 praetorio,
707 4222 797 4291 qui
832 4220 936 4276 sub
965 4218 1210 4274 Honorio
1238 4218 1378 4272 hanc
1399 4217 1728 4290 dignitatem
1754 4219 1989 4273 obtinuit

390 4310 551 4365 annis
575 4309 685 4366 412
705 4351 721 4375 ,
744 4311 850 4367 415
871 4320 925 4365 et
949 4309 1054 4364 422
1079 4349 1093 4374 ,
1127 4319 1186 4363 ιιι
1208 4324 1275 4364 ex
1300 4313 1745 4385 προσωπογραφὶᾳ
1771 4309 1987 4365 Codicis

392 4399 765 4457 Theodosiani
798 4411 1022 4457 constat
1047 4400 1133 4473 (ἱ).
1161 4402 1418 4456 Auctoris
1454 4402 1624 4456 verba
1649 4412 1774 4456 sunt
1803 4401 1985 4473 hujus-

2078 3179 2370 3238 Ambrosio
2425 3191 2598 3259 gestis
2643 3204 2764 3258 quae
2796 3200 3144 3259 posterorum
3188 3197 3469 3253 memoriae
3495 3198 3681 3254 consi-

2078 3285 2238 3342 gnata
2265 3276 2491 3347 reliquit
2518 3321 2532 3345 ,
2569 3280 2732 3335 ullum
2760 3284 3092 3354 scriptorum
3114 3287 3237 3358 ejus
3258 3289 3494 3347 indicem
3518 3307 3683 3349 accu-

2078 3379 2253 3423 ratum
2283 3381 2531 3428 attexere
2559 3374 2796 3443 studuit,
2831 3380 2976 3449 quod
3022 3381 3242 3450 quidem
3280 3383 3333 3439 in
3372 3387 3681 3457 Augustino

2078 3464 2332 3532 praestitit
2359 3464 2659 3522 Possidius.
2706 3470 2858 3526 lianc
2905 3485 3085 3528 autem
3131 3475 3411 3532 Ambrosii
3440 3477 3682 3537 Vitama

2080 3553 2308 3610 Paulino
2339 3569 2651 3614 contextam
2687 3564 2831 3632 typis
2860 3565 3240 3622 excutiendam
3273 3571 3586 3627 curavimus
3614 3587 3684 3629 ex

2083 3648 2344 3715 praeclara
2390 3649 2633 3707 editione
2685 3653 3170 3712 Benedictinorum
3220 3658 3559 3728 Parisiensi,
3590 3661 3685 3735 qui

2084 3756 2200 3795 eam
2226 3741 2292 3795 ad
2316 3743 2537 3799 codices
2567 3747 2682 3801 sive
2714 3762 2846 3802 mss.
2879 3750 2994 3805 sive
3022 3749 3325 3821 impressos
3355 3770 3570 3811 summa
3596 3756 3682 3812 di-

2086 3834 2304 3905 ligentia
2337 3846 2585 3893 exactum
2626 3839 2951 3911 evulgarunt
2985 3841 3087 3915 (p).
3120 3842 3391 3901 Caeterum
3432 3846 3565 3902 illud
3596 3847 3687 3905 hic

2086 3926 2379 3982 observare
2403 3928 2545 3982 haud
2571 3930 2809 3985 otiosum
2850 3932 3017 3988 fuerit
3043 3979 3057 4001 ,
3109 3935 3690 4011 Eugippiumpresby~

2089 4027 2261 4073 terum
2289 4030 2345 4073 et
2370 4020 2623 4077 abbatem
2649 4022 3098 4080 Lucullanensem
3117 4028 3237 4098 ,qui
3261 4026 3446 4082 ﬂoruit
3465 4030 3689 4086 ineunte

2087 4114 2292 4168 sarculo
2323 4129 2404 4181 vt,
2438 4114 2488 4168 in
2534 4114 2656 4171 Vita
2700 4118 2879 4172 sancti
2920 4118 3170 4175 Severini
3208 4119 3529 4178 Noricorum
3558 4138 3691 4194 apo-

2090 4207 2217 4261 stoli
2277 4207 2603 4264 narrationis
2659 4211 3017 4276 meminisse,
3076 4228 3239 4284 quant
3283 4214 3457 4270 refert
3502 4226 3692 4273 noster

2091 4300 2350 4357 Paulinus
2381 4302 2481 4374 (q).
2505 4302 2659 4370 Quod
2682 4313 2969 4375 propterea
2995 4304 3149 4361 libuit
3171 4317 3487 4377 annotasse,
3512 4319 3574 4364 ut
3600 4310 3699 4365 ob-

2092 4393 2235 4449 viam
2271 4395 2474 4451 iremus
2493 4395 2881 4466 Tillemontio,
2909 4399 2999 4470 qui
3023 4397 3337 4470 hujusmodi
3366 4404 3689 4460 Ambrosia-

393 4495 541 4549 modi
566 4495 671 4568 lj);
703 4494 894 4551 Postea
917 4511 1037 4550 vero
1057 4511 1215 4567 quam
1235 4494 1459 4548 directus
1481 4503 1556 4549 est
1580 4493 1841 4561 Joannes,
1872 4505 1993 4550 tunc
2017 4493 2073 4554 Ι)
2098 4504 2221 4543 nam
2244 4488 2422 4545 “iam
2451 4489 2629 4545 minus
2684 4499 2892 4547 attente
2942 4491 3245 4549 decurrens
3263 4534 3278 4561 .
3328 4497 3696 4553 narrationem

396 4586 630 4642 tribunus
652 4599 699 4643 et
734 4589 1010 4656 notarius,
1037 4587 1127 4659 qui
1171 4601 1307 4640 nunc
1335 4586 1608 4655 prwfectus
1649 4595 1758 4653 est,
1790 4587 1863 4641 ad
1885 4587 1988 4641 tui-

398 4679 589 4734 tionem
628 4697 804 4736 eorum
843 4682 933 4753 qui
956 4680 1025 4736 ad
1044 4678 1313 4736 ecclesiam
1338 4679 1719 4750 confugerunt,
1750 4689 1857 4736 etc.
1914 4678 1992 4734 Ex

476 4866 551 4942 (a)
574 4870 736 4942 Aug.
766 4870 833 4925 de
855 4870 1079 4927 Peccat.
1104 4870 1279 4942 Orig.,
1305 4870 1546 4942 numaz,
1576 4866 1809 4942 8_,_tom.
1844 4863 1915 4929 Χ,
1949 4882 2000 4934 p.

400 4937 529 5001 254.
559 4937 784 5008 Ξδϐξθι
812 4942 1156 4998 contraduas
1185 4941 1359 5011 Epist.
1389 4941 1581 5009 Pelag.”
1609 4937 1706 4992 lib.
1742 4952 1813 5000 ιι,
1847 4952 1996 4991 num.

404 5011 469 5066 6.
499 5011 630 5066 ibid.
653 5029 705 5066 ι).
732 5012 861 5066 455.

424 5011 469 5077 ἰ,
499 5011 630 5066 ibid.
653 5029 705 5077 p.
732 5012 861 5069 455.

499 5029 630 5066 ιοιιι.
653 5029 705 5083 ρ.
732 5029 861 5069 4ος).

480 5081 555 5152 (b)
585 5083 724 5140 Mar.
747 5085 970 5140 Mercat.
990 5084 1277 5140 Common.
1310 5099 1433 5152 sup.
1461 5096 1610 5136 nom.
1637 5078 1863 5134 Ctelest.
1893 5077 1922 5150 ᾗ
1947 5078 2000 5132 1.

480 5156 551 5222 (c)
584 5153 775 5226 _Noris.
810 5156 947 5211 Hist.
984 5156 1166 5226 Pelag.
1213 5156 1310 5208 lib.
1344 5171 1392 5226 ιν,
1428 5167 1544 5221 cap.
1581 5153 1615 5206 4
1641 5191 1655 5215 ,
1702 5159 1999 5226 omn-dom.

408 5218 542 5297 1,3»;
570 5223 672 5288 47;
720 5227 1061 5283 Brnedictini
1093 5218 1158 5281 ad
1191 5241 1320 5297 opp.
1354 5218 1623 5297 August.)
1658 5230 1788 5274 tom.
1826 5218 1909 5297 ΧΑ,
1937 5235 2000 5297 p.

407 5293 550 5363 253,
586 5305 699 5351 not.
742 5315 806 5364 a;
840 5298 1127 5354 Constant.
1161 5289 1353 5362 lin-is".
1388 5289 1546 5350 Rom.
1582 5294 1740 5364 Pont.
1784 5309 1836 5361 p.
1866 5289 1998 5359 9b5;

413 5365 672 5439 Ballerm.
716 5363 793 5422 ad
813 5369 952 5439 Opp.
989 5368 1168 5423 Noris.
1204 5376 1336 5422 tom.
1371 5365 1438 5421 ιν
1471 5409 1486 5433 ,
1530 5380 1583 5436 p.
1620 5363 1747 5419 861.

488 5437 571 5509 (cl)
615 5439 745 5496 Mar.
776 5437 941 5496 Merc.
969 5441 1006 5495 Ι.
1037 5455 1087 5494 c.

493 5515 565 5582 (cf)
604 5510 809 5582 Baron.
842 5513 909 5567 ad
940 5528 1072 5568 anu.
1104 5509 1389 5582 597,§47.

493 5577 560 5649 (Ι)
602 5581 733 5654 l_~id.
772 5585 925 5649 Ilisp.
951 5583 1023 5638 de
1043 5577 1443 5654 Script.feccl.,
1469 5593 1592 5649 cap.
1624 5578 1679 5634 4.

499 5655 574 5727 (9)
616 5652 829 5727 Paulini.
866 5655 905 5727 l7.
939 5670 989 5727 c_.
1026 5653 1112 5727 ᾗ]
1147 5652 1205 5710 εὶ
1237 5652 1327 5708 56.

501 5722 584 5794 (η)
616 5722 760 5779 Idem
785 5725 939 5787 ibid.,
967 5725 995 5796 §
1024 5722 1115 5781 i6.

2096 4583 2245 4638 illam
2279 4583 2345 4639 ab
2373 4584 2639 4656 Eugippio
2662 4585 2892 4640 relatam
2925 4584 2979 4641 in
3010 4585 3223 4642 Paulini
3262 4590 3527 4659 opusculo
3555 4589 3703 4647 desi-

2104 4676 2285 4732 derari
2318 4677 2557 4732 asseruit
2590 4673 2679 4749 (r).

2203 4865 2245 4939 i7)
2283 4864 2659 4939 god._Theod.
2694 4871 2839 4939 _to_m.
2871 4861 2974 4930 Vl,
3009 4872 3153 4935 part.
3178 4879 3218 4920 ιι
3247 4905 3263 4933 ,
3297 4878 3418 4939 pag.
3453 4868 3545 4924 61.

2214 4938 2248 5006 i)
2290 4937 2500 4991 Paulin.
2534 4936 2568 4992 ι.
2609 4952 2660 4992 c.
2689 4936 2718 5006 ς
2749 4936 2839 4991 5t.

2180 5006 2258 5080 (k)
2300 5010 2448 5063 Idem
2483 5008 2653 5080 ibid.,
2691 5006 2833 5079 §5L

2182 5078 2270 5153 (l)_
2291 5080 2492 5153 Baron.
2525 5078 2742 5153 aii-ann:
2775 5081 2880 5137 397
2900 5120 2918 5153 ,_
2950 5080 2978 5153 ᾗ
3006 5078 3099 5136 48.

2185 5149 2659 5227 (m)_Nourr_._Vit.
2702 5150 2763 5207 S.
2802 5149 3056 5208 Ambros.
3103 5150 3132 5223 §
3177 5151 3204 5207 1
3245 5151 3298 5207 in
3350 5157 3587 5227 append.
3638 5158 3708 5214 ad

2113 5221 2363 5288 tomgu,
2403 5222 2570 5290 p.51.

2215 5294 2274 5363 η)
2317 5295 2509 5349 Baron.
2546 5296 2584 5348 l.
2621 5308 2670 5349 c.

2190 5292 2267 5436 io)
2299 5365 2637 5440 Benedictini
2671 5366 2723 5420 in
2750 5364 2996 5440 app_end._
3017 5365 3085 5421 ad
3118 5375 3253 5422 tom.
3281 5365 3491 5440 ll_0pp.
3516 5369 3709 5426 Ambr.

2117 5452 2171 5506 ιι.
2200 5435 2401 5510 t-f—xtv.
2619 5446 2763 5510 tam.
2789 5435 2913 5492 XIV
2958 5436 3163 5510 Patrol.
3191 5437 3352 5510 nost.]

2114 5593 2147 5632 η
2188 5508 2269 5578 (p)
2299 5507 2485 5632 4gpud
2539 5507 2790 5563 Bolland.
2845 5519 2977 5564 tom.
3014 5509 3036 5564 Ι
3079 5507 3350 5573 Januar,
3379 5525 3499 5581 pag.
3554 5509 3661 5567 494
3694 5554 3709 5581 ,

2153 5594 2266 5632 um.
2377 5620 2390 5632 .

2096 5594 2266 5633 num.
2299 5594 2390 5633 44.

2188 5649 2264 5723 (q)
2304 5650 2530 5723 Paulin.
2559 5650 2667 5723 Yit.
2701 5649 2961 5706 Ambros.
2993 5650 3023 5723 ᾗ
3049 5651 3141 5707 45.

2186 5720 2262 5790 (ν)
2302 5720 2531 5778 Tillem.
2566 5721 2734 5780 Mem.
2760 5722 2966 5778 eccles.
3000 5720 3133 5777 iam.
3170 5721 3217 5778 Χ
3239 5764 3253 5789 ,
3292 5739 3347 5794 p.
3380 5723 3469 5782 81.
