4206 6174
376 196 483 261 709

1766 202 2306 273 PROLEGOMENA.

3568 204 3677 273 7ιῦ

368 318 491 371 dem
522 317 624 389 (α),
669 316 976 384 Paulinum,
1030 316 1213 373 statim
1261 327 1423 389 atque
1470 320 1742 377 intellexit
1791 324 1964 380 Ctele-
1997 336 2047 390 Α
2075 323 2203 388 lunt,
2233 324 2361 377 satis
2376 324 2639 378 succincta
2666 323 2911 377 brevitate
2930 322 3290 396 compositum.
3322 323 3470 378 Idem
3499 328 3678 396 etiam,

369 412 534 464 stium
566 412 619 464 in
650 411 862 480 synodo
881 407 1322 482 Carthaginiensi
1353 412 1668 468 damnatum
1697 416 1762 469 ad
1784 416 1969 472 sedem

370 503 724 575 apostolicam
778 504 1105 574 appellasse,
1156 504 1385 560 Romam
1412 520 1480 562 ex
1508 506 1684 564 Africa
1708 517 1973 563 secuntu-

369 596 520 659 lisse,
555 606 613 649 ut
649 603 836 650 contra
857 594 1107 650 eumdem
1131 595 1448 651 ltazreticum
1488 612 1672 650 coram
1706 596 1970 652 innocen-

375 687 450 743 tio
478 688 727 744 Romano
765 690 1020 758 pontilice
1071 688 1235 743 latum
1265 690 1333 744 ab
1361 690 1550 744 cadent
1587 691 1799 760 synodo
1844 705 1973 745 sen-

376 785 601 839 tentiam
624 783 946 840 defenderet
977 806 989 842 :
1023 802 1184 855 quam
1204 786 1257 840 in
1280 789 1607 843 sementium
1639 787 1970 842 cardinalem

377 877 770 946 amplissimum
808 887 1192 947 pertraxerunt
1236 880 1503 949 ejusmodi
1550 880 1759 935 Paulini
1813 881 1973 934 verba

380 967 455 1040 (b)
482 986 496 1022 :
524 967 623 1023 Ubi
646 967 859 1041 (Roma:
885 969 1120 1041 scilicet)
1149 980 1270 1025 tunc
1298 973 1414 1026 ideo
1446 970 1578 1027 nihil
1608 989 1759 1044 agr-re
1803 973 1974 1045 potui,

376 1065 497 1129 quia
518 1062 561 1116 is
578 1064 668 1132 qui
697 1063 766 1116 ad
787 1063 962 1117 sedem
1011 1064 1347 1135 apostolicam
1377 1076 1760 1137 provocarerat,
1786 1067 1972 1139 defuit.

383 1173 404 1208 ι
445 1155 667 1223 Verum,
695 1156 948 1227 inquiunt
992 1161 1094 1214 viri
1120 1160 1266 1214 docti
1296 1163 1459 1217 modo
1481 1162 1685 1218 laudati
1718 1163 1813 1236 (c),
1842 1167 1977 1218 l’au-

381 1248 480 1304 lini
503 1252 669 1306 verba
695 1267 800 1305 non
834 1252 988 1307 illum
1010 1268 1229 1310 sensum
1261 1254 1606 1312 Norisianum
1661 1256 1975 1313 necessario

381 1342 704 1399 eﬂundunt:
738 1346 875 1401 nihil
907 1347 1051 1402 enim
1102 1365 1161 1403 se
1191 1351 1333 1420 apud
1378 1350 1563 1406 sedem
1615 1351 1973 1422 apostolicam

382 1439 625 1509 potuisse
651 1455 814 1511 agere
843 1440 1104 1497 Coelestio
1134 1444 1382 1514 absente,
1414 1444 1689 1503 afﬁrmare
1719 1458 1847 1503 vero
1876 1461 1976 1516 po-

384 1531 503 1597 tuit,
542 1531 669 1588 licet
696 1533 750 1587 in
779 1534 954 1589 Africa
1003 1550 1219 1606 semper
1264 1535 1451 1604 fuerit,
1503 1546 1788 1611 propterea
1832 1538 1974 1610 quod

383 1635 603 1696 paratus
629 1638 747 1683 erat
775 1645 840 1682 eo
858 1644 1109 1699 pergere,
1138 1632 1185 1686 si
1212 1631 1429 1702 quidem
1475 1632 1766 1689 Caelestius
1795 1636 1978 1703 appet-

2076 428 2273 489 petente
2294 420 2605 492 Augustino,
2636 420 2943 489 conscripsit
2985 420 3241 476 Ambrosii
3296 421 3461 476 Vitam
3480 465 3493 489 ,
3522 424 3682 494 signis

2074 513 2341 583 ﬂorentem
2364 523 2518 584 atque
2539 514 2788 568 doctrinis
2806 555 2819 579 ,
2843 526 2890 568 et
2929 530 2997 567 nit
3012 515 3123 569 ritis
3162 514 3529 585 Apostolorum
3577 533 3680 569 non

2076 603 2345 672 imparem.
2404 604 2667 660 lsidorum
2721 604 2811 660 hic
2863 606 3151 659 Paulinum
3214 606 3677 662 Mediolanenmm

2076 713 2197 751 cum
2231 698 2437 753 Nolano
2469 701 2776 770 improvide
2804 702 3113 765 miscuisse,
3164 703 3407 757 nonnulli
3439 703 3679 758 erudito-

2081 806 2196 843 tum
2230 806 2516 858 censuere,
2542 809 2679 862 quos
2740 792 2881 848 inter
2907 793 3284 848 Tillemontius
3308 792 3381 865 (Ῑ)
3404 802 3458 848 et
3491 794 3686 848 Fonta-

2079 884 2354 956 ninus(g).
2378 884 2485 941 Sed
2516 902 2738 956 prorsus
2766 888 3038 942 immerito
3066 903 3081 939 :
3115 888 3258 955 quod
3303 887 3552 942 videlicet
3580 886 3684 941 lsi—

2080 977 2365 1031 doriannm
2398 979 2573 1034 locum
2619 981 2796 1034 mitius
2852 990 3059 1035 attente
3111 981 3458 1050 perlegerim.
3516 979 3687 1036 Recte

2080 1068 2176 1137 qu'
2204 1068 2343 1123 idem
2372 1079 2427 1124 et
2453 1070 2699 1138 apposite
2730 1080 3020 1142 utrumque
3070 1071 3353 1125 Paulinum
3404 1071 3689 1141 distinguit

2080 1169 2303 1216 sanctus
2335 1164 2531 1232 praesul
2576 1164 2945 1231 lliSpalensis,
2980 1172 3039 1217 ut
3067 1164 3241 1234 probe
3286 1164 3569 1233 perspexit
3596 1178 3688 1218 so-

2080 1253 2189 1308 lers
2213 1250 2491 1310 Fabricius
2515 1254 2619 1327 (lt).
2650 1256 2918 1311 Memorat
2946 1256 3114 1320 enim,
3137 1256 3685 1312 Paulinnmncstrunt

2079 1347 2351 1402 Ambrosii
2390 1344 2567 1403 Vitam
2614 1350 2918 1419 scripsisse,
2973 1347 3431 1419 quemadmodum
3486 1349 3681 1402 obitum

2081 1438 2306 1498 Panum
2340 1438 2571 1497 lit-anius
2610 1441 2770 1494 edidit
2805 1442 2892 1513 (ἱ).
2920 1440 3204 1495 Incusatur
3231 1450 3497 1510 praeterea
3520 1440 3691 1495 lsido-

2082 1550 2174 1589 lllS
2193 1535 2258 1588 ab
2290 1535 2480 1589 iisdem
2502 1535 2635 1589 viris
2657 1536 2886 1600 criticis,
2920 1535 3064 1605 quod
3117 1550 3403 1605 perperam
3454 1534 3684 1589 Paulino

2083 1628 2471 1684 Mediolaneusi
2494 1626 2673 1683 Rufini
2704 1644 2841 1699 opus
2869 1630 3119 1683 tribuerit
3147 1630 3209 1682 de
3232 1627 3682 1682 Benedictionibus

389 1717 586 1776 latione
626 1722 855 1793 neglecta
877 1722 1149 1795 Ephesum
1184 1725 1323 1780 haud
1372 1725 1690 1798 aufugisset.
1742 1728 1982 1794 Etenim,
2015 1730 2063 1792 Β
2091 1721 2526 1792 patriarcharum,
2548 1722 2771 1778 Paulino
2802 1732 2989 1792 postea
3017 1721 3225 1777 Nolano
3245 1724 3506 1793 episc0po
3546 1738 3689 1777 nun-

383 1814 644 1881 subdnnt,
675 1817 727 1869 in
755 1816 975 1886 judiciis
995 1820 1109 1874 sive
1136 1819 1402 1883 civilibus,
1431 1821 1545 1875 sive
1572 1822 1977 1889 ecclesiasticis,

389 1905 474 1959 hic
504 1908 640 1963 ordo
669 1918 945 1975 servatur,
977 1921 1037 1965 ut
1059 1910 1105 1966 is
1140 1912 1229 1982 qui
1285 1913 1579 1982 appellavit
1603 1912 1773 1983 judici
1804 1927 1864 1968 se
1911 1915 1983 1967 si-

383 2008 513 2069 stat,
548 2016 723 2072 eoqu:
749 2002 1007 2070 instante,
1044 2004 1134 2059 ille
1164 2007 1255 2075 qui
1288 2007 1415 2060 vicit
1446 2006 1684 2071 citetur;
1712 2023 1820 2061 non
1850 2022 1981 2063 vero

383 2095 558 2149 victor
604 2095 778 2151 altero
830 2098 1065 2167 fugiente
1104 2098 1340 2166 judicem
1400 2108 1620 2155 vocatus
1672 2101 1975 2156 conveniat.

390 2189 529 2244 Hinc
558 2189 701 2245 idem
733 2191 992 2247 Paulinus
1042 2191 1095 2248 in
1125 2193 1341 2248 laudato
1390 2194 1578 2250 libello
1628 2211 1688 2249 se
1733 2198 1981 2265 protinus

385 2279 697 2335 adfuturum
731 2283 825 2352 ait,
856 2285 902 2338 si
931 2284 1203 2340 adversum
1227 2302 1326 2356 me,
1380 2296 1550 2341 etnon
1594 2304 1689 2355 pro
1743 2304 1822 2340 me
1871 2285 1982 2341 lata

385 2372 565 2443 fuisset
592 2374 864 2430 sententia.
895 2374 991 2431 liis
1019 2377 1175 2446 adde,
1212 2378 1358 2448 quod
1380 2378 1425 2432 si
1452 2377 1798 2435 Paulinnsttd
1822 2380 1981 2435 luno-

381 2464 621 2520 ceutium
651 2480 717 2520 ex
735 2464 917 2522 Africa
940 2469 1286 2536 accessisset,
1320 2466 1439 2526 lucc
1467 2470 1708 2526 Ccelestii
1743 2471 1982 2541 appella-

385 2555 460 2609 tio
484 2570 591 2609 non
623 2554 816 2612 fuisset
836 2558 1014 2629 ignota
1050 2560 1225 2617 eidem
1260 2562 1531 2631 pontiﬁci;
1558 2570 1723 2633 atque
1750 2562 1981 2632 proinde

384 2646 438 2701 in
467 2647 636 2702 tribus
660 2649 778 2717 ejus
808 2650 1004 2706 litteris
1033 2668 1168 2722 quas
1224 2665 1344 2724 post
1394 2669 1513 2709 eam
1560 2656 1977 2728 appellationem

383 2737 532 2793 dedit
556 2739 620 2793 ad
644 2739 931 2797 Africanos
954 2742 1163 2813 Patres,
1190 2745 1422 2815 aliquam
1455 2745 1574 2816 ejus
1601 2746 1981 2816 appellationis

384 2833 717 2889 mentionem
742 2835 981 2891 fecisset.
1003 2837 1212 2905 Quibus
1236 2854 1397 2907 porro
1425 2837 1648 2893 addueti
1673 2839 1981 2894 rationibus

384 2924 420 2978 ii
446 2924 614 2979 fuisse
641 2927 918 2991 videntur,
946 2931 1036 2998 qui
1059 2939 1244 2999 postea
1294 2929 1635 3002 Pelagianam
1694 2926 1977 2985 historiam

382 3015 800 3087 diligentiSsime
828 3024 1224 3093 conscripsere,
1271 3032 1327 3078 ut
1378 3022 1517 3079 lianc
1558 3020 1769 3078 Paulini
1804 3032 1979 3079 trans-

384 3110 704 3167 missionem
745 3115 1131 3182 prieterierint.
1168 3135 1187 3169 ι

455 3203 511 3259 8.
545 3203 737 3260 Exstat
757 3206 989 3278 denique
1019 3209 1230 3263 tertium
1262 3197 1474 3264 Paulini
1496 3208 1683 3277 dequo
1706 3209 1989 3291 loquimur

384 3297 705 3366 opusculum
749 3299 814 3353 de
843 3296 1291 3355 Benedictionibus
1335 3301 1749 3373 patriarcharum
1791 3302 1983 3358 inscri-

387 3399 562 3457 ptum,
594 3389 736 3457 quod
768 3405 895 3445 cura
923 3402 979 3446 et
1000 3393 1180 3447 studio
1209 3392 1435 3448 Joannis
1465 3392 1668 3464 Aloysii
1722 3392 1987 3467 Mitigare-

388 3482 449 3536 lii
483 3483 544 3537 V.
576 3482 639 3538 C.
668 3500 699 3539 e
722 3486 1081 3541 metnbraneo
1113 3487 1303 3543 codice
1334 3484 1678 3542 bibliothecas
1708 3488 1766 3542 S.
1797 3490 1985 3544 Salta-

389 3574 522 3629 toris
545 3575 801 3631 Bononia:
828 3577 1162 3649 descriptum
1188 3579 1392 3635 dudum
1421 3580 1625 3649 prodiit
1656 3581 1754 3654 (tl).
1788 3580 1984 3653 llujus—

387 3667 533 3722 modi
565 3683 730 3737 porro
771 3670 980 3725 libellus
1029 3670 1173 3727 haud
1225 3671 1381 3727 latuit
1429 3684 1674 3729 sanctum
1720 3675 1982 3731 Isidorunt

386 3757 785 3829 Hispalensem.
820 3762 892 3816 De
911 3777 977 3817 eo
1004 3763 1148 3818 enim
1172 3761 1349 3834 deque
1374 3762 1514 3819 illius
1544 3776 1767 3821 auctore
1796 3765 1876 3822 sic
1908 3766 1989 3822 lo-

383 3855 566 3926 quitur
595 3854 665 3928 (e)
701 3870 714 3910 :
744 3855 998 3912 Paulinus
1029 3859 1289 3929 presbyter
1309 3857 1567 3927 explicuit
1592 3862 1646 3912 in
1675 3860 1992 3915 benedictio-

388 3946 538 4001 nibus
555 3947 971 4017 patriarcharum
1001 3949 1194 4020 triplici
1232 3949 1582 4023 intelligentia:
1620 3968 1801 4025 genere
1841 3952 1982 4007 libe’-

460 4088 538 4171 ςᾳὶ
577 4088 757 4171 Ijoris.
792 4087 1136 4171 llisLIZCIftg.
1174 4091 1264 4147 lib.
1294 4108 1333 4160 t,
1362 4107 1484 4164 cap.
1513 4091 1572 4152 4.
1609 4107 1661 4162 ι).
1693 4092 1782 4149 69.

464 4158 542 4232 (θ)
582 4158 790 4214 Ρειιιιίιι.
825 4162 860 4214 l.
885 4176 934 4214 c.
965 4159 993 4234 ᾗ
1026 4158 1110 4217 4,*
1321 4158 1327 4160 τ
1433 4158 1449 4164 -
1610 4158 1621 4162 ,

463 4231 811 4306 (ελβκηιξν.Δ
833 4231 931 4306 ιιι).
962 4248 980 4286 ι
1028 4248 1147 4305 cap.
1188 4233 1243 4303 4,
1268 4235 1499 4291 Ubserv.
1534 4232 1599 4290 ad
1631 4232 1769 4306 Opp.
1804 4233 1982 4290 Notis,

391 4302 540 4388 tum;
558 4302 649 4388 lx,
669 4302 933 4388 -p.“8_6£.'
994 4375 1026 4388 Α

490 4373 545 4458 ά)
581 4372 705 4458 .Vet.
738 4373 1088 4458 Pa_tr.nLa_tin.
1118 4385 1248 4458 tom_.
1284 4377 1349 4442 ll,
1378 4386 1526 4458 part._
1553 4394 1593 4432 ι.

490 4374 523 4425 d
588 4373 705 4427 Vel.
738 4373 885 4429 Patr.
910 4374 1088 4430 Latin.
1118 4385 1248 4432 tom.
1284 4377 1349 4442 ll,
1378 4386 1516 4447 part.
1553 4394 1593 4432 ι.

465 4373 545 4585 3e}
581 4442 768 4499 Isidor.
790 4446 859 4499 de
889 4446 1066 4518 Scrip.
1118 4449 1316 4504 eecles.
1346 4464 1468 4517 cap.
1510 4452 1556 4505 l.

489 4516 535 4587 f)
572 4514 787 4572 Tillem.
824 4516 984 4573 Metu.
1017 4519 1152 4575 eccl.
1187 4531 1317 4575 tum.
1342 4518 1458 4585 XII,
1486 4537 1538 4593 p.
1572 4520 1698 4579 5l0.

2088 1824 2341 1884 cupatum
2368 1833 2381 1868 :
2413 1814 2636 1884 perinde
2680 1829 2743 1867 ac
2778 1816 2825 1867 si
2856 1814 2983 1868 huic
3013 1815 3096 1869 vel
3132 1814 3205 1867 illi
3237 1814 3492 1883 scriptori
3541 1815 3684 1869 baud

2086 1905 2246 1962 liceat
2266 1905 2333 1962 de
2360 1904 2553 1961 eodem
2579 1914 2901 1975 argumento
2932 1906 3230 1972 disserere,
3263 1907 3404 1976 quod
3454 1909 3687 1961 alterum

2086 2011 2449 2070 pertractasse
2480 2000 2716 2055 noverit.
2749 2000 2964 2055 Primus
2983 2005 3227 2055 omnium
3267 2001 3415 2054 enim
3448 2016 3580 2055 vero
3625 2001 3688 2053 de

2086 2091 2535 2147 Benedictionibus
2554 2092 2973 2160 patriarcharum
2987 2093 3201 2161 scripsit
3228 2106 3446 2147 sanctus
3467 2090 3691 2146 Ambro—

2084 2185 2196 2242 sius
2225 2184 2317 2257 (j),
2353 2200 2531 2255 neque
2562 2194 2745 2241 tamen
2774 2186 2843 2239 ab
2869 2184 3140 2255 ejusmodi
3170 2186 3470 2254 scriptione
3507 2198 3687 2240 retra-

2085 2276 2280 2331 ctanda
2313 2276 2564 2331 Ruﬁnum
2597 2276 2867 2332 deterruit
2904 2276 3078 2331 sancti
3127 2276 3391 2331 antistitis
3442 2276 3694 2332 Mediola-

2086 2367 2274 2424 nensis
2299 2368 2660 2424 elucubratio.
2690 2369 2887 2437 Quidni
2910 2384 3041 2440 ergo
3064 2380 3187 2441 post
3210 2380 3527 2439 utrumque,
3554 2371 3653 2423 Ani
3671 2401 3688 2413 -

2082 2459 2324 2516 brosium
2366 2470 2421 2517 et
2469 2456 2748 2526 Rufinum,
2778 2456 3009 2515 Paulino
3054 2458 3263 2516 licuerit
3292 2456 3683 2515 Benedictioncs

2083 2551 2498 2624 patriarcharum
2515 2557 2606 2609 iter
2621 2566 2713 2609 um
2735 2554 3089 2621 citpoztendas
3107 2552 3414 2622 suscipere,
3430 2553 3688 2622 quemad-

2085 2645 2304 2699 modum
2345 2643 2654 2714 ltujusntodi
2687 2660 2818 2713 opus
2859 2645 3006 2698 illum
3038 2644 3422 2715 perscripsisse
3465 2654 3691 2699 lcslntttr

2083 2737 2348 2805 lsidorus,
2375 2738 2636 2805 exemplo
2690 2737 2939 2792 videlicet
2997 2737 3238 2790 doctoris
3283 2737 3364 2791 sui
3411 2737 3689 2793 Ambrosii

2086 2829 2426 2899 potissimum
2449 2828 2724 2905 excitato
2747 2830 2885 2897 Quin
2912 2827 3042 2881 niltil
3085 2828 3318 2882 veritum
3352 2828 3688 2899 antiquiores

2085 2922 2407 2991 scriptores,
2434 2922 2485 2975 itt
2520 2919 2662 2976 idem
2693 2931 3072 2992 argumentum
3109 2918 3492 2975 excutiendum
3537 2920 3694 2975 dein-

2084 3028 2213 3084 ceps
2264 3013 2579 3069 incubuisse
2629 3012 2916 3069 Alcuinum
2972 3010 3326 3083 intelligimus
3371 3010 3470 3083 (lt).
3504 3013 3689 3083 Neque

2011 3115 2057 3178 ο
2090 3109 2270 3163 minus
2298 3118 2329 3162 ’a
2354 3124 2484 3164 vero
2526 3107 2813 3163 aberrasse
2864 3107 3109 3162 novimus
3135 3106 3282 3161 viros
3310 3107 3571 3176 eruditos,
3600 3108 3691 3178 qui

2091 3220 2228 3276 opus
2252 3201 2477 3259 Paulino
2505 3203 2573 3259 ab
2596 3198 2807 3260 Isidoro
2834 3200 3117 3271 tributum,
3152 3203 3291 3257 idem
3339 3217 3461 3258 esse
3492 3219 3555 3256 ac
3583 3200 3690 3257 llu-

2092 3295 2352 3351 linianum
2375 3295 2643 3352 duxerunt
2677 3315 2690 3351 :
2722 3314 2884 3368 quam
2919 3313 3052 3353 sane
3074 3297 3441 3368 conjecturam
3468 3294 3693 3351 omnino

2091 3389 2440 3460 abjccissent,
2471 3401 2526 3445 ut
2548 3391 2793 3461 equidem
2826 3391 3282 3456 cxistimaverim,
3313 3390 3358 3445 si
3390 3389 3474 3446 ιἰτΙ
3522 3389 3694 3443 marti-

2091 3500 2178 3539 me
2222 3482 2513 3539 collatione
2572 3485 2818 3539 instituta
2870 3498 3160 3554 utrumque
3208 3498 3349 3554 opus
3401 3482 3694 3553 diligenter

2088 3577 2338 3632 erolt‘ere
2367 3575 2502 3646 ipsis
2530 3576 2788 3632 licuisset.
2840 3574 3051 3633 Cmtera
3106 3593 3257 3644 vero,
3308 3592 3484 3647 neque
3532 3575 3691 3646 plane

2092 3670 2251 3738 levia,
2281 3670 2332 3726 itt
2365 3671 2611 3727 eamdem
2636 3672 2963 3726 sententiam
2991 3670 3178 3726 rideas
3201 3669 3341 3742 apud
3386 3669 3455 3723 rl.
3488 3667 3691 3740 Minga-

2094 3765 2333 3833 rellium,
2357 3766 2447 3837 qui
2484 3764 2722 3835 pluribus
2750 3766 2800 3819 in
2831 3762 3069 3819 medium
3127 3762 3397 3830 adductis,
3446 3760 3696 3830 apusculi

2096 3867 2375 3914 auctorem
2398 3872 2525 3914 esse
2551 3867 2796 3913 nostrum
2815 3855 3098 3912 Paulinum
3120 3854 3423 3913 luculenter
3440 3870 3694 3926 compro-

2100 3949 2264 4007 bavit.

2090 4090 2246 4218 2ὡς)
2286 4090 2526 4147 Fontan.
2561 4092 2695 4146 Hist.
2726 4092 2829 4147 litt.
2857 4091 3035 4162 Aquil.
3068 4090 3163 4146 bl).
3188 4102 3240 4154 ν,
3265 4103 3386 4161 cap.
3415 4089 3472 4159 9,
3500 4088 3528 4161 ς
3558 4088 3611 4156 ti,
3645 4103 3697 4160 p.

2240 4178 2396 4218 sena.

2139 4171 2198 4217 l9
2240 4178 2396 4217 sena.

2160 4179 2499 4360 ἕιιὲῖὲιθιξτία
2527 4234 2714 4293 Schol.
2736 4235 2805 4291 ad
2836 4234 3028 4291 lsidor.
3072 4236 3124 4290 in
3162 4233 3298 4291 Bibl.
3343 4233 3478 4291 eccl.
3513 4248 3568 4304 p.
3602 4232 3692 4300 5i,

2094 4316 2194 4361 Siti)
2223 4316 2342 4360 init.

2195 4376 2234 4446 t)
2275 4375 2464 4431 lsidor.
2498 4378 2601 4432 l.c.

2171 4378 2241 4519 ij)
2282 4448 2538 4519 Ambros.
2569 4449 2601 4505 Ο

2282 4448 2538 4547 εὶηὼςιζξ.
2569 4449 2708 4520 Opp.
2735 4458 2874 4547 tum.
2905 4450 2945 4517 1,
2965 4450 3181 4547 p.051};

2171 4518 2246 4594 (lt)
2284 4518 2445 4592 Apud
2468 4518 2669 4577 Barou.
2699 4521 2766 4577 ad
2798 4536 2925 4577 ann.
2956 4518 3083 4589 “8,
3107 4522 3136 4592 δ
3162 4522 3253 4577 79.
