4206 6174
562 256 670 315 719

1632 248 1903 309 PAULINI
1944 246 2224 305 DlACONl
2266 246 2823 307 MEDIOLANENSIS

3734 250 3833 309 7Ξο

550 378 827 443 omnibus,
870 374 966 431 sed
995 374 1321 445 quibusdam
1350 372 1569 427 soleant
1604 371 1849 437 evenire,
1882 367 2157 439 generali-
2184 366 2237 427 Α
2266 384 2402 421 meos
2433 382 2451 419 :
2502 384 2565 421 ne
2594 368 2797 421 occidas
2824 384 2907 422 eos
2932 408 2947 433 ,
3001 365 3064 421 ne
3102 366 3312 435 quando
3340 366 3691 423 obliviscantur
3716 368 3832 439 legis

561 477 649 525 ter
677 478 858 524 tamen
895 468 1221 537 praedicere.
1284 464 1439 520 Unde
1466 472 1523 519 et
1552 462 1816 518 Dominus
1862 460 2067 516 Jacobo
2109 467 2164 514 et

560 563 755 619 Joanni
785 580 797 614 :
866 560 1091 613 Potestis
1143 558 1314 611 bibere
1348 555 1565 609 calicem
1610 570 1759 625 quem
1794 570 1885 623 ego
1914 552 2163 604 bibiturus

563 656 714 709 sum?
752 651 977 706 Calicem
1013 650 1223 720 quidem
1250 666 1439 713 meum,
1468 649 1545 702 ait
1565 691 1579 715 ,
1610 645 1789 701 bibetis
1821 643 2039 715 (Matth.
2070 658 2159 709 xx,

562 748 656 810 21,
684 746 801 814 24).
835 745 946 800 Nec
977 755 1157 799 tamen
1191 744 1435 799 Joannes
1477 743 1707 798 calicem
1743 740 2018 811 passionis
2040 752 2165 793 san-

564 841 783 911 guinem
813 837 1093 893 fundendo
1122 836 1281 890 bibit.

640 933 692 988 6.
737 931 1015 1000 Quantum
1060 941 1238 984 autem
1291 929 1357 981 ad
1408 927 1715 983 futurorum
1763 925 2001 995 pertinet
2040 936 2167 992 pro-

567 1025 834 1097 phetiam,
869 1039 965 1093 per
1007 1022 1229 1079 Simeon
1271 1029 1329 1077 et
1366 1020 1519 1089 Levi,
1566 1018 1770 1075 Scribre
1815 1026 1869 1073 et
1904 1014 2167 1070 Pharisaei

568 1119 969 1188 designantur:
1020 1132 1086 1172 ex
1134 1116 1262 1170 Levi
1315 1130 1547 1184 namque
1581 1114 1859 1183 principes
1903 1108 2169 1165 Sacerdo-

565 1223 683 1269 tum
717 1213 886 1267 fuisse
910 1220 1081 1282 patet.
1116 1210 1222 1278 Qui
1248 1226 1371 1263 vasa
1399 1208 1691 1279 iniquitatis
1725 1206 1971 1260 bellantia
1994 1203 2166 1267 fuere,

568 1320 663 1361 cor
713 1305 1000 1369 habentes,
1055 1304 1361 1357 secundum
1413 1300 1630 1355 Domini
1661 1298 2166 1368 exprobrationem,

569 1397 782 1469 plenum
814 1396 1109 1467 iniquitate,
1146 1403 1190 1447 et
1216 1395 1403 1462 rapina
1438 1392 1591 1464 (Luc.
1618 1407 1694 1461 x1,
1730 1390 1845 1461 59).
1889 1388 2171 1443 Bellabant

571 1498 757 1543 autem
806 1486 1069 1541 adversus
1116 1487 1403 1540 Dominum
1467 1499 1578 1539 non
1632 1498 1907 1538 armorum
1968 1495 2166 1550 pugna,

571 1579 667 1633 sed
696 1578 938 1633 versutia
979 1577 1211 1643 callida,
1254 1584 1566 1647 quaerentes
1618 1574 1893 1643 quomodo
1931 1572 2170 1626 veridica

572 1672 790 1727 Domini
818 1671 983 1726 verba
1012 1679 1067 1724 et
1106 1669 1248 1724 facta
1280 1670 1431 1723 falsis
1462 1676 1837 1739 expugnarent
1878 1680 2171 1736 argumen-

577 1765 668 1819 tis.
1956 1822 1957 1825 η

649 1858 702 1912 7.
749 1858 881 1925 Quae
915 1857 996 1910 vir
1024 1864 1249 1910 sanctus
1276 1854 1558 1911 detestans
1584 1854 1662 1908 ait
1688 1871 1701 1907 :
1756 1854 1808 1905 in
1844 1851 2061 1906 consilio
2090 1867 2175 1903 eo-

578 1969 698 2006 rum
728 1968 830 2005 non
860 1954 1027 2005 veniat
1050 1952 1222 2004 anima
1248 1966 1395 2014 mea;
1436 1949 1693 2004 videlicet
1720 1962 2009 2003 exsecraris
2040 1946 2174 2001 illud

577 2046 908 2111 consilium,
949 2043 1093 2113 quod
1128 2043 1297 2097 Judaei
1336 2043 1661 2112 colligentes
1688 2042 1982 2096 dicebant:
2040 2039 2177 2105 Quid

578 2138 795 2208 facimus
815 2177 829 2201 ,
883 2136 1007 2206 quia
1053 2134 1138 2187 hic
1179 2135 1332 2189 homo
1364 2134 1529 2187 multa
1560 2136 1709 2207 signa
1734 2136 1857 2205 facit
1886 2134 2063 2208 (Joan.
2098 2151 2173 2201 χι,

576 2231 721 2299 47)?
761 2238 816 2285 et
843 2230 1066 2299 reliqua.
1128 2229 1195 2283 Et
1233 2230 1288 2282 in
1326 2239 1457 2283 caztu
1508 2229 1724 2282 illorum
1764 2228 1989 2302 gloriam
2031 2246 2179 2283 suam

584 2342 693 2380 esse
724 2324 982 2389 nolebat;
1019 2323 1213 2378 nolens
1241 2323 1498 2378 videlicet
1524 2322 1577 2377 in
1613 2324 1960 2378 multitudine
1987 2340 2176 2378 eorum

576 2416 826 2487 gloriari,
875 2416 965 2485 qui
1017 2431 1126 2486 quo
1174 2416 1466 2485 pluriores,
1520 2432 1584 2469 eo
1633 2426 1788 2470 erant
1834 2416 2175 2472 deteriores:

580 2508 883 2579 Scriptum
928 2524 1148 2563 sensum
1187 2509 1297 2576 jam
1334 2518 1461 2563 tunc
1503 2524 1671 2578 Opere
1700 2510 2011 2579 complens,
2058 2527 2180 2580 quae

579 2602 751 2658 dicit:
783 2600 869 2654 Ne
893 2600 1127 2672 glorieris
1150 2602 1202 2653 in
1234 2601 1359 2669 ﬁliis
1385 2601 1621 2671 pessimis
1646 2643 1659 2665 ,
1692 2602 1736 2655 si
1770 2600 2183 2669 multiplicentnr

584 2692 810 2766 (Eccles.
837 2709 947 2758 XVI,
981 2694 1058 2761 1).

656 2785 710 2841 8.
754 2785 955 2841 Reddit
980 2795 1160 2839 autem
1189 2800 1432 2854 causam,
1458 2802 1628 2854 quare
1656 2788 1945 2841 consilium
1978 2798 2032 2841 ct
2064 2802 2177 2843 coe-

587 2890 701 2935 tum
736 2881 923 2934 talium
958 2878 1345 2944 abominetur,
1400 2878 1671 2934 dicendo:
1727 2880 1863 2947 Quia
1908 2880 1962 2933 in
2007 2881 2185 2949 furore

582 2990 678 3028 suo
707 2974 1001 3027 occiderunt
1044 2974 1242 3038 virum,
1278 2982 1325 3024 et
1367 2973 1419 3024 in
1450 2972 1711 3025 voluntate
1736 2988 1828 3025 sua
1859 2971 2185 3038 sulfoderunt

587 3082 814 3120 murum.
871 3064 929 3119 In
978 3064 1161 3119 lurore
1208 3079 1440 3131 namque
1487 3079 1587 3117 suo
1619 3062 1939 3118 occiderunt
1968 3062 2178 3129 Virum,

586 3160 847 3215 videlicet
886 3158 1176 3212 Dominum
1210 3156 1581 3220 Salvatorem,
1628 3156 1694 3209 de
1740 3172 1851 3223 quo
1893 3124 2255 3210 ZachariasC

587 3251 706 3303 ait:
754 3246 889 3301 Ecce
936 3248 1053 3301 vir:
1121 3246 1305 3300 Oriens
1346 3263 1532 3300 nomen
1574 3246 1724 3317 ejus(
1754 3245 1915 3299 Zach.
1951 3263 2023 3312 vt,
2056 3246 2182 3318 12),

590 3339 879 3395 clamando
926 3339 991 3392 ad
1040 3339 1311 3392 Pilatum:
1371 3338 1530 3403 tolle,
1578 3338 1734 3403 tolle,
1781 3340 2028 3411 cruciﬁge
2074 3355 2187 3391 eum

591 3431 779 3505 (Joan.
839 3447 952 3495 XIX,
1009 3430 1119 3501 15).
1191 3432 1253 3484 Et
1308 3432 1361 3483 in
1410 3432 1678 3483 voluntate
1723 3448 1814 3483 sua
1865 3430 2188 3497 su/foderunt

590 3541 820 3589 murum,
852 3523 976 3593 quia
1004 3521 1346 3577 voluntatem
1378 3538 1529 3575 suam
1568 3521 1906 3591 complentes
1936 3565 1950 3587 ,
2007 3521 2189 3576 Domi-

590 3634 726 3674 num
759 3627 813 3673 et
839 3616 1267 3682 crucifixerunt,
1316 3627 1371 3671 et
1424 3616 1562 3669 latus
1608 3615 1728 3685 ejus
1759 3615 2189 3668 terebraverunt.

593 3710 698 3776 Qui
730 3726 908 3763 murus
941 3718 1128 3762 noster
1148 3707 1272 3777 jure
1301 3716 1545 3773 vocatur,
1594 3707 1717 3776 quia
1750 3706 2046 3759 munimine
2074 3706 2193 3775 ejus

594 3803 665 3857 ab
711 3802 1137 3858 atlversitatibus
1191 3802 1431 3856 hostium
1464 3801 1790 3871 spiritalium
1834 3799 2190 3855 custodimur.

595 3896 674 3950 De
717 3910 828 3965 quo
874 3905 1079 3949 sanctae
1117 3894 1382 3950 Ecclesiae
1426 3893 1827 3964 repromittitur
1856 3893 1938 3947 his
1970 3892 2189 3947 verbis:

596 3985 726 4043 Urbs
756 3987 1075 4057 fortitudinis
1107 3996 1297 4040 nostra:
1319 3986 1448 4041 Sion
1479 3986 1727 4041 Salvator
1752 4002 1771 4039 :
1806 3996 2024 4055 ponetur
2052 3987 2106 4038 in
2130 4002 2191 4039 ea

591 4095 792 4145 murus,
827 4088 874 4129 et
902 4077 1226 4131 antemurale
1257 4078 1392 4147 (Isa.
1425 4094 1572 4143 xxvi,
1610 4078 1685 4146 1).

667 4174 720 4225 9.
764 4170 921 4236 Quod
976 4170 1176 4225 factum
1226 4171 1308 4224 vir
1338 4181 1558 4225 sanctus
1601 4170 1935 4225 validissimo
1974 4171 2197 4241 CUSpide

599 4259 1006 4316 maledictionis
1030 4260 1292 4326 confodit,
1326 4262 1511 4315 dicens
1540 4280 1552 4315 :
1588 4260 1903 4315 Maledictus
1935 4263 2080 4332 furor
2106 4279 2194 4317 eo-

595 4371 744 4419 rum,
777 4356 897 4424 quia
926 4356 1191 4426 pertinax;
1229 4364 1279 4407 et
1307 4355 1599 4426 indignatio
1627 4354 1861 4422 illorum,
1897 4356 2019 4425 quia
2040 4356 2192 4411 dura.

600 4447 866 4503 Furorem
896 4462 1128 4516 namque
1153 4447 1488 4516 pertinacem
1518 4446 1845 4513 habuerunt,
1870 4456 1923 4501 et
1950 4447 2194 4515 indigna.

599 4539 804 4593 tionem
846 4539 1079 4602 duram;
1131 4538 1255 4607 quia
1305 4552 1407 4593 nec
1458 4552 1551 4606 per
1603 4537 1869 4591 miracula
1915 4537 2099 4592 divina
2127 4539 2193 4592 ad

601 4629 936 4685 credendum
960 4644 1085 4684 eum
1121 4629 1292 4685 Deum
1329 4630 1551 4699 perduci
1583 4640 1899 4700 potuerunt,
1934 4647 2035 4686 nec
2065 4643 2199 4686 tam-

601 4741 764 4794 quam
798 4724 1075 4779 innoceuti
1108 4724 1321 4779 homini
1369 4736 1422 4780 et
1464 4724 1598 4779 nihil
1630 4740 1724 4779 eos
1752 4725 1988 4791 laedenti,
2030 4742 2200 4796 usque

603 4817 673 4871 ad
700 4826 934 4873 mortem
966 4819 1353 4888 persequendo
1384 4828 1769 4887 pepercerunt.

678 4908 764 4962 10.
806 4908 961 4975 Quod
1013 4925 1145 4965 vero
1177 4910 1456 4981 subjungit
1485 4928 1498 4965 :
1544 4911 1782 4964 Dividam
1818 4929 1900 4965 eos
1928 4913 1981 4965 in
2009 4911 2196 4981 Jacob,

602 5009 651 5054 et
682 5001 976 5071 dispergam
1007 5002 1126 5056 illos
1154 5006 1207 5057 in
1239 5002 1448 5070 Israel;
1493 5007 1595 5060 hoc
1624 5016 1726 5070 est,
1756 5006 1898 5076 quod
1936 5024 2077 5063 nunc
2120 5009 2198 5061 vi-

603 5094 818 5149 demus.
855 5096 1051 5151 Iisdem
1078 5100 1308 5169 populus
1336 5109 1566 5168 paterno
1594 5100 1712 5154 solo
1740 5100 2118 5156 exlta-redatus
2146 5103 2199 5157 in

603 5196 831 5243 cunctas
858 5176 1073 5258 gentes,
1095 5191 1165 5243 ob
1197 5191 1567 5245 testimonium
1598 5193 1943 5247 credulitatis
1972 5206 2196 5261 nostrze,

600 5279 847 5352 perfidia:
885 5295 998 5334 suae
1038 5296 1228 5352 pinnas
1273 5284 1392 5337 luit.
1447 5284 1602 5350 Quod
1630 5294 1685 5339 et
1716 5284 1905 5339 beatus
1936 5284 2101 5340 David
2144 5288 2199 5341 in

598 5374 811 5441 psalmo
852 5386 923 5426 ex
975 5388 1207 5443 persona
1262 5376 1473 5429 Domini
1528 5377 1697 5430 nostri
1732 5376 2076 5445 prOpheIavit
2117 5379 2199 5432 di-

598 5464 809 5519 cendo:
858 5464 995 5519 Deus
1038 5483 1179 5521 meus
1210 5468 1575 5521 demonstravit
1611 5467 1737 5521 mihi
1769 5484 1925 5539 super
1966 5470 2199 5527 inimicos

666 5684 691 5743 ξι
735 5672 988 5743 Fortasse
1019 5671 1307 5743 legendum
1331 5680 1418 5728 est
1442 5688 1583 5726 usus.

664 5742 692 5781 δ
736 5742 831 5796 Vol
864 5743 1130 5811 processit.

2267 472 2406 518 ltttB:
2452 462 2691 533 disperge
2735 480 2821 516 eos
2871 464 2923 516 in
2971 463 3159 516 virtute
3203 472 3293 516 tua
3337 462 3509 535 (Psal.
3548 478 3689 527 Lvtn,
3732 463 3836 533 Η).

2267 554 2415 609 Bene
2443 564 2623 609 autem
2658 554 2820 607 dividi
2850 553 3106 608 dicuntur
3138 556 3189 607 in
3218 552 3381 609 Iacob
3406 599 3420 622 ,
3462 564 3509 609 et
3552 554 3761 626 dispergi
3790 556 3839 610 in

2268 644 2471 711 Israel;
2500 646 2625 717 quia
2658 656 2846 701 sancta
2880 645 3131 700 Ecclesia
3162 662 3283 714 qua:
3314 647 3566 700 vitiorum
3595 647 3840 716 supplan-

2270 738 2435 792 tatrix
2485 746 2606 803 est,
2655 737 2828 793 Jacob
2854 737 2977 807 jure
3008 745 3268 805 vocatur;
3297 746 3351 792 et
3383 753 3504 808 qua:
3531 739 3723 791 mentis
3755 754 3843 805 pu-

2268 832 2430 886 ritate
2457 831 2628 886 Deum
2652 831 2844 887 videre
2872 832 3083 897 nititur,
3114 830 3333 887 lsraelis
3360 830 3624 885 vocabulo
3654 846 3846 887 nuncu-

2271 934 2460 996 patur;
2494 941 2589 995 per
2616 940 2777 995 quam
2810 924 2983 979 Judaei
3012 924 3177 979 divisi
3204 934 3259 980 et
3288 924 3519 994 dispersi
3546 932 3846 993 pererrant;

2271 1034 2392 1089 quae
2424 1017 2478 1073 in
2510 1028 2746 1088 quatuor
2775 1017 2901 1074 coeli
2948 1016 3194 1088 partibus
3231 1016 3429 1072 diffusa
3461 1031 3558 1072 eos
3589 1015 3851 1086 vagabun-

2272 1113 2373 1168 dos
2406 1111 2651 1183 quotidie
2678 1116 2934 1167 sustinet.

2815 1204 3149 1261 CAPUT
3216 1204 3328 1259 Ill.

2814 1297 3116 1352 Benedictio
3155 1298 3334 1351 Juda'.

2350 1392 2401 1445 l.
2442 1390 2623 1459 Iuda,
2670 1401 2718 1443 te
2750 1391 3038 1444 laudabunt
3077 1392 3265 1461 fratres
3307 1391 3428 1445 tui:
3470 1406 3652 1444 manus
3678 1399 3774 1444 tua:
3807 1390 3859 1445 in

2276 1484 2555 1539 cervicibus
2592 1485 2925 1538 inimicorum
2962 1494 3190 1541 tuorum.
3236 1486 3541 1541 Adorabunt
3572 1497 3620 1541 te
3650 1486 3745 1555 ﬁlii
3772 1504 3860 1556 pa-

2282 1579 2372 1632 tris
2401 1579 2477 1631 tui
2533 1577 2860 1649 (Gen.xux,
2895 1578 2975 1648 8).
3020 1579 3114 1634 His
3166 1581 3349 1635 verbis
3395 1579 3662 1634 modestia
3710 1578 3863 1648 hujus

2279 1670 2381 1723 viri
2410 1670 2716 1725 secundum
2750 1672 2988 1726 litteram
3024 1673 3255 1743 pariter,
3287 1684 3343 1727 et
3369 1674 3568 1728 virium
3602 1674 3754 1741 cottia
3778 1672 3867 1727 de-

2203 1749 2656 1818 Bmonstratur:
2710 1763 2837 1834 quia
2892 1765 3151 1821 videlicet
3204 1776 3259 1821 et
3305 1766 3549 1821 civiliter
3596 1764 3867 1820 tractando

2276 1871 2400 1910 cum
2435 1855 2698 1912 fratribus
2718 1903 2730 1925 ,
2760 1873 2822 1911 ea
2854 1856 3124 1913 modestia
3148 1858 3297 1912 visus
3324 1868 3347 1895 α
3372 1869 3484 1926 est,
3516 1866 3580 1913 ut
3606 1873 3636 1912 a
3665 1858 3870 1912 cunctis

2276 1949 2437 2005 laude
2468 1949 2669 2019 dignus
2692 1950 2989 2005 haberetur
3016 1968 3029 2005 :
3063 1952 3207 2021 quod
3233 1950 3455 2006 difficile
3478 1960 3602 2016 est;
3628 1950 3768 2005 inter
3795 1958 3871 2003 tot

2278 2042 2492 2097 scilicet
2523 2043 2720 2097 fratres
2752 2043 2998 2097 omnium
3032 2044 3245 2105 animos
3288 2044 3494 2099 habere
3537 2042 3872 2097 conciliatos.

2281 2135 2386 2193 Sed
2419 2145 2473 2192 et
2506 2137 2825 2193 fortitudine
2858 2138 2993 2193 adeo
3024 2139 3345 2207 abundavit,
3396 2148 3457 2194 ut
3482 2140 3729 2195 cervices
3755 2153 3876 2194 suo-

2282 2244 2402 2282 rum
2431 2228 2654 2284 ﬂectere
2685 2231 2893 2286 valeret
2922 2231 3291 2287 inimicorum.
3348 2231 3504 2298 Quod
3543 2243 3728 2287 autem
3770 2231 3877 2285 elo-

2281 2322 2506 2391 quentia
2558 2322 2854 2392 plurimum
2902 2322 3175 2391 valuerit,
3223 2332 3456 2379 testatur
3512 2324 3740 2391 oratio,
3780 2337 3877 2393 qua

2282 2428 2436 2468 suam
2470 2428 2806 2485 suorumque
2835 2430 3019 2470 coram
3062 2415 3267 2487 Joseph
3298 2417 3562 2487 allegavit
3592 2416 3880 2472 necessita-

2287 2514 2394 2561 tem
2431 2506 2586 2576 (Gen.
2623 2523 2751 2573 xui,
2787 2522 2919 2562 me
2949 2517 2993 2560 et
3028 2507 3203 2578 λων).
3256 2506 3453 2562 Narrat
3490 2516 3762 2579 przeterea
3794 2505 3880 2562 Jo-

2285 2598 2490 2665 sephus
2521 2598 2996 2670 historiographus
3017 2646 3031 2669 ,
3076 2600 3259 2655 verbis
3296 2615 3421 2656 eum
3448 2602 3703 2671 potuisse
3728 2614 3883 2671 quam

2288 2692 2607 2761 plurimum.
2650 2693 2826 2747 Porro
2875 2703 3058 2749 autem
3107 2694 3251 2763 quod
3282 2696 3482 2751 robore
3518 2697 3666 2751 inter
3698 2698 3884 2750 fratres

2286 2799 2415 2840 suos
2462 2785 2693 2839 eximius
2744 2786 3066 2851 haberetur,
3125 2796 3400 2842 testantur
3445 2788 3623 2842 Verba
3672 2788 3884 2852 dierum,

2286 2891 2407 2945 qua:
2441 2876 2543 2930 hoc
2570 2876 2733 2930 modo
2766 2878 3013 2932 referunt
3040 2896 3051 2929 :
3106 2878 3272 2931 Porro
3315 2877 3485 2932 ludas
3517 2880 3615 2951 qui
3642 2888 3751 2933 erat
3783 2879 3885 2948 for-

2288 2968 2514 3023 tissimus
2558 2971 2692 3022 inter
2742 2970 2932 3040 fratres
2978 2987 3095 3024 suos
3119 3012 3133 3035 ,
3190 2970 3255 3024 de
3294 2972 3455 3041 stirpe
3483 2974 3609 3041 ejus
3633 2971 3889 3042 principes

2288 3064 2563 3135 germinati
2591 3072 2708 3117 sunt
2736 3062 2777 3133 (l
2812 3062 2992 3117 Paral.
3024 3079 3077 3132 v,
3103 3062 3139 3116 Ξ
3163 3063 3201 3133 ).
3237 3062 3391 3130 Quod
3416 3072 3611 3118 autem
3641 3062 3890 3131 subjicit:

2290 3156 2592 3209 Adorabunt
2622 3166 2668 3209 te
2694 3156 2797 3225 ﬁlii
2819 3158 2980 3227 patris
3001 3157 3097 3221 tui,
3134 3167 3324 3224 aperte
3352 3172 3587 3226 regnum
3621 3155 3766 3226 quod
3791 3154 3895 3208 llu-

2288 3251 2391 3303 ben
2417 3247 2912 3312 abstuleratJudae
2941 3248 3292 3303 concredidit
3321 3247 3541 3315 dicens,
3560 3264 3688 3303 eum
3710 3264 3741 3301 a
3772 3247 3893 3301 reli-

2292 3343 2415 3412 quis
2445 3343 2701 3397 fratribus
2724 3341 2839 3398 suis
2885 3342 3265 3399 adorandum:
3305 3342 3451 3413 quod
3496 3344 3671 3415 regia:
3711 3341 3897 3411 utique

2293 3438 2545 3507 congruit
2578 3436 2852 3507 dignitati.

2365 3531 2419 3585 2.
2463 3531 2686 3601 Mystice
2730 3539 2915 3586 autem
2966 3546 3061 3600 per
3090 3530 3285 3585 Judam
3319 3530 3412 3585 illc
3437 3530 3557 3600 jam
3597 3537 3733 3584 tunc
3764 3541 3899 3599 prm-

2294 3627 2656 3696 figurabatur,
2710 3627 2800 3695 qui
2844 3624 2913 3679 de
2963 3625 3083 3694 ejus
3131 3625 3302 3695 stirpe
3329 3625 3643 3693 secundum
3679 3635 3897 3679 carnem

2296 3728 2460 3775 natus
2490 3729 2612 3787 est,
2664 3720 2927 3773 Dominus
2953 3728 3007 3774 et
3034 3718 3286 3773 Salvator
3317 3730 3540 3789 noswr;
3598 3733 3763 3789 quem
3789 3717 3905 3771 lau~

2296 3814 2433 3868 dant
2459 3813 2657 3867 fratres
2687 3813 2770 3866 sui
2802 3826 3019 3877 omnes,
3053 3812 3305 3867 videlicet
3334 3812 3387 3865 in
3418 3826 3549 3866 eum
3579 3809 3898 3866 credentes:

2298 3906 2446 3961 unde
2498 3907 2612 3975 ipse
2658 3904 2865 3975 primus
2913 3906 2968 3959 in
3015 3904 3123 3959 illis
3151 3906 3243 3975 qui
3276 3905 3331 3959 in
3372 3920 3495 3959 eum
3523 3902 3904 3963 crediderunt,

2298 4014 2329 4053 a
2371 4008 2727 4054 monumento
2777 4015 2872 4069 per
2900 3999 3157 4054 mulieres
3190 3998 3506 4053 mandatum
3538 3997 3783 4062 direxit,
3827 3994 3909 4049 di-

2301 4093 2477 4147 cendo
2504 4110 2515 4145 :
2580 4091 2607 4144 1
2617 4100 2664 4145 te
2687 4134 2700 4157 ,
2758 4102 2805 4144 et
2846 4092 3001 4145 dicite
3029 4092 3274 4161 fratribus
3300 4093 3424 4145 meis
3457 4090 3686 4162 (Matth.
3716 4101 3907 4153 xxvm,

2302 4184 2417 4256 10).
2498 4183 2577 4239 Ne
2632 4194 2817 4239 autem
2863 4192 3157 4255 putemus,
3212 4184 3351 4238 hanc
3393 4182 3731 4253 dignitatem
3779 4178 3911 4236 solis

2300 4277 2566 4348 apostolis
2616 4278 2958 4346 attributam,
2990 4286 3047 4331 ut
3078 4277 3277 4332 fratres
3308 4277 3426 4346 ejus
3453 4284 3765 4339 vocentur;
3799 4275 3913 4343 ipse

2302 4372 2404 4427 hac
2434 4372 2697 4442 dignitate
2728 4372 3017 4427 donandos
3039 4387 3230 4427 omnes
3261 4372 3349 4442 qui
3386 4372 3437 4426 in
3468 4386 3602 4426 eum
3638 4371 3911 4433 credunt,

2305 4475 2539 4521 testatur
2567 4466 2805 4523 dicendo
2831 4485 2843 4519 :
2895 4466 3218 4536 Quicumque
3246 4467 3420 4536 fecerit
3450 4468 3778 4521 voluntatem
3808 4461 3914 4515 Pa-

2301 4558 2393 4611 tris
2413 4558 2512 4611 mei
2540 4559 2627 4623 qui
2654 4558 2706 4611 in
2730 4559 2870 4613 cazlis
2896 4569 2991 4625 est,
3023 4560 3134 4626 ipse
3162 4576 3305 4613 meus
3331 4560 3511 4628 frater,
3543 4576 3702 4612 soror
3730 4568 3776 4610 et
3805 4571 3916 4609 ma-

2297 4656 2377 4701 ter
2406 4657 2478 4701 est
2505 4647 2719 4718 (Matth.
2750 4666 2847 4718 xu,
2881 4650 2997 4720 50).
3028 4649 3206 4720 Ipsum
3239 4665 3370 4719 ergo
3401 4649 3637 4704 laudant
3666 4648 3907 4713 fratres;

2301 4740 2750 4797 videlicetomnis
2780 4743 3042 4808 Ecclesia,
3076 4757 3196 4811 qua:
3226 4742 3404 4797 adhuc
3435 4757 3465 4795 a
3486 4743 3710 4797 caelesti
3741 4741 3913 4795 luere-

2300 4834 2467 4889 ditate
2496 4837 2714 4890 exsulat
2754 4836 2808 4890 in
2861 4838 3022 4891 terris
3047 4876 3061 4900 ,
3109 4836 3224 4891 sive
3245 4852 3367 4905 quae
3413 4836 3526 4905 jam
3560 4834 3857 4905 praecessit
3886 4830 3913 4868 δ

2301 4930 2369 4982 ad
2398 4930 2587 4984 caelos.
2621 4930 2775 4987 Unde
2802 4931 3042 5001 psalmus
3068 4950 3079 4984 :
3114 4930 3348 4984 Laudent
3376 4930 3531 4984 illum
3558 4932 3687 4986 σιειὶ
3706 4940 3756 4985 et
3782 4938 3915 4983 terra

2305 5020 2481 5092 (Psal.
2514 5040 2704 5090 vam,
2740 5026 2852 5096 55).
2884 5025 2952 5079 Et
2981 5026 3034 5079 in
3064 5025 3389 5096 Apocalypsi
3419 5024 3674 5081 Joannes
3702 5043 3715 5077 :
3774 5024 3916 5077 Lau-

2304 5114 2418 5167 dem
2446 5115 2597 5170 dicite
2619 5116 2724 5170 Deo
2748 5127 2946 5183 nostro,
2978 5133 3156 5172 omnes
3182 5120 3317 5171 servi
3347 5122 3480 5190 ejus,
3515 5127 3567 5171 et
3599 5118 3697 5186 qui
3726 5115 3917 5171 timetis

2303 5224 2441 5273 eum,
2476 5212 2653 5277 pusilli
2682 5222 2728 5265 et
2760 5212 2934 5281 magni
2990 5211 3176 5281 (Apoc.
3211 5228 3322 5276 XIX,
3354 5212 3431 5281 5).
3460 5209 3639 5281 Cujus
3671 5224 3695 5252 ο
3732 5223 3917 5265 manus

2299 5299 2355 5351 in
2384 5303 2664 5357 cervicibus
2694 5304 3027 5357 inimicorum
3053 5309 3167 5374 eius
3192 5315 3354 5370 sunt;
3402 5306 3525 5376 quia
3552 5351 3568 5373 ,
3605 5303 3917 5361 secundum

2303 5391 2580 5464 Evangelii
2611 5398 2983 5452 testimonium
3010 5416 3023 5453 :
3064 5398 3250 5453 Omnia
3281 5401 3421 5454 dedit
3450 5400 3496 5452 ei
3528 5396 3705 5452 Pater
3727 5398 3783 5450 in
3810 5411 3918 5449 ma-

2301 5499 2400 5541 nus
2426 5484 2603 5557 (Joan.
2642 5505 2760 5557 xm,
2791 5489 2869 5561 ὅ).
2903 5492 3025 5561 Ipse
3050 5492 3215 5548 etiam
3246 5492 3330 5547 his
3362 5490 3550 5549 verbis
3593 5490 3915 5552 consentit,

2364 5698 2383 5724 ι
2414 5686 2620 5758 Nempe
2650 5689 2866 5745 Christi.
