4190 6190
356 320 459 381 721

1108 327 1199 384 DE
1239 328 1868 391 BENEDIC’I‘IONIBUS
1893 332 2500 396 PATRIARCHARUM
2532 338 2890 399 LIBELLUS.

3551 345 3659 403 723

355 441 629 499 dicendo:
687 443 826 498 Data
860 450 932 498 est
970 444 1098 498 mihi
1127 447 1294 501 ontnis
1323 455 1548 512 potestas
1578 448 1634 503 in
1664 450 1791 505 caelo
1820 458 1870 504 et
1900 450 1954 505 in
1980 456 2035 514 Α
2059 467 2166 520 que
2214 452 2280 508 ad
2329 454 2703 511 Aristobulum
2750 465 2974 512 ventum
3021 466 3124 525 est,
3173 460 3267 531 qui
3299 460 3510 533 primus
3536 470 3665 531 post

357 542 493 589 terra
522 533 740 606 (Matth.
772 551 969 605 xxxut,
1005 537 1117 608 i8).
1151 537 1222 593 Et
1246 538 1408 595 Pater
1428 540 1494 596 ad
1519 555 1645 597 eum
1669 543 1910 614 loquitur
1936 563 1951 599 :

357 623 499 682 Sede
518 643 550 680 a
580 626 777 707 dextris
804 630 954 699 meis,
978 628 1141 684 donec
1160 632 1602 700 ponantinimicos
1616 642 1732 691 tuos
1756 636 1957 692 scabel-

354 717 466 773 lum
507 720 697 789 pedum
740 730 947 776 tuorum
997 721 1173 793 (Psal.
1207 740 1317 790 ets,
1353 727 1376 781 1
1407 743 1422 791 ;
1457 725 1648 781 Matth.
1682 743 1817 795 xm,
1844 728 1952 796 44;

354 810 483 867 Luc.
518 828 613 879 xx,
634 812 753 884 45).
798 814 970 881 Quem
994 816 1222 871 adorant
1247 818 1349 888 [itii
1377 822 1541 891 patris
1568 826 1719 896 ejus;
1764 837 1956 881 omnes

355 904 615 962 videlicet
641 923 738 977 per
783 923 908 963 eum
940 908 1181 979 adoptati
1214 911 1268 966 in
1311 912 1551 968 ﬁliorum
1586 914 1913 986 dignitatem
1934 958 1949 983 ,

351 998 504 1068 juxta
552 999 698 1069 quod
734 1000 1034 1070 Apostolus
1065 1003 1305 1073 loquitur
1332 1023 1343 1058 :
1404 1003 1474 1060 Ut
1502 1006 1557 1059 in
1585 1008 1796 1062 nomine
1823 1006 1955 1064 Jesu

354 1107 501 1146 omne
526 1107 661 1165 genu
686 1092 951 1163 ﬂectatur,
982 1093 1283 1163 caelestium,
1311 1097 1622 1151 terrestrium
1653 1107 1700 1151 et
1721 1099 1955 1169 inferno-

351 1200 492 1240 rum.

427 1277 481 1332 ὅ.
524 1276 824 1348 Sequitur:
885 1279 1102 1336 Catulus
1149 1281 1313 1336 leonis
1338 1280 1526 1338 Iuda:
1569 1284 1641 1338 ad
1687 1283 1949 1353 prwdam,

354 1368 435 1438 ﬁli
464 1372 536 1424 mi
558 1415 573 1440 ,
627 1373 909 1428 ascendisti
930 1390 950 1428 :
1002 1375 1320 1446 requiescens
1347 1376 1636 1431 accubuisti
1663 1386 1722 1431 ut
1758 1378 1859 1445 leo,
1906 1385 1953 1433 et

351 1464 505 1531 quasi
530 1463 698 1519 letena
732 1482 745 1519 :
776 1467 894 1537 quis
922 1468 1192 1522 suscitabit
1232 1484 1347 1522 eum
1371 1471 1396 1523 ?
1451 1469 1725 1537 Quantum
1755 1470 1954 1527 attinet

353 1553 422 1610 ad
464 1555 812 1626 superﬁciem
854 1556 1083 1628 litterae,
1138 1558 1403 1617 fortitudo
1453 1576 1644 1632 regum
1686 1578 1716 1616 a
1775 1562 1952 1635 stirpe

350 1645 489 1703 Juda
528 1647 984 1706 descendentium
1032 1666 1129 1721 per
1159 1652 1275 1709 haec
1318 1654 1484 1710 verba
1517 1656 1945 1727 praeﬁguratur:

350 1741 573 1812 qualem
615 1743 834 1799 beatum
887 1745 1053 1800 David
1101 1746 1268 1802 fuisse
1313 1747 1569 1818 legimus,
1622 1758 1673 1803 et
1721 1749 1944 1803 beatum

2060 543 2295 600 reditum
2324 546 2393 603 de
2420 547 2724 619 Babylone,
2769 564 2893 604 cum
2926 560 3075 605 esset
3107 551 3372 621 pontifex,
3405 552 3510 607 sibi
3541 552 3663 608 dia-

2059 637 2218 694 dema
2268 641 2531 711 imposuit
2582 650 2639 696 et
2684 657 2866 713 regem
2896 657 2957 699 se
2987 642 3310 700 declaravit.
3356 643 3659 716 Itidemque

2057 744 2407 785 successores
2454 732 2604 801 ejus,
2650 746 2937 803 usquequo
2970 734 3135 789 rebus
3164 734 3405 791 Judaicis
3437 735 3659 807 lapsan-

2060 820 2224 885 tibus,
2273 832 2329 876 et
2380 823 2615 878 Hircano
2657 822 2849 879 ultimo
2879 840 3010 895 rege
3034 825 3347 882 Judaeorum
3379 828 3656 883 extremis

2059 916 2220 971 malis
2253 926 2276 955 ο
2310 916 2519 983 addito,
2572 934 2799 989 regnum
2831 935 2860 973 a
2890 917 3105 975 Caesare
3135 924 3380 992 Augusto
3407 919 3659 976 Herodes

2057 1008 2363 1080 alienigena
2410 1010 2651 1080 suscepit
2705 1010 3016 1067 Iudaicum.
3056 1011 3226 1083 Cujus
3254 1024 3525 1082 tempore,
3558 1026 3651 1067 se-

2057 1101 2294 1156 cundum
2348 1102 2488 1157 hanc
2536 1102 2879 1173 prophetiam
2945 1114 2999 1158 et
3062 1103 3340 1175 Evangelii
3404 1104 3655 1159 testimo-

2057 1196 2231 1262 nium,
2269 1196 2314 1253 is
2338 1198 2427 1265 qui
2454 1197 2735 1252 mittendus
2760 1206 2873 1253 erat
2922 1196 3143 1268 (Matth.
3177 1214 3238 1265 II,
3273 1198 3351 1270 i),
3385 1198 3652 1255 Dominus

2056 1298 2111 1345 et
2133 1289 2380 1345 Salvator
2413 1299 2601 1346 noster
2625 1290 2865 1348 advenit.

2123 1381 2177 1437 6.
2213 1381 2403 1454 Ligans
2442 1384 2510 1437 ad
2534 1384 2731 1439 vineam
2759 1383 2964 1454 pullum
2989 1401 3167 1452 suum,
3214 1394 3262 1439 et
3286 1386 3355 1440 ad
3399 1387 3572 1454 vitem,
3608 1405 3639 1442 ο

2054 1471 2134 1542 ﬁli
2162 1473 2231 1526 nti
2257 1517 2272 1541 ,
2307 1474 2511 1529 asinam
2538 1491 2688 1529 suam
2713 1473 2869 1546 (Gen.
2900 1491 3048 1543 xm,
3092 1474 3209 1546 ii).
3244 1476 3352 1530 IIac
3380 1480 3658 1547 composi-

2056 1566 2205 1619 tione
2230 1565 2522 1621 verborum
2554 1566 2963 1622 demonstratur
2988 1609 3003 1634 ,
3038 1582 3146 1622 non
3177 1566 3244 1622 ad
3277 1566 3496 1633 Iudam,
3524 1568 3655 1625 bea-

2055 1664 2165 1711 tum
2193 1655 2362 1712 Iacob
2392 1657 2561 1728 loqui,
2611 1658 2709 1713 sed
2754 1657 2822 1713 de
2865 1674 2931 1714 eo
2975 1658 3182 1730 utique,
3231 1660 3318 1728 qui
3369 1660 3652 1715 mittendus

2051 1758 2206 1813 erat;
2238 1750 2328 1819 qui
2355 1751 2499 1804 enim
2527 1750 2594 1803 ad
2628 1749 2795 1804 ﬁlium
2842 1750 3091 1821 loquens,
3127 1767 3158 1804 ο
3187 1751 3265 1821 Ιίιί
3293 1753 3364 1805 nti
3392 1752 3546 1822 dicit,
3594 1763 3656 1808 et

351 1834 661 1903 Ezechiam,
696 1847 751 1893 et
779 1846 1013 1895 caeteros
1039 1856 1286 1912 quosque
1312 1842 1405 1913 qui
1433 1842 1709 1898 divinitati
1744 1842 1942 1898 humil-
1974 1833 2023 1893 B
2048 1842 2254 1898 addidit
2284 1843 2487 1914 pullum
2511 1853 2653 1897 tuum
2678 1843 2766 1899 vel
2794 1845 2996 1899 asinam
3018 1854 3183 1912 tuam,
3206 1844 3651 1902 manifeStissime

354 1927 486 1985 limc
513 1929 839 1989 famulantes
858 1975 874 2000 ,
917 1935 1063 1991 vires
1092 1935 1354 2002 hostium,
1383 1951 1449 1992 eo
1471 1936 1735 2003 donante,
1770 1939 1945 1992 instar

356 2021 532 2077 leonis
563 2032 620 2078 et
648 2023 837 2080 leaenae
875 2026 1232 2098 subegerunt,
1283 2038 1338 2083 et
1367 2028 1503 2084 adeo
1540 2029 1740 2084 terrori
1767 2028 1941 2084 hosti-

354 2113 458 2170 bus
486 2116 847 2182 esstiterunt,
878 2126 939 2173 ut
973 2119 1159 2174 nullus
1199 2134 1297 2175 eos
1322 2119 1580 2177 lacessire
1607 2121 1674 2176 ad
1707 2136 1943 2192 pugnam

350 2206 508 2277 quasi
554 2209 903 2275 quiescentes
958 2221 1360 2281 praesumeret:
1419 2210 1574 2283 cujus
1636 2213 1714 2268 rei
1768 2220 1944 2270 testes

351 2308 480 2353 sunt
508 2298 635 2354 libri
667 2300 897 2371 Regum.

424 2391 481 2446 4.
523 2391 728 2463 Typice
755 2402 936 2451 autem
965 2395 1201 2450 catulum
1228 2396 1392 2452 leonis
1423 2398 1712 2461 Dominum
1751 2399 1944 2456 Salva-

353 2492 528 2539 torem
560 2485 829 2555 appellat,
858 2495 1135 2560 tamquam
1166 2491 1384 2546 leonina
1416 2502 1599 2546 ortum
1648 2495 1897 2565 prosapia
1924 2512 1938 2561 ;

350 2576 602 2634 videlicet
634 2580 780 2650 regia
815 2581 992 2652 stirpe
1032 2584 1408 2653 progenitum.
1460 2584 1608 2641 Bene
1638 2595 1822 2642 autem
1853 2605 1942 2643 ca—

352 2671 496 2725 tulus
540 2672 701 2727 leonis
746 2685 996 2741 vocatur,
1045 2677 1202 2744 cujus
1249 2684 1438 2731 natura
1478 2691 1600 2734 esse
1628 2678 1848 2745 dicitur,
1882 2692 1941 2736 ut

352 2781 582 2824 nascens
631 2770 807 2827 tribus
849 2771 1046 2829 diebus
1092 2773 1364 2842 dormiat,
1397 2775 1600 2831 deinde
1632 2776 1811 2846 rugitu
1845 2790 1940 2846 pa-

351 2873 509 2920 terno
534 2867 803 2923 excitatus
825 2878 1095 2941 assurgat.
1114 2870 1248 2939 Quae
1270 2871 1445 2943 ﬁgura
1469 2872 1839 2942 pulcherrime
1855 2888 1943 2927 ar-

350 2956 494 3012 ridet
516 2958 812 3016 Dominicae
832 2962 1184 3029 dormitioni;
1209 2980 1313 3034 qua
1345 2974 1371 3001 ει
1395 2965 1569 3020 tribus
1592 2965 1788 3020 diebus
1815 2965 1940 3019 dor-

350 3050 527 3105 miens
554 3051 622 3107 ad
645 3052 1097 3111 Patremclamat:
1118 3055 1196 3110 Tu
1220 3065 1415 3124 autem,
1442 3057 1684 3125 Domine,
1705 3058 1943 3112 miserere

2050 1934 2116 1989 de
2145 1951 2212 1990 eo
2241 1935 2504 2005 loquitur,
2529 1951 2688 2006 quem
2720 1938 2977 2006 superius
3022 1938 3346 1993 mittendum
3380 1939 3650 2008 praedixe-

2048 2036 2133 2082 rat
2163 2046 2175 2082 :
2218 2028 2387 2095 Quem
2422 2028 2655 2098 legimus
2681 2026 2900 2100 (Matth.
2934 2045 3050 2094 ut,
3081 2027 3200 2100 5-7)
3242 2030 3547 2085 venientem
3591 2031 3644 2086 in

2049 2119 2386 2176 Hierusalem
2418 2121 2473 2175 in
2505 2136 2634 2176 usus
2666 2121 2922 2178 habuisse
2952 2120 3159 2176 asinam
3199 2131 3255 2177 et
3285 2122 3513 2192 pullum,
3546 2136 3649 2177 nec

2049 2226 2229 2271 tamen
2281 2231 2374 2270 eos
2422 2216 2490 2271 ad
2537 2216 2751 2271 vineam
2797 2216 2881 2271 vel
2929 2219 3095 2272 vitem
3129 2216 3295 2272 fuisse
3333 2216 3641 2288 colligatos.

2048 2306 2236 2363 Restat
2261 2323 2412 2379 ergo,
2446 2317 2504 2362 ut
2534 2307 2587 2363 in
2622 2306 2704 2362 his
2736 2307 2921 2362 verbis
2942 2307 3078 2361 nihil
3100 2307 3425 2363 historicum
3457 2308 3646 2378 requi-

2049 2410 2220 2467 ratur,
2254 2400 2349 2456 sed
2381 2411 2549 2455 totum
2585 2400 2765 2472 typice
2794 2399 3003 2455 dictum
3033 2399 3389 2471 intelligatur.
3434 2399 3650 2471 Ligavit

2047 2496 2191 2550 enim
2229 2495 2492 2550 Dominus
2513 2505 2569 2552 et
2596 2496 2850 2551 Salvator
2884 2495 2951 2550 ad
2981 2495 3195 2551 vineam
3228 2496 3434 2566 pullum
3462 2511 3645 2562 suum,

2046 2588 2267 2660 quando
2312 2588 2573 2660 populum
2626 2589 2909 2643 nationum
2980 2587 3300 2643 indomitum
3360 2589 3649 2659 praeceptis

2046 2680 2293 2736 subdidit
2337 2680 2727 2751 Apostolorum
2751 2694 2816 2736 ex
2851 2680 3007 2736 vinea
3052 2679 3278 2735 Iudaica
3330 2688 3647 2750 procreato-

2048 2789 2193 2839 rum,
2244 2773 2311 2827 de
2347 2788 2452 2843 qua
2500 2773 2666 2828 Isaias
2698 2790 2710 2827 :
2747 2771 2910 2828 Vinea
2952 2772 3088 2827 enim
3120 2771 3335 2827 Domini
3373 2772 3591 2828 sabaoth
3622 2814 3638 2839 ,

2047 2869 2235 2923 domus
2261 2880 2335 2924 est
2362 2866 2533 2922 Israel
2561 2865 2699 2941 (Isa.
2731 2884 2786 2934 v,
2820 2868 2901 2938 7).
2930 2867 3193 2938 Alligavit
3231 2867 3393 2923 etiam
3440 2868 3508 2921 ad
3556 2867 3642 2922 vi-

2047 2973 2178 3031 tem,
2212 2964 2264 3019 id
2296 2970 2384 3019 est
2406 2962 2730 3029 Ecclesium,
2763 2963 2972 3018 asinam
3006 2976 3184 3028 suam,
3217 2961 3471 3016 videlicet
3498 2962 3640 3031 Syn-

2046 3073 2303 3128 agogam,
2340 3072 2501 3127 quam
2553 3057 2606 3110 in
2649 3056 2755 3111 ﬁne
2802 3056 2990 3112 smculi
3027 3070 3058 3110 a
3100 3055 3321 3123 perﬁdia
3373 3067 3641 3109 revocans

350 3143 468 3210 mei,
499 3154 545 3198 et
573 3146 824 3200 resuscita
852 3164 931 3202 me
957 3146 1134 3220 (Psul.
1172 3164 1264 3216 η,
1298 3149 1412 3221 Η).
1440 3149 1550 3205 Sed
1584 3150 1941 3205 resuscitatus
1988 3219 2005 3221 _
2042 3152 2170 3221 jugo
2204 3151 2335 3220 legis
2367 3165 2684 3220 oppressam
2708 3149 3058 3221 discipulatui
3078 3164 3198 3205 eam
3228 3146 3424 3204 subdet
3449 3145 3643 3203 Eccle-

348 3236 417 3291 ad
448 3239 685 3307 prtedam
717 3240 998 3307 ascendit;
1030 3242 1155 3313 quia
1185 3219 1500 3314 exspolians
1530 3243 1827 3310 infernum,
1853 3242 1941 3313 ju-
1967 3219 2014 3283 (ἶ
2044 3219 2162 3310 sim,
2195 3219 2356 3313 atque
2385 3219 2457 3297 ita
2488 3243 2575 3312 ﬁet
2605 3258 2741 3296 unus
2761 3219 2909 3315 gres,
2939 3251 2987 3295 et
3006 3257 3140 3295 unus
3160 3248 3340 3313 pastor
3369 3237 3551 3311 (Joan.
3582 3254 3639 3306 ι,

349 3340 463 3385 stos
510 3348 755 3404 quosque
785 3333 851 3389 ad
881 3349 1112 3404 superna
1143 3352 1326 3390 secum
1378 3345 1656 3407 tamquam
1700 3337 1937 3407 praedam

348 3424 626 3495 egregiam
675 3425 1064 3496 triumphando
1094 3429 1300 3482 evexit.
1350 3426 1452 3496 Qui
1482 3438 1537 3481 ut
1574 3426 1675 3496 leo,
1702 3436 1758 3483 et
1785 3428 1938 3498 quasi

348 3522 404 3570 ut
431 3514 595 3571 leaena
625 3518 903 3585 accubuit;
952 3519 1078 3588 quia
1106 3520 1200 3589 qui
1230 3518 1475 3574 dormire
1504 3534 1600 3589 per
1629 3533 1852 3575 carnem
1881 3519 1935 3574 in

346 3608 600 3677 sepulcro
628 3610 821 3674 voluit,
852 3612 1004 3680 quasi
1040 3612 1125 3666 leo
1155 3612 1336 3666 victor
1362 3610 1431 3667 de
1462 3610 1714 3666 hostibus
1752 3612 1940 3665 trium-

346 3697 556 3769 pltavit.
584 3700 738 3768 Quod
769 3713 951 3756 autem
980 3701 1258 3772 subjungit
1284 3719 1295 3755 :
1334 3702 1461 3770 Quis
1482 3702 1749 3757 suscitabit
1787 3716 1935 3769 eum,

344 3790 689 3859 subauditur,
723 3792 825 3845 nisi
854 3791 1057 3846 Pater?
1106 3792 1296 3847 Nullus
1320 3793 1466 3847 enim
1495 3807 1605 3847 non
1632 3792 1810 3846 dicam
1843 3790 1943 3846 bo-

347 3881 553 3937 minum
598 3883 955 3950 caducorum,
1006 3883 1101 3939 sed
1136 3898 1236 3938 nec
1267 3883 1502 3952 quilibet
1529 3883 1861 3953 Angelorutn
1885 3881 1937 3949 δ,

346 3974 452 4029 nisi
486 3975 533 4028 is
564 3975 635 4030 de
662 3990 770 4044 quo
799 3974 996 4029 Petrus
1025 3975 1310 4045 apostolus
1341 3974 1476 4030 dixit
1500 3975 1704 4030 .Iudteis
1731 3992 1744 4028 :
1777 3974 1941 4040 Quem

345 4065 489 4122 Deus
508 4069 774 4124 suscitavit
802 4086 834 4122 a
855 4070 1093 4133 mortuis,
1120 4070 1271 4141 cujus
1294 4087 1385 4124 nos
1413 4079 1559 4125 testes
1586 4085 1764 4124 sumus
1796 4068 1935 4139 (Act.

344 4176 427 4231 III,
462 4161 576 4235 15).

417 4255 470 4311 5.
515 4255 638 4311 Non
678 4257 942 4327 auferetur
967 4267 1232 4326 sceptrum
1282 4256 1346 4310 de
1383 4254 1549 4322 Iuda,
1599 4273 1691 4310 nec
1735 4255 1845 4308 dua:
1878 4254 1942 4308 de

343 4350 621 4420 femoribus
678 4354 824 4424 ejus,
872 4350 1031 4405 donec
1074 4353 1244 4404 veniat
1290 4351 1381 4421 qui
1429 4349 1708 4403 mittendus
1753 4356 1862 4402 est:
1891 4356 1941 4401 et

343 4442 455 4512 ipse
485 4444 583 4498 erit
623 4442 935 4515 exspectatio
985 4444 1213 4514 gentiunt
1269 4440 1422 4513 (Gen.
1460 4457 1609 4507 XLIX,
1644 4439 1757 4510 10).
1811 4439 1940 4495 Haec

342 4538 617 4593 sententia
667 4539 875 4593 clarius
916 4539 1039 4593 luce
1082 4553 1111 4592 a
1145 4537 1402 4593 ﬁdelibus
1434 4536 1777 4606 intelligitur,
1811 4535 1939 4605 quia

2046 3334 2138 3405 16)
2166 3350 2180 3400 ;
2205 3344 2261 3391 et
2282 3334 2580 3390 secundum
2624 3333 2767 3389 beati
2797 3333 3075 3388 Zachariae
3100 3331 3493 3398 testimonium,
3525 3330 3644 3384 dua:

2043 3423 2241 3499 virga."l
2262 3428 2368 3483 illte
2381 3426 2786 3498 capulabuntur,
2817 3435 2863 3481 et
2884 3436 3033 3480 erunt
3054 3426 3110 3480 in
3140 3427 3384 3481 unionem
3410 3425 3465 3479 in
3484 3439 3645 3477 manu

2043 3518 2279 3574 Domini.

2116 3610 2168 3663 7.
2211 3609 2424 3664 Lavabit
2453 3611 2570 3664 vino
2594 3611 2781 3664 stolam
2809 3626 2982 3673 suam,
3015 3619 3063 3663 et
3092 3609 3347 3679 sanguine
3390 3622 3502 3662 uva:
3528 3604 3647 3678 pal-

2042 3702 2172 3757 lium
2200 3720 2352 3756 suum
2384 3701 2539 3774 (Gen.
2575 3717 2729 3767 χιιι,
2764 3701 2877 3771 H).
2911 3693 3116 3756 Idioma
3148 3698 3402 3755 Hebraici
3427 3706 3646 3754 constat

2043 3809 2168 3851 esse
2212 3796 2504 3859 sermonis,
2536 3804 2592 3847 ut
2622 3808 2787 3848 unam
2835 3793 3194 3862 eamdemque
3245 3806 3361 3847 rem
3408 3790 3644 3846 diversis

2044 3887 2391 3943 sermonibus
2439 3894 2673 3957 repetat,
2724 3894 2784 3941 ut
2828 3886 2936 3940 hic.
2964 3885 3103 3954 Quid
3127 3892 3212 3940 est
3236 3884 3380 3940 enim
3429 3883 3641 3953 vinum,

2044 3982 2148 4036 nisi
2176 3982 2394 4052 sanguis
2427 3981 2591 4036 uvae?
2631 3980 2738 4037 Sed
2768 3989 3034 4051 quantum
3082 3979 3278 4034 litterae
3321 3976 3644 4049 superﬁcies

2042 4074 2438 4143 inconsequens
2466 4082 2550 4127 est
2576 4070 2783 4142 (nullus
2834 4070 2980 4127 enim
3011 4070 3095 4125 vel
3125 4071 3345 4138 stolam,
3392 4068 3481 4124 vel
3530 4068 3641 4140 pal-

2044 4164 2175 4219 lium
2209 4165 2336 4219 vino
2367 4162 2564 4236 lavat),
2600 4172 2808 4218 tantum
2834 4162 3066 4233 gratiori
3114 4161 3475 4232 intelligentia
3500 4161 3643 4215 inte-

2044 4257 2157 4311 rius
2204 4257 2641 4313 commendatur.
2693 4256 2946 4312 Salvator
2994 4270 3228 4326 namque
3275 4254 3401 4309 vino
3438 4253 3641 4308 stolam

2043 4363 2222 4415 suam,
2253 4359 2310 4403 et
2338 4352 2601 4419 sanguine
2638 4364 2756 4421 uva:
2804 4348 3029 4418 pallium
3078 4363 3236 4402 suum
3296 4345 3462 4412 lavit,
3513 4345 3645 4415 quia

2043 4440 2289 4511 pendens
2319 4443 2374 4495 in
2403 4455 2567 4496 cruce
2598 4442 2824 4511 proprio
2869 4441 3133 4511 sanguine
3157 4454 3368 4496 sacram
3417 4453 3640 4494 carnem

2044 4548 2163 4602 quae
2190 4532 2329 4586 Stola
2363 4532 2506 4587 illius
2538 4530 2659 4595 fuit,
2695 4531 2944 4599 perfundi
2972 4532 3163 4587 voluit.

344 4631 551 4685 tamdiu
596 4646 710 4687 sua:
751 4632 931 4701 gentis
992 4630 1328 4702 principibus
1362 4646 1427 4685 ac
1473 4599 1706 4684 ducibus
1744 4599 1937 4685 iisdem
1964 4599 2021 4659 Β
2063 4599 2073 4602 ν
2116 4625 2171 4680 8.
2212 4623 2468 4696 Sequitur
2503 4642 2516 4679 :
2573 4623 2907 4679 Pulcltriores
2936 4634 3056 4678 sunt
3096 4623 3236 4679 oculi
3264 4625 3380 4694 ejus
3426 4623 3565 4692 vino,
3597 4631 3644 4677 et

343 4724 578 4794 populus
608 4725 919 4794 regebatur,
968 4738 1260 4796 quousque
1303 4723 1565 4778 Dominus
1603 4730 1663 4777 et
1689 4723 1939 4777 Salvator

343 4829 534 4873 nOSter
557 4817 792 4884 veniret,
825 4817 916 4887 qui
958 4816 1257 4871 mittendus
1287 4822 1407 4870 erat
1436 4833 1465 4867 τι
1504 4814 1688 4869 Patre.
1721 4814 1823 4882 Qui
1856 4823 1943 4870 est

341 4901 657 4981 exspectatio
684 4910 954 4984 gentium;
990 4909 1113 4980 quia
1142 4907 1400 4964 videlicet
1426 4908 1633 4963 tamdiu
1663 4908 1808 4963 Deus
1838 4908 1941 4962 Pa-

345 5010 431 5056 ter
477 5012 670 5070 gentes
721 5002 788 5057 ad
834 5000 1216 5072 paenitentiam
1265 5000 1623 5069 exspectavit,
1654 5015 1941 5070 quousque

342 5108 441 5163 per
470 5094 588 5148 Filii
617 5095 701 5150 sui
728 5094 1020 5149 adventum
1045 5094 1112 5148 ad
1140 5095 1504 5164 cognitionem
1532 5107 1685 5148 suam
1718 5093 1787 5146 ab
1820 5092 1937 5146 ido-

341 5185 576 5242 lolatriae
597 5187 811 5243 cultura
839 5202 935 5243 eos
967 5197 1274 5243 revocaret.
1302 5185 1439 5241 Nam
1468 5186 1585 5240 sive
1612 5186 1663 5239 in
1700 5184 1928 5257 Babylo-

342 5292 469 5332 nem
504 5278 805 5335 transducti
857 5278 1057 5332 iuerint
1102 5277 1309 5341 Judaei,
1354 5291 1575 5347 semper
1599 5276 1701 5331 sibi
1732 5291 1942 5347 praepo-

341 5368 437 5424 siti
464 5384 533 5424 ex
566 5384 664 5424 sua
692 5380 856 5441 gente
887 5369 1136 5423 fuerunt:
1182 5383 1281 5423 seu
1310 5368 1517 5423 reversi
1544 5382 1609 5424 ex
1638 5368 1936 5438 Babylone,

341 5481 629 5537 quousque
653 5466 899 5523 Herodes
919 5464 1229 5534 alienigena
1257 5479 1350 5518 rex
1383 5463 1465 5519 eis
1484 5463 1940 5519 constitueretur:

342 5567 399 5614 et
435 5572 530 5628 per
576 5557 868 5628 pontiﬁces
895 5571 1112 5613 summa
1152 5570 1343 5610 eorum
1369 5554 1683 5625 regebatur,
1736 5569 1941 5625 quous-

417 5773 444 5837 9
482 5763 584 5837 γει
606 5766 719 5837 qui,
747 5764 833 5821 vel
850 5766 1007 5837 quia.

418 5834 446 5874 ι’
486 5831 720 5894 Videtur
750 5831 978 5892 verbum
1008 5832 1228 5906 aliquod
1261 5831 1348 5889 hic
1373 5831 1691 5890 desiderari.

2042 4718 2219 4773 dentes
2245 4719 2357 4789 ejus
2383 4718 2516 4771 lacte
2539 4715 2870 4770 candidiores
2901 4715 2952 4783 (1
2963 4715 3098 4780 bid.,
3146 4715 3261 4783 12).
3314 4712 3468 4769 Oculi
3517 4712 3644 4769 Sal-

2042 4810 2248 4868 vatoris
2293 4811 2641 4883 pulchriores
2698 4807 2827 4863 vino
2875 4808 3279 4878 praedicantur,
3330 4806 3457 4876 quia
3500 4804 3642 4860 dona

2042 4904 2280 4975 Spiritus
2308 4906 2480 4962 sancti
2511 4920 2631 4975 quae
2656 4918 2754 4973 per
2783 4900 3059 4958 Christum
3103 4898 3483 4969 conferuntur,
3515 4912 3642 4969 spe-

2043 4998 2282 5053 ciosiora
2313 5000 2443 5053 vino
2472 4997 2630 5067 legali
2659 4995 3109 5065 comprobantur.
3156 4990 3292 5046 Nam
3323 4990 3470 5062 quod
3501 4990 3643 5045 oculi

2044 5088 2347 5146 Salvaturis
2369 5090 2510 5144 dona
2531 5088 2774 5158 Spiritus
2794 5087 2970 5142 sancti
2998 5084 3328 5155 signiﬁcent,
3352 5082 3645 5139 Zacharias

2044 5194 2275 5240 testatur
2287 5184 2554 5254 propheta
2569 5180 2829 5237 dicendo:
2849 5180 3020 5249 Super
3035 5176 3267 5248 lapidem
3281 5192 3444 5231 unum
3456 5184 3648 5248 septem

2044 5276 2184 5332 oculi
2205 5287 2325 5330 sunt
2357 5275 2541 5347 (Zach.
2573 5290 2664 5343 Ill,
2698 5273 2790 5344 9);
2839 5286 2976 5342 quos
3022 5269 3187 5325 Isaias
3232 5273 3520 5323 enumerat
3564 5265 3648 5319 di-

2042 5370 2216 5426 cendo
2251 5387 2264 5424 :
2300 5369 2535 5439 Spiritus
2563 5368 2831 5440 sapientiae
2859 5375 2906 5420 et
2930 5364 3247 5428 intellectus,
3282 5362 3496 5435 spiritus
3521 5375 3647 5413 con-

2044 5463 2150 5519 silii
2178 5473 2225 5517 et
2251 5460 2597 5534 fortitudinis,
2627 5460 2841 5530 spiritus
2866 5457 3092 5512 scientia:
3117 5464 3163 5508 et
3193 5453 3420 5523 pietatis,
3458 5458 3505 5505 et
3532 5449 3644 5517 spi-

2044 5558 2180 5612 ritus
2201 5556 2403 5611 timoris
2427 5552 2639 5609 Domini
2662 5552 2800 5627 (Isa.
2826 5567 2903 5619 ιι,
2947 5550 3005 5617 2,
3037 5549 3120 5619 ὅ).
3163 5545 3264 5613 Qui
3306 5542 3647 5616 pulchriores

2120 5772 2141 5800 ε
2172 5762 2341 5817 Forte
2364 5761 2595 5816 addicto.

2117 5831 2145 5868 ά
2179 5832 2275 5889 Vel
2305 5832 2407 5889 illi.
