4206 6174
519 262 623 319 727

1555 261 1831 316 PAULINI
1871 259 2152 316 DIACONI
2193 260 2758 318 MEDIOLANENSIS

3705 261 3808 318 738

516 390 570 436 te
603 391 650 448 ι,
675 382 961 447 discimus,
986 396 1093 435 non
1122 380 1307 435 haberi
1335 380 1385 432 in
1411 378 1641 433 Hebraeo
1673 394 1849 431 cervus
1874 378 2109 443 emissus,
2143 399 2191 455 Α
2219 378 2301 432 illi
2346 378 2586 433 habentes
2619 377 2804 449 jacula
2836 394 2853 431 :
2886 375 3159 446 Numquid
3203 392 3297 430 rea:
3340 385 3511 431 noster
3557 376 3691 431 eris?
3723 383 3806 430 aut

515 474 612 528 sed
641 490 765 545 ager
793 474 1033 544 irrigans,
1062 480 1117 525 et
1143 468 1443 539 signiﬁcari
1477 484 1575 539 per
1616 484 1803 539 agrum
1854 469 2116 537 irriguum

516 568 826 622 ubertatem
851 566 1157 620 calidarum
1183 579 1466 632 aquarum,
1494 579 1619 633 quzc
1652 564 1703 617 in
1734 562 1992 617 suburbio
2021 560 2115 615 Ti-

518 662 759 716 beriadis
803 660 1272 715 abundantissime
1313 658 1634 713 exuberant.
1668 659 1923 712 Attamen
1957 655 2117 709 tradi-

517 756 593 809 tio
623 754 979 809 llebrzrorum
1019 762 1127 817 est,
1162 753 1301 807 hanc
1328 753 1603 807 civitatem
1632 751 2013 805 mandatorum
2036 748 2139 803 di-A

515 845 769 900 vinorum
801 846 969 899 fuisse
999 844 1496 909 studiosissimam;
1531 858 1594 898 ac
1648 859 1740 911 pcr
1780 844 1884 897 hoc
1928 857 2116 912 agrum

517 938 779 1007 irriguum
810 936 1120 1007 signiIiCare
1153 938 1467 992 docentium
1497 936 1881 1007 magistrorum
1910 935 2118 989 uberri-

516 1046 660 1084 mam
701 1030 1031 1094 doctrinam,
1064 1046 1183 1101 quaa
1218 1032 1585 1100 ignorantium
1620 1031 1782 1085 corda
1812 1032 1961 1100 quasi
1994 1031 2117 1100 qui-

515 1121 639 1175 dam
672 1121 819 1175 rivus
846 1122 913 1174 ad
956 1123 1319 1190 proferendos
1352 1122 1725 1191 intelligentia:
1763 1122 1970 1176 fruetus
2003 1122 2122 1176 iue-

517 1213 697 1267 briare
725 1212 928 1266 soleret
958 1211 985 1249 δ
1012 1229 1025 1276 ;
1058 1223 1112 1266 ει
1143 1213 1244 1267 hoc
1275 1215 1473 1282 exponi
1508 1215 1560 1267 in
1592 1212 1963 1283 inferioribus,
1994 1229 2117 1268 eum

517 1304 722 1359 dicitur
751 1323 763 1357 :
794 1305 925 1358 dans
956 1306 1164 1375 eloquia
1186 1305 1611 1377 pulchritudinis.

591 1398 646 1449 2.
670 1396 778 1450 Nos
812 1406 993 1451 autem
1020 1412 1115 1466 per
1144 1397 1490 1467 Nephthalim
1518 1408 1737 1452 sanetos
1767 1398 2120 1468 intelligimus

518 1488 910 1557 przedicatores
957 1489 1211 1543 Ecclesize
1240 1532 1253 1553 ,
1300 1491 1389 1559 qui
1423 1491 1572 1544 missi
1619 1489 1685 1544 ad
1732 1502 1975 1546 sanctam
2017 1492 2119 1546 Ec-

515 1582 765 1648 clesiam,
811 1598 962 1637 more
1007 1599 1293 1638 cervorum
1343 1584 1472 1639 dare
1522 1584 1696 1639 saltus
1747 1584 2121 1654 intelligentia:

516 1684 820 1741 noverunt,
865 1686 1026 1745 atque
1080 1678 1566 1746 contemplationis
1610 1686 1824 1731 montes
1874 1687 1898 1716 ε
1952 1679 2122 1732 intre-

515 1766 642 1835 pide
672 1768 1079 1835 conscendere,
1113 1778 1168 1823 et
1211 1770 1291 1823 sic
1337 1769 1553 1838 populis
1593 1770 1799 1840 eloquia
1830 1769 2122 1841 pulchritu-

516 1860 653 1913 dinis
682 1859 808 1912 dare
837 1877 855 1913 :
886 1872 943 1914 ut
972 1862 1117 1930 quod
1149 1861 1225 1915 illi
1267 1862 1321 1916 in
1362 1861 1651 1916 altitudine
1690 1862 2114 1930 contemplatio-

518 1951 601 2005 nis
634 1953 903 2008 sublevati
935 1954 1246 2019 didicerint,
1284 1956 1385 2010 hoc
1414 1954 1647 2010 inferius
1672 1955 1865 2025 positis
1898 1966 2120 2010 strenue

516 2046 851 2101 ministrent.

1148 2141 1377 2197 CAPUT
1415 2140 1483 2195 X.

1039 2233 1342 2287 Benedictio
1370 2232 1588 2306 Ioseph.

591 2326 641 2378 1.
677 2322 849 2378 Filius
878 2341 1176 2379 accrescens
1202 2324 1422 2393 Ioseph,
1446 2326 1589 2394 ﬁlius
1609 2342 1928 2391 accrescens,
1953 2337 2001 2379 et
2029 2325 2119 2378 tle-

513 2434 665 2471 corus
694 2430 904 2491 aspectu
927 2417 1087 2489 (Gen.
1112 2435 1258 2486 xux,
1293 2419 1393 2484 22;
1430 2436 1619 2485 xxxix,
1651 2421 1682 2474 6
1704 2422 1743 2490 ).
1774 2420 1935 2475 Juxta
1970 2422 2121 2475 litte-

516 2526 633 2565 ram
666 2511 886 2581 quidem
920 2512 1112 2567 beatus
1134 2512 1302 2567 Jacob
1321 2513 1673 2581 przevidebat,
1698 2514 1892 2567 tribum
1916 2512 2117 2583 Joseph

514 2604 800 2660 innumera
831 2606 987 2674 prole
1014 2606 1448 2672 abundaturam;
1479 2607 1622 2661 unde
1659 2619 1713 2661 et
1748 2608 1983 2662 duarum
2026 2609 2119 2661 tri-

516 2697 683 2751 buum
717 2698 818 2752 luit
837 2710 1011 2768 pater,
1033 2700 1173 2753 sicut
1194 2699 1272 2754 eis
1295 2701 1548 2767 superius
1579 2700 1956 2755 benedicendo
1981 2716 2121 2769 pra:-

515 2789 751 2846 dixerat.
789 2793 939 2848 Unde
965 2794 1119 2864 quasi
1150 2794 1362 2848 duabus
1394 2794 1643 2848 tribubus
1670 2795 2000 2851 benedicens
2028 2810 2119 2850 re-

516 2883 709 2952 petivit
732 2899 743 2935 :
768 2883 914 2952 ﬁlius
937 2900 1252 2938 accrescens.

585 2974 640 3029 2.
672 2974 875 3043 Joseph
931 2986 1110 3031 autem
1163 2978 1213 3029 in
1248 2986 1376 3047 typo
1425 2978 1774 3047 prazcessisse
1819 2977 2117 3033 Salvatoris

514 3076 759 3135 constat,
793 3070 915 3139 quia
944 3068 1238 3141 Aﬁgyptum
1267 3070 1408 3125 fame
1451 3071 1796 3126 deiicientem
1841 3071 2116 3125 frumento

2220 470 2552 542 subjiciemur
2581 471 2766 524 ditioni
2791 466 2817 507 ιι
2851 480 2954 524 tua:
2985 466 3138 539 (Gen.
3169 484 3357 523 xxxvii
3377 509 3391 533 ,
3424 468 3516 538 8)?
3541 466 3695 523 Unde
3722 480 3808 521 su-

2223 567 2405 635 perius
2445 565 2646 620 dictum
2692 574 2773 620 est
2809 583 2819 618 :
2857 563 3165 618 Invidebant
3211 564 3369 634 igitur
3415 563 3463 615 ei
3505 566 3688 632 fratres
3733 560 3808 615 sui

2223 656 2376 728 (Gen.
2421 673 2640 718 xxxvut.
2686 659 2793 725 11).
2830 656 3102 711 Habebunt
3148 669 3333 710 autem
3370 655 3591 728 jacula;
3627 654 3677 708 id
3708 664 3810 720 est,

2221 751 2381 805 corda
2413 751 2477 803 ad
2504 750 2809 804 nocendum
2832 760 3036 819 parata.
3057 749 3208 805 Unde
3222 749 3290 804 de
3311 748 3512 804 iudicis
3537 748 3808 802 Dominum

2221 842 2531 897 interﬁcere
2573 843 2916 912 cupientibus
2948 842 3190 896 dicitur:
3230 840 3446 912 Sagitta:
3486 840 3812 911 parvulorum

2222 936 2371 1005 factm
2391 944 2509 987 sunt
2536 935 2704 1005 plaga:
2730 950 2905 987 eorum
2941 933 3057 1003 (Ps.
3088 948 3237 999 thu,
3259 932 3339 1000 9).

2290 1027 2345 1080 4.
2380 1028 2538 1080 .luxta
2570 1027 2831 1096 mysticos
2860 1035 3040 1079 autem
3076 1039 3272 1077 sensus
3295 1068 3309 1090 ,
3344 1022 3504 1091 ﬁlice,
3531 1021 3703 1077 Judtei
3732 1021 3812 1077 in-

2222 1121 2555 1190 telliguntur,
2583 1119 2675 1189 qui
2707 1118 2943 1174 feminea
2972 1127 3267 1171 censentur
3290 1114 3676 1185 appellatione,
3697 1116 3812 1184 quia

2224 1214 2593 1282 relinquentes
2615 1220 2637 1248 °
2660 1211 2946 1266 Dominum
2977 1221 3033 1263 et
3054 1208 3353 1263 SaIVatoris
3385 1207 3559 1261 nostri
3584 1205 3813 1281 solidam

2221 1305 2557 1371 doctrinam,
2608 1313 2662 1358 et
2708 1304 3054 1357 adhaerentes
3085 1301 3376 1355 Pharisaza:
3407 1297 3809 1367 superstitioni,

2224 1406 2404 1453 mente
2434 1397 2635 1451 turbati
2668 1406 2811 1450 sunt.
2848 1395 2980 1449 Nam
3027 1394 3106 1448 illi
3136 1394 3335 1463 quibus
3374 1391 3584 1446 solidus
3630 1404 3815 1445 sensus

2220 1492 2398 1556 deest,
2418 1502 2470 1546 et
2500 1505 2652 1545 mens
2678 1504 2866 1545 eorum
2894 1488 3040 1543 varia
3070 1486 3422 1541 ﬂuctuatione
3441 1484 3681 1551 vacillat,
3704 1498 3815 1537 mu-

2224 1585 2413 1638 lierum
2460 1585 2679 1639 nomine
2720 1582 2790 1636 ab
2829 1582 3094 1652 Apostolo
3141 1587 3452 1643 censentur,
3491 1577 3709 1632 dicente
3752 1575 3818 1632 de

2226 1678 2381 1733 malis
2408 1677 2767 1731 doctoribus:
2805 1675 2905 1743 Qui
2945 1683 3210 1746 penetrant
3259 1672 3459 1739 domos,
3504 1681 3550 1725 et
3594 1670 3818 1741 captivas

2153 1800 2193 1857 Β
2223 1773 2418 1826 ducunt
2446 1770 2781 1825 mulierculas
2808 1782 3043 1823 oneratas
3071 1768 3293 1839 peccatis
3322 1767 3366 1831 ί,
3395 1781 3595 1833 semper
3623 1765 3818 1817 discen-

2224 1875 2316 1927 tes,
2354 1874 2401 1917 et
2440 1880 2717 1931 numquam
2764 1862 2831 1915 ad
2878 1863 3145 1916 scientiam
3200 1860 3425 1913 veritatis
3471 1857 3821 1928 pervenientes

2223 1957 2301 2026 (ll
2332 1956 2468 2010 Tim.
2505 1972 2592 2021 ut,
2629 1956 2715 2022 6).
2744 1953 3109 2009 Discurrerunt
3152 1962 3337 2007 autem
3387 1966 3542 2018 super
3585 1963 3821 2014 murum,

2222 2051 2439 2122 quando
2469 2050 2893 2104 munitissimum
2927 2063 2985 2103 se
3019 2046 3294 2101 invenisse
3324 2053 3655 2114 putaverunt
3694 2056 3821 2095 con-

2221 2144 2428 2210 silium,
2462 2143 2680 2197 dicente
2708 2140 2911 2211 Caipha
2942 2158 2955 2193 :
2987 2139 3209 2211 Expedit
3240 2137 3411 2203 vobis,
3444 2146 3503 2189 ut
3541 2151 3679 2188 unus
3708 2150 3819 2186 mo-

2221 2236 2386 2289 riatur
2414 2251 2508 2305 pro
2537 2235 2732 2306 populo
2756 2234 2927 2299 homo,
2951 2241 2997 2286 et
3028 2247 3131 2285 non
3155 2238 3263 2283 tota
3289 2246 3411 2297 gens
3434 2236 3607 2296 pereat
3636 2223 3816 2297 (Joan.

2224 2347 2297 2392 xi,
2327 2329 2444 2400 50).
2472 2327 2926 2394 Exasperaverunt
2953 2335 3136 2379 autem
3166 2341 3302 2391 eum,
3327 2322 3543 2393 quando
3563 2320 3824 2391 quodam-

2224 2422 2385 2477 modo
2425 2420 2590 2476 ttcdio
2629 2419 3029 2474 incredulitatis
3065 2432 3254 2471 eorum
3299 2424 3609 2471 commotus
3637 2412 3772 2467 dixit
3802 2426 3821 2464 :

2226 2516 2270 2570 0
2292 2517 2553 2587 generatio
2574 2531 2754 2586 prava,
2783 2514 3027 2583 quamdiu
3051 2510 3189 2583 apud
3214 2527 3298 2563 vos
3320 2510 3446 2565 ero?
3465 2508 3717 2578 quamdiu
3736 2520 3819 2559 vos

2221 2611 2393 2679 patiar
2416 2607 2619 2681 (Marc.
2651 2623 2701 2661 ix
2723 2648 2737 2673 ,
2771 2605 2859 2676 19)
2880 2607 2902 2660 ?
2925 2606 3136 2677 Jurgati
3174 2613 3292 2657 sunt
3316 2646 3330 2668 ,
3363 2603 3612 2657 dicentes
3640 2619 3652 2656 :
3684 2600 3819 2665 Quo-

2222 2719 2379 2773 usque
2406 2703 2635 2755 animam
2657 2709 2885 2753 nostram
2910 2696 3049 2751 tollis
3073 2696 3125 2767 (.l
3136 2714 3253 2749 oan.
3274 2692 3468 2765 x,24)?
3491 2693 3822 2746 lnviderunt—

2221 2814 2318 2867 que
2348 2797 2447 2862 illi,
2478 2794 2608 2850 dum
2638 2795 2823 2848 dicunt
2852 2793 2910 2847 in
2942 2792 3175 2847 concilio
3202 2806 3303 2844 suo
3337 2808 3347 2844 :
3383 2788 3524 2854 Quid
3548 2788 3817 2858 faciemus,

2220 2890 2341 2959 quia
2364 2890 2445 2942 hic
2474 2891 2625 2941 homo
2652 2888 2815 2939 ntulta
2836 2886 2981 2955 signa
3006 2885 3171 2955 facit?
3190 2883 3233 2937 si
3260 2882 3565 2934 dimittimus
3590 2896 3706 2933 eum
3725 2878 3816 2945 sic,

2222 2998 2396 3035 omnes
2421 2982 2626 3035 credent
2667 2980 2719 3033 in
2762 2994 2878 3033 cum
2909 2977 3098 3045 (Joan.
3130 2992 3215 3041 χι,
3243 2975 3341 3043 47,
3372 2972 3496 3045 48).
3530 2972 3775 3041 Itemque
3804 2985 3817 3021 :

2232 3074 2453 3141 Videtis,
2477 3076 2602 3145 quia
2627 3073 2759 3127 nihil
2790 3073 3091 3145 proficimus
3114 3071 3138 3123 ?
3165 3087 3278 3124 ecce
3302 3071 3525 3122 mundus
3549 3078 3686 3121 totus
3711 3075 3821 3136 post

514 3161 666 3216 verbi
696 3160 791 3215 Dei
828 3163 997 3229 pascit
1022 3182 1033 3213 :
1069 3172 1124 3216 et
1146 3163 1399 3219 venditus
1426 3178 1455 3216 a
1484 3163 1745 3217 fratribus
1772 3166 1887 3219 suis
1914 3164 2115 3218 Judaeis
2143 3185 2189 3247 ρ
2221 3186 2337 3223 eum
2364 3169 2487 3223 abiit
2518 3167 2692 3241 (Joan.
2730 3184 2828 3233 xu,
2854 3167 2965 3236 19).
2994 3164 3466 3236 Habebantjacula
3491 3204 3504 3228 ,
3535 3162 3605 3217 de
3627 3161 3820 3232 quibus

517 3268 689 3321 usque
734 3253 895 3308 hodie
932 3256 1172 3323 gentimn
1206 3258 1374 3311 nutrit
1403 3257 1725 3312 Ecclesiam.
1756 3258 1852 3312 Cui
1884 3259 2109 3326 dicitur,

515 3346 659 3416 ﬁlius
691 3362 984 3400 accrescens
1005 3390 1019 3411 ,
1052 3358 1099 3401 et
1126 3350 1339 3403 decorus
1366 3359 1579 3420 aspectu
1610 3366 1627 3404 :
1656 3350 1770 3419 ipse
1801 3352 1942 3406 enim
1974 3351 2118 3406 [ilius

515 3436 634 3505 Dei,
670 3437 921 3507 idemque
954 3438 1098 3495 [ilius
1132 3440 1371 3495 hominis
1409 3442 1815 3511 quodammodo
1858 3446 2111 3509 accrevit,

514 3546 636 3586 cum
663 3534 919 3603 pOpuium
940 3532 1107 3588 Israel
1137 3550 1235 3604 per
1251 3536 1761 3605 praevaricationem
1786 3536 1919 3606 legis
1949 3537 2115 3592 Deum

516 3623 965 3693 inbonorantem,
995 3628 1046 3680 in
1075 3627 1354 3695 Apestolis
1382 3638 1436 3681 et
1466 3628 1691 3697 reliquis
1736 3630 1881 3683 illius
1910 3640 2119 3699 tempo-

516 3715 593 3771 ris
636 3717 886 3773 lidelibus
938 3718 1157 3773 sibimet
1189 3720 1438 3774 adscivit.
1484 3719 1628 3774 Idem
1658 3720 1799 3790 ﬁlius
1830 3737 2119 3776 accrescens

516 3822 621 3876 est,
644 3826 772 3867 cum
795 3812 959 3867 etiam
992 3813 1134 3867 inter
1162 3822 1354 3882 gentes
1388 3812 1627 3866 nominis
1651 3812 1734 3865 sui
1758 3813 2003 3866 dilatavit
2027 3828 2121 3867 co-

516 3905 838 3974 gnitionem,
872 3917 926 3961 et
960 3907 1013 3960 in
1047 3909 1126 3961 eis
1154 3922 1326 3977 usque
1355 3908 1540 3961 tuundi
1588 3910 1880 3963 terminum
1924 3910 2122 3965 crescit

518 4011 616 4064 per
639 3997 761 4052 lidei
788 4013 1127 4068 operumque
1153 3998 1635 4053 illmninationem.
1658 3999 1802 4054 Idem
1826 4010 2003 4054 autem
2028 4000 2120 4055 Jo-

517 4088 651 4157 seph
683 4089 900 4142 decorus
923 4100 1135 4158 aspectu
1161 4100 1264 4155 est,
1297 4091 1423 4157 quia
1451 4091 1711 4159 speciosus
1740 4107 1848 4160 prta
1877 4092 2001 4159 ﬁliis
2026 4091 2122 4145 ho-

518 4186 721 4237 minum
752 4188 920 4254 forma
946 4183 1063 4254 (Ps.
1090 4200 1233 4250 xuv,
1265 4184 1341 4255 5).

588 4278 641 4331 ὅ.
674 4274 831 4329 Filia:
852 4275 1205 4329 discurrerunt
1226 4291 1379 4346 super
1402 4292 1625 4330 murum.
1656 4276 1763 4331 Sed
1786 4294 2122 4349 exasperave-

515 4376 637 4420 runt
663 4382 810 4433 eum,
835 4377 882 4421 et
902 4369 1106 4439 jurgati
1140 4379 1290 4430 sunt,
1318 4368 1718 4436 invidet-uritque
1752 4370 1832 4421 illi
1879 4370 2121 4423 habentes

504 4458 694 4532 jacula
724 4458 884 4530 (Gen.
905 4476 1059 4527 xux,
1090 4461 1182 4527 22,
1217 4461 1332 4530 23).
1356 4460 1627 4528 Quantum
1659 4462 1876 4529 quidem
1906 4464 1972 4517 ad
2006 4479 2118 4517 rem

2224 3260 2483 3330 scriptum
2517 3272 2601 3313 est
2632 3276 2645 3312 :
2679 3260 2895 3331 Sagitta!
2920 3257 3255 3329 parvulorum
3305 3257 3457 3327 facta:
3497 3263 3619 3307 sunt
3656 3254 3822 3325 plaga:

2224 3370 2396 3409 eorum
2418 3352 2535 3425 (Ps.
2565 3369 2719 3418 ant,
2753 3353 2834 3423 9).

2297 3446 2349 3500 5.
2377 3445 2525 3501 Sedit
2557 3446 2607 3499 in
2630 3447 2751 3517 forti
2774 3462 2926 3499 arcus
2948 3448 3079 3518 ejus,
3112 3453 3159 3497 et
3184 3443 3439 3497 dissoluta
3467 3451 3588 3495 sunt
3619 3439 3823 3495 vincula

2225 3541 2554 3593 brachiorum
2581 3542 2715 3610 ejus,
2746 3549 2794 3593 et
2816 3555 3065 3592 manuum
3093 3538 3234 3590 illius
3268 3552 3357 3601 per
3386 3551 3569 3587 manus
3600 3531 3823 3605 potentis

2224 3631 2389 3684 Jacob
2422 3647 2440 3685 :
2471 3632 2593 3685 inde
2636 3639 2812 3701 pastor
2853 3646 3083 3699 egressus
3134 3637 3226 3689 est,
3279 3627 3411 3698 lapis
3457 3622 3624 3678 Israel
3664 3622 3822 3694 (Gen.

2226 3740 2374 3784 mit.
2404 3724 2859 3791 24)."Historicus
2892 3724 3111 3793 quidem
3138 3736 3352 3785 sensus,
3377 3730 3635 3790 quantum
3659 3717 3827 3771 intel-

2229 3816 2321 3883 ligi
2347 3816 2532 3880 datur,
2568 3816 2669 3871 iste
2695 3825 2800 3871 est.
2846 3816 2951 3869 Per
2986 3831 3165 3869 arcum
3200 3813 3524 3883 intelligitur
3558 3826 3713 3867 tuens
3746 3809 3829 3862 fu-

2230 3917 2474 3963 turorum
2518 3910 2768 3977 praescia.
2799 3909 2855 3963 In
2902 3924 3033 3963 arcu
3087 3922 3324 3977 namque
3354 3908 3549 3977 sagitta
3582 3904 3821 3975 ponitur,

2230 4012 2287 4056 ut
2306 4003 2517 4056 eminus
2544 4001 2709 4057 feriat
2741 4022 2752 4056 ;
2780 4013 2834 4057 et
2872 4018 3027 4057 mens
3068 4002 3382 4056 futurorum
3420 4014 3663 4070 przesaga
3709 3998 3826 4051 lou-

2228 4097 2348 4164 gius
2368 4098 2594 4164 sagittas
2618 4098 3023 4150 sententiarum
3048 4098 3308 4149 emittere
3336 4094 3497 4147 solet.
3516 4092 3649 4146 Tale
3668 4106 3820 4159 ergo,

2227 4186 2375 4257 quod
2400 4186 2638 4241 dicitur:
2670 4188 2798 4240 sedit
2821 4188 2875 4240 in
2897 4188 3019 4257 forti
3043 4203 3191 4241 arcus
3213 4189 3350 4258 ejus,
3381 4186 3538 4255 quasi
3568 4185 3778 4239 diceret
3804 4198 3818 4237 :

2228 4281 2498 4350 requievit
2540 4296 2694 4334 meus
2728 4280 2880 4333 illitis
2916 4281 3159 4347 undique
3201 4276 3649 4332 tribulationibus
3690 4273 3827 4329 allii-

2229 4382 2312 4427 cta
2353 4392 2366 4428 :
2397 4374 2449 4427 in
2480 4374 2641 4443 forti,
2666 4373 2717 4427 id
2751 4383 2835 4427 est
2861 4414 2877 4437 ,
2905 4374 2956 4426 in
2986 4374 3096 4427 Deo
3124 4371 3356 4424 solidata
3385 4412 3398 4433 ,
3424 4380 3585 4440 atque
3615 4367 3826 4438 sagittis

2228 4465 2647 4527 sententiarum,
2681 4464 2877 4531 quibus
2907 4464 3048 4532 quod
3075 4462 3315 4517 futurum
3348 4470 3539 4525 esset,
3572 4475 3828 4530 praenun-

515 4562 725 4619 gesmm
752 4552 1008 4621 pertinet,
1038 4554 1195 4620 filias,
1229 4552 1428 4608 fratres
1458 4552 1605 4607 illius
1629 4554 1871 4623 appellat
1901 4566 2123 4626 propter
2149 4573 2201 4631 Ι)
2232 4560 2395 4618 tians,
2429 4566 2675 4624 tempora
2704 4553 2885 4608 futura
2916 4554 3209 4609 sterilitate
3242 4553 3449 4608 feriret.

515 4643 755 4701 dedecus
787 4646 1221 4700 inhumanitatis.
1246 4644 1436 4715 Neque
1461 4646 1606 4700 enim
1634 4646 1808 4701 virilis
1833 4656 1887 4700 et
1910 4647 2121 4702 stabilis

516 4736 618 4792 fuit
647 4738 861 4793 consilii
886 4740 1232 4795 innocentem
1259 4740 1341 4794 vel
1366 4742 1717 4808 exstinguere
1749 4741 2017 4807 voluisse,
2035 4743 2121 4796 vel

514 4829 836 4886 vendidisse
868 4832 1121 4895 fratrem;
1156 4833 1250 4886 sed
1284 4832 1462 4901 potius
1486 4832 1733 4888 feminea:
1778 4834 2115 4888 mobilitatis.

520 4918 694 4988 Super
737 4938 945 4975 murum
972 4932 1156 4977 autem
1188 4922 1564 4985 discurrerunt,
1599 4924 1723 4991 quia
1766 4924 2027 4979 invictum
2061 4940 2121 4980 se

514 5010 803 5065 consilium
818 5027 984 5080 super
1001 5029 1089 5076 eo,
1115 5029 1184 5067 ne
1206 5018 1286 5068 eis
1305 5013 1520 5068 futurus
1536 5029 1635 5068 rex
1656 5016 1815 5081 loret,
1846 5016 2120 5071 invenisse

514 5113 868 5173 putaverunt.
909 5104 1366 5177 Exasperaverunt
1417 5117 1599 5163 autem
1655 5125 1795 5173 eum,
1845 5111 2121 5166 nudantes

515 5196 695 5251 tunica
732 5198 991 5268 polymita
1022 5196 1173 5263 (Gen.
1211 5216 1399 5265 xxvut,
1427 5200 1541 5273 23),
1577 5214 1632 5256 et
1660 5203 1895 5273 indignis
1924 5216 2115 5259 conlu-

510 5287 691 5343 meliis
730 5287 1059 5345 allicientes.
1091 5288 1301 5361 Jurgati
1325 5303 1445 5346 sunt
1474 5302 1654 5349 autem
1681 5336 1697 5362 ,
1724 5295 2116 5366 invideruntque

578 5470 607 5540 ξ
637 5466 696 5521 1η
725 5468 1117 5540 (ιυωειὶριιὶὺιιε
1137 5469 1423 5540 bebraieis
1443 5470 1498 5523 in
1518 5469 1806 5540 Genesim,
1830 5484 1953 5540 pag.
1975 5471 2101 5538 577,

502 5532 631 5607 378,
667 5532 798 5593 tom.
828 5555 880 5592 tv
903 5538 1068 5607 Oper.
1105 5539 1252 5592 llier.
1278 5540 1476 5593 editor.
1516 5557 1542 5590 a
1570 5532 1809 5593 Vallars.

580 5602 604 5639 δ
633 5608 821 5663 Codex
863 5602 1126 5664 mendose
1160 5609 1325 5664 habet
1353 5608 1593 5663 solerent.

581 5683 603 5748 ‘3
635 5676 821 5733 Codex
860 5680 1144 5741 mendose.
1172 5690 1230 5732 ut
1261 5691 1411 5748 puto.
1457 5680 1619 5735 habet
1649 5690 1863 5736 mentes.

576 5739 603 5778 ⁴
626 5749 809 5803 Codex
840 5752 1105 5805 mendose
1130 5739 1296 5805 habet
1326 5768 1338 5803 :
1370 5752 1606 5807 dictioni.

2296 4649 2349 4703 6.
2375 4647 2528 4715 Quod
2555 4658 2736 4702 autem
2761 4650 2872 4700 ait:
2903 4647 2971 4699 Et
3009 4647 3265 4700 dissoluta
3313 4656 3434 4699 sunt
3472 4645 3682 4699 vincula
3710 4647 3830 4698 bra-

2225 4739 2458 4793 chiorum
2481 4750 2528 4791 et
2559 4755 2806 4791 manuum
2843 4738 3007 4807 illius,
3045 4738 3111 4792 ad
3147 4749 3362 4807 tempus
3407 4736 3648 4791 refertur
3694 4753 3824 4807 quo,

2219 4833 2447 4901 jubente
2471 4831 2780 4895 Pharaone,
2814 4832 3029 4886 solutus
3060 4832 3128 4885 de
3151 4846 3375 4886 carcere
3402 4872 3416 4895 ,
3444 4840 3534 4895 et,
3563 4831 3708 4885 sicut
3740 4830 3827 4885 hic

2223 4925 2444 4993 dicitur,
2478 4925 2690 4979 vincula
2714 4925 3045 4979 brachiorum
3075 4934 3120 4978 et
3145 4941 3391 4978 manuum
3426 4925 3591 4987 illius,
3627 4925 3827 4995 quibus

2226 5018 2416 5072 vinciri
2447 5018 2499 5070 in
2533 5031 2760 5071 carcere
2784 5016 2973 5086 jussus
2994 5026 3017 5063 8
3044 5020 3241 5085 luerat,
3267 5018 3439 5070 soluta
3458 5027 3575 5071 sunt
3602 5034 3693 5087 per
3715 5035 3827 5071 ma-

2222 5128 2352 5175 nus,
2404 5110 2457 5164 id
2484 5123 2601 5176 εει,
2639 5126 2734 5179 per
2778 5112 3035 5165 virtutem
3081 5112 3306 5180 potentis
3334 5110 3532 5175 Jacob,
3566 5112 3826 5167 videlicet

2225 5203 2320 5256 Dei
2366 5204 2779 5272 omnipotentis,
2832 5218 2993 5271 cuius
3047 5204 3327 5273 adjutorio
3366 5204 3536 5259 Jacob
3579 5206 3822 5274 potentia

2217 5296 2432 5351 claruit.

2288 5482 2311 5508 θ
2338 5470 2501 5527 Forte
2531 5469 2766 5525 Domini.

2289 5540 2391 5618 ‘__ln
2425 5542 2646 5618 Vulgata
2675 5544 2920 5598 editione
2947 5544 3038 5600 hic
3071 5544 3335 5600 additur:
3381 5564 3498 5618 qua:
3556 5548 3821 5603 ducuntur

2213 5614 2367 5666 variis
2400 5612 2690 5669 desideriis.

2285 5693 2310 5730 κ
2348 5681 2529 5740 Codex
2565 5686 2828 5741 mendose
2860 5684 3022 5742 habet
3052 5687 3256 5741 missus.

4030 278 4035 433 ι

4043 766 4045 848 ι
