4206 6174
399 319 504 377 7'29

1117 318 1208 374 DE
1249 315 1874 375 BENEDICTIONIBUS
1911 317 2514 375 PATRIARCHABUM
2559 314 2920 373 LIBELLUS.

3589 309 3696 369 730

468 433 683 489 7.1llud
711 447 894 504 porro,
930 432 1073 504 quod
1104 431 1388 502 subiungit
1422 449 1435 486 :
1469 431 1590 487 inde
1619 441 1796 504 pastor
1821 448 1991 505 egres-
2021 448 2064 501 Α
2097 449 2197 498 me,
2225 434 2443 488 Domine
2465 433 2608 488 Deus
2633 449 2774 486 meus
2802 447 2820 485 :
2846 430 3045 484 salvum
3065 444 3146 483 me
3171 432 3257 500 fac
3284 424 3569 482 secundum
3593 422 3697 476 nti-

393 543 479 582 sus
500 535 595 594 est,
620 526 760 595 lapis
785 525 982 592 Israel,
1005 525 1071 580 ad
1095 524 1371 580 Christum
1402 524 1660 591 refertur,
1687 525 1778 594 qui
1808 524 1875 579 de
1901 524 1990 580 Ja-

391 618 498 674 cob
527 633 782 689 egressus
812 627 918 683 est,
953 618 1209 673 videlicet
1233 618 1301 672 de
1342 632 1409 672 eo
1443 617 1712 688 originem
1743 615 1984 671 trahens.

391 710 496 779 Qui
521 713 659 767 bene
686 711 818 781 lapis
843 709 1007 766 Israel
1026 709 1248 776 dicitur,
1271 713 1393 780 quia
1418 711 1681 765 fortitudo
1705 710 1758 764 in
1790 724 1849 766 se
1870 723 1989 764 cre-

392 803 546 860 denti
580 805 667 860 sit.

467 899 520 953 8.
550 895 816 954 Salvatori
845 905 1023 952 autem
1065 897 1183 951 haec
1226 898 1496 952 sententia
1532 896 1625 950 tali
1657 895 1818 950 modo
1849 909 1982 949 con-

395 993 559 1064 gruit.
584 991 732 1048 Sedit
749 993 804 1046 in
816 993 940 1063 forti
965 1008 1114 1046 arcus
1145 995 1256 1065 ejus
1277 1008 1297 1058 ;
1318 991 1370 1047 id
1391 1003 1494 1058 est,
1521 989 1796 1046 sententia
1811 989 1986 1042 anim-

393 1084 776 1149 adversionis,
817 1099 920 1154 qua
961 1081 1113 1138 feriri
1182 1083 1359 1139 Judaei
1406 1083 1680 1139 debebant
1724 1081 1814 1151 qui
1856 1095 1981 1136 eum

387 1180 639 1249 recipere
671 1178 984 1243 noluerunt,
1020 1177 1117 1232 sed
1152 1193 1327 1247 usque
1347 1177 1414 1232 ad
1446 1185 1678 1232 mortem
1711 1175 1981 1246 persecuti

384 1279 553 1336 sunt;
584 1272 638 1324 in
666 1270 790 1341 {orti
815 1269 968 1337 sedit,
1001 1269 1053 1324 id
1084 1281 1190 1335 εει,
1218 1269 1401 1324 stabili
1431 1283 1554 1323 cum
1587 1268 1750 1322 Patre
1778 1267 1978 1321 immu—

386 1363 657 1418 tabilitate
703 1361 922 1433 praeﬁxa
971 1371 1054 1416 est
1078 1403 1094 1428 ,
1127 1361 1362 1416 dicentis
1393 1378 1406 1415 :
1437 1361 1599 1414 Amen
1629 1361 1748 1415 dico
1789 1361 1930 1414 vobis
1961 1376 1979 1414 .°

385 1472 487 1512 non
509 1457 829 1527 relinquetur
860 1456 944 1509 hic
973 1454 1106 1526 lapis
1133 1472 1284 1528 super
1313 1455 1538 1524 lapidem
1568 1454 1798 1528 (Matth.
1825 1471 1972 1521 xxiv,

383 1550 462 1622 2).
480 1551 547 1606 Et
565 1568 578 1605 :
596 1550 728 1606 Ecce
747 1551 1070 1622 relinquetur
1091 1550 1230 1606 vobis
1248 1550 1432 1605 domus
1445 1559 1611 1605 vestra
1625 1553 1845 1618 deserta,
1861 1559 1971 1605 etc.

380 1644 599 1718 (Matth.
629 1661 780 1714 xxtII,
809 1645 922 1716 58).

449 1738 504 1795 9.
537 1737 809 1793 Dissoluta
829 1749 1011 1794 autem
1041 1749 1158 1794 sunt
1185 1739 1392 1794 vincula
1423 1739 1751 1794 brachiorum
1783 1751 1829 1792 et
1866 1755 1975 1792 ma-

2095 529 2429 583 sericordiam
2459 539 2600 583 tuam
2631 525 2752 595 (Ps.
2788 541 2936 591 CVIII,
2966 523 3085 594 26).
3111 523 3214 592 Qui
3245 522 3390 577 enim
3417 518 3692 576 individua

2093 623 2296 678 deitate
2318 623 2572 678 omnibus
2596 623 2686 692 qui
2711 619 3127 684 annuntiantur,
3154 616 3421 672 auxilium
3443 621 3689 685 praestat,

2094 715 2210 779 ipse
2238 713 2566 768 humanatus
2592 721 2616 748 ιι
2657 722 2711 767 et
2746 711 2904 780 paulo
2947 709 3127 764 minus
3158 708 3227 762 ab
3259 705 3486 776 Angelis
3511 702 3690 757 mino-

2093 814 2242 859 ratus
2265 804 2456 874 (Hebr.
2486 819 2547 868 II,
2573 804 2650 874 7),
2678 817 2784 856 non
2817 801 2980 856 modo
3015 809 3268 870 paterno,
3290 798 3386 852 sed
3409 797 3572 851 etiam
3597 792 3693 847 ad-

2085 900 2291 969 iutorio
2314 898 2546 969 indiguit
2575 899 2840 967 angelico,
2874 903 3097 966 prepter
3137 888 3692 962 videlicetjmanifes-

2090 993 2306 1048 tandatn
2337 993 2610 1062 geminam
2638 991 2692 1044 in
2727 1007 2786 1044 se
2813 989 3198 1043 substantiam.
3231 984 3364 1042 Inde
3397 994 3479 1039 cst
3509 982 3680 1049 enim,

2089 1087 2232 1155 quod
2264 1084 2500 1140 clamat:
2539 1081 2711 1148 Deus,
2741 1079 2882 1136 Deus
2915 1096 3056 1134 meus
3078 1123 3091 1146 ,
3121 1088 3174 1131 ut
3203 1078 3328 1147 quid
3367 1072 3687 1142 dereliquisti

2086 1195 2165 1231 me
2186 1177 2378 1247 (Marc.
2410 1192 2504 1241 xv,
2531 1175 2661 1244 51)?
2686 1175 2750 1228 Et
2777 1175 2825 1227 in
2854 1171 3182 1242 Evangelia:
3218 1169 3479 1241 Apparuit
3501 1167 3547 1220 ei
3573 1165 3685 1218 An-

2085 1271 2227 1342 gelus
2254 1270 2318 1324 de
2348 1270 2494 1334 coelo,
2517 1267 2816 1337 confortans
2852 1282 2966 1319 eum
2998 1266 3014 1332 (
3047 1262 3170 1316 Luc.
3200 1276 3315 1316 χχιι
3342 1305 3356 1330 ,
3380 1258 3509 1330 45).
3559 1256 3682 1326 Ipse

2083 1375 2265 1420 autem
2292 1363 2650 1432 Omnipotens
2683 1359 2964 1416 benedixit
3008 1359 3093 1412 illi
3122 1357 3355 1411 dicendo
3402 1372 3413 1407 :
3467 1352 3571 1406 llic
3602 1360 3680 1405 est

2083 1458 2211 1512 mihi
2234 1457 2373 1524 ﬁlius
2407 1456 2661 1518 dilectus,
2699 1455 2751 1506 in
2781 1468 2883 1518 quo
2907 1449 3197 1519 complacui
3227 1447 3295 1516 (ll
3331 1445 3446 1500 Pet.
3482 1462 3529 1508 I,
3563 1442 3675 1513 l7).

2155 1551 2238 1605 14.
2283 1547 2734 1604 Benedictionibus
2770 1547 2884 1601 τίειὶ
2919 1545 3142 1609 desuper
3165 1583 3177 1605 ,
3218 1552 3265 1596 et
3305 1538 3676 1594 benedictioni-

2081 1643 2170 1698 bus
2197 1644 2370 1714 abyssi
2387 1642 2612 1714 jacentis
2635 1639 2878 1693 deorsum
2907 1639 2982 1692 illi
3009 1635 3308 1702 benedixit,
3339 1633 3558 1704 quando
3583 1647 3674 1686 se-

2079 1737 2316 1792 candum
2343 1735 2697 1807 Apostolum:
2725 1733 2879 1788 Dedit
2905 1734 2990 1786 illi
3021 1748 3227 1796 nomen,
3253 1729 3390 1800 quod
3419 1738 3492 1782 est
3521 1743 3676 1796 super

380 1845 540 1884 nuum
567 1828 706 1885 illius
741 1848 832 1900 per
860 1849 1042 1885 manus
1092 1833 1311 1902 potentis
1346 1831 1543 1897 Iacob,
1585 1847 1708 1886 cum
1760 1831 1972 1886 vincula
2010 1829 2050 1886 Β
2082 1846 2229 1882 omne
2266 1844 2485 1896 nomen,
2519 1835 2573 1879 ut
2618 1827 2672 1879 in
2713 1825 2919 1879 nomine
2942 1827 3052 1896 ejus
3085 1839 3234 1876 onme
3256 1837 3389 1892 genu
3409 1820 3672 1888 flectatur,

377 1922 704 1990 sepulcralia
747 1923 978 1977 enodata
1010 1935 1136 1978 sunt
1164 1970 1176 1991 ,
1212 1934 1376 1993 atque
1409 1924 1487 1978 illi
1524 1940 1614 1995 per
1658 1940 1837 1978 manus
1879 1939 1972 1993 po-

377 2012 528 2066 tentis
554 2013 738 2081 Iacob,
773 2015 824 2069 id
853 2025 960 2085 est,
995 2031 1089 2086 per
1120 2016 1380 2071 virtutem
1418 2015 1593 2070 Patris
1637 2015 1971 2070 resurrectio

375 2118 483 2160 non
507 2117 592 2162 est
621 2107 905 2180 denegata.

448 2197 535 2252 10.
568 2195 702 2253 Inde
727 2209 905 2254 autem
941 2211 1118 2269 pastor
1143 2217 1376 2269 egressus
1397 2209 1491 2267 est,
1518 2209 1565 2253 et
1597 2199 1728 2270 lapis
1759 2195 1927 2252 Israel
1949 2213 1968 2261 ,'

378 2289 435 2345 id
479 2301 585 2358 est,
622 2309 652 2347 a
686 2293 794 2348 Deo
827 2295 986 2348 Patre
1031 2295 1288 2349 Dominus
1316 2301 1372 2349 et
1395 2293 1646 2349 Salvator
1673 2306 1929 2361 egressus
1953 2332 1967 2354 ,

383 2383 597 2439 visibus
617 2399 678 2441 se
708 2388 1056 2454 prwsetttavit
1085 2387 1360 2450 humanis,
1387 2389 1526 2442 sicut
1550 2388 1664 2456 ipse
1695 2386 1832 2440 dixit
1857 2404 1867 2438 :

449 2475 608 2534 Exivi
635 2497 667 2533 a
696 2478 877 2549 Patre,
899 2493 948 2536 et
976 2483 1090 2536 veni
1117 2483 1170 2534 in
1200 2481 1447 2534 mundum
1479 2481 1497 2551 (
1510 2479 1672 2534 Joan.
1706 2495 1815 2546 xw,
1837 2477 1966 2550 ‘26).

448 2572 536 2626 11.
569 2572 710 2628 Deus
735 2575 899 2642 patris
917 2577 990 2629 tui
1017 2577 1110 2630 erit
1138 2577 1351 2648 adjutor
1375 2585 1512 2641 tuus,
1547 2589 1592 2628 et
1625 2575 1966 2646 Omnipotens

377 2663 637 2720 benedicet
669 2667 760 2721 tibi
783 2668 1224 2723 benedictionibus
1248 2670 1359 2724 caeli
1389 2671 1628 2736 desuper,
1657 2667 1969 2722 benedictio-

375 2757 526 2813 nibus
553 2760 724 2830 abyssi
743 2763 967 2834 jacentis
990 2762 1253 2829 deorsum,
1285 2751 1722 2816 benedictionibus
1751 2762 1965 2814 uberum

374 2859 422 2904 ct
449 2849 614 2907 uuluae
642 2852 798 2924 (Gen.
825 2871 971 2918 xLIx,
1005 2856 1116 2925 '25).
1146 2855 1483 2925 Imprecatur
1507 2855 1618 2909 lilio
1639 2871 1736 2909 suo
1762 2855 1968 2925 adjuto-

373 2944 514 3000 rium
545 2947 642 3003 Dei
675 2949 848 3017 patris
875 2951 956 3004 sui
976 2992 990 3016 ,
1019 2951 1161 3004 illius
1193 2951 1478 3016 videlicet,
1515 2951 1667 3020 cujus
1697 2950 1966 3019 adjutorio

375 3041 540 3095 tantis
562 3057 624 3097 se
646 3052 868 3097 exutum
896 3045 1223 3099 meminerat
1253 3046 1506 3114 periculis
1529 3088 1542 3111 ,
1569 3057 1624 3100 et
1653 3060 1812 3115 quem
1836 3059 1956 3098 om-

374 3133 710 3203 nipotentem
756 3153 852 3207 per
899 3137 1161 3193 benelicia
1194 3139 1297 3194 sibi
1328 3139 1566 3208 praestita
1608 3151 1961 3210 cognoverat.

372 3227 530 3296 Quod
561 3241 742 3286 autem
770 3233 878 3286 ait:
909 3233 1342 3287 benedictionibus
1362 3233 1474 3288 caeli
1498 3233 1734 3303 desuper,
1761 3231 1826 3287 ad
1849 3231 1964 3302 plu-
1995 3215 2039 3280 C

375 3323 515 3377 viam
548 3326 804 3396 aerisque
834 3328 1071 3397 pertinet
1102 3329 1423 3397 temperiem
1450 3372 1461 3392 ,
1489 3344 1592 3396 qua
1622 3328 1865 3398 frugibus
1895 3327 1964 3382 fe-

372 3417 645 3472 cundatur
670 3427 812 3473 terra
839 3459 853 3484 ,
893 3429 1055 3488 atque
1097 3423 1354 3475 arborum
1385 3424 1700 3475 nutriuntur
1729 3436 1958 3489 proven-

373 3516 482 3564 tus.
517 3510 674 3578 Qnod
707 3527 840 3566 vero
869 3515 1148 3584 subjungit
1184 3513 1660 3570 :benedictionibus
1689 3515 1861 3586 abyssi
1872 3517 1964 3585 ja—

369 3605 530 3658 centis
569 3606 850 3672 deorsum,
885 3607 951 3662 ad
985 3608 1322 3662 fertilitatem
1347 3607 1584 3677 pertinet
1610 3619 1770 3662 terrae
1792 3652 1806 3674 ,
1841 3623 1964 3678 quae

369 3695 555 3768 abyssi
583 3699 880 3768 vaporibus
904 3701 1051 3754 velut
1071 3701 1314 3770 spongize
1337 3701 1648 3755 concavitas
1679 3699 1960 3770 irrigatur,

369 3799 430 3846 ut
455 3805 565 3845 non
594 3791 754 3846 facile
784 3793 920 3848 solis
955 3794 1170 3864 ignibus
1202 3794 1437 3848 arefacm
1472 3793 1684 3847 inutilis
1716 3794 1963 3847 siccitate

367 3883 655 3939 reddatur.
707 3883 1156 3940 Benedictionibus
1194 3886 1403 3939 uberum
1432 3895 1478 3939 et
1507 3885 1671 3939 vulva:
1701 3902 1822 3938 eum
1868 3886 1962 3938 be-

369 3976 607 4040 nedicit,
644 3985 701 4030 ut
736 3978 891 4047 prole
923 3994 1211 4033 numerosa
1237 3988 1577 4041 concrescat,
1613 3992 1680 4032 ne
1710 3976 1965 4032 videlicet

366 4071 657 4125 sterilitate
687 4081 780 4126 aut
809 4073 1048 4126 virorum
1075 4083 1165 4125 ant
1190 4072 1476 4126 mulierum
1498 4073 1805 4126 damnetur.

439 4163 529 4218 12.
561 4163 697 4219 Dicit
728 4173 909 4219 autem
948 4182 961 4217 :
994 4164 1387 4218 Benedictiones
1425 4166 1589 4236 patris
1635 4165 1710 4217 tui
1753 4165 1962 4233 confor-

368 4264 490 4312 tata:
516 4267 636 4312 sunt
670 4259 1104 4312 benedictionibus
1143 4272 1348 4326 patrum
1382 4261 1493 4322 eius
1529 4255 1718 4328 (Ibid.,
1746 4255 1872 4325 ‘26);
1907 4265 1963 4308 ut

373 4349 635 4406 videlicet
680 4365 786 4405 non
837 4351 1113 4406 dubitaret
1155 4349 1359 4419 Joseplt
1411 4350 1541 4403 illud
1589 4361 1962 4414 eventurum,

369 4443 514 4513 quod
545 4446 593 4499 ei
622 4451 846 4498 sanctus
873 4444 1044 4500 Jaeob
1066 4459 1170 4498 non
1199 4455 1306 4496 tam
1341 4459 1406 4497 ex
1436 4459 1529 4496 sttzt
1565 4443 1720 4510 quasi
1758 4441 1963 4495 novitia

368 4536 751 4591 benedictione
781 4547 1170 4606 proventurnm
1209 4535 1628 4602 reprontittcbat
1663 4553 1676 4588 :
1711 4534 1804 4587 sed
1833 4534 1954 4603 quia

368 4626 438 4681 ad
470 4639 654 4697 patres
679 4605 817 4698 ejus,
844 4628 895 4682 id
928 4639 1032 4692 est,
1062 4628 1337 4682 Abraham
1363 4635 1417 4680 et
1444 4626 1610 4688 Isaae,
1638 4625 1958 4694 jamdudum
1989 4605 2043 4664 Ῑ)
2069 4621 2278 4676 Domini
2326 4617 2478 4690 (Luc.
2511 4630 2546 4668 II
2566 4655 2579 4679 ,

369 4721 637 4791 promissa
666 4731 816 4776 sunt.
849 4721 964 4776 lloc
988 4730 1074 4776 est
1102 4723 1245 4774 enim
1267 4720 1410 4790 quod
1435 4721 1512 4773 ait
1537 4738 1548 4771 :
1582 4718 1962 4772 benedictioues

367 4815 532 4886 patris
582 4817 656 4869 tui
704 4816 1011 4886 confortata:
1037 4825 1154 4868 sunt
1183 4856 1197 4880 ,
1239 4813 1392 4883 quasi
1433 4811 1641 4866 diceret
1673 4828 1686 4862 :
1721 4826 1827 4864 non
1864 4811 1964 4863 has

373 4909 786 4965 benedictiones
812 4911 982 4978 patris
1019 4909 1170 4976 quasi
1201 4905 1460 4975 proprias
1489 4903 1638 4956 illius
1682 4902 1920 4970 accipias
1948 4942 1962 4963 ,

369 5018 471 5059 nec
500 5005 656 5076 quasi
686 5003 858 5059 semel
879 5003 1065 5058 datas:
1093 5001 1187 5055 sed
1217 4999 1339 5069 quia
1366 5015 1393 5051 a
1421 4998 1533 5052 Deo
1562 4997 1806 5065 patribus
1827 4997 1964 5049 meis

370 5099 550 5168 primo
582 5098 723 5152 datae
747 5106 914 5164 sunt,
948 5108 1002 5149 et
1035 5109 1142 5148 non
1171 5093 1375 5157 semel,
1407 5092 1500 5143 sed
1533 5088 1746 5143 crebro.
1787 5092 1964 5155 Atque

370 5191 496 5246 inde
518 5203 632 5254 est,
666 5191 810 5261 quod
839 5205 943 5258 ego
973 5202 1135 5257 super
1169 5197 1223 5240 te
1253 5184 1472 5238 easdem
1500 5180 1918 5237 benedictiones
1944 5224 1958 5247 ,

367 5299 495 5354 qua:
529 5283 659 5338 milii
689 5293 741 5336 ct
763 5282 1009 5352 patribus
1044 5279 1180 5333 meis
1211 5277 1494 5345 promissae
1517 5283 1666 5335 sunt,
1687 5289 1751 5327 ex
1781 5283 1970 5327 aucto-

368 5377 533 5432 ritate
555 5377 840 5432 Dominica
863 5374 1031 5445 capiti
1060 5383 1152 5428 tuo
1175 5371 1533 5440 superl‘undo.

444 5469 534 5525 l3.
568 5470 803 5527 Domino
833 5480 1012 5525 autem
1045 5476 1098 5522 et
1133 5463 1404 5523 Salvatnri
1440 5463 1583 5519 Dens
1615 5461 1969 5530 omnipotens

372 5570 428 5618 et
456 5561 619 5620 Pater
646 5563 861 5634 adjutor
890 5562 1097 5618 exstitit
1125 5556 1382 5615 clamanti
1414 5555 1466 5611 in
1498 5554 1735 5626 psalmo:
1763 5554 1966 5626 Adjuva

445 5757 469 5785 ⁸
511 5747 695 5804 Codex
732 5748 893 5804 habet
922 5749 1242 5804 humanitus.

445 5817 474 5856 δ
515 5819 824 5888 Lugendum
857 5829 988 5890 puto
1015 5831 1216 5874 uterum
1237 5829 1329 5875 aut
1351 5820 1566 5875 viscera.
1587 5855 1601 5867 .

2077 1921 2395 1972 terrestrium
2424 1963 2437 1987 ,
2475 1917 2756 1971 cwlestium
2783 1924 2830 1969 et
2852 1910 3427 1984 infernorum(Philip.
3460 1925 3522 1974 II,
3556 1907 3672 1979 10).

2073 2012 2522 2069 Benedictionibus
2566 2012 2783 2065 uberum
2820 2019 2868 2064 et
2918 2009 3080 2063 vulva:
3129 2023 3254 2062 eum
3315 2003 3672 2069 sublimavit,

2073 2106 2295 2177 quando
2324 2107 2375 2160 in
2405 2106 2528 2160 liliis
2558 2103 2851 2168 Ecclesiae,
2885 2101 3007 2155 aliis
3031 2098 3445 2155 catechumenis
3467 2141 3481 2165 ,
3513 2093 3673 2165 quasi

2075 2199 2256 2254 adhuc
2294 2199 2439 2252 intra
2482 2195 2671 2250 matris
2716 2199 2883 2248 ubera
2910 2189 2937 2229 δ
2968 2191 3302 2261 iacentibus,
3343 2187 3464 2243 aliis
3488 2193 3671 2239 autem

2079 2309 2232 2348 more
2267 2293 2378 2361 jam
2425 2292 2733 2360 genitorum
2768 2288 2934 2343 ubera
2965 2295 3205 2341 materna
3253 2281 3622 2338 lambentibus
3652 2321 3668 2346 ,

2073 2385 2176 2440 sibi
2212 2392 2434 2455 prtestat
2462 2400 2558 2454 per
2588 2384 2776 2436 urbem
2811 2390 3080 2434 terrarum
3102 2375 3379 2432 benedici.
3411 2373 3546 2431 Nam
3570 2372 3667 2443 qui

2075 2482 2307 2537 necdum
2341 2482 2393 2534 in
2435 2479 2558 2533 lidei
2592 2478 2758 2531 robur
2810 2484 3130 2537 evaserunt,
3171 2470 3267 2525 sed
3294 2485 3392 2540 per
3417 2469 3672 2522 doctores

2073 2576 2138 2630 ad
2168 2592 2287 2630 eant
2319 2573 2628 2635 trahuntur,
2652 2569 2878 2623 audiunt
2901 2567 2968 2619 ab
2990 2565 3258 2633 Ap02l0lt)
3287 2579 3299 2614 :
3333 2559 3516 2614 Filioli
3541 2559 3663 2627 mei,

2069 2668 2395 2736 quositerum
2426 2663 2682 2733 parturio,
2715 2660 2877 2712 donec
2903 2657 3138 2710 Christus
3169 2659 3422 2725 formetur
3448 2651 3501 2704 in
3523 2649 3664 2704 vobis

2074 2757 2216 2831 (Gal.
2245 2772 2317 2820 Iv,
2351 2756 2463 2826 19).
2495 2753 2596 2822 Qui
2623 2762 2801 2806 autem
2816 2750 2924 2818 jam
2948 2747 3168 2817 quidem
3200 2743 3324 2798 lidei
3358 2743 3668 2798 rudimenta

2071 2858 2461 2924 perceperunt,
2495 2847 2590 2902 sed
2622 2845 2852 2900 necdum
2889 2842 3049 2912 plene
3079 2841 3128 2892 in
3161 2838 3434 2891 doctrinae
3489 2833 3666 2886 llrmi-

2073 2955 2182 3002 tate
2203 2944 2548 3007 coaluerunt,
2583 2938 2806 2992 audiunt
2833 2936 2902 2989 ab
2928 2932 3122 2988 eodem
3151 2947 3164 2983 :
3194 2928 3300 2981 Lac
3319 2927 3457 2980 vobis
3486 2934 3665 2993 potum

2069 3041 2229 3105 dedi,
2265 3054 2366 3092 non
2393 3051 2558 3090 escam
2595 3051 2608 3087 :
2660 3031 2879 3085 necdum
2921 3028 3056 3080 enim
3100 3022 3346 3096 poteratis
3393 3035 3407 3072 :
3455 3017 3545 3072 sed
3576 3031 3667 3069 nec

2067 3133 2237 3189 adhuc
2275 3129 2481 3202 quidem
2517 3126 2727 3199 potestis
2758 3124 2774 3195 (
2802 3123 2820 3176 Ι
2847 3121 2966 3175 Cor.
3011 3135 3099 3183 III,
3134 3117 3226 3187 ‘2).

2143 3227 2230 3284 15.
2277 3227 2530 3296 Sequitur
2571 3239 2584 3276 :
2634 3219 2810 3273 Donec
2853 3217 3040 3270 veniret
3094 3211 3406 3266 desiderium
3447 3205 3662 3259 collium

2071 3332 2379 3379 teter-uorum
2419 3315 2575 3387 (Gen.
2625 3328 2780 3379 xLIx,
2812 3310 2931 3379 26).
2975 3307 3074 3362 Hic
3118 3302 3248 3358 nihil
3299 3299 3664 3358 historicum,

2068 3416 2164 3472 sed
2214 3422 2388 3468 totum
2437 3418 2657 3464 resonat
2705 3403 2972 3458 divinum.
3023 3397 3257 3452 Tamdiu
3305 3407 3538 3460 namque
3579 3387 3666 3442 bis

2071 3505 2407 3577 praenuntiat
2477 3499 2738 3571 populum
2810 3492 3178 3549 Israelitieum
3250 3483 3665 3541 sustentandum

2068 3595 2574 3660 benedictionibus,
2606 3593 2781 3644 donec
2810 3585 3147 3641 desiderium
3175 3583 3400 3636 collium
3434 3589 3670 3631 mternn-

2069 3711 2187 3748 rum
2223 3692 2455 3744 veniret.
2490 3686 2670 3740 Colles
2700 3696 2967 3750 namque,
3000 3679 3169 3732 sancti
3211 3674 3588 3740 intelliguntur
3618 3671 3668 3722 iu

2070 3784 2314 3842 Ecclesia
2347 3778 2661 3839 constituti,
2693 3775 2782 3844 qui
2811 3786 3139 3841 quamquam
3172 3768 3374 3820 merito
3403 3767 3668 3816 virtqum

2070 3875 2405 3948 praecellant,
2443 3880 2624 3924 tamen
2657 3882 2723 3920 ex
2763 3863 3123 3918 devotissima
3158 3857 3467 3911 humilitate
3497 3852 3670 3906 colles

2069 3947 2128 4023 Se
2145 3981 2268 4021 esse
2293 3961 2678 4018 meminerunt.
2699 3956 2858 4012 Unde
2881 3955 3123 4024 psalmus
3147 3969 3157 4005 :
3186 3947 3489 4016 Suscipiunt
3524 3962 3670 3997 mou-

2069 4071 2141 4115 tes
2166 4074 2343 4132 pacem
2373 4053 2566 4129 populo
2588 4094 2601 4116 ,
2647 4060 2697 4104 et
2741 4049 2898 4102 colles
2926 4045 3186 4114 justitiam
3215 4039 3350 4108 (Ps.
3384 4052 3540 4100 LXXI,
3573 4037 3604 4090 ’5
3625 4039 3665 4102 ).

2071 4130 2422 4207 Desiderium
2457 4159 2690 4214 namque
2737 4141 2955 4194 illorum
2983 4177 2998 4199 ,
3043 4134 3258 4187 Domini
3297 4130 3424 4185 Jesu
3455 4137 3672 4182 constat

2073 4248 2239 4301 fuisse
2265 4259 2483 4313 semper
2510 4241 2827 4293 adventum.
2864 4233 3016 4288 Unde
3052 4231 3256 4297 primus
3280 4226 3530 4295 Moyses:
3564 4220 3671 4274 0b-

2069 4357 2236 4406 secro,
2264 4337 2505 4397 Domine,
2538 4335 2680 4387 mitte
2701 4345 2848 4401 quem
2876 4329 3122 4379 missurus
3145 4339 3194 4375 es
3215 4318 3409 4392 (Exod.
3444 4332 3517 4384 Iv,
3550 4315 3662 4386 15).

2070 4434 2138 4488 Et
2167 4433 2358 4486 beatus
2380 4429 2604 4485 Sitneon
2631 4422 2827 4491 accepit
2854 4433 3150 4487 responsum
3173 4431 3202 4464 a
3231 4411 3433 4480 Spiritu
3464 4415 3663 4470 sancto,

2070 4545 2172 4582 non
2207 4529 2434 4579 visurum
2470 4538 2523 4575 se
2565 4527 2780 4572 mortem
2801 4558 2815 4582 ,
2857 4514 2956 4566 nisi
3004 4511 3149 4580 prius
3183 4505 3374 4560 videret
3405 4500 3668 4555 Christum

2627 4613 2742 4678 '26).
2792 4608 2893 4675 Qui
2933 4603 3110 4657 wterni
3157 4600 3314 4652 colles
3369 4595 3664 4656 dicuntur;

2066 4719 2191 4788 quia
2222 4715 2477 4769 videlicet
2506 4710 2571 4762 ad
2600 4701 2964 4760 aeternitatem
3008 4713 3036 4749 a
3086 4698 3196 4748 Deo
3225 4690 3398 4746 creati
3426 4701 3665 4740 noscun-

2071 4787 2175 4864 tur.
2209 4808 2324 4861 Non
2358 4806 2504 4858 enim
2532 4841 2547 4864 ,
2579 4800 2719 4853 sicut
2750 4793 3040 4847 stultorum
3067 4829 3082 4853 ,
3117 4799 3308 4840 eorum
3339 4787 3583 4833 mutatur
3616 4792 3669 4829 III

2068 4902 2278 4955 diversa
2311 4896 2570 4956 intentio;
2617 4890 2712 4944 sed
2758 4898 2980 4952 semper
3027 4882 3096 4934 ad
3135 4877 3504 4932 azternitatem
3552 4880 3673 4925 ten-

2067 4996 2256 5048 dentes
2288 4998 2344 5044 et
2371 4999 2573 5042 :eterno
2599 4983 2929 5036 intum-entes
2949 5016 2963 5042 ,
2995 4975 3102 5044 ipsi
3129 4976 3292 5026 etiam
3321 4969 3389 5024 ab
3413 4983 3480 5022 eo
3507 4975 3668 5020 ωιυτ·

2073 5085 2259 5143 nitatis
2297 5094 2318 5121 ε
2353 5083 2704 5135 mutaverunt
2745 5087 2964 5127 nomen.
3009 5068 3085 5122 De
3112 5065 3295 5119 stultis
3339 5064 3488 5116 enim
3534 5059 3671 5113 dici-

2071 5191 2186 5235 tur:
2222 5177 2427 5233 Stultus
2443 5173 2578 5228 euim
2608 5179 2664 5223 ut
2689 5169 2813 5221 tuna
2840 5173 3074 5217 mutatur
3104 5157 3298 5230 (Eccli.
3333 5170 3507 5218 xxv",
3542 5149 3666 5221 1‘2):

2070 5274 2136 5327 de
2167 5284 2295 5326 vere
2327 5277 2506 5321 autem
2537 5255 2918 5332 sapientibus:
2955 5254 3177 5324 Sapiens
3215 5255 3475 5316 permanet
3504 5250 3558 5296 ut
3587 5242 3667 5294 sol

2071 5362 2290 5436 (tum).

2146 5455 2232 5512 16.
2250 5427 2530 5523 'Sequilur
2560 5469 2572 5503 :
2609 5447 2764 5502 Fiant
2790 5447 2844 5498 in
2870 5443 3039 5514 capite
3067 5435 3262 5505 .loseph
3283 5474 3296 5499 ,
3327 5441 3372 5485 et
3400 5431 3454 5484 in
3481 5427 3668 5480 rertice

2076 5548 2320 5604 Νικίενωὶ
2361 5519 2500 5599 inter
2542 5545 2725 5615 fratres
2763 5554 2884 5594 suos
2921 5533 3072 5607 (Gen.
3107 5544 3266 5591 χιιι,
3298 5523 3415 5595 9.6).
3450 5521 3541 5575 lla:
3576 5519 3671 5573 be-

2150 5747 2172 5775 ε
2203 5736 2333 5802 Leg.
2369 5734 2752 5802 mutuaverunt.
2783 5722 2878 5802 Sic
2911 5730 3075 5786 supra
3119 5711 3306 5802 cap.)
3329 5750 3343 5770 .
3381 5705 3507 5779 ξε,
3541 5703 3677 5776 legi-

2076 5821 2197 5863 mus
2221 5847 2238 5874 ,
2273 5792 2420 5876 fortis
2448 5801 2582 5856 asini
2615 5810 2801 5853 nomen
2828 5792 2890 5846 ab
2918 5805 2976 5845 eo
3003 5796 3302 5842 nurosvn.
