4190 6190
421 279 530 338 733i

1652 276 1988 334 EPISTOLA
2032 278 2125 336 ιιε.
2158 277 2445 340 JUDEIS.

3621 281 3728 338 'IM

426 396 648 454 nomina
674 409 705 450 e
738 393 961 465 regione
988 393 1208 448 fundata
1237 403 1364 447 sunt
1388 411 1401 446 :
1425 392 1710 448 .lammona
1754 392 1824 447 ad
1857 392 2026 452 Oct-aa
2052 405 2102 465 Α
2131 396 2440 460 exstiterat,
2491 401 2548 454 et
2582 392 2694 464 jam
2735 407 2874 452 nunc
2923 402 3189 465 patronus
3219 394 3576 464 municipium
3625 394 3724 454 bii-

425 501 570 554 sum,
609 488 830 556 Magona
866 487 930 541 ad
965 485 1244 541 Orientem
1271 495 1500 556 spectat.
1542 484 1597 539 In
1629 484 1715 542 his
1745 486 1878 540 milii
1904 503 2027 543 om.

427 582 578 638 Itium
635 580 941 634 mortalium
994 579 1186 634 ultimo
1235 594 1407 648 nuper
1460 578 1817 634 sacerdotalis
1857 577 2028 636 ofticii

427 677 647 748 pondus
693 675 1008 745 impositum
1041 683 1143 728 est.
1194 672 1301 729 Sed
1354 673 1637 728 Jammona
1686 673 2026 740 antiquunia

430 773 543 831 Deo
573 784 772 830 mittitis
801 769 966 824 ctiam
1007 782 1152 823 nunc
1203 768 1424 831 retinet,
1457 776 1514 819 ιιι
1559 765 1733 821 Judari
1785 765 2028 820 habitare

426 865 485 922 in
509 880 571 920 ea
607 877 945 932 nequaquam
970 861 1195 930 possint.
1231 860 1427 914 Multos
1455 858 1720 930 siquidem
1749 859 1799 911 id
1824 869 2028 914 temere

427 955 718 1019 audentes,
759 962 858 1011 aut
881 953 1203 1023 aegritudine
1249 960 1579 1020 praiventos,
1627 961 1719 1004 aut
1751 951 2026 1018 repulsos,

428 1059 524 1106 aut
553 1057 728 1106 morte
762 1047 1044 1102 siiliitatiea
1094 1047 1422 1112 exs1inctos,
1467 1056 1558 1099 aut
1590 1045 1756 1100 etiam
1807 1043 2030 1100 fulmine

430 1142 728 1200 trucidatos
772 1141 939 1195 tradit
972 1148 1218 1194 vetustas
1253 1159 1265 1192 :
1307 1139 1446 1193 adeo
1474 1148 1533 1192 ut
1577 1137 1811 1192 celebris
1869 1137 2029 1206 hujus

428 1237 518 1294 rei
539 1237 678 1294 fama
704 1234 838 1303 ipsis
859 1248 1076 1302 quoque
1101 1231 1324 1297 Juda-is,
1359 1249 1426 1286 uc
1457 1231 1506 1285 id
1529 1232 1668 1285 ultra
1696 1245 1906 1286 temere
1933 1247 2030 1285 an.

433 1329 618 1394 deant,
651 1335 857 1382 metum
886 1325 1095 1382 iecerit.
1127 1324 1239 1380 Nec
1281 1326 1382 1379 hoc
1417 1323 1521 1379 (ide
1565 1324 1843 1393 indignum
1876 1322 2028 1378 duci-

433 1438 580 1486 mus,
609 1437 734 1476 cum
779 1421 948 1475 etiam
1000 1421 1157 1484 lupos
1213 1417 1512 1487 vulpesque
1563 1427 1616 1471 et
1645 1417 1827 1470 omnia
1870 1415 2028 1470 noxia

429 1516 684 1572 animalia
730 1516 923 1569 deesse
975 1511 1253 1566 videamus
1313 1528 1327 1564 :
1371 1525 1496 1566 cum
1545 1525 1733 1566 earum
1793 1525 1912 1576 qua:
1961 1507 2029 1563 ad

429 1608 760 1666 vescendum
803 1606 957 1662 bomc
1004 1615 1153 1669 sunt,
1201 1604 1440 1662 ferarum
1487 1605 1642 1674 copia
1700 1618 1894 1672 magna
1936 1604 2027 1661 sil.

432 1702 570 1760 illud
603 1702 763 1758 etiam
794 1700 962 1770 magis
995 1699 1192 1754 mirum
1231 1709 1336 1764 est,
1371 1697 1513 1766 quod
1544 1697 1748 1754 colubri
1781 1705 1835 1751 et
1880 1711 2032 1751 scor-v

2133 489 2314 546 bebat.
2347 487 2641 544 Christiani
2674 499 2858 544 autem
2892 497 2948 542 ut
2984 487 3178 554 corde,
3205 488 3281 545 ita
3305 486 3473 545 etiam
3514 488 3732 543 etviri-

2131 583 2230 638 bus
2275 581 2532 650 humiles,
2581 580 2678 638 sed
2710 581 2954 638 veritatis
2999 582 3200 640 robore
3245 581 3588 648 superiores,
3633 595 3731 649 pit-

2133 676 2274 732 troni
2324 675 2585 743 Stephani
2640 673 3004 740 imirucinium
3035 672 3474 742 deprecabantur
3506 687 3520 728 :
3555 671 3731 732 donec

2131 775 2345 836 utrique
2375 768 2674 829 etercitus,
2709 782 2833 822 cuni
2859 765 2971 836 jam
3007 765 3152 822 diem
3183 765 3498 822 certaminis
3529 765 3728 822 condi~

2132 861 2364 924 xissent,
2405 859 2554 918 datis
2584 868 2712 918 timo
2743 859 2981 916 induciis
3009 859 3408 926 discesserunt,
3439 858 3574 916 inda
3597 859 3644 918 is
3673 858 3727 920 id

2132 969 2464 1022 magnopere
2515 951 2987 1020 exspectantibus,
3027 961 3088 1010 ut
3132 952 3342 1011 Scilicet
3379 952 3727 1018 Theodorus,

2134 1045 2189 1100 in
2235 1045 2390 1114 cujus
2433 1059 2491 1098 se
2520 1049 2695 1102 omnis
2743 1058 3018 1116 synagoga
3048 1044 3250 1098 viribus
3294 1043 3628 1109 acclinabat,
3661 1059 3730 1103 ex

2133 1138 2494 1207 Majoriccnse
2522 1139 2700 1201 insula
2728 1147 3140 1204 reverteretur,
3161 1138 3230 1196 ad
3254 1153 3444 1208 quam,
3480 1139 3624 1197 forte
3652 1139 3731 1197 νίν

2132 1235 2314 1290 senda:
2350 1235 2718 1304 possessionis
2747 1235 2944 1302 gratia,
2977 1243 3320 1302 perrexerat.
3352 1233 3455 1301 Qui
3483 1235 3731 1306 quidem,

2134 1331 2315 1384 statim
2346 1340 2400 1382 ut
2430 1328 2500 1383 ad
2527 1345 2650 1382 eum
2687 1329 2858 1384 missa
2892 1328 3088 1398 legatio
3119 1337 3226 1396 est,
3251 1344 3524 1396 remeans,
3549 1339 3740 1385 aucto-

2133 1424 2294 1476 ritate
2316 1435 2408 1478 sui
2439 1420 2640 1476 multos
2666 1422 2885 1483 terruit,
2918 1420 3017 1478 sed
3043 1436 3148 1475 non
3177 1421 3458 1485 exstinxit,
3485 1419 3580 1477 sed
3604 1435 3735 1476 con-

2133 1515 2342 1582 Sopivit
2385 1514 2756 1570 contentionis
2808 1512 3123 1570 incendium
3159 1532 3171 1568 :
3203 1513 3414 1583 majore
3457 1513 3732 1583 siquidem

2135 1610 2281 1664 illico
2303 1609 2676 1668 exardescens
2701 1608 2983 1673 violentia,
3007 1609 3173 1666 etiam
3203 1609 3442 1666 vicinum
3469 1607 3731 1678 oppidum

2138 1705 2262 1760 fidei
2303 1704 2520 1758 ﬂamma
2574 1701 2861 1772 corripuit.
2911 1702 2979 1760 Et
3007 1712 3066 1758 ut
3098 1702 3231 1758 illud
3273 1701 3584 1757 Salomonis
3635 1703 3734 1755 iu:-

432 1797 621 1866 piones
651 1805 776 1850 sunt
799 1791 1204 1863 quaniplurimi,
1242 1790 1336 1848 sed
1369 1790 1670 1845 amiserunt
1695 1789 1915 1844 omnino
1941 1804 2030 1846 tio-
2060 1796 2106 1858 Β
2141 1797 2382 1865 μὶυγθιιιι·
2411 1815 2424 1852 ι
2457 1793 2649 1854 Frater
2682 1800 2904 1866 fratrem
2945 1796 3202 1871 adjunctus
3232 1795 3577 1852 casuliabitur
3599 1795 3734 1850 sicut

430 1888 586 1944 cendi
614 1886 949 1940 violentiam.
982 1885 1120 1939 Cum
1148 1883 1314 1952 igitur
1343 1882 1682 1940 Jamuionam
1718 1883 1900 1938 nullus
1933 1883 2028 1937 Ju-

429 1982 699 2047 dteorum,
723 1981 814 2053 qui
836 1980 976 2049 lupis
995 1995 1060 2035 ac
1089 1979 1347 2050 vulpibus
1374 1977 1586 2034 feritate
1610 1988 1772 2047 atque
1797 1977 2030 2050 nequitia

431 2077 626 2130 merito
655 2081 1066 2142 comparantur,
1102 2088 1168 2128 ne
1203 2072 1424 2138 liOSllllii
1453 2071 1674 2141 quidem
1723 2070 1849 2140 jure
1876 2086 2032 2128 acce-

432 2163 562 2220 dere
590 2165 824 2220 audeat:
849 2163 1073 2233 Magona
1108 2173 1320 2220 tantum
1351 2163 1516 2218 veluti
1542 2162 1785 2218 colubris
1807 2172 1863 2218 et
1883 2177 2034 2218 scor-

433 2257 686 2325 pionibus
716 2257 805 2326 (ut
838 2255 1177 2325 tradebatur)
1203 2255 1465 2323 fervebat,
1496 2263 1559 2309 ιιι
1579 2256 1825 2324 quotidie
1851 2253 1918 2308 ab
1949 2253 2033 2309 his

433 2352 632 2405 (ἷΙιΓίδιὶ
686 2351 926 2406 Ecclesia
980 2349 1346 2407 moi-dei'etur.
1408 2348 1516 2406 Sed
1566 2348 1856 2416 antiquum
1899 2345 2033 2403 illud

437 2445 760 2499 beneficium
809 2442 1050 2508 carnale,
1085 2457 1256 2511 nuper
1290 2441 1446 2499 nobis
1491 2441 1772 2509 Spirituale
1802 2455 2032 2496 renova-

437 2547 546 2591 tum
581 2548 694 2601 est;
729 2545 790 2591 ut
812 2535 907 2592 illa
940 2533 1118 2607 (sicut
1145 2535 1406 2605 scriptum
1449 2543 1532 2589 est
1582 2532 1714 2587 an.
1743 2533 1845 2603 iit)
1877 2549 2029 2602 gene-

434 2634 570 2687 ratio
588 2631 878 2700 viperarum
897 2672 917 2697 ,
943 2645 1063 2699 quae
1093 2628 1376 2686 venenatis
1405 2627 1599 2684 lCiibth‘
1634 2628 1910 2692 saeviebat,
1940 2642 2031 2682 suo

435 2725 548 2782 liito
589 2725 770 2779 divina
801 2723 1000 2780 virtute
1030 2722 1344 2790 eoinpnlsa,
1365 2720 1708 2777 mortifeinm
1732 2719 1862 2774 illud
1887 2719 2037 2776 virus

435 2816 834 2876 iliCI‘Otluiilttii~‘
861 2815 1145 2883 abiecerit.

507 2911 748 2981 Namque
775 2909 968 2964 diebus
990 2926 1126 2978 pene
1155 2907 1294 2974 istis,
1321 2906 1519 2976 quibus
1547 2921 1650 2977 ego
1682 2907 1812 2958 tanti
1843 2920 2030 2960 sacer-

436 3005 566 3058 dotii
589 3019 814 3071 nomen,
847 3003 976 3060 licet
1005 3003 1281 3073 indiguus,
1310 3000 1540 3070 adeptus
1565 3016 1683 3055 sum
1717 3001 2036 3070 :presbyier

435 3097 651 3167 quidam
672 3098 958 3152 sanctitate
982 3096 1309 3167 praecipuus,
1336 3111 1367 3150 ιι
1392 3093 1763 3164 Hierosolyma
1786 3094 2032 3160 venietis,

2135 1893 2315 1946 civitas
2339 1892 2492 1958 [irata
2524 1903 2574 1947 ct
2605 1891 2715 1945 alia
2755 1892 2772 1961 (
2799 1891 2957 1946 Prov.
2997 1890 3195 1961 mu);
3240 1901 3545 1945 statuerunt
3577 1888 3732 1944 inulti

2136 1985 2319 2037 izttiitlli
2351 1983 2582 2049 (Jhristi,
2619 1984 2862 2038 laborem
2894 1983 3107 2039 itineris
3138 1985 3360 2039 minime
3393 1997 3732 2053 rccusnntea,

2134 2089 2358 2133 cunctas
2381 2077 2545 2138 animi
2570 2079 2715 2132 vires
2741 2076 2863 2133 huic
2887 2077 3040 2134 bello
3064 2077 3302 2134 tradere.

2209 2169 2488 2224 Pendente
2527 2167 2691 2238 igitur
2718 2169 2935 2239 praelia,
2983 2182 3084 2224 nos
3110 2168 3326 2238 quidem
3358 2168 3543 2238 qualia
3595 2182 3735 2238 pra-

2134 2262 2508 2334 paraveriuius
2538 2277 2712 2326 arma,
2742 2262 3022 2318 subditum
3054 2265 3182 2317 huic
3209 2263 3463 2331 epistolae
3491 2278 3730 2317 commo-

2135 2357 2390 2413 nitorium
2426 2356 2656 2424 probat;
2679 2355 2824 2426 quod
2850 2355 3068 2425 quidem
3100 2371 3208 2412 non
3241 2372 3342 2426 pro
3361 2357 3726 2426 quorumdam

2138 2448 2501 2506 instructione
2545 2448 2634 2503 edi
2665 2448 2935 2504 voluimus
2965 2449 3202 2520 (quippe
3244 2450 3370 2519 quia
3414 2464 3478 2504 ea
3511 2448 3728 2518 penitus

2137 2558 2380 2612 egemus,
2429 2551 2486 2598 ct
2512 2557 2673 2611 quam
2701 2556 2733 2595 a
2760 2542 3097 2598 beatitudine
3127 2555 3308 2597 vestra
3343 2546 3516 2612 magis
3543 2556 3734 2612 sperno

2138 2640 2316 2705 inus),
2346 2635 2438 2690 scd
2470 2645 2528 2690 ut
2555 2635 2920 2690 animadverti
2956 2636 3151 2703 possit,
3182 2652 3292 2690 non
3323 2635 3600 2690 minimam
3632 2650 3734 2691 nos

2137 2729 2558 2785 sollicitudinem
2581 2728 2886 2783 secundum
2915 2729 3195 2784 modulum
3228 2729 3608 2798 possibilitatis
3637 2743 3736 2783 no-

2137 2831 2263 2878 stra:
2306 2822 2544 2890 suscepti
2587 2821 2845 2876 habuisse
2886 2822 3232 2888 certaminis;
3263 2820 3537 2877 Cinistum
3571 2837 3730 2886 vero,

2138 2915 2293 2984 cujus
2341 2929 2570 2984 regnum
2617 2930 2724 2968 non
2773 2914 2824 2966 iii
2873 2929 3148 2977 sermone,
3183 2915 3278 2969 sed
3313 2917 3363 2968 in
3395 2916 3598 2968 virtute
3623 2925 3728 2981 est,

2141 3009 2300 3066 nobis
2330 3023 2402 3063 ne
2431 3007 2655 3063 verbum
2689 3007 2910 3076 quidem
2941 3007 3368 3077 proferentibus,
3411 3010 3524 3062 suis
3553 3007 3734 3062 omnia

2141 3099 2347 3156 viribus
2385 3112 2819 3164 consummasse,
2862 3110 2916 3153 et
2940 3099 3147 3169 absque
3185 3099 3296 3154 ullo
3327 3099 3527 3154 sudore
3551 3108 3729 3153 certa-

438 3192 676 3260 )lagonte
709 3207 812 3243 non
845 3190 1007 3260 longo
1055 3200 1300 3258 tempore
1347 3200 1590 3244 iniuratus
1618 3201 1726 3253 est,
1754 3189 1844 3256 qui
1888 3197 2026 3258 post-
2063 3200 2106 3262 ρ
2142 3194 2300 3248 minis
2343 3193 2606 3248 exercitui
2649 3207 2747 3247 suo
2790 3191 2947 3257 hanc,
2999 3207 3161 3262 quam
3210 3208 3372 3246 nemo
3401 3202 3495 3247 aut
3542 3204 3734 3262 optare

436 3300 596 3352 quam
621 3282 894 3336 transvelii
927 3281 993 3337 ad
1027 3282 1330 3350 iliSpatilaS,
1360 3282 1498 3336 sicut
1543 3281 1913 3346 desiderabat,
1941 3296 2033 3336 ne-

438 3375 627 3444 quivit,
662 3391 905 3429 reuieare
931 3374 998 3431 ad
1030 3375 1268 3428 .ifiicam
1301 3374 1484 3429 denuo
1507 3375 1713 3428 stituit.
1754 3374 1879 3428 Erat
1900 3375 2033 3427 cui»:

445 3467 696 3539 Hispania
724 3469 926 3522 obsesSa
951 3467 1047 3520 hoc
1080 3478 1309 3535 tempore
1333 3485 1364 3520 ιι
1393 3465 1600 3529 Gothis,
1627 3468 1767 3537 quod
1800 3484 1895 3520 suo
1922 3465 2036 3524 loco

439 3570 512 3614 cst
560 3561 1012 3614 demonstratum:
1063 3569 1110 3612 et
1159 3559 1246 3612 hic
1292 3558 1554 3628 presbyter
1606 3557 1882 3628 Hispanus
1929 3566 2037 3612 crat

442 3653 680 3706 Orosius.
711 3653 816 3706 Srd
844 3653 1004 3722 pergi’
1041 3667 1057 3705 :
1088 3651 1243 3705 Tunc
1277 3651 1420 3705 beati
1450 3649 1723 3720 Stephani
1755 3651 2033 3719 reliquias,

441 3761 560 3814 qua:
593 3761 765 3814 nuper
817 3747 1070 3799 revelata:
1121 3753 1268 3807 sunt,
1315 3757 1438 3796 cum
1486 3741 1551 3794 ad
1601 3741 1884 3807 lltSpanias
1912 3755 2033 3808 por-

443 3851 558 3893 tare
588 3836 963 3894 constituisset
996 3853 1009 3888 :
1043 3835 1211 3904 ipsas,
1243 3833 1365 3889 sine
1406 3833 1572 3889 dubio
1600 3844 1838 3902 martyre
1870 3832 2041 3900 inspi-

441 3941 620 3995 rante,
664 3931 716 3985 in
758 3928 1042 3984 memorati
1080 3927 1262 3996 Oppidi
1297 3926 1526 3980 ecclesia
1568 3926 1876 3980 collocavit.
1922 3926 2040 3991 Quo

445 4027 609 4093 facto,
643 4023 890 4094 protinus
921 4022 1013 4078 ille
1051 4021 1208 4090 ignis,
1242 4035 1404 4090 quem
1444 4019 1702 4072 Dominus
1741 4019 1888 4073 venit
1917 4019 2042 4080 mito

446 4130 560 4176 tere
607 4119 663 4174 in
693 4130 917 4184 terram,
953 4129 1005 4172 et
1035 4132 1200 4186 quem
1227 4117 1382 4171 valde
1411 4117 1606 4171 ardere
1654 4117 1819 4186 cupit,
1857 4115 2038 4171 chari-

445 4225 553 4273 tate
589 4217 710 4286 ejus
749 4229 1014 4270 accensus
1040 4223 1125 4271 est
1154 4213 1318 4284 (an.
1370 4211 1504 4281 xu).
1531 4211 1724 4268 Statim
1771 4210 2040 4280 siquidem

444 4321 599 4376 tenor
645 4321 828 4368 noster
889 4311 1136 4373 incaluit,
1187 4320 1242 4366 ct
1290 4309 1496 4364 factum
1547 4320 1632 4364 est
1670 4325 1762 4364 cor
1795 4321 2041 4363 nostrum

449 4403 625 4472 (sicut
652 4405 916 4469 scriptum
943 4413 1029 4458 est
1050 4403 1205 4475 [ιρις.
1233 4403 1418 4474 xxiv])
1449 4402 1650 4460 ardetis
1675 4403 1726 4455 iii
1752 4404 1862 4458 via.
1891 4401 2044 4458 Tunc

443 4498 592 4554 enim
641 4497 733 4552 ille
784 4498 835 4551 in
893 4497 998 4552 (ide
1021 4497 1134 4567 jam
1166 4498 1397 4552 ardebat
1428 4497 1600 4564 zelus,
1636 4509 1764 4550 tunc
1791 4510 1888 4564 Spe
1927 4495 2040 4549 sal-

2139 3287 2392 3349 audehat,
2417 3298 2508 3344 aut
2537 3302 2758 3356 sperare
2791 3295 3026 3355 poterat,
3058 3287 3344 3341 victoriam
3370 3287 3734 3340 concessisse.

2139 3381 2311 3434 .ludiei
2340 3380 2502 3450 igitur
2531 3379 2800 3448 evemplis
2827 3396 2890 3434 se
2919 3380 3220 3434 Machaba-i
3247 3381 3510 3450 temporis
3536 3380 3737 3435 exhor-

2140 3481 2340 3536 tantes,
2393 3482 2627 3528 mortem
2675 3488 2896 3544 quoque
2949 3489 3047 3544 ιιι-ιι
3078 3475 3440 3529 defendendis
3481 3473 3740 3544 legitimis

2141 3565 2252 3618 suis
2276 3564 2684 3621 desiderabant.
2709 3565 2896 3633 itaque
2915 3583 3025 3620 non
3046 3567 3221 3622 solum
3241 3567 3405 3624 libros
3428 3568 3738 3632 revolvere,

2142 3657 2235 3709 sed
2261 3658 2422 3712 etiam
2451 3673 2604 3718 saxa,
2638 3657 2824 3720 sudes,
2844 3657 3022 3726 jaenla
3056 3659 3350 3728 omniaque
3387 3661 3620 3713 telorum
3645 3674 3740 3729 ge-

2143 3763 2275 3804 nera
2301 3747 2366 3802 ad
2401 3762 2733 3817 synagogam
2759 3749 3008 3802 conferre
3039 3765 3285 3818 contere.
3316 3759 3374 3803 ut
3401 3750 3742 3805 Cliristiano-

2142 3856 2262 3894 rum
2298 3843 2469 3896 aciein
2515 3841 2714 3896 virtute
2759 3842 2935 3895 sancti
2983 3841 3222 3912 Spiritus
3264 3843 3522 3896 munitam
3553 3845 3638 3913 (si
3668 3845 3739 3899 ita

2143 3949 2232 3990 res
2254 3933 2539 4002 posceret)
2564 3933 2726 3989 etiam
2761 3933 3008 4001 corporis
3043 3933 3246 3988 viribus
3275 3936 3676 4004 propulsarent.

2217 4033 2428 4088 interea
2456 4033 2586 4088 dum
2624 4031 2676 4084 hi
2719 4039 3016 4100 apparatus
3055 4036 3403 4100 gererentur,
3435 4042 3744 4100 magnoque

2148 4127 2471 4180 altrinsecus
2502 4125 2682 4180 studio
2705 4126 2946 4180 futurum
2973 4125 3275 4178 instituitur
3296 4123 3501 4179 bellum
3527 4141 3540 4178 :
3564 4125 3740 4182 utrin-

2145 4235 2251 4289 que
2271 4221 2546 4275 exercitus
2576 4218 3036 4274 inenarrabilibus
3061 4227 3116 4273 et
3147 4217 3574 4273 absolutissimic
3599 4233 3746 4275 soni-

2146 4313 2249 4366 niis
2288 4323 2698 4367 commoventur
2742 4331 2753 4365 :
2807 4327 3042 4379 quorum
3087 4312 3134 4365 si
3167 4311 3369 4366 nullam
3398 4313 3614 4379 penitus
3657 4309 3741 4364 fa-

2144 4419 2325 4459 cerem
2373 4406 2736 4467 mentionem,
2787 4418 2900 4458 non
2949 4405 3230 4458 minimam
3277 4403 3506 4457 videbor
3533 4412 3739 4472 partem

2147 4498 2345 4552 divinae
2375 4498 2570 4567 glorize
2599 4498 2910 4568 operuisse.
2944 4497 3034 4554 Sic
3058 4499 3204 4552 enim
3232 4498 3289 4550 S.
3317 4495 3564 4566 Apostoli
3590 4495 3743 4551 Pauli

447 4590 640 4646 Vandai
667 4590 1030 4646 multitudinis
1057 4591 1325 4660 erigebat.
1383 4592 1626 4660 Denique
1657 4590 1838 4646 statim
1874 4591 2041 4644 inter—
2073 4597 2119 4656 ι)
2146 4593 2422 4646 somnium
2465 4590 2642 4644 Lucas
2663 4597 2679 4659 (
2700 4593 2812 4644 Act.
2838 4588 2966 4660 xvi)
2998 4605 3166 4643 sacrae
3210 4588 3459 4643 historiae
3489 4588 3746 4651 inseruit,

447 4685 560 4738 cisa
583 4694 708 4738 sunt
736 4684 904 4740 etiam
938 4684 1257 4740 salvationis
1291 4683 1495 4747 officia,
1526 4693 1581 4739 ct
1621 4700 1727 4738 non
1756 4685 1930 4739 solum
1965 4682 2044 4737 fac

451 4778 779 4833 miliaritatis
823 4778 1172 4834 consuetudo
1221 4778 1462 4842 divulsa,
1507 4777 1603 4832 sed
1659 4777 1825 4833 etiam
1880 4775 2042 4830 noxia

449 4871 764 4926 inveterata:
810 4871 1030 4935 species
1060 4869 1348 4925 charitatis
1387 4871 1456 4924 ad
1493 4869 1680 4924 odium
1716 4867 2042 4936 teporale,

446 4965 545 5020 sed
571 4980 674 5034 pro
703 4975 922 5019 aeternae
943 4965 1142 5020 salutis
1169 4979 1358 5017 amore
1389 4963 1649 5017 translata
1694 4973 1795 5015 est.
1826 4960 1885 5015 1n
1927 4977 2045 5014 oin-

448 5056 610 5111 nibus
641 5056 838 5124 plateis
863 5057 1131 5111 adversus
1153 5055 1372 5114 Jlldﬂ‘OS
1395 5070 1589 5124 pugna:
1609 5053 1764 5124 legis,
1799 5055 1852 5108 in
1876 5054 2045 5108 omni-

452 5148 552 5204 bus
582 5149 836 5202 domibns
860 5147 983 5202 ﬁdei
1014 5148 1198 5217 prailia
1225 5147 1575 5218 gerebantur.

522 5242 835 5298 inda-orum
867 5241 1103 5308 populus
1149 5243 1383 5295 maxime
1434 5239 1722 5308 cujusdam
1764 5237 2044 5294 Theodori

450 5335 780 5392 auctoritate
810 5347 859 5388 et
889 5335 1132 5403 patentia
1165 5335 1464 5401 nitebatur,
1493 5333 1582 5402 qui
1615 5349 1721 5387 lion
1754 5333 1932 5387 Solum
1966 5333 2045 5386 in.

454 5437 537 5482 ter
565 5426 811 5494 .ludaios,
842 5441 1036 5480 verum
1070 5425 1238 5482 etiam
1262 5426 1405 5480 inter
1426 5425 1764 5481 Christianos
1796 5425 2044 5495 ejusdem

452 5518 640 5588 Oppidi
686 5529 741 5573 et
783 5533 948 5574 sensu
996 5526 1050 5573 et
1079 5517 1288 5574 honore
1320 5519 1504 5574 saeculi
1552 5519 1860 5587 praicipuus
1890 5527 2046 5574 erat:

454 5613 730 5682 siquidem
773 5612 920 5681 apud
967 5612 1090 5668 illos
1141 5611 1276 5682 legis
1322 5612 1540 5678 doctor,
1570 5621 1626 5670 et
1653 5613 1672 5684 (
1700 5624 1758 5668 ut
1801 5613 2046 5682 ipsorum

457 5718 577 5762 utar
622 5705 837 5773 verbo)
865 5715 1017 5774 pater
1049 5719 1263 5775 patrum
1316 5705 1452 5770 fuit;
1508 5707 1559 5761 in
1604 5707 1828 5763 civitate
1866 5719 2048 5764 autem

457 5798 672 5854 cunctis
713 5796 895 5849 Curia:
937 5798 1137 5852 muniis
1183 5798 1486 5864 exsolutus,
1537 5808 1590 5854 et
1643 5798 1906 5855 Defensor
1936 5798 2049 5866 jam

2149 4683 2357 4746 dicens,
2387 4683 2564 4736 virum
2585 4681 2940 4740 laccdonem
2964 4681 3203 4735 astitisse
3227 4681 3280 4733 in
3301 4680 3516 4734 visione
3542 4680 3741 4746 noctis,

2149 4784 2395 4829 orantem
2413 4782 2471 4827 ut
2487 4773 2768 4842 juvaretur
2789 4771 2857 4826 ab
2880 4787 2978 4831 eo;
3010 4780 3066 4826 et
3098 4771 3197 4824 hac
3227 4770 3548 4840 Apostolum
3581 4770 3747 4825 visio-

2151 4885 2220 4922 ne
2242 4867 2644 4936 praemunitum,
2661 4865 2872 4920 itineris
2901 4865 3007 4917 alio
3028 4863 3284 4918 destinati
3310 4878 3530 4916 cursum
3554 4865 3620 4917 ad
3645 4861 3747 4917 Ila-

2148 4961 2432 5016 ccdoniam
2462 4967 2820 5015 coiivertissc.
2869 4958 3083 5025 Quanto
3115 4956 3299 5025 itaque
3329 4954 3542 5010 Domini
3575 4954 3746 5010 nostri

2149 5055 2277 5112 Jesn
2309 5053 2515 5109 Christi
2542 5052 2718 5123 major
2764 5063 2848 5108 est
2878 5049 3072 5120 gloria,
3104 5049 3248 5120 quod
3283 5049 3338 5103 id
3387 5049 3631 5104 minimis
3661 5056 3748 5102 at-

2149 5163 2256 5215 que
2303 5145 2545 5214 indignis
2594 5143 2812 5198 fattiulis
2859 5144 3106 5198 revelare
3153 5141 3410 5213 dignatus
3450 5151 3560 5208 est,
3597 5138 3744 5209 quod

2149 5240 2314 5294 etiam
2349 5238 2510 5293 beato
2553 5237 2822 5308 Apostolo
2853 5235 3288 5290 demonstratum
3340 5236 3624 5303 Scriptura
3652 5247 3746 5287 ce—

2153 5331 2268 5385 lare
2314 5331 2546 5398 noluit!)
2565 5330 2731 5400 Igitur
2780 5328 3064 5385 brevitatis
3093 5343 3282 5393 causa,
3329 5343 3395 5381 ne
3423 5323 3746 5381 beatitudini

2150 5433 2350 5482 vestrae
2397 5422 2682 5480 fastidium
2734 5421 2975 5479 fortasse
3021 5423 3299 5493 gignatur,
3369 5418 3481 5473 duo
3535 5427 3742 5473 tantum

2151 5519 2363 5578 somnia
2392 5520 2650 5576 inseram.

2224 5614 2382 5684 Apud
2410 5627 2510 5668 nos
2535 5612 2734 5668 devota
2763 5610 3022 5682 quaedam
3062 5606 3500 5677 religiosissima,
3524 5604 3748 5660 nomine

2152 5708 2474 5770 Theodora,
2505 5722 2627 5776 quae
2657 5713 2714 5760 et
2745 5703 3059 5774 virginitate
3089 5699 3358 5766 corporis,
3390 5708 3443 5752 et
3479 5697 3743 5768 religione

2159 5801 2448 5871 propositi,
2477 5807 2538 5854 et
2560 5798 2798 5853 nominis
2829 5793 3290 5865 interpretatione
3324 5803 3509 5864 typum
3536 5805 3758 5864 portare
