4206 6174
517 278 623 340 755

1590 279 1842 337 SEVERI
1883 277 2199 336 EPISCOPI
2238 276 2730 335 MAIORICENSIS

3701 270 3808 329 756

516 395 780 453 Ecclesia:
811 403 1142 462 mereretur,
1169 394 1306 450 vidit
1336 394 1389 449 in
1430 394 1644 449 visione
1672 394 1854 449 noctis
1883 393 2103 449 viduam
2134 395 2190 456 Α
2214 393 2629 464 polluerentur)
2680 392 2889 463 ingredi
2942 391 3031 447 die
3088 390 3278 448 eadem
3338 406 3445 445 non
3501 397 3759 461 oportere
3786 404 3801 443 :

514 505 680 561 quam
709 489 1101 545 nobilissimam
1130 487 1197 542 ad
1227 502 1332 550 me,
1365 487 1456 557 qui
1487 502 1593 541 non
1622 501 1722 556 pro
1760 486 1976 554 merito,
2009 486 2105 540 sed

518 598 616 654 pro
642 583 809 639 divini
842 584 1083 638 muneris
1129 581 1379 651 largitate
1420 580 1732 635 sacerdotio
1765 578 1979 647 fungor,
2024 580 2107 632 in-

520 683 695 731 sertas
726 674 935 729 litteras
978 688 1072 744 per
1117 688 1177 728 se
1218 670 1658 744 misisse[Forte
1704 670 2105 742 priemisisse],

519 767 718 839 quibus
762 768 897 822 mihi
954 777 1179 823 cunctos
1224 783 1385 837 agros
1431 782 1562 823 suos
1614 766 1681 821 ad
1722 766 2108 821 seminandum

521 863 840 935 suppliciter
884 862 1128 918 offerret.
1172 862 1347 919 Simili
1381 865 1551 917 etiam
1583 864 1807 918 somnio
1857 879 1945 918 me
1976 879 2113 930 quo-

522 970 626 1026 que
656 954 908 1009 ultimum
942 965 1286 1023 peccatorum
1324 955 1393 1009 ad
1442 955 1825 1011 seminandum
1874 956 2115 1024 prmcin-

521 1062 651 1118 gere
686 1056 741 1102 et
767 1063 1111 1103 commonere
1146 1049 1404 1119 dignatus
1432 1058 1536 1104 est.
1575 1047 1742 1103 Vidua
1785 1048 1931 1103 enim
1961 1062 2116 1118 quae-

520 1139 648 1196 dam
677 1140 848 1196 altera
901 1141 1297 1207 nobilisssima,
1333 1158 1496 1213 quam
1542 1157 1834 1213 synagoga:
1874 1142 2112 1212 speciem

516 1234 777 1288 habuisse
804 1248 915 1288 non
935 1234 1161 1289 dubium
1181 1245 1288 1300 est,
1308 1252 1416 1299 me,
1438 1246 1495 1291 ut
1523 1250 1683 1307 agros
1719 1250 1850 1291 suos
1880 1236 2116 1290 incultos

523 1327 887 1396 susciperem,
915 1343 1118 1398 eosque
1149 1330 1367 1397 quando
1414 1339 1630 1397 tempus
1659 1330 1923 1383 sementis
1959 1343 2118 1398 urge-

522 1429 627 1486 ret,
660 1420 955 1492 diligenter
1002 1423 1341 1487 excolerem,
1392 1421 1819 1492 deprecabatur.
1868 1422 2002 1487 Qua:
2032 1430 2117 1475 est

521 1524 704 1569 autem
732 1516 897 1570 altera
924 1515 1267 1571 nobilissima
1295 1517 1480 1581 vidua,
1518 1518 1621 1571 nisi
1670 1518 1785 1579 illa,
1812 1532 1931 1587 qum
1960 1516 2118 1572 Chri-

523 1613 666 1661 stum
717 1607 883 1676 impie
931 1608 1272 1676 perimendo,
1330 1609 1687 1678 semetipsam
1736 1610 2119 1665 crudelissime

520 1698 804 1753 viduavit?
837 1700 948 1756 Hoc
976 1702 1248 1756 somnium
1276 1701 1569 1772 utriusque
1620 1717 1787 1756 unum
1834 1711 1939 1757 est.
1975 1706 2116 1755 Ante

2216 500 2337 540 esse
2363 486 2507 540 enim
2539 485 2680 540 diem
2714 485 2949 549 sabbati,
2983 485 3140 554 cujus
3192 484 3541 539 festivitatem
3576 483 3687 537 suis
3730 480 3807 536 illi

2216 579 2425 634 actibus
2458 580 2855 649 corrupissent.
2911 579 3143 633 Rursum
3190 593 3294 649 ego
3319 577 3583 645 expetivi,
3626 586 3686 630 ut
3725 590 3809 631 me

2217 674 2284 728 ad
2316 688 2667 745 synagogatn,
2716 675 2760 727 si
2815 674 3064 740 mallent,
3116 672 3521 742 opperirentur,
3555 669 3810 741 quando-

2218 766 2437 837 quidem
2483 766 2757 835 ingressus
2787 765 3039 820 ecclesia:
3080 765 3310 834 pollutio
3339 763 3623 818 videretur
3656 780 3667 815 :
3701 777 3811 818 non

2220 860 2404 928 utique
2427 874 2520 913 eos
2549 875 2575 911 a
2602 857 2760 913 nobis
2786 858 2842 912 in
2875 858 2962 913 die
3005 857 3129 912 festi
3161 857 3375 912 sabbati
3420 856 3484 910 ad
3518 870 3659 926 opus
3689 869 3810 909 ser-

2218 954 2321 1008 vile
2338 952 2625 1023 compelli;
2650 954 2886 1007 futurum
2909 960 3093 1007 autem
3130 952 3571 1007 honestissimum
3598 950 3665 1005 de
3690 950 3809 1021 lege

2220 1046 2556 1109 conﬂictum,
2582 1060 2680 1100 nec
2708 1043 3030 1099 excitandas
3061 1044 3185 1098 lites
3211 1052 3266 1098 et
3300 1044 3509 1098 fabulas
3541 1056 3665 1097 esse
3686 1041 3815 1095 mis-

2221 1139 2422 1193 cendas
2452 1156 2464 1192 :
2497 1148 2609 1204 aut,
2662 1139 2707 1191 si
2741 1154 2846 1191 non
2893 1146 3074 1192 astute
3130 1146 3409 1191 certamen
3463 1135 3731 1205 fugerent,
3763 1139 3819 1188 et

2221 1231 2522 1301 simplicem
2553 1231 3271 1293 atlerreutexcusationem,
3302 1228 3659 1284 ostenderent
3690 1241 3821 1296 prie

2222 1336 2460 1396 ceptum,
2491 1328 2633 1396 quod
2663 1326 2716 1380 in
2770 1340 2835 1381 co
2865 1326 2956 1380 die
2988 1340 3298 1380 sermonem
3341 1323 3599 1379 conferre
3629 1320 3821 1391 prohi-

2225 1420 2393 1474 bitum
2424 1420 2512 1474 sit.
2542 1420 2620 1473 Ad
2658 1420 2772 1473 lucc
2801 1434 2926 1474 cum
2957 1419 3031 1472 illi
3065 1420 3116 1472 in
3145 1417 3399 1472 omnibus
3429 1413 3819 1472 contradictio.

2223 1528 2345 1567 nem
2365 1512 2854 1567 obstinatissiinam
2879 1512 3219 1577 retulissent,
3243 1510 3459 1565 tandem
3484 1509 3626 1564 illius
3649 1507 3821 1563 leonis

2225 1612 2436 1661 terrore
2464 1606 2748 1675 compulsi,
2786 1606 2851 1659 ad
2884 1605 3129 1670 domum,
3158 1604 3214 1658 in
3247 1620 3410 1674 quam
3445 1604 3683 1674 hospitio
3728 1617 3822 1656 ac-

2224 1713 2520 1767 cesseram,
2549 1696 2953 1752 continuerunt.
2986 1696 3066 1753 lbi
3095 1713 3196 1768 ego
3228 1714 3242 1752 :
3276 1698 3475 1764 Quarso
3498 1692 3784 1767 (inquam)
3807 1735 3822 1762 ,

525 1790 741 1861 triginta
766 1792 936 1847 ferme
960 1810 1120 1862 quam
1148 1794 1471 1864 impleretur
1501 1794 1647 1860 dies,
1675 1805 1732 1849 et
1757 1794 1963 1849 vidisse
1994 1808 2115 1861 nos,
2152 1793 2197 1851 Β
2225 1792 2444 1857 fratres,
2498 1806 2667 1861 quare
2699 1792 2853 1861 quasi
2904 1791 3166 1845 adversus
3214 1791 3475 1853 latrones,
3517 1787 3826 1859 praesertim

526 1890 582 1938 et
614 1884 741 1937 licet
778 1884 1176 1940 absolutionem
1206 1888 1329 1955 ejus
1369 1888 1770 1955 ignoraremus,
1802 1895 1983 1940 tamen
2013 1884 2125 1940 fra-

529 1974 708 2030 tribus
732 1975 1026 2043 indicasse,
1056 1976 1404 2033 manifestum
1430 1990 1536 2034 est.

598 2067 757 2139 Apud
783 2068 999 2124 Judazos
1027 2086 1244 2142 quoque
1276 2074 1415 2126 miro
1450 2072 1654 2128 divinae
1691 2072 2125 2143 dispensationis

524 2160 740 2229 ordine,
772 2170 906 2217 utet
934 2164 1172 2218 nominis
1199 2164 1497 2227 Theodori,
1528 2177 1582 2220 et
1608 2165 1773 2221 officii
1797 2167 1901 2220 mei
1930 2167 1982 2220 in
2008 2183 2120 2220 uno

526 2251 749 2308 homine
772 2255 1028 2321 societas,
1056 2256 1392 2321 conveniret,
1419 2257 1739 2313 Theodorus
1763 2259 1851 2329 qui
1880 2274 2127 2313 summus

524 2347 781 2400 sacerdos
806 2345 993 2416 perﬁdi
1020 2347 1203 2417 populi
1225 2356 1360 2412 erat,
1392 2350 1690 2413 somnium,
1717 2351 1861 2419 quod
1884 2350 2124 2413 viderat,

529 2452 639 2492 non
687 2438 862 2493 solum
911 2441 1138 2505 Judaeis,
1195 2440 1291 2496 sed
1341 2441 1504 2495 etiam
1537 2442 1854 2513 pr0pinquae
1902 2442 2122 2497 cuidam

532 2530 930 2586 matrifamilias
977 2533 1250 2601 primaria:
1308 2532 1480 2602 ipsius
1522 2534 1780 2600 civitatis,
1836 2534 2128 2605 multisque

530 2626 693 2680 etiam
733 2626 855 2682 aliis
900 2625 1249 2695 Christianis,
1284 2639 1411 2683 ante
1453 2644 1561 2682 non
1598 2644 1786 2698 parum
1835 2645 1997 2699 quam
2032 2630 2130 2683 ad-

529 2716 849 2785 impleretur
917 2729 1151 2789 tempus,
1210 2720 1293 2775 liis
1366 2722 1714 2776 sermonibus
1778 2723 2127 2791 propalavit:

532 2810 694 2866 Eunti
749 2811 876 2865 mihi
926 2811 1245 2883 (inquit)in
1289 2829 1638 2885 synagogam,
1690 2816 1975 2872 duodecim
2030 2816 2129 2870 viri

533 2918 727 2957 manus
785 2904 970 2959 obvias
1023 2905 1363 2970 obtulerunt,
1423 2906 1665 2961 dicentes
1713 2908 1877 2973 :Quo
1934 2908 2130 2963 vadis?

527 2993 617 3051 leo
649 2995 760 3051 illic
788 3006 889 3052 est.
929 2994 1062 3052 Cum
1100 3013 1255 3068 ergo,
1289 3000 1477 3053 audito
1528 3000 1703 3055 leonis
1734 3002 1974 3069 nomine,
2010 3013 2127 3056 tre-

534 3087 721 3157 pidare
755 3089 1083 3155 coapissem;
1117 3092 1293 3144 locum
1323 3100 1527 3157 tamen,
1560 3092 1687 3145 dum
1735 3093 1917 3161 fugam
1968 3109 2126 3162 paro,

2227 1884 2278 1937 in
2329 1884 2546 1939 civitate
2576 1884 2838 1939 Romanis
2869 1885 3079 1955 legibus
3126 1884 3371 1950 subdita,
3404 1897 3635 1937 acervos
3665 1896 3830 1936 saxo-

2225 1993 2365 2043 rum,
2401 1979 2693 2049 omniaque
2726 1994 3002 2033 armorum
3034 1994 3238 2049 genera
3269 1978 3685 2049 congregastis?
3714 1976 3828 2033 Nos

2224 2069 2509 2136 aequirere
2531 2071 2800 2139 cupimus,
2820 2084 2917 2123 vos
2939 2070 3171 2140 perdere
3200 2067 3560 2124 desideratis?
3591 2067 3709 2122 Non
3746 2075 3830 2123 est

2232 2161 2517 2231 (quantum
2543 2162 2808 2233 arbitror)
2841 2178 3080 2232 :equum,
3113 2171 3172 2216 ut
3211 2171 3320 2216 tam
3347 2162 3495 2216 varia
3530 2160 3626 2215 lite
3657 2160 3830 2215 alter—

2228 2264 2411 2308 utrum
2459 2254 2806 2310 laboremus:
2836 2271 2933 2310 vos
2977 2256 3231 2327 vero(ut
3273 2255 3469 2325 video)
3514 2254 3682 2310 sititis
3728 2269 3830 2310 no-

2229 2356 2404 2401 strum
2431 2347 2780 2417 sanguinem,
2814 2363 2912 2401 nos
2934 2363 3066 2403 vero
3090 2357 3327 2403 vestram
3351 2347 3609 2402 salutem.

2300 2439 2381 2493 Ad
2430 2439 2547 2495 haec
2572 2440 2645 2494 illi
2680 2440 2955 2509 paululum
3008 2442 3205 2509 territi,
3252 2455 3520 2511 negavere
3568 2439 3818 2495 factum:

2231 2533 2433 2587 nostris
2474 2531 2870 2587 afﬁrmantibus
2899 2533 2972 2587 ita
2996 2548 3056 2589 se
3089 2532 3315 2602 habere,
3366 2534 3529 2587 etiam
3570 2548 3693 2587 cum
3740 2533 3827 2602 ju-

2233 2624 2522 2693 rejurando
2548 2625 2944 2681 renitebantnr.
2973 2626 3123 2679 Tunc
3155 2642 3277 2697 ego,
3311 2635 3368 2680 ut
3397 2625 3600 2679 nudum
3632 2634 3826 2693 coaptat

2230 2724 2595 2777 contentionis
2638 2722 3015 2777 ab’scinderem
3045 2740 3057 2775 :
3084 2722 3185 2779 Ubi
3214 2738 3300 2777 res
3331 2720 3611 2794 (inquam)
3653 2719 3825 2773 oculis

2232 2816 2451 2884 probari
2473 2824 2673 2885 potest,
2692 2815 2970 2885 juratione
2991 2815 3120 2885 quid
3147 2830 3281 2884 opus
3305 2814 3426 2868 est?
3448 2825 3636 2868 eamus
3667 2812 3828 2881 igitur

2231 2908 2296 2961 ad
2327 2924 2679 2979 synagogam,
2712 2918 2765 2961 et
2798 2918 2977 2961 utrum
3006 2923 3100 2976 pro
3126 2909 3257 2960 vitio
3285 2922 3354 2960 an
3381 2905 3609 2959 veritate
3640 2914 3824 2958 vestra

2234 3000 2442 3053 nitatur
2467 3001 2720 3065 assertio,
2756 3000 3162 3068 vobismetipsis
3207 2998 3554 3065 testantibus,
3585 3012 3829 3066 compro-

2236 3092 2464 3147 babitur.
2501 3093 2738 3162 Pergere
2766 3094 2925 3162 igitur
2957 3093 3023 3147 ad
3050 3107 3382 3164 synagogam
3432 3091 3725 3159 cmpimus,
3778 3097 3830 3145 et

535 3182 679 3237 unde
711 3182 1150 3251 introspiceretur,
1185 3185 1389 3255 reperi,
1441 3194 1497 3238 et
1526 3185 1633 3240 vidi
1683 3186 1984 3240 monachos
2017 3186 2126 3240 illic
2156 3172 2200 3234 C
2234 3185 2497 3256 hymnum
2521 3186 2738 3241 Christo
2768 3203 2867 3256 per
2899 3189 3128 3256 plateam
3159 3203 3226 3241 ex
3256 3186 3601 3240 multitudine
3624 3186 3827 3240 laetitiae

534 3276 673 3330 mira
722 3278 990 3332 suavitate
1022 3278 1315 3345 psallentes
1344 3296 1354 3330 :
1387 3279 1561 3347 major
1614 3278 1750 3332 mihi
1784 3295 1952 3348 pavor
1979 3279 2124 3333 illico

534 3368 782 3436 adjectus
805 3379 921 3432 est;
952 3380 1005 3423 et
1034 3370 1141 3423 nisi
1172 3371 1225 3425 in
1254 3371 1537 3440 Cujus-dam
1572 3378 1790 3427 nomine
1825 3363 2015 3429 Ruben
2044 3375 2126 3427 in-

532 3475 753 3531 gressus
782 3462 1007 3517 fuissem
1039 3462 1281 3531 domum,
1315 3473 1371 3520 et
1398 3465 1522 3520 inde
1548 3466 1613 3520 ad
1642 3476 1871 3521 matrem
1906 3466 2125 3536 pr0pin-

535 3570 698 3623 quam
722 3571 886 3610 cursu
922 3558 1187 3628 ρι’ωείρὶιί
1215 3559 1619 3626 convolassem,
1648 3575 1991 3631 nequaquam
2026 3575 2125 3614 cu-

531 3661 648 3699 ram
682 3647 948 3702 mortiferi
976 3650 1209 3703 terroris
1237 3651 1554 3706 evasissem.
1587 3651 1681 3705 Illa
1711 3668 1796 3707 me
1818 3653 2125 3707 exanimem

530 3740 655 3795 sinu
687 3755 788 3796 suo
819 3740 1139 3805 confovens,
1172 3758 1200 3796 a
1234 3743 1553 3799 discrimine
1595 3746 1802 3815 pariter
1829 3755 1884 3799 et
1914 3762 1943 3800 a
1978 3757 2123 3800 metu

531 3832 755 3901 eripuit.
798 3834 908 3888 lloc
933 3835 1051 3903 ejus
1080 3837 1353 3890 somnium
1382 3837 1541 3891 valde
1571 3838 1777 3892 clarum
1810 3848 1916 3904 est,
1944 3849 1999 3893 et
2046 3840 2126 3892 in-

534 3928 928 3996 terpretatione
961 3943 1069 3984 non
1105 3929 1330 3997 indiget.
1365 3929 1498 3998 Quis
1546 3932 1693 3985 enim
1742 3932 1851 3996 leo,
1884 3932 1988 3986 nisi
2033 3934 2125 3986 ille

537 4017 605 4072 de
638 4019 781 4073 tribu
808 4020 943 4074 Juda
974 4021 1131 4074 radix
1165 4021 1329 4075 David
1355 4021 1552 4093 (Apoc.
1583 4038 1614 4076 v
1638 4023 1693 4093 )‘!
1722 4024 1856 4090 Qum
1900 4024 2123 4093 propin-

530 4123 635 4178 qua
678 4110 794 4176 illa,
829 4109 932 4165 nisi
955 4110 1023 4167 de
1065 4128 1169 4179 qua
1203 4112 1467 4182 scriptum
1497 4126 1577 4167 est
1611 4131 1623 4166 :
1656 4113 1772 4169 Una
1796 4126 1881 4170 est
1908 4116 2127 4185 propin-

527 4218 632 4273 qua
664 4219 780 4259 mea
824 4203 1012 4275 (Cant.
1044 4205 1168 4275 vi)?
1220 4205 1354 4260 Illud
1402 4222 1539 4277 ergo
1592 4208 1769 4262 solum
1826 4208 2121 4264 videbatur

531 4294 847 4361 obscurum,
893 4296 1037 4366 quod
1084 4298 1138 4351 in
1184 4296 1404 4351 domum
1438 4296 1628 4353 Ruben
1656 4298 1853 4364 Juda‘i,
1896 4315 1925 4354 a
1963 4300 2122 4357 leone

527 4402 649 4441 cum
684 4396 1009 4455 terreretur,
1043 4389 1326 4459 ingressus
1353 4401 1437 4446 est
1470 4407 1483 4443 :
1513 4392 1657 4461 quod
1696 4394 1913 4462 quidem
1964 4396 2121 4449 nobis

530 4479 878 4548 postmodum
906 4482 975 4535 ab
1000 4481 1119 4551 ipso
1158 4482 1337 4550 leone,
1381 4483 1474 4552 qui
1503 4483 1717 4549 terruit,
1766 4496 1824 4539 ut
1855 4486 2115 4554 salvaret,

2234 3278 2564 3332 canebamus
2608 3297 2622 3332 :
2679 3280 2919 3347 psalmus
2965 3287 3167 3343 autem,
3201 3280 3291 3349 qui
3324 3279 3457 3332 mira
3485 3277 3828 3348 jucunditate

2233 3371 2398 3424 etiam
2429 3385 2457 3423 a
2490 3371 2799 3425 Judaeorum
2828 3373 3045 3441 populis
3073 3372 3494 3437 decantabatur,
3553 3373 3639 3427 hic
3684 3372 3786 3427 fuit
3812 3389 3823 3425 :

2232 3460 2399 3516 Periit
2440 3464 2698 3517 memoria
2746 3479 2934 3519 eorum
2984 3480 3106 3519 cum
3160 3466 3416 3535 Strepitu,
3466 3474 3520 3519 ct
3566 3466 3828 3520 Dominus

2232 3555 2283 3608 in
2316 3565 2578 3610 :eternum
2619 3568 2902 3625 permanet
2935 3558 3060 3629 (Ps.
3092 3559 3199 3629 ιχ).
3253 3558 3360 3614 Sed
3409 3570 3703 3630 antequam
3761 3560 3826 3616 ad

2231 3661 2560 3718 synagt-gatn
2592 3653 3026 3719 perveniremus,
3060 3651 3308 3721 quardam
3338 3652 3538 3707 Judzete
3571 3654 3826 3709 mulieres

2232 3739 2612 3812 (ordinatione
2644 3743 2808 3797 credo
2838 3744 2960 3813 Dei)
2999 3744 3284 3798 audaciam
3324 3756 3744 3813 prtesumentes,
3772 3754 3828 3799 ut

2230 3833 2439 3887 scilicet
2473 3842 2782 3889 nostrorum
2815 3836 3013 3890 lenitas
3042 3836 3387 3903 incitaretur,
3416 3836 3620 3906 lapides
3647 3837 3703 3891 in
3730 3850 3826 3891 nos

2230 3938 2295 3978 ex
2328 3926 2601 3994 superiori
2636 3927 2752 3981 loco
2798 3928 3446 3999 immanissimosjactare
3489 3938 3774 3999 cmpcrunt
3811 3945 3821 3981 :

2230 4019 2317 4086 qui
2352 4020 2574 4088 (mirum
2610 4020 2779 4089 dictu)
2813 4037 2934 4075 cum
2959 4038 3123 4091 super
3153 4021 3614 4077 confertissimam
3646 4021 3826 4076 multi-

2232 4110 2497 4175 tudinem,
2522 4110 2800 4182 grandinis
2830 4115 3022 4180 iusmr,
3057 4114 3485 4183 descenderent,
3543 4115 3823 4170 neminem

2229 4210 2535 4257 nostrorum
2563 4221 2667 4259 non
2692 4207 2865 4260 solum
2889 4208 3018 4272 ictu,
3049 4206 3144 4262 sed
3168 4216 3396 4263 netaetu
3417 4207 3633 4277 quidem
3657 4222 3827 4263 vexa-

2227 4312 2375 4352 vere.
2415 4299 2508 4353 llic
2532 4301 2813 4369 agnissnis
2843 4301 3035 4356 leoille
3066 4301 3327 4355 terribilis
3350 4302 3823 4357 mansuetudinem

2226 4392 2502 4460 paululum
2550 4396 2772 4449 abstulit
2801 4416 2811 4450 :
2843 4412 3032 4452 omnes
3062 4397 3362 4468 siquidem,
3398 4397 3825 4453 reclamantibus

2228 4485 2405 4551 nobis,
2451 4502 2579 4540 saxa
2621 4488 2939 4557 corripiunt,
2997 4499 3051 4543 et
3106 4490 3347 4557 pastoris
3394 4488 3827 4544 communitione

528 4573 937 4631 evidentissime
978 4576 1285 4645 expositum
1331 4587 1415 4633 est
1447 4594 1459 4629 :
1490 4577 1635 4646 quod
1664 4577 1868 4632 dehinc
1896 4595 1994 4633 suo
2028 4596 2123 4634 εχ-
2156 4557 2206 4617 Ῑ)
2233 4579 2558 4649 posthabita,
2600 4596 2720 4634 cum
2756 4597 2919 4635 unum
2972 4582 3154 4651 potius
3179 4582 3469 4635 consilium
3500 4584 3719 4637 cunctis
3739 4596 3827 4636 ze—

524 4669 856 4739 plicabimus
910 4671 1052 4727 loco.
1100 4671 1253 4728 Nunc
1305 4681 1487 4728 autem
1537 4682 1729 4744 emptae
1763 4676 1839 4730 rei
1874 4675 2119 4730 ordinem

529 4775 854 4832 prosequar.

599 4854 676 4908 Ex
707 4855 1084 4912 Jammonensi
1110 4858 1331 4912 civitate
1356 4858 1422 4913 ad
1457 4859 1850 4928 profectionem
1887 4858 2120 4913 famulo-

525 4960 646 4999 rum
678 4945 878 5003 Clirisri
912 4950 1200 5006 multitudo
1230 4951 1509 5019 convenit,
1538 4967 1660 5022 qua!
1694 4953 1745 5007 in
1777 4955 1897 5018 ipso
1919 4952 2120 5023 oppido

528 5039 821 5108 putabatur
866 5044 1171 5099 consistere
1202 5062 1214 5097 :
1245 5054 1503 5116 tantaque
1548 5047 1857 5102 difficillimi
1901 5049 2120 5103 itineris

526 5133 773 5189 laborem
815 5136 1099 5193 alacritate
1127 5138 1386 5203 confecit,
1434 5149 1490 5194 ιιι
1530 5141 1746 5211 triginta
1782 5143 1947 5196 millia
1979 5158 2103 5211 pas-

526 5240 683 5281 suum
708 5227 1003 5295 jucundius
1037 5232 1421 5295 transvolaret.
1457 5249 1618 5302 quam
1652 5235 1698 5288 si
1745 5234 1809 5288 ad
1843 5234 2113 5289 suburba-

525 5333 654 5374 nttm
697 5320 917 5391 aliquod
968 5326 1403 5381 ammnissimum
1436 5326 1503 5380 ad
1542 5329 1791 5382 convivia
1842 5330 2117 5398 epulaturi

520 5425 867 5469 vocarentur.
890 5415 1055 5487 Igitur
1076 5418 1356 5488 Magonam
1375 5421 1737 5489 pervenimus.
1764 5420 1958 5475 Statim
1984 5436 2109 5491 ego,

522 5505 707 5560 missis
750 5509 996 5573 clericis,
1030 5510 1324 5565 adventum
1380 5527 1560 5565 meum
1605 5511 1810 5565 Judaeis
1843 5512 2110 5575 nuntiavi,

518 5600 660 5657 et'ut
692 5602 998 5659 Ecclesiam
1028 5613 1272 5659 sanctam
1301 5604 1563 5659 accedere
1593 5603 1975 5674 dignarentur,
2019 5620 2115 5676 po-

518 5693 692 5760 posci.
750 5696 831 5749 llli
896 5704 1077 5749 autem
1126 5698 1463 5765 inopinatum
1514 5696 1672 5753 nobis
1727 5699 1974 5754 nuntium
2028 5715 2114 5756 re-

515 5783 813 5850 mittentes,
857 5785 1282 5856 mandaverunt,
1316 5790 1600 5847 ecclesiam
1634 5791 1735 5847 sibi
1765 5791 1887 5863 (ne,
1922 5793 2107 5861 credo,

2226 4672 2310 4730 lus
2336 4674 2515 4742 p0tius
2548 4672 2749 4728 Christi
2773 4690 2933 4744 quam
2964 4676 3041 4728 ira
3092 4683 3428 4746 suggereret,
3459 4673 3616 4743 lupos
3643 4674 3825 4730 coruio

2226 4765 2330 4820 bus
2376 4766 3138 4839 impetendoscensuerunt;
3184 4765 3439 4836 quamvis
3493 4768 3595 4821 hoc
3646 4767 3821 4835 illius,

2225 4858 2316 4927 qui
2361 4859 2510 4913 solus
2545 4860 2717 4913 bonus
2764 4869 2951 4929 pastor
2980 4871 3088 4927 est,
3114 4872 3246 4915 nutu
3273 4859 3476 4914 factum
3508 4876 3652 4930 esse,
3688 4860 3821 4916 nulli

2225 4951 2446 5005 dubium
2501 4952 2589 5007 sit.
2630 4952 2873 5022 Denique
2923 4968 2987 5009 ne
3018 4962 3300 5008 cruentam
3336 4954 3485 5023 gregi
3512 4969 3614 5009 suo
3671 4954 3825 5007 vide-

2220 5056 2371 5101 retur
2425 5046 2744 5115 prtestitisse
2800 5048 3103 5113 vietoriam,
3176 5062 3338 5103 nemo
3391 5046 3705 5103 Judaaorum
3764 5060 3822 5100 se

2217 5148 2531 5194 contactum
2560 5142 2753 5194 saltem
2782 5140 2969 5206 fuisse,
2998 5156 3067 5194 ne
3096 5155 3193 5209 pro
3222 5140 3420 5196 invidia
3468 5140 3687 5211 quidem
3723 5139 3742 5207 (
3768 5146 3825 5192 ut

2222 5247 2340 5286 mos
2378 5230 2484 5302 est)
2532 5232 2832 5287 simulavit.
2870 5232 3013 5287 Sane
3044 5233 3306 5302 quoniam
3348 5231 3688 5286 omnimodis
3727 5231 3822 5284 de-

2220 5324 2411 5379 bemus
2456 5326 2631 5379 vitare
2664 5324 3031 5392 mendacium,
3059 5341 3199 5378 unus
3243 5340 3310 5379 ex
3351 5324 3499 5378 omni
3551 5323 3820 5377 Christia-

2221 5433 2412 5471 norum
2440 5433 2671 5473 numero
2694 5419 2949 5472 inventus
2976 5425 3079 5482 est,
3106 5418 3196 5485 qui
3227 5431 3349 5471 eum
3384 5416 3590 5469 Aeliam
3616 5420 3631 5482 (
3655 5412 3817 5467 Josue

2219 5510 2326 5579 vn)
2364 5511 2439 5565 illi
2472 5512 2668 5565 similis
2710 5526 2832 5565 esse
2881 5510 3073 5574 vellet,
3127 5510 3219 5579 qui
3248 5509 3347 5563 sub
3388 5509 3519 5563 Jesu
3568 5506 3719 5561 Nave
3751 5505 3818 5557 de

2219 5605 2570 5660 anathemate
2596 5604 2772 5675 spolia
2805 5604 3123 5673 concupivit
3178 5620 3191 5656 :
3230 5616 3353 5656 nam
3395 5614 3586 5656 servus
3632 5598 3819 5668 cujus-

2218 5701 2340 5757 dam
2366 5702 2686 5766 Christiani,
2717 5701 2889 5766 solus,
2923 5700 3049 5755 dum
3080 5698 3282 5769 aliquid
3317 5712 3344 5749 a
3380 5708 3652 5768 synagoga
3684 5692 3818 5746 diri—

2216 5808 2345 5861 pere
2376 5791 2736 5859 eonciipiscit,
2794 5793 2847 5844 in
2896 5789 3129 5860 lapidem
3200 5786 3519 5844 ollensiouis
3561 5783 3811 5854 incurrit;
