4190 6190
392 272 498 331 757
1612 268 1947 332 EPISTOLA
1987 272 2077 330 DE
2116 268 2402 331 JUDIEIS.
3584 269 3690 329 738

392 388 622 455 Quidam
666 404 796 446 vero
845 399 1183 455 nostrorum,
1235 390 1389 459 quasi
1417 389 1676 444 adversus
1714 390 1985 458 Judaeum,
2016 394 2067 453 Α
2096 388 2305 445 fecisni?
2339 390 2450 444 Viri
2490 397 2695 455 autem,
2742 390 2832 444 alii
2873 387 2938 443 ad
2967 388 3151 444 devios
3182 390 3349 444 saltus
3392 397 3447 446 et
3490 389 3689 443 ﬁxuras

393 484 631 553 lapidem
666 487 854 556 injecit
885 504 898 540 :
928 486 1018 557 qui
1066 485 1228 554 capiti
1278 484 1395 554 ejus
1436 483 1633 553 illisus,
1690 496 1747 539 ut
1795 486 1989 555 capitis
2095 484 2359 538 montium
2387 483 2826 554 confugere:alii
2851 498 2943 553 per
2974 483 3141 554 ipsius
3171 484 3354 554 oppidi
3379 484 3692 554 angiportus

390 578 499 642 sui,
548 578 601 632 id
641 590 743 641 est,
799 578 1023 646 Christi,
1075 578 1437 642 meminisset,
1503 576 1991 647 admonuitzqttod
2095 577 2498 645 discurrebant,
2533 578 2710 634 locum
2755 578 2808 633 in
2841 592 2949 649 quo
2993 578 3399 645 delitescerent,
3439 578 3691 634 invenire

388 673 624 737 vulnus,
659 671 787 727 licet
809 671 1171 742 periculosum
1207 686 1314 724 non
1344 669 1529 739 fuerit,
1564 679 1743 724 tamen
1768 668 1991 723 etillum
2096 672 2396 741 cupientes.

391 765 599 834 rapina:
630 779 741 819 suae
784 765 1038 819 conﬁteri
1068 764 1567 832 concupiscentiam
1598 761 1865 831 compulit
1893 779 1904 812 :
1940 772 1993 815 et
2170 765 2288 834 Ipse
2327 764 2650 822 Theodorus
2680 774 2906 836 stupore
2951 766 3255 836 perculsus,
3285 766 3524 821 divinam
3570 781 3693 822 sen-

392 868 644 927 cunctos,
694 875 761 914 ne
804 858 1059 915 similiter
1113 858 1448 923 laberentur,
1498 857 1754 926 praesenti
1802 853 1995 911 terruit
2098 858 2321 913 tentiam
2356 858 2406 911 in
2442 858 2596 928 plebe
2628 859 3000 915 suacernebat
3022 860 3259 929 impleri.
3285 860 3445 931 Fugit
3469 860 3689 932 impius,

394 953 622 1009 ultione.
2100 952 2316 1006 nemine
2360 963 2720 1023 persequente
2763 952 2948 1020 (Prov.
2982 955 3198 1020 xxvm);
3232 957 3327 1009 sed
3371 963 3551 1009 tamen
3588 970 3696 1009 non

466 1046 635 1116 Igitur
660 1054 943 1117 postquam
978 1044 1180 1101 Judzeis
1208 1043 1551 1109 cedentibus,
1583 1056 1860 1114 synagoga
1901 1054 1999 1110 po-
2100 1046 2351 1101 nemine:
2386 1046 2814 1116 persequebatur
2855 1047 2998 1101 enim
3028 1061 3123 1102 eos
3148 1047 3239 1102 ille
3281 1048 3368 1102 leo
3412 1048 3695 1113 terribilis,

400 1142 704 1208 titisumns,
734 1141 912 1194 nullus
944 1156 1009 1194 ex
1027 1154 1091 1196 ea
1113 1139 1417 1209 quicquam,
1449 1154 1556 1193 non
1584 1137 1727 1203 dico,
1752 1134 1995 1197 abstulit,
2100 1137 2190 1206 qui
2221 1136 2287 1191 de
2325 1151 2613 1207 synagoga:
2652 1138 2773 1194 loco
2806 1137 2968 1209 (sicut
3010 1138 3301 1194 Theodoro
3333 1140 3509 1195 fuerat
3547 1154 3700 1195 reve-

398 1233 494 1289 sed
540 1248 638 1287 nec
678 1233 936 1303 cogitavit
962 1232 1199 1301 diripere
1236 1249 1256 1286 :
1300 1231 1479 1286 omnia
1508 1230 1625 1299 ejus
1654 1236 1995 1294 ornamenta,
2098 1227 2292 1299 latum)
2332 1244 2427 1297 per
2462 1229 2761 1285 monachos
2793 1230 3029 1299 rugitum
3064 1230 3345 1296 emiserat,
3389 1247 3497 1301 quo
3538 1230 3702 1286 resis-

401 1326 638 1395 exceptis
672 1326 825 1381 libris
858 1335 1020 1396 atque
1046 1333 1296 1396 argento,
1328 1340 1448 1379 cum
1482 1324 1597 1393 ipso
1628 1322 1834 1392 pariete
1862 1318 1999 1391 ignis
2100 1329 2279 1377 tentes
2313 1322 2614 1378 tremefecit
2648 1324 2919 1378 inimicos.
2960 1324 3155 1380 Stabat
3190 1325 3352 1395 igitur
3381 1323 3703 1380 Theodorus

400 1418 734 1488 absumpsit:
763 1417 931 1473 libros
971 1428 1187 1471 sanctos
1218 1432 1284 1471 ne
1316 1415 1458 1486 apud
1487 1414 1706 1470 Judteos
1748 1412 1999 1482 injuriam
2104 1417 2157 1471 in
2184 1418 2301 1471 loco
2330 1432 2553 1486 prorsus
2582 1416 2798 1482 eodem,
2827 1433 2935 1487 quo
2966 1419 3015 1473 ei
3046 1419 3253 1487 pridem
3301 1434 3397 1489 per
3426 1420 3701 1474 somnium

398 1520 733 1583 paterentur,
788 1510 1151 1565 sustulimus:
1194 1518 1476 1579 argentum
1507 1522 1661 1570 vero,
1696 1520 1762 1559 ne
1802 1503 1888 1559 vel
1933 1504 2001 1558 de
2105 1519 2281 1564 terror
2313 1510 2489 1565 fuerat
2516 1510 2694 1565 leonis
2741 1512 3004 1581 injectus:
3042 1523 3095 1568 et
3126 1529 3248 1568 cum
3278 1528 3496 1568 causam
3537 1522 3703 1570 tanta:

398 1604 581 1675 Praeda
607 1610 811 1669 τιθείη,
833 1602 915 1657 V81
942 1601 1008 1657 de
1028 1617 1127 1657 suo
1145 1598 1431 1669 dispendio
1459 1604 1843 1669 quererentur,
1869 1594 2000 1665 ipsis
2105 1604 2482 1673 trepidationis
2514 1606 2839 1676 inquireret,
2869 1616 2924 1661 et
2947 1621 3146 1661 nomen
3166 1607 3512 1662 solummodo
3532 1606 3706 1663 nostri

399 1696 753 1752 reddidimus.
808 1696 1011 1750 Eversa
1057 1695 1260 1763 itaque,
1306 1692 1516 1747 cunctis
1542 1690 1741 1745 ludatis
1778 1698 2001 1759 stupen-
2107 1694 2283 1751 leonis
2314 1697 2553 1763 audiret,
2587 1698 2790 1753 nullam
2824 1699 2936 1754 illic
2976 1700 3143 1771 (sicut
3180 1698 3484 1771 ferebatur)
3515 1699 3706 1755 ferita-

400 1789 562 1855 tibus,
604 1802 897 1859 synagoga,
945 1786 1012 1840 ad
1052 1785 1342 1841 ecclesiam
1389 1798 1511 1838 cum
1556 1782 1768 1853 hymnis
1811 1795 1998 1850 Perre-
2028 1774 2075 1836 Β
2103 1798 2211 1844 tem
2241 1791 2452 1853 videns,
2479 1799 2687 1846 tantum
2708 1792 3009 1861 psallentes
3030 1792 3331 1847 monachos
3355 1793 3708 1859 intuebatur;

399 1882 605 1936 ximus:
638 1890 691 1936 et
717 1880 929 1935 auctori
957 1879 1194 1933 victorirc
1221 1886 1422 1932 nostrze
1447 1874 1649 1946 gratias
1675 1875 1994 1938 referentes,
2104 1893 2158 1939 οι
2206 1885 2274 1940 ab
2311 1884 2462 1939 omni
2508 1900 2731 1939 suorum
2782 1886 3137 1942 multitudine
3174 1886 3495 1951 destitutus,
3544 1898 3708 1958 atque

401 1976 585 2031 effusis
626 1975 880 2044 precibus
919 1972 1276 2041 poscehamus
1306 1979 1366 2025 ut
1398 1984 1526 2023 vera
1567 1968 1804 2037 perfidia:
1843 1975 1998 2021 antra

2128 1977 2244 2033 :labi
2274 1994 2495 2048 parans,
2531 1979 2695 2034 etiam
2726 1980 2842 2049 ipse
2875 1979 3075 2049 pedum
3118 1980 3262 2034 viam
3297 1979 3663 2050 prospiciebat
3695 1999 3710 2037 :

402 2067 664 2123 Dominus
724 2074 1079 2135 expugnaret,
1133 2076 1187 2119 et
1245 2062 1660 2118 tenebrosorum
1720 2069 1996 2129 pectorum

2128 2085 2265 2140 [nem
2301 2086 2423 2125 cum
2479 2071 2728 2126 horribili
2775 2071 3071 2127 formidine
3120 2072 3547 2143 apprehensum,
3601 2089 3709 2129 non

404 2160 695 2216 infidelitas
725 2167 1111 2228 coargueretur
1134 2172 1161 2210 a
1192 2156 1417 2211 lumine.

480 2253 666 2306 Ruben
698 2251 916 2321 quidam
947 2249 1169 2304 Judzcus
1189 2264 1218 2303 a
1248 2248 1499 2312 Domino,
1527 2256 1587 2302 ut
1608 2245 2003 2317 primogenitus

411 2347 651 2401 omnium
697 2347 1139 2410 constitueretur,
1174 2354 1257 2397 est
1285 2346 1491 2398 electus
1528 2359 1541 2395 :
1595 2356 1719 2394 nam
1766 2340 2005 2395 clamore

410 2439 753 2496 sanctis~imo
790 2438 1069 2492 laetiﬁcans
1098 2437 1259 2492 corda
1303 2435 1618 2501 multorum,
1650 2434 1857 2489 absolvi
1884 2448 1945 2487 se
1974 2448 2002 2485 a

410 2531 637 2587 vinculis
658 2531 892 2586 Judaica:
918 2530 1316 2599 superstitionis
1345 2528 1768 2597 deprecabatur:
1800 2525 2007 2579 statim-

412 2641 519 2697 que
550 2624 851 2695 primitivus
875 2625 1042 2680 Jacob
1077 2622 1270 2688 factus,
1313 2622 1523 2691 signum
1559 2620 1797 2675 salutare
1823 2633 2010 2673 susce-

416 2720 526 2791 pit;
575 2731 626 2775 et
668 2720 793 2774 inde
821 2720 1024 2774 nostris
1066 2717 1326 2771 lateribus
1364 2726 1526 2784 atque
1552 2713 1794 2767 consiliis
1837 2712 2011 2765 inlite-

416 2828 566 2879 rens,
592 2811 1079 2867 obstinatissimam
1107 2818 1423 2863 cunctorum
1456 2805 1706 2859 duritiem
1730 2804 2008 2859 nobiscum

416 2904 683 2973 increpat.
713 2902 973 2957 Triduum
1021 2902 1101 2971 (ni
1132 2900 1309 2971 fallor)
1353 2912 1631 2953 emensum
1663 2906 1767 2962 est,
1800 2912 1869 2950 ex
1908 2910 2013 2965 quo

416 2998 588 3055 nostri
610 2998 660 3051 in
710 2997 974 3064 oratione,
1022 3005 1076 3050 et
1104 2995 1281 3050 Judaei
1335 2995 1385 3047 in
1435 2993 1657 3064 perﬁdia
1710 2990 2011 3059 perstitere.

419 3090 547 3146 Post
572 3090 688 3144 hzec
720 3089 860 3144 venit
890 3087 1234 3154 Theoderus,
1267 3084 1635 3140 multitudinis
1661 3098 1773 3136 sua:
1804 3082 2016 3152 agmine

2107 2162 2283 2216 solum
2314 2162 2503 2216 colore
2533 2162 2715 2216 vultus
2737 2205 2751 2229 ,
2790 2177 2982 2217 verum
3025 2163 3187 2217 etiam
3220 2163 3373 2218 vocis
3404 2162 3587 2218 ofﬁcio
3613 2163 3712 2218 de-

2107 2254 2351 2308 stitutum
2388 2254 2579 2309 ltuben
2608 2254 2695 2309 ille
2714 2255 3094 2310 sanctissimus
3116 2256 3451 2325 aSpexisset,
3478 2268 3714 2325 propere

2108 2346 2338 2411 accedit,
2372 2354 2426 2399 et
2468 2355 2791 2401 trementem
2826 2348 3024 2401 blando
3052 2362 3305 2402 sermone
3345 2347 3708 2417 compellans,

2111 2438 2177 2493 ad
2200 2438 2405 2493 Christi
2435 2437 2594 2493 ﬁdem
2620 2439 3046 2504 cohortabatur;
3074 2450 3238 2510 atque
3262 2438 3514 2509 ingerens
3538 2438 3587 2493 ei
3617 2453 3715 2507 pro

2111 2531 2372 2602 suffragio
2402 2542 2584 2587 metus
2620 2548 2735 2587 suae
2763 2533 3108 2589 credulitatis
3135 2536 3477 2603 exemplum,
3516 2533 3715 2587 domus

2112 2626 2315 2695 figurae,
2370 2626 2437 2678 ad
2488 2640 2649 2694 quam
2699 2640 2900 2695 pavore
2952 2625 3126 2680 leonis
3178 2625 3521 2696 confugeret,
3565 2641 3719 2696 quo-

2113 2717 2409 2773 dammodo
2438 2720 2759 2773 satisfacere
2788 2719 3101 2774 videbatur.

2188 2810 2411 2875 Verum,
2468 2818 2528 2865 ut
2579 2818 2635 2866 et
2680 2826 2779 2865 nos
2811 2809 3049 2865 fideliter
3094 2812 3350 2867 universa
3391 2826 3711 2878 narremus,

2117 2912 2174 2958 et
2222 2918 2342 2971 vos,
2396 2903 2487 2972 qui
2541 2918 2651 2957 non
2699 2903 2901 2973 eloquii
2956 2910 3233 2968 ornatum,
3291 2902 3389 2958 sed
3427 2904 3718 2958 veritatem

2119 2996 2385 3066 quaeritis,
2420 2994 2678 3050 libentius
2706 2994 2940 3049 audiatis
2972 3011 2985 3046 :
3014 2994 3181 3064 ipsius
3210 2994 3401 3049 Ruben
3435 2994 3601 3048 verba
3634 2995 3719 3049 in-

2122 3088 2323 3152 ferens,
2360 3087 2496 3141 nihil
2537 3103 2608 3142 ex
2655 3087 3010 3157 simplicitate
3049 3087 3322 3142 dictorum
3354 3087 3472 3156 ejus
3507 3087 3724 3141 subtra-

420 3182 837 3252 circumseptus,
885 3181 950 3236 ad
999 3181 1200 3247 locum,
1244 3180 1295 3233 in
1336 3195 1441 3249 quo
1482 3179 1580 3233 soli
1608 3192 1897 3249 synagogas
1924 3190 2015 3244 να·
2043 3155 2088 3219 C
2123 3182 2267 3235 liam.
2298 3180 2497 3235 Aiebat
2527 3182 2672 3235 enim
2707 3197 2721 3232 :
2756 3155 2895 3247 Quid
2930 3181 3112 3243 times,
3146 3177 3369 3233 domine
3387 3155 3726 3234 Theodore?

420 3276 584 3331 rietes
618 3276 729 3348 (qui
760 3286 881 3346 post
916 3276 1030 3331 Ιηεο
1078 3275 1425 3330 credentibus
1473 3274 1675 3329 .lnda-is
1721 3282 1847 3326 sunt
1892 3271 2017 3327 sub-

423 3369 593 3439 versi)
622 3383 916 3439 superesse
954 3368 1305 3423 videbantur:
1342 3367 1406 3421 ad
1450 3383 1607 3435 quem
1636 3366 1810 3420 locum
1832 3364 2018 3419 Chris-

425 3462 697 3515 tianorum
731 3463 933 3531 pariter
966 3461 1254 3515 tnultitudo
1286 3461 1558 3515 convenit.
1596 3460 1671 3512 lbi
1699 3458 2018 3512 Theodorus

425 3565 547 3606 cum
581 3551 836 3606 audacter
861 3552 930 3607 de
961 3553 1081 3621 lege
1108 3552 1405 3619 disserens,
1436 3551 1613 3605 omnia
1646 3566 1765 3619 quae
1792 3549 2018 3618 objicie-

425 3644 657 3711 bantur,
682 3644 930 3701 irrideret
969 3654 1129 3715 atque
1168 3653 1543 3715 perverteret:
1576 3643 1806 3713 populus
1835 3641 2021 3697 Chris-

426 3737 603 3792 tianus
636 3737 824 3792 videns
853 3737 995 3807 quod
1047 3737 1226 3792 verbis
1266 3737 1515 3805 superari
1554 3750 1659 3791 non
1696 3743 1878 3805 posset
1916 3735 2019 3788 litt-

427 3829 625 3894 manis,
659 3830 917 3884 auxilium
947 3829 1014 3883 de
1045 3828 1185 3884 malo
1227 3829 1548 3897 imploravit.
1598 3828 1800 3882 Omnes
1844 3826 2023 3894 itaque

427 3926 632 3994 pariter
680 3925 998 3992 clamantes,
1036 3939 1159 3979 cum
1188 3938 1403 3977 summo
1438 3922 1599 3975 unitas
1630 3922 1782 3975 vocis
1816 3921 2024 3989 fragore

430 4016 717 4071 dixerunt:
744 4016 1050 4081 Theodore,
1081 4015 1243 4071 crede
1276 4015 1327 4068 in
1361 4012 1656 4067 Christum.
1691 4013 1818 4067 Mira
1849 4012 2025 4066 indul-

429 4109 729 4180 gentissimi
758 4109 971 4164 Domini
1015 4106 1412 4173 misericordia,
1464 4106 1640 4160 adhuc
1668 4120 1829 4175 parva
1874 4115 2023 4173 pete-

429 4198 650 4269 bantur,
703 4212 754 4257 et
803 4202 1006 4272 majora
1037 4209 1403 4257 concesserat.
1453 4199 1623 4253 Immo
1664 4214 1770 4252 non
1826 4197 2024 4251 mirum

433 4308 518 4353 est
567 4299 634 4353 de
678 4299 1051 4367 omnipotente
1099 4295 1441 4351 miraculum.
1487 4293 1605 4363 Ipse
1654 4293 1855 4348 etenim
1914 4292 2024 4345 vir-

436 4400 604 4447 tutem
633 4391 887 4446 clamoris
917 4391 1076 4459 hujus
1108 4390 1161 4444 in
1190 4388 1411 4442 auribus
1440 4386 1752 4442 Judacorum
1783 4400 2029 4441 commu-

436 4485 587 4548 tavit,
616 4484 708 4554 qui
745 4483 873 4539 olim
902 4482 1105 4546 effecit,
1135 4490 1192 4535 ut
1216 4489 1447 4551 quatuor
1470 4479 1668 4549 leprosi
1696 4479 1837 4548 regis
1857 4478 2027 4548 Syriae

2120 3276 2165 3329 si
2211 3274 2293 3328 vis
2333 3283 2483 3328 certe
2512 3287 2738 3328 securus
2770 3283 2823 3327 et
2870 3272 3173 3329 honoratus
3201 3281 3256 3328 et
3288 3273 3444 3327 dives
3490 3287 3635 3341 esse,
3670 3273 3724 3328 in

2121 3367 2399 3422 Christum
2434 3368 2619 3435 crede,
2665 3367 2803 3421 sicut
2831 3378 2886 3423 et
2911 3382 3013 3438 ego
3042 3366 3273 3422 credidi.
3308 3367 3471 3422 Modo
3500 3376 3556 3421 tu
3585 3376 3721 3434 stas,

2122 3469 2176 3516 et
2208 3476 2310 3530 ego
2344 3476 2468 3515 cum
2512 3460 2785 3529 episcopis
2814 3462 3016 3527 sedeo;
3046 3462 3092 3515 si
3125 3470 3178 3515 tn
3220 3460 3550 3527 credideris,
3587 3470 3641 3515 et
3670 3468 3726 3515 tu

2122 3551 2361 3617 sedcbis,
2408 3561 2461 3604 et
2489 3565 2590 3621 ego
2620 3563 2752 3605 ante
2785 3560 2837 3605 te
2860 3552 3042 3607 stabo.
3085 3550 3199 3605 Hos
3222 3566 3509 3607 sermones
3550 3551 3729 3607 Theo-

2124 3642 2294 3697 dorus
2341 3642 2449 3695 alta
2502 3651 2686 3696 mente
2718 3642 3048 3711 suscipiens,
3082 3643 3150 3696 ad
3198 3658 3300 3697 nos
3346 3646 3425 3697 ait
3458 3661 3468 3696 :
3505 3643 3725 3698 Faciam

2124 3734 2270 3803 quod
2323 3734 2535 3788 vultis:
2591 3744 2772 3789 tenete
2820 3734 3046 3806 (inquit)
3096 3735 3517 3803 promissionem
3564 3735 3726 3791 hanc.

2125 3828 2232 3884 Sed
2295 3828 2599 3897 permittite
2666 3827 2831 3894 mihi,
2886 3835 2946 3880 nt
2996 3826 3148 3896 prius
3211 3827 3461 3897 alloquar
3512 3827 3727 3897 plebem

2127 3934 2327 3986 meam,
2362 3929 2419 3973 ut
2449 3918 2713 3988 majorem
2758 3920 3144 3974 conversionis
3174 3934 3313 3975 meae
3337 3920 3502 3974 etiam
3532 3935 3598 3975 ex
3640 3936 3731 3977 re-

2125 4012 2289 4084 liquis
2324 4013 2525 4081 possim
2561 4012 2762 4068 habere
2809 4012 3136 4067 mercedem.
3184 4012 3310 4067 Haec
3338 4013 3456 4083 ejus
3503 4014 3728 4084 Sponsio

2127 4121 2248 4161 eum
2275 4105 2697 4160 incxistimabili
2734 4116 3056 4161 cunetorum
3084 4106 3449 4161 exsultatione
3480 4115 3729 4177 suscepta

2130 4208 2214 4255 est
2246 4217 2258 4252 :
2295 4200 2388 4253 alii
2428 4202 2479 4253 in
2519 4216 2644 4254 eum
2692 4200 3001 4255 amabiliter
3028 4201 3323 4265 irruentes,
3376 4215 3436 4255 os
3480 4201 3648 4271 ipsius
3677 4210 3731 4256 et

2130 4294 2271 4349 colla
2301 4293 2643 4360 mulcebant;
2679 4293 2773 4347 alii
2820 4308 2942 4347 eum
2973 4292 3113 4346 ulnis
3151 4292 3409 4347 mollibus
3438 4294 3726 4361 amplecte-

2131 4387 2365 4452 bantur;
2394 4386 2489 4440 alii
2523 4394 2706 4441 autem
2736 4385 3020 4441 dexteram
3050 4386 3295 4443 dexterae
3323 4387 3645 4458 adjungere,
3679 4397 3735 4443 et

2132 4495 2442 4535 sermonem
2476 4494 2772 4535 conserere
2798 4480 3131 4550 gestiebant.

436 4574 525 4647 (IV
572 4547 699 4647 Reg.
747 4580 867 4645 vn),
899 4574 990 4646 qui
1015 4547 1314 4630 Samariam
1344 4547 1655 4639 obsederat,
1684 4547 1878 4627 castris
1898 4547 2030 4641 poti-
2054 4547 2108 4607 Ῑ)
2207 4574 2459 4629 Perrexit
2490 4574 2652 4643 igitur
2691 4547 3013 4628 Theodorus
3054 4572 3121 4627 ad
3169 4572 3369 4627 atrium
3413 4588 3571 4627 suum
3598 4590 3735 4643 quo-

436 4678 648 4733 rentur,
705 4677 759 4722 et
809 4667 899 4737 qui
945 4682 1041 4736 per
1085 4666 1305 4721 Gedeon
1355 4665 1765 4720 Madianitarum
1816 4664 2027 4735 agmina

440 4759 801 4826 conturbavit,
834 4759 1089 4828 deditque
1135 4758 1392 4814 trecentis
1440 4758 1556 4827 ejus
1586 4758 1714 4812 viris
1754 4758 2027 4827 ingentem

436 4853 555 4909 sine
601 4852 784 4908 labore
816 4853 1091 4907 victoriam
1123 4850 1274 4923 (Jud.
1311 4850 1425 4921 vn),
1459 4850 1702 4906 efﬁciens
1735 4866 1829 4919 per
1858 4859 2029 4905 terro-

439 4958 578 5010 rem,
616 4955 672 4999 ut
695 4945 895 5000 mutuis
942 4944 1177 4999 hostium
1223 4943 1510 4998 multitudo
1564 4943 1874 4997 vulneribus
1906 4958 2029 5012 pro-

438 5047 795 5094 sterneretur.
838 5038 914 5093 lta
944 5049 999 5093 et
1038 5053 1182 5093 nunc
1211 5037 1310 5091 ista
1352 5052 1455 5091 vox
1498 5037 1657 5105 longe
1688 5037 1843 5090 aliter
1870 5053 1897 5088 a
1927 5036 2037 5089 cir-

440 5132 838 5185 cumstantibus
886 5130 1091 5186 Judacis
1135 5140 1387 5200 suscepta
1416 5136 1518 5195 est,
1567 5143 1727 5198 quam
1768 5143 1798 5181 a
1842 5128 2040 5181 nostris

440 5224 843 5281 imniittebatnr
894 5245 907 5281 ε
964 5241 1153 5281 omnes
1195 5225 1337 5279 enim
1402 5231 1732 5293 putaverunt
1786 5222 2039 5277 dictum:

443 5314 765 5374 Theodorus
810 5319 1061 5375 credidit.
1116 5318 1299 5388 Itaque
1327 5316 1702 5371 existimantes
1746 5315 2041 5383 principem

442 5411 688 5481 perﬁdia:
734 5426 847 5467 suae
898 5411 963 5466 ad
1008 5409 1216 5465 Christi
1269 5409 1428 5464 ﬁdem
1478 5407 1642 5462 fuisse
1688 5421 2041 5471 conversum;

446 5504 627 5559 cuncti
671 5505 872 5574 pariter
921 5503 1131 5574 trepidi,
1176 5502 1268 5557 ubi
1316 5502 1477 5555 timor
1521 5515 1626 5554 non
1679 5510 1816 5567 erat,
1880 5508 2048 5552 terre-

448 5593 695 5653 bantur:
738 5598 996 5654 mulieres
1039 5614 1251 5665 eorum,
1303 5595 1505 5667 sparsis
1554 5594 1819 5663 crinibus,
1864 5608 2051 5649 occur-

451 5701 637 5745 rentes
665 5706 789 5746 cum
824 5689 977 5746 ferali
1010 5692 1217 5747 ululatu
1249 5704 1447 5746 nomen
1480 5686 1773 5755 Theodori,
1808 5687 2051 5757 repetitis

451 5785 699 5849 vocibus,
757 5787 1104 5853 accusabant,
1146 5787 1390 5842 dicentes
1437 5800 1449 5837 :
1501 5782 1546 5839 Ο
1576 5781 1882 5851 Theodore,
1926 5782 2051 5853 quid

2136 4669 2271 4724 libet
2298 4668 2475 4723 officio
2508 4676 2819 4723 nostrorum
2855 4668 3032 4732 laetus,
3084 4675 3264 4721 tamen
3311 4668 3585 4721 anxietate
3627 4683 3739 4722 non

2138 4764 2354 4833 penitus
2401 4777 2615 4818 carens.
2664 4762 2797 4815 Nam
2853 4761 2980 4815 licet
3033 4761 3088 4814 in
3137 4760 3359 4815 domum
3409 4761 3597 4816 Ruben
3641 4778 3737 4832 per

2138 4857 2554 4927 promissionem
2586 4869 2739 4908 suam
2776 4854 2887 4922 jam
2918 4854 3218 4922 veniretur,
3251 4854 3529 4925 ingressus
3554 4865 3735 4911 tamen

2139 4958 2193 5004 et
2220 4958 2345 5002 tunc
2378 4947 2625 5016 trepidus
2652 4955 2792 5013 erat,
2838 4947 2963 5016 quia
2998 4945 3240 5001 nondum
3282 4946 3349 5001 ad
3379 4948 3737 5020 propinquam

2143 5049 2389 5107 venerat,
2424 5054 2547 5109 qua:
2590 5054 2712 5093 eum
2758 5049 2878 5108 post
2919 5036 3155 5093 triduum
3201 5049 3449 5096 materno
3497 5043 3740 5110 suscepit

2143 5132 2289 5199 sinu,
2312 5132 2456 5185 etab
2477 5131 2623 5185 omni
2643 5130 3057 5200 perturbatione
3078 5131 3464 5201 trepidationis
3485 5135 3739 5190 absolvit.

2144 5225 2254 5279 Nos
2286 5233 2467 5278 autem
2510 5223 2576 5277 ad
2608 5223 2897 5278 ecclesiam
2925 5238 3049 5279 cum
3082 5222 3299 5295 hymnis
3347 5240 3412 5280 ex
3445 5240 3596 5280 more
3623 5241 3744 5295 per-

2146 5317 2407 5372 reximus.
2457 5315 2785 5370 Benedictns
2808 5326 2895 5371 est
2925 5324 3080 5386 pater
3110 5316 3642 5383 misericordiarum,
3690 5327 3749 5373 et

2151 5412 2292 5467 Deus
2340 5411 2507 5466 totius
2555 5410 2969 5479 consolationis,
3013 5411 3103 5481 qui
3147 5410 3296 5465 dedit
3343 5411 3505 5478 capiti
3558 5418 3746 5469 nostro

2150 5519 2369 5574 aquam,
2416 5512 2468 5558 et
2518 5502 2690 5557 oculis
2744 5502 2949 5557 nostris
2998 5502 3201 5557 fontem
3253 5502 3637 5571 lacrymarum,
3693 5513 3752 5559 ut

2152 5596 2497 5666 ploraremus
2513 5595 2829 5650 vulneratos
2850 5594 3033 5665 populi
3048 5594 3218 5651 nostri
3237 5592 3455 5665 (Jerem.
3474 5593 3668 5650 Τὴν-ιη.
3686 5594 3749 5669 ι).

2228 5690 2469 5746 Peractis
2534 5688 2810 5758 siquidem
2864 5686 3184 5759 mysteriis,
3234 5686 3464 5742 ecclesia
3514 5692 3757 5761 egressi,

2156 5799 2266 5840 non
2295 5783 2574 5839 minimam
2605 5782 2657 5836 in
2688 5795 2973 5837 occursum
3002 5788 3253 5836 nostrum
3280 5778 3597 5841 Iudaeorum
3623 5786 3765 5849 mul.
