4190 6190
531 296 639 360 739

1591 297 1844 355 sevum
1883 291 2199 353 ertscort
2240 285 2757 357 MAJOutcENSIS.

3725 302 3828 359 7m

531 422 822 478 titttdinem
871 419 1202 474 ronvcnisse
1267 418 1626 486 inspeximus.
1680 415 1886 470 Omnes
1937 411 2512 478 unani-Adoctrina,
2566 415 2772 469 lienore
2825 421 2878 469 et
2927 423 3087 469 astate
3149 415 3446 484 majorem,
3505 415 3570 470 ad
3630 413 3825 469 Christi

535 517 701 571 initer
723 513 1176 583 deprecabantur,
1210 519 1265 564 ut
1299 509 1500 564 Christi
1537 508 1914 562 characterem
1949 520 1978 559 a
2017 521 2124 572 me,

527 610 654 664 licet
677 607 903 675 indigno
927 614 1167 673 pasmre,
1197 604 1561 672 susciperent.
1598 602 1819 655 Revet‘si
1855 600 2036 669 itaque
2060 598 2128 652 ad

533 700 837 766 ecclesiam,
872 709 925 753 et
951 707 1062 754 toto
1089 697 1254 753 Corde
1297 698 1527 752 Domino
1558 697 1759 766 gratias
1805 694 2127 759 referentes,

531 794 684 850 illico
710 795 762 847 in
790 792 1063 847 frontibus
1085 801 1278 847 eorum
1310 792 1522 862 signum
1547 785 2127 858 salutisimpinximus.

534 885 665 952 Quae
709 889 886 938 autem
934 895 1056 938 cum
1103 884 1187 936 bis
1222 883 1319 953 qni
1365 883 1428 935 ad
1485 882 1652 936 silvas
1703 881 1816 934 sive
1871 880 1934 932 ad
1975 887 2129 931 antra

529 978 911 1048 confugerant,
932 975 1144 1032 Christi
1191 979 1392 1031 virtute
1432 987 1584 1046 gesta
1616 975 1748 1040 sint,
1781 985 1904 1044 quae
1952 972 2130 1041 lingua

529 1069 824 1129 eﬁ‘abitur?
855 1071 1156 1141 praesertittt
1203 1085 1326 1126 cum
1359 1072 1742 1140 unusquisque
1785 1081 1975 1123 eorum
2007 1082 2132 1138 pro-

527 1169 709 1238 priatn
769 1167 1144 1220 conversionis
1199 1181 1310 1220 sine
1369 1165 1569 1220 babeat
1622 1164 1928 1218 historiam.
1982 1161 2134 1216 Sicut

527 1259 716 1328 itaque
764 1257 1102 1324 impossibile
1134 1258 1290 1312 nobis
1330 1267 1434 1324 est,
1478 1256 1659 1309 omnia
1701 1255 1912 1318 dicere;
1945 1252 2023 1307 sic
2051 1251 2133 1306 ἰηι-

527 1358 764 1420 gralttnt,
795 1359 990 1403 cuncta
1021 1350 1324 1418 praeterire.
1355 1350 1702 1416 Quapmpter
1725 1359 1892 1398 unum
1927 1343 2130 1397 Christi

527 1445 874 1509 miraculum,
909 1443 1056 1512 quod
1082 1451 1198 1496 tum
1240 1456 1268 1496 a
1309 1442 1593 1496 Fidelibus
1627 1440 2132 1509 probatissimisque

531 1536 664 1589 viris
693 1535 1083 1600 comperimus,
1115 1534 1369 1602 precibus
1393 1532 1588 1587 vestris
1613 1530 1834 1600 adjutus
1862 1530 2129 1583 evolvam.

606 1629 721 1682 Duo
745 1627 971 1697 quidam
1016 1626 1264 1696 primarii
1295 1627 1631 1689 Judzeorum,
1675 1625 1923 1679 Meletius
1956 1623 2134 1677 'l‘heo-

531 1721 653 1776 dori
681 1719 875 1787 frater,
903 1729 957 1774 et
983 1719 1359 1785 lnnoconlius,
1388 1719 1479 1789 qui
1510 1716 1892 1786 Hispaniarum
1923 1717 2131 1770 cladem

2235 505 2394 560 fidem
2449 523 2791 573 conversum,
2849 507 2932 561 liis
2979 509 3207 562 auribus
3253 509 3620 574 audientibus,
3681 509 3827 577 plebs

2230 595 2541 652 Christiana
2581 609 2772 653 testata
2827 609 2911 654 est
2945 615 2957 651 :
2994 600 3264 668 poteritne
3295 599 3435 667 fieri,
3485 609 3541 654 ut
3569 601 3734 654 etiam
3774 607 3827 654 ttt

2231 693 2478 760 germani
2523 691 2849 745 consttictus
2895 693 3146 761 exemplo
3187 693 3499 762 religionem
3547 692 3828 747 Judaicam

2231 782 2491 836 deseras?
2517 783 2656 850 Quid
2685 799 2816 853 ergo
2841 783 2893 837 in
2925 782 3027 838 hac
3050 785 3282 840 terribili
3312 785 3604 841 solitudine
3633 784 3832 841 diutius

2234 883 2448 942 tempus
2496 879 2756 932 terimus?
2799 879 3056 948 quamdiu
3102 881 3266 935 etiam
3319 883 3500 951 inopia
3532 884 3708 937 victus
3753 881 3832 936 la-

2236 967 2430 1022 borare
2475 970 2804 1038 poterimus?
2836 971 2978 1038 Quid
3008 988 3185 1026 eausa:
3221 985 3332 1038 est,
3368 983 3425 1027 ut
3473 974 3618 1028 fame
3650 975 3836 1030 tabcs-

2230 1075 2446 1128 camus,
2499 1075 2816 1119 arescamus
2863 1066 2974 1133 siti,
3029 1067 3443 1136 obrigescamus
3493 1068 3715 1137 algore?
3764 1068 3831 1122 ad

2232 1161 2572 1224 postremam
2611 1159 2782 1227 (quod
2808 1160 2920 1228 jam
2971 1161 3232 1232 patimur)
3266 1172 3468 1216 nostrae
3501 1161 3664 1229 hujus
3695 1160 3833 1216 soli-

2231 1248 2439 1302 ttnlinis
2469 1250 2722 1304 horribili
2749 1258 3040 1306 teneamur
3061 1251 3328 1308 silentio?
3350 1250 3622 1326 Numquid
3670 1253 3836 1310 latro-

2231 1327 2364 1394 tium
2388 1341 2623 1408 Vincula,
2660 1343 2918 1411 numquid
2945 1345 3301 1399 barbarorum
3332 1343 3542 1416 gladios
3567 1347 3836 1418 fugimus?

2230 1435 2498 1504 numquid
2544 1449 2870 1506 sanguinem
2928 1448 3177 1491 uestrum
3227 1439 3383 1507 plebs
3429 1443 3582 1494 tanta
3618 1441 3836 1496 miseri-

2232 1537 2382 1592 cors,
2432 1537 2592 1598 quam
2649 1547 2746 1597 pro
2789 1533 2947 1586 nobis
2987 1533 3126 1589 'llere
3170 1537 3578 1606 conspeximus,
3631 1548 3835 1592 concuv

2233 1620 2434 1688 piseit?
2466 1622 2841 1687 recordemur,
2863 1623 3122 1691 obs-erro,
3153 1641 3318 1695 quem
3349 1638 3610 1698 umquam
3633 1628 3840 1684 lteserit

2234 1713 2288 1764 vi
2333 1717 2674 1784 nostrorum,
2722 1715 2807 1770 ἰσιὴ
2839 1715 3032 1772 saltem
3061 1713 3395 1790 irrogaverit
3443 1721 3719 1791 injuriam,
3749 1729 3840 1778 re-

531 1827 707 1884 nuper
732 1813 1025 1883 effugiens,
1050 1828 1173 1868 cum
1208 1813 1429 1867 famulis
1465 1813 1581 1866 suis
1609 1811 1676 1866 ad
1711 1812 1851 1866 hanc
1895 1811 2130 1864 insulam
2166 1807 2211 1870 Β
2239 1817 2520 1860 vertantur
2549 1805 2615 1862 ad
2651 1811 2929 1878 innoxios,
2976 1825 3111 1880 quos
3157 1813 3210 1867 in
3255 1815 3409 1869 nullo
3441 1815 3681 1872 lmsimus
3731 1817 3840 1871 itii—

529 1917 755 1964 Venerat
786 1908 954 1978 (sicut
986 1923 1129 1963 nunc
1163 1909 1262 1977 ipsi
1310 1911 1474 1963 etiam
1515 1921 1636 1962 cum
1665 1913 2132 1961 Sacramentorum

537 2001 761 2055 terribili
811 1996 1228 2070 interpositione
1264 2000 1612 2066 confirmant)
1637 2043 1650 2064 ,
1707 1999 1775 2052 ad
1809 2012 1975 2052 uuam
2005 2011 2134 2065 spe-

525 2097 746 2152 luucam
798 2097 882 2151 vel
923 2097 1106 2164 potius
1151 2107 1338 2165 rupem
1371 2103 1766 2157 convenerunt,
1811 2091 2135 2146 associando

526 2201 589 2245 se
617 2190 832 2243 duobus
856 2189 1182 2258 quibusdam
1215 2189 1421 2243 .Iudaeis
1471 2186 1659 2240 humili
1689 2188 1809 2240 loco
1849 2187 2006 2249 tirlis,
2041 2185 2132 2255 qui

527 2285 666 2336 istos
691 2281 1000 2336 communis
1050 2281 1189 2352 fugae
1220 2282 1490 2351 principes
1521 2279 1786 2348 legerant.
1819 2277 1985 2348 Igitur
2008 2291 2133 2331 cum

527 2375 584 2429 in
626 2375 746 2430 loco
782 2384 974 2430 eorum
1017 2374 1217 2442 trepidi
1263 2373 1692 2441 anhelantesque
1740 2371 2012 2441 paululum
2046 2384 2137 2424 re-

526 2468 824 2534 sedissent,
873 2467 1010 2522 duos
1051 2468 1197 2532 illos,
1231 2467 1324 2538 qui
1356 2473 1518 2522 relate
1553 2466 1768 2520 alacres
1805 2473 1860 2519 et
1901 2463 2132 2517 audaces

523 2568 706 2626 amnt,
754 2560 1074 2630 explorandi
1121 2561 1292 2630 gratia
1341 2558 1408 2614 ad
1456 2557 1713 2628 oppidum
1761 2555 2126 2620 remittentes,

523 2659 633 2713 soli
679 2658 929 2712 derelieti
983 2667 1105 2712 sunt
1141 2655 1238 2711 ibi.
1295 2655 1447 2709 Tunc
1491 2654 1640 2722 prior
1674 2651 1955 2706 Meletius:
1989 2649 2130 2716 Quid

522 2761 606 2808 est
629 2752 870 2823 (inquit),
905 2751 1092 2817 frater,
1119 2749 1264 2820 quod
1289 2748 1516 2803 verbum
1545 2747 1713 2816 (sicut
1737 2745 1902 2800 docet
1934 2744 2132 2812 religio

521 2846 734 2914 nostra)
758 2843 1163 2910 blasiilnemium
1197 2839 1442 2896 avellere
1465 2853 1496 2894 'a
1523 2839 1700 2894 corde
1729 2853 1852 2892 meo
1881 2836 2130 2905 nequeo?

525 2934 608 2990 Ex
635 2947 745 3002 quo
763 2935 909 2987 enim
932 2934 1160 2988 fratrem
1187 2941 1366 2988 meum
1393 2941 1722 2986 conversum
1747 2929 1914 2983 fuisse
1941 2927 2131 2983 Chris-

519 3027 794 3080 tianorum
843 3021 1071 3095 populus
1123 3025 1463 3086 inclamavit,
1516 3023 1648 3075 nihil
1703 3020 1847 3074 aliud
1897 3021 2025 3073 milii
2075 3021 2126 3072 in

513 3118 687 3172 corde
735 3118 1061 3188 suggeritur,
1109 3118 1212 3171 nisi
1247 3117 1355 3170 hoc
1385 3115 1637 3178 verbum,
1669 3112 1800 3166 mihi
1845 3123 2018 3179 uSque
2058 3111 2125 3163 ad

2239 1899 2442 1965 miCos;
2471 1911 2525 1954 et
2555 1902 2696 1970 quod
2729 1900 2840 1957 Deo
2876 1903 3160 1972 placuerit,
3193 1904 3308 1960 ﬁat.

2309 1992 2389 2046 Ad
2417 1995 2527 2048 [nec
2553 1993 2829 2050 Meletius:
2860 1997 2970 2067 ligo
2994 1999 3315 2071 te(inquit),
3339 1999 3623 2055 Innocenti
3641 2001 3834 2072 frater,

2233 2097 2397 2154 quem
2445 2103 2548 2142 non
2581 2087 2756 2141 solum
2803 2086 3032 2154 Latinis,
3072 2092 3166 2146 sed
3203 2092 3364 2146 etiam
3398 2091 3608 2148 Graecis
3637 2093 3839 2148 litteris

2239 2178 2511 2233 eruditum
2560 2182 2697 2246 scio,
2745 2193 2794 2234 et
2849 2182 3024 2252 legem
3056 2183 3260 2254 iugiter
3288 2184 3569 2249 meditari,
3603 2185 3837 2240 oblitum

2236 2281 2382 2340 reor,
2440 2271 2586 2343 quod
2642 2289 2742 2344 per
2791 2272 3136 2331 Ezecltielt-m
3187 2273 3516 2348 prophetam
3568 2277 3838 2336 Dominus

2236 2363 2313 2418 ait
2356 2384 2365 2416 :
2401 2367 2590 2418 Anima
2627 2381 2747 2436 «tua:
2788 2371 3116 2437 peccaverit,
3165 2372 3282 2438 ipsa
3314 2371 3582 2424 tuerit-tur
3613 2369 3836 2442 (Ezech.

2235 2459 2356 2525 sit).
2391 2455 2446 2511 Si
2490 2458 2634 2510 enim
2669 2458 2847 2528 legisti
2879 2463 3004 2524 ltoc,
3035 2475 3132 2514 cur
3163 2473 3251 2515 tne
3293 2457 3478 2516 fratris
3517 2465 3624 2517 mei
3655 2463 3840 2518 'flteo-

2234 2551 2350 2604 duri
2384 2552 2636 2620 e‘xemplo
2668 2553 2868 2606 attrahi
2905 2567 3065 2622 posse
3094 2554 3157 2608 ad
3198 2551 3362 2609 fidem
3392 2555 3600 2609 Citriin
3643 2548 3838 2610 existi-

2232 2645 2384 2699 mas?
2433 2645 2610 2700 liabet
2662 2647 2754 2700 ille
2800 2648 3036 2700 animam
3085 2659 3264 2713 suam,
3314 2652 3389 2703 ita
3435 2660 3493 2704 “et
3545 2654 3835 2718 peccatum

2229 2749 2434 2790 suum:
2479 2737 2623 2807 quod
2669 2740 2887 2807 quidem
2932 2749 3212 2809 peccatum
3247 2741 3406 2806 mihi,
3455 2741 3498 2796 si
3545 2741 3833 2796 Dominum

2231 2832 2401 2885 {lcum
2454 2845 2560 2887 non
2608 2833 2881 2903 relinquo,
2937 2849 3043 2889 non
3095 2837 3337 2892 nocebit.
3395 2827 3592 2890 Testor
3648 2849 3830 2892 autem

2233 2926 2410 2992 illum,
2454 2928 2540 2996 qui
2591 2925 2777 2983 eduxit
2823 2937 3005 2998 patres
3049 2937 3270 2984 nostros
3308 2929 3376 2985 de
3411 2939 3553 2985 terra
3586 2929 3830 3002 Egypti,

2229 3033 2337 3086 me,
2381 3021 2424 3072 si
2463 3019 2665 3074 hiemis
2705 3020 2968 3076 violentia
2999 3029 3104 3075 nou
3135 3021 3376 3092 obesset,
3423 3023 3653 3092 abrepto
3695 3035 3833 3092 quo-

2228 3123 2462 3180 cumque
2516 3113 2752 3182 navigio,
2802 3113 2866 3166 ad
2916 3111 3187 3182 qnasl'ibet
3235 3125 3410 3170 terras
3459 3119 3637 3172 stillim
3689 3109 3832 3173 velle

515 3203 666 3264 hunc
711 3209 858 3264 diem
907 3214 1125 3278 penitus
1173 3211 1500 3277 ignoratum,
1547 3206 1808 3270 Cumsre,
1858 3219 1910 3257 IN
1965 3216 2116 3256 ηοω·
2146 3183 2196 3255 C
2229 3205 2467 3271 inigtare
2493 3221 2505 3256 :
2535 3219 2631 3258 nec
2656 3217 2743 3259 tue
2777 3208 3180 3272 possessionum
3209 3220 3384 3274 amor,
3410 3221 3511 3264 nec
3528 3207 3827 3265 affectuum

514 3310 586 3355 tu:
616 3312 740 3355 rue.
791 3301 1004 3368 Quanto
1054 3300 1229 3369 magis
1277 3301 1490 3369 pulsare
1535 3297 1642 3351 boc
1685 3299 1752 3350 ab
1789 3297 1971 3348 animo
2002 3307 2122 3348 meo

517 3393 686 3460 nitor,
733 3403 884 3445 tanto
937 3393 1226 3446 violentius
1270 3392 1622 3458 tenaciusque
1661 3389 1993 3442 inhaerescit.
2039 3385 2120 3442 Ad

516 3485 636 3540 hinc
683 3485 1072 3539 Innocentius:
1121 3483 1236 3538 Non
1270 3482 1494 3556 (inquit)
1541 3484 1738 3536 frustra
1783 3483 1871 3536 hic
1917 3497 2121 3547 sermo,

512 3590 678 3654 quem
710 3598 805 3637 cor
831 3593 978 3636 luunt
1001 3581 1086 3655 (ut
1110 3581 1250 3651 apud
1281 3587 1507 3636 cunctos
1541 3579 1978 3650 probatissimum
2011 3576 2116 3646 est)

515 3680 677 3730 antea
718 3685 824 3730 nec
847 3677 1132 3745 cogitavit,
1171 3685 1272 3730 nec
1303 3683 1556 3743 umquam
1584 3673 1830 3742 protulit,
1867 3672 1952 3726 hic
1981 3685 2122 3740 prae-

515 3770 708 3823 sertim
742 3767 914 3822 menti
939 3777 1051 3822 tum
1080 3767 1163 3838 (ut
1189 3766 1413 3838 assetis)
1443 3777 1548 3821 tam
1583 3767 1856 3822 violenter
1881 3767 2120 3820 insertus

514 3867 624 3926 est,
655 3860 759 3915 hoc
784 3875 850 3915 ex
882 3859 992 3915 Deo
1015 3875 1140 3915 esse
1169 3861 1424 3913 aibitror.
1460 3857 1840 3914 Verumtamen
1873 3858 2115 3923 elabora,

517 3954 773 4019 obsecro,
817 3957 878 4009 et
909 3953 1107 4010 fabulis
1149 3953 1238 4008 bis
1283 3954 1587 4021 declinatis,
1626 3953 2116 4023 interpellationem

513 4047 761 4102 molesta:
784 4046 1128 4116 cogitationis-
1159 4046 1393 4116 ettpelle.
1425 4046 1579 4100 Tunc
1627 4043 1875 4099 Meletius
1915 4047 1982 4098 ita
2021 4044 2119 4098 ob-

515 4153 784 4210 Strepere,
818 4155 871 4197 et
916 4142 1154 4198 confusis
1198 4144 1532 4197 clamoribus
1584 4155 1879 4212 personare
1925 4142 2112 4208 erepit,

515 4243 575 4293 ut
605 4251 729 4294 eum
777 4250 898 4292 cum
929 4250 1025 4292 sua
1074 4247 1254 4292 mente
1301 4237 1514 4301 luctati,
1554 4251 1658 4290 non
1690 4237 1864 4289 solum
1899 4236 2114 4289 nutibus

513 4327 715 4398 vultus,
741 4331 839 4387 sed
871 4331 1030 4386 etiam
1059 4331 1224 4384 totius
1251 4331 1496 4401 corporis
1535 4329 1735 4383 indicio
1767 4325 2115 4384 innocentius

510 4434 783 4493 cerneret,
818 4424 959 4493 quod
995 4431 1346 4493 posteaquam
1379 4439 1444 4478 ne
1473 4432 1662 4493 parum
1694 4421 1907 4492 quidem
1953 4421 2116 4492 proii-

2226 3297 2470 3353 tltaritas
2500 3301 2789 3367 detineret,
2824 3311 3052 3371 quorum
3083 3303 3262 3358 facilis
3305 3303 3435 3357 mihi
3467 3305 3676 3373 jactura
3709 3313 3824 3372 est;

2221 3401 2431 3447 tantum
2459 3407 2526 3447 tte
2562 3394 2727 3448 Deum
2752 3402 2963 3464 patrum
2995 3407 3242 3451 nieorum
3276 3407 3475 3468 negare
3504 3395 3821 3468 compellar.

2220 3485 2376 3554 Quali
2411 3497 2590 3544 autent
2620 3491 2850 3544 Consilio
2879 3487 3054 3545 inutili
3077 3492 3141 3544 ad
3165 3491 3443 3546 civitatein
3467 3496 3823 3549 remeandqu

2225 3584 2474 3638 decernis
2534 3601 2545 3637 :
2610 3585 2780 3638 miror
2832 3593 2887 3638 te
2949 3584 3432 3655 prudentissimum
3485 3581 3658 3640 viruin
3712 3593 3821 3641 ‘neit

2224 3679 2406 3730 animo
2439 3676 2763 3745 prtevitlere,
2817 3677 2946 3746 quid
2994 3677 3062 3732 de
3095 3678 3256 3732 nobis
3287 3681 3526 3733 futurum
3572 3693 3818 3746 censeas,

2221 3769 2268 3826 si
2315 3771 2635 3826 Theodorus
2689 3772 2940 3826 columna
2987 3785 3278 3843 synagoga:
3320 3781 3541 3838 nostrae,
3604 3775 3656 3829 in
3712 3779 3818 3844 quo

2221 3878 2438 3918 omnem
2498 3865 2747 3918 ﬁduciam
2809 3866 3240 3934 repottebamus.
3300 3871 3614 3935 apostatare
3670 3884 3814 3922 cum-

2221 3955 2407 4027 pulsus
2436 3967 2536 4010 est.
2575 3955 2685 4011 Hoc
2715 3967 2846 4026 ergo
2876 3959 3061 4011 sanius
3090 3964 3191 4026 est,
3229 3966 3288 4012 ut
3308 3969 3497 4012 eamus
3526 3960 3592 4013 ad
3628 3965 3812 4030 agrum

2223 4065 2423 4113 meum,
2471 4063 2570 4103 nec
2613 4063 2710 4102 nos
2749 4050 2889 4103 ultra
2915 4048 3356 4104 Christianorum
3387 4052 3560 4106 oeulis
3604 4052 3812 4120 ingera-

2222 4155 2339 4194 mus
2363 4158 2376 4194 :
2412 4155 2696 4208 pessumus
2721 4141 2862 4196 enim
2897 4141 3003 4195 illic
3025 4141 3242 4197 interitu
3267 4141 3612 4210 delitescere,
3637 4141 3812 4198 donec

2219 4244 2524 4305 opportuno
2552 4243 2798 4306 tempore
2825 4235 2891 4289 ad
2919 4237 3204 4306 peregrina
3239 4237 3612 4307 elttigl‘CItttls':
3645 4243 3817 4307 'qtlaii-

2217 4327 2510 4399 doqtndem
2540 4327 2593 4382 in
2632 4332 2732 4382 bac
2769 4328 2941 4382 insula
2975 4329 3115 4396 apud
3150 4339 3375 4384 cunetos
3397 4327 3587 4384 Oditlltt
3612 4336 3811 4384 ucstra:

2217 4420 2496 4491 religionis
2546 4423 2794 4486 lll'Cl‘CVlt,
2843 4430 2902 4476 ut
2943 4420 3031 4490 qui
3067 4422 3294 4491 patriam
3351 4437 3456 4476 non
3507 4420 3808 4493 reliquerit,

511 4533 637 4573 cere
671 4516 957 4584 intellexit,
992 4526 1046 4571 et
1079 4515 1274 4585 adjecit
1304 4515 1462 4570 etiam
1492 4513 1650 4583 illud,
1679 4523 1737 4569 ttt
1761 4514 1926 4570 verba
1958 4530 2109 4585 qiue-
2138 4553 2190 4612 D
2219 4511 2376 4568 fidem
2420 4524 2634 4584 palmm
2681 4521 2867 4569 tenere
2917 4527 3025 4568 non
3075 4515 3267 4583 possit.
3313 4513 3430 4570 Cur
3457 4516 3655 4588 itaque
3701 4523 3810 4571 non

510 4608 632 4664 dant
676 4607 903 4678 profana
931 4615 987 4664 et
1028 4607 1209 4678 turpia
1234 4603 1579 4678 loqueretur,
1609 4611 1664 4662 et
1693 4621 1841 4662 nunc
1883 4607 2108 4661 naribus

504 4701 849 4772 corrugatis,
907 4707 1096 4755 aerem
1169 4699 1396 4754 torbcus
1463 4698 1784 4754 inhonestos
1845 4703 2106 4769 strepitus

508 4805 813 4866 promeret,
844 4809 984 4850 nunc
1019 4793 1218 4850 timidis
1265 4793 1464 4848 risibus
1504 4793 1928 4848 rachiunaretur
1965 4807 1977 4845 :
2011 4790 2105 4846 sed

509 4888 625 4943 haec
675 4890 741 4944 ab
767 4891 950 4943 animo
973 4891 1093 4958 ejus
1139 4897 1336 4943 nomen
1385 4888 1588 4943 Clu-isti
1617 4888 1969 4955 exstinguere
2011 4897 2109 4942 ne-

507 4981 680 5052 quivit
717 4981 956 5047 insania,
986 4984 1107 5054 quia
1135 4982 1245 5052 jam
1280 4991 1504 5036 cunctas
1547 4983 1668 5048 eius
1707 4982 1972 5036 medullas
2013 4997 2105 5036 sa-

508 5075 692 5128 nitatis
721 5074 858 5141 ignis
902 5083 1236 5142 pervaserat.
1279 5073 1422 5142 Quid
1473 5089 1604 5145 ergo
1655 5075 1911 5149 (inquit),
1945 5075 2104 5131 luno—

505 5167 887 5224 centifrater?
939 5169 988 5221 in
1035 5172 1372 5224 contrarium
1423 5169 1584 5226 verba
1629 5174 1729 5225 ista
1759 5180 2045 5226 t-ertiintttr
2087 5177 2102 5226 ':

503 5261 854 5318 abolitionem
906 5255 1037 5314 milii
1095 5265 1328 5318 nominis
1369 5265 1591 5324 Christi.
1626 5273 1733 5318 nec
1777 5265 2105 5319 scurrilitate

504 5353 816 5416 Verborum,
851 5367 951 5409 nec
980 5354 1110 5423 ipsis
1139 5363 1361 5425 possunt
1389 5351 1626 5412 (ὠθοωηὶ
1672 5349 1882 5411 sonitus
1915 5366 2103 5412 error-

501 5453 670 5518 quem
693 5448 1040 5518 blaspltctniis
1060 5468 1070 5502 τ
1094 5445 1239 5503 aliud
1273 5445 1558 5517 siquidem,
1586 5443 1715 5502 milli
1739 5449 1890 5504 rcti‘di
1915 5448 2104 5521 [Forte

501 5543 636 5596 Mihi
669 5540 876 5615 crede],
910 5544 1107 5606 sentio,
1137 5541 1287 5610 quod
1319 5537 1500 5596 cordis
1546 5535 1646 5594 mel
1685 5537 1934 5604 altrilttts,
1969 5553 2102 5612 Quas

501 5631 706 5688 his!“
755 5635 1047 5689 obstruere
1100 5631 1266 5700 ftitor,
1319 5629 1523 5686 Christi
1573 5641 1772 5689 nomen
1821 5629 2098 5705 ingerere,

505 5725 816 5780 incessabili
842 5723 1088 5782 clamare
1115 5731 1228 5782 uoti
1253 5719 1480 5782 desiuit.
1519 5719 1622 5782 llis
1668 5720 1869 5783 Meletii
1917 5729 2098 5786 verbis

501 5815 629 5869 iam
655 5815 998 5874 «nocentius
1032 5817 1219 5876 retulit
1245 5836 1256 5872 :
1285 5813 1533 5877 Fratrem
1555 5815 2095 5891 tuum'Ttteodorum,

2217 4608 2580 4662 voluntarium
2615 4609 2975 4678 suscipiamus
3007 4608 3285 4676 exsilium,
3333 4609 3400 4662 ad
3450 4599 3594 4677 quod
3650 4609 3814 4675 (sicut

2212 4709 2299 4756 res
2332 4699 2559 4772 iudicat)
2598 4702 2736 4756 odiis
2785 4702 3008 4769 civium,
3055 4700 3267 4756 etiamsi
3322 4701 3596 4766 nolumus,
3644 4697 3813 4760 tit-sti-

2214 4794 2377 4849 nandi
2425 4791 2670 4873 suntusi
2707 4787 2818 4847 Hoc
2861 4793 3023 4865 igitur
3074 4791 3298 4850 'consilio
3350 4797 3636 4866 'utri‘u‘sqtte
3685 4802 3810 4851 se‘n-

2213 4891 2380 4944 tetltia
2427 4885 2766 4956 couii'rittat'a,
2817 4881 3058 4944 laborem
3105 4885 3373 4945 'dcstit‘taii
3419 4878 3632 4945 itineris
3675 4891 3812 4945 arri-

2217 4984 2386 5053 piunt.

2282 5075 2387 5128 Sed
2422 5073 2546 5128 dum
2582 5085 2678 5134 per
2707 5071 3150 5144 angustissimum
3183 5074 3565 5145 ingredi‘ttt’tli‘tr
3586 5067 3803 5142 callem,

2209 5167 2596 5236 cogitationum
2638 5165 2881 5221 tenebris
2923 5168 3102 5222 lucem
3161 5163 3563 5224 olicfecanliltus
3620 5168 3807 5223 oeulo—

2210 5270 2326 5315 rum
2377 5278 2386 5312 :
2445 5262 2618 5330 ipsum
2660 5266 2820 5330 quem
2874 5260 3030 5314 inscii
3086 5262 3453 5330 sequebantur
3503 5259 3802 5327 'ttaniitetn,

2208 5353 2583 5424 perdiderunt,
2615 5361 2669 5408 et
2699 5352 2753 5407 itt
2783 5351 2918 5407 locis
2949 5351 3184 5407 desertis
3211 5361 3374 5420 atque
3394 5349 3556 5408 inviis
3587 5359 3804 5408 reuian.

2207 5463 2352 5504 sere.
2384 5443 2515 5503 Cum
2548 5455 2723 5504 autem
2751 5447 3129 5504 srinderentur
3160 5445 3431 5513 sentibus,
3463 5452 3555 5503 aut
3577 5448 3801 5520 'ru'pilttts

2206 5551 2522 5598 arcerentur
2551 5541 2736 5616 [Forte
2763 5539 3024 5611 vepribus
3055 5535 3478 5616 lacerarentur],
3511 5547 3798 5611 'ptistqitan't

2205 5644 2402 5706 corpus
2432 5642 2587 5690 auum
2615 5627 2789 5706 longis
2821 5634 3093 5690 foedavere
3123 5629 3461 5699 Vulneribus,
3496 5637 3561 5688 ad
3594 5638 3797 5688 tantum

2206 5721 2383 5799 primo
2427 5721 2644 5800 quidem
2698 5730 3058 5795 anxietatem,
3091 5725 3288 5784 deinde
3315 5729 3474 5783 etiam
3509 5728 3574 5782 ad
3605 5721 3801 5799 despc-

2205 5819 2473 5880 ratl’ouem
2527 5827 2688 5890 atque
2735 5813 3083 5876 formidinem
3121 5825 3341 5886 reuere,
3391 5825 3450 5874 ut
3505 5817 3802 5891 compelle:
