4206 6174
598 257 709 319 745

1667 259 1916 319 SEVERI
1957 252 2267 319 EPISCOPI
2306 252 2802 319 MAJORICENSIS

3772 265 3866 325 ιιι

598 379 897 448 sapientes,
944 391 1063 434 cum
1110 376 1301 432 eadem
1344 374 1430 430 die
1477 374 1615 430 filios
1656 375 1824 429 Israel
1863 375 1932 427 ab
1960 373 2194 445 Egypto
2225 374 2274 433 A
2306 374 2402 427 sed
2435 373 2799 427 nobilissimas
2822 371 3161 438 Iudaeorum,
3193 371 3259 426 ad
3291 372 3502 429 virtutis
3528 389 3635 431 suae
3659 376 3864 447 gloriam

600 471 841 541 perﬁdiae
891 488 1002 523 sine
1051 479 1211 538 atque
1256 483 1285 521 a
1336 467 1596 522 servitute
1637 482 1887 537 egressos
1918 467 2192 529 viderem,

601 562 719 617 Ita’c
740 580 859 631 qum
890 562 1029 616 facta
1075 569 1232 627 sunt,
1265 560 1432 629 signis
1464 560 1573 615 illis
1605 575 1725 629 qua:
1760 561 1809 613 in
1842 559 2031 614 Exodo
2062 559 2195 629 legi-

598 669 721 709 mus
770 653 964 726 (Exod.
1017 652 1153 725 χιιι).
1210 652 1600 722 comparabant
1646 652 1772 707 huic
1822 655 2049 722 populo,
2106 653 2197 721 qui

596 745 765 801 Deum
816 745 1043 801 credqu
1093 745 1261 800 corde
1292 746 1533 808 intuens,
1569 761 1757 800 verum
1789 746 1952 801 etiam
1983 745 2197 799 Israelis

594 854 793 895 nomen
821 841 1059 904 meruit,
1110 854 1309 893 manna
1341 840 1635 892 crederent
1674 838 1918 892 innovari
1944 855 1956 891 :
1986 838 2196 891 colum-

594 948 718 988 nam
744 948 962 1003 quoque
993 933 1154 1003 ignis,
1181 949 1302 1002 qua:
1324 940 1509 1002 patres
1540 932 1592 985 in
1618 945 1804 986 eremo
1828 930 2194 1001 prmcedebat,

592 1026 843 1082 utetiam
891 1024 1011 1080 ﬁliis
1043 1040 1071 1077 a
1113 1039 1240 1079 vera
1274 1022 1512 1094 Egypto
1556 1031 1717 1092 atque
1762 1022 1983 1078 fornace
2020 1022 2197 1092 (sicut

592 1123 860 1188 scriptum
894 1126 978 1172 est
1004 1115 1208 1190 [Exod.
1244 1114 1360 1187 χιιι]
1383 1158 1397 1181 ,
1434 1116 1615 1171 ferrea
1643 1115 1875 1184 egressis
1896 1157 1911 1179 ,
1939 1115 2193 1169 ducatum

592 1213 874 1283 praeberet
898 1210 965 1267 ad
1004 1209 1191 1274 vitam,
1243 1218 1519 1263 ostensam
1577 1208 1745 1263 fuisse
1794 1208 2192 1262 exiStimarunt.

592 1304 663 1360 Et
684 1318 873 1358 revera
901 1302 1062 1375 (sicut
1086 1302 1321 1356 lectione
1343 1300 1514 1355 Exodi
1535 1300 1852 1370 attestatur)
1894 1300 2196 1355 similitudo

598 1399 876 1467 signorum
927 1395 1153 1449 minime
1193 1394 1490 1464 discrepat.
1522 1392 1654 1447 Nam
1690 1402 1745 1448 et
1771 1393 1900 1447 illud
1942 1393 2083 1462 quod
2114 1395 2197 1447 ni—

597 1504 716 1544 vem
766 1488 932 1543 fuisse
992 1485 1367 1552 credidimus,
1431 1500 1620 1540 semen
1674 1484 1952 1539 coriandri
2002 1485 2196 1539 minuti

598 1581 945 1652 adaequabat,
975 1580 1153 1635 mellis
1201 1594 1449 1649 saporem
1500 1579 1755 1633 ferebat:
1803 1587 1856 1632 et
1903 1578 2005 1633 hoc
2052 1578 2193 1648 quod

598 1673 879 1746 apparuit,
909 1672 1179 1727 columna:
1209 1672 1380 1741 ignem
1415 1672 1654 1742 speciem
1700 1671 1974 1738 habuisse,
2022 1671 2192 1725 mani-

2301 464 2655 530 dilatandam,
2689 465 2742 518 in
2774 465 2977 519 duritie
3008 465 3248 534 perlidize
3276 479 3385 519 sua:
3412 462 3655 522 Christus
3675 483 3867 537 perma-

2302 573 2434 611 nere
2461 557 2855 627 aliquantulum
2891 572 3087 627 passus
3114 570 3218 612 est.
3259 557 3584 612 Arthetnisia
3622 558 3867 630 siquidem

2301 648 2700 721 Lectorii[Ms.
2733 648 2995 722 Lettorii]
3017 691 3032 716 ,
3066 652 3158 721 qui
3183 666 3356 720 nuper
3397 650 3533 706 hanc
3562 652 3868 720 provinciam

2301 744 2469 807 texit,
2526 753 2579 797 et
2632 758 2777 797 nunc
2824 741 3022 797 Comes
3071 759 3193 798 esse
3241 743 3459 811 dicitur,
3492 742 3616 809 ﬁlia,
3646 744 3870 814 conjugis

2301 835 2501 891 Meletii
2530 837 2895 891 conversione
2922 848 3220 903 commota,
3244 851 3366 891 cum
3393 853 3498 891 una
3522 836 3691 893 ferme
3714 838 3869 893 amica

2298 937 2353 982 et
2382 930 2594 984 nutrice
2625 939 2681 984 et
2712 930 2897 999 paucis
2941 930 3152 984 ancillis
3201 929 3421 984 domum
3467 930 3567 984 viri
3610 930 3688 985 sui
3728 930 3871 987 dese-

2299 1034 2448 1087 rens,
2486 1020 2553 1074 ad
2585 1021 2873 1089 quamdam
2899 1021 3243 1091 speluncam,
3270 1021 3401 1077 licet
3426 1021 3480 1075 in
3504 1021 3673 1088 vinea,
3701 1032 3865 1077 tamen

2300 1112 2595 1168 remotiore
2625 1113 2903 1182 paululum
2939 1114 3059 1169 loco
3100 1115 3226 1182 sita,
3270 1114 3435 1169 oblita
3465 1113 3704 1169 feminea:
3729 1114 3869 1169 inﬁr-

2302 1208 2505 1263 mitatis
2523 1210 2717 1263 evasit.
2738 1209 2870 1264 Erat
2888 1210 2938 1262 in
2963 1225 3025 1265 ea
3049 1224 3609 1280 parvumpovumque
3630 1209 3865 1275 torcular,

2302 1300 2561 1371 lacusque
2596 1317 2765 1356 novus
2800 1303 2974 1357 laetus
3008 1302 3234 1370 ﬁguram
3267 1302 3667 1373 quodammodo
3690 1318 3869 1373 gerere

2301 1394 2575 1448 credentis
2606 1394 2791 1465 populi
2832 1394 3119 1448 videbatur
3155 1411 3169 1448 :
3224 1408 3331 1448 non
3382 1394 3525 1449 enim
3572 1395 3704 1448 istos
3745 1396 3873 1450 sicut

2302 1496 2452 1539 utres
2476 1496 2713 1550 veteres,
2747 1486 2840 1540 sed
2887 1487 3031 1540 sicut
3063 1501 3237 1540 novos
3279 1486 3426 1541 lacus
3478 1497 3707 1542 mustum
3759 1486 3871 1541 novi

2302 1578 2637 1635 Testamenti
2685 1580 2980 1650 recepisse,
3014 1590 3065 1634 et
3094 1580 3388 1647 credimus,
3431 1591 3487 1635 et
3525 1581 3776 1636 videmus.
3820 1579 3872 1634 In

2300 1686 2367 1724 eo
2398 1670 2560 1740 igitur
2592 1674 2711 1725 loco
2737 1688 2857 1725 cum
2894 1687 2990 1738 per
3019 1670 3236 1725 biduum
3286 1680 3536 1726 matrona
3579 1687 3607 1725 a
3644 1672 3756 1726 viro
3784 1685 3873 1726 suo

600 1770 799 1825 festum
823 1778 927 1823 est.
948 1768 1253 1836 Utrumque
1275 1778 1456 1821 autem
1474 1768 1688 1836 signum
1713 1767 1873 1820 etiam
1896 1766 2196 1820 Jammouze
2227 1754 2275 1814 B
2303 1763 2503 1819 offensa
2538 1765 2889 1819 inexorabilis
2920 1767 3309 1833 permansisset
3335 1783 3348 1829 ;
3385 1774 3445 1819 ut
3472 1765 3696 1836 primum
3733 1765 3873 1819 tertia

601 1860 1032 1917 consistentibus
1064 1860 1327 1914 fratribus
1367 1859 1670 1914 revelatum
1710 1859 1876 1914 fuisse
1906 1861 2193 1930 Cognosci-

602 1972 762 2012 mus:
798 1971 920 2009 nam
950 1967 1003 2009 et
1032 1955 1269 2024 pluviam
1295 1954 1470 2009 mellis
1503 1955 1689 2018 multi,
1725 1954 1917 2025 quibus
1950 1955 2196 2010 intellec-

604 2061 690 2105 tus
726 2049 1033 2118 requirendi
1080 2059 1135 2103 et
1166 2063 1263 2117 per
1301 2057 1493 2118 gustus
1531 2048 1862 2117 agnoscendi
1890 2049 2049 2103 datus
2087 2058 2194 2112 est,

604 2145 946 2215 probavere:
980 2150 1036 2197 et
1064 2142 1315 2197 columna
1363 2141 1739 2196 candidissimi
1790 2141 1932 2196 illius
1976 2142 2198 2197 luminis

605 2239 922 2300 multorum,
943 2252 1082 2304 quos
1098 2236 1293 2306 dignos
1306 2235 1570 2290 Dominus
1590 2229 1872 2305 judicavit,
1891 2235 2199 2305 seiugessit

601 2331 931 2401 aspectibus.
965 2329 1118 2385 Unde
1142 2329 1368 2399 intelligi
1396 2327 1579 2395 datur,
1608 2328 1826 2383 Judteos
1854 2344 1954 2399 per
1980 2328 2197 2384 univer-

599 2440 721 2480 sum
754 2426 942 2480 orbem
976 2422 1101 2477 fidei
1130 2422 1330 2476 lumine
1359 2421 1661 2476 visitaudos
1705 2439 1717 2474 :
1775 2422 2029 2491 quoniam
2079 2422 2197 2492 qui-

601 2520 727 2574 dem
760 2518 939 2582 nobis,
969 2517 1058 2587 qui
1109 2520 1160 2570 in
1202 2516 1302 2570 hac
1346 2515 1523 2570 insula
1564 2525 1725 2585 atque
1750 2515 1801 2569 in
1834 2516 1937 2570 hoc
1970 2517 2195 2584 parvulo

604 2610 687 2680 (ut
736 2612 804 2663 ita
857 2609 1125 2679 dixerim)
1155 2609 1292 2664 orbe
1313 2610 1668 2663 consistimus
1692 2651 1705 2674 ,
1742 2621 1929 2663 tantus
1958 2610 2195 2665 C(elestis

598 2705 788 2774 gratia:
815 2702 1076 2771 splendor
1102 2702 1302 2768 illuxit,
1338 2710 1399 2756 ut
1421 2718 1595 2771 usque
1625 2704 1691 2757 ad
1720 2712 2003 2759 extremos
2036 2715 2197 2761 terra:

599 2805 794 2851 vestra:
825 2796 1089 2851 terminos
1117 2796 1399 2866 signorum
1436 2796 1578 2849 visio
1607 2797 1942 2864 perveniret.

671 2889 933 2959 Sequenti
961 2890 1122 2959 igitur
1147 2888 1238 2944 die
1256 2904 1467 2943 summa
1483 2890 1724 2943 omnium
1750 2891 2110 2959 exspectatio,
2137 2901 2195 2947 ut

594 2980 924 3038 Theodorus
956 2980 1238 3050 sponsioni
1270 2995 1385 3035 sua:
1416 2979 1791 3046 satisfaceret,
1827 2980 2189 3035 admonebat:

593 3074 837 3144 quicum
877 3073 1038 3142 justis
1084 3070 1370 3143 (quantum
1420 3070 1731 3141 videbatur)
1770 3070 2188 3141 allegationibus

2300 1858 2419 1913 dies
2450 1859 2648 1925 illuxit,
2672 1859 2883 1913 famulae
2912 1874 3104 1929 aquam
3133 1859 3351 1913 haurire
3374 1859 3695 1927 imperavit:
3724 1875 3871 1931 quam

2300 1967 2422 2005 cum
2454 1952 2624 2007 odore
2655 1963 2707 2006 et
2736 1967 2933 2021 sapore
2959 1953 3132 2007 mellis
3160 1952 3509 2007 dulcedinem
3539 1955 3740 2008 referre
3764 1969 3874 2008 sen-

2300 2046 2479 2111 sisset,
2513 2044 2688 2111 primo
2714 2045 2933 2115 quidem
2968 2045 3232 2100 ministra:
3257 2060 3589 2101 succensere
3616 2046 3805 2115 cmpit;
3828 2053 3876 2101 et

2300 2154 2397 2193 cur
2427 2140 2478 2192 in
2511 2138 2701 2192 eodem
2733 2153 2894 2193 urceo
2916 2140 3018 2192 mel
3043 2139 3346 2208 injecisset,
3376 2139 3691 2211 indignans,
3716 2140 3875 2207 inqui-

2302 2233 2453 2287 rebat
2484 2251 2497 2287 :
2555 2241 2844 2303 postquam
2881 2242 3087 2296 autem,
3138 2243 3195 2286 ut
3233 2232 3387 2302 quasi
3423 2243 3713 2303 negantem
3757 2247 3877 2287 con-

2301 2328 2570 2393 vinceret,
2604 2327 2671 2381 ad
2700 2328 2872 2381 lacum
2906 2327 3099 2397 pergit,
3131 2326 3198 2382 de
3227 2343 3335 2395 quo
3370 2327 3648 2395 paululum
3701 2341 3880 2382 conca-

2300 2422 2383 2475 vis
2400 2422 2646 2477 manibus
2669 2421 2950 2484 hauriens,
2974 2421 3174 2491 reperit
3194 2436 3413 2490 aquam,
3431 2439 3541 2492 qua
3558 2438 3653 2493 per
3675 2422 3877 2477 biduum

2301 2528 2394 2567 usa
2432 2513 2627 2579 fuerat,
2650 2512 2700 2567 in
2732 2513 2909 2567 mellis
2936 2512 3241 2567 suavissimi
3273 2529 3488 2568 versam
3522 2513 3874 2569 dulcedinem.

2300 2606 2592 2660 Advocans
2623 2605 2805 2674 itaque
2836 2614 3062 2659 cunctas
3094 2619 3216 2674 quae
3246 2605 3498 2675 aderant,
3531 2618 3587 2660 ut
3614 2612 3879 2677 gustareut

2300 2707 2479 2768 rogat,
2507 2712 2574 2752 ne
2598 2696 2740 2751 forte
2764 2696 2926 2751 fallax
2948 2712 3110 2765 sapor
3134 2696 3186 2751 iu
3212 2696 3457 2753 faucibus
3486 2708 3695 2754 tantum
3725 2698 3877 2767 ipsius

2301 2790 2631 2843 suavitatem
2693 2789 3036 2843 mentiretur.
3107 2787 3308 2843 Omnes
3361 2800 3689 2860 gustantes,
3755 2790 3876 2845 mira

2300 2882 2673 2936 oblectatione
2699 2880 2904 2935 affectae
2931 2892 3077 2946 sunt,
3127 2890 3184 2934 ut
3234 2896 3340 2935 non
3374 2898 3572 2950 aquam
3606 2882 3776 2938 mellis
3800 2897 3877 2937 sa-

2302 2988 2434 3041 pore
2456 2972 2778 3036 delibutam,
2796 2972 2889 3027 sed
2915 2973 3019 3027 mel
3052 2973 3509 3040 sincerissimum,
3537 2976 3710 3031 solum
3736 2990 3874 3046 aqua:

2300 3062 2715 3117 similitudinem
2762 3073 3078 3117 censerent.
3134 3065 3371 3133 Stupore
3424 3067 3591 3135 igitur
3647 3071 3872 3138 percita,

592 3142 914 3222 cuttctorum
942 3174 1065 3218 vota
1095 3142 1348 3219 crederet
1384 3163 1714 3228 differenda,
1752 3163 1939 3218 dicens
1979 3174 2183 3218 matro-
2222 3142 2267 3204 (ἶ
2300 3158 2424 3211 dum
2458 3159 2525 3212 ad
2557 3161 2828 3213 civitatem
2860 3160 3057 3214 reverti
3092 3172 3373 3229 parantur,
3421 3164 3694 3217 curiosius
3728 3177 3876 3233 agen-

592 3275 719 3314 natn
750 3260 903 3327 prius
941 3273 1115 3323 suam,
1171 3272 1332 3326 quam
1376 3256 1430 3310 in
1483 3256 1826 3325 Majoricensi
1878 3257 2190 3327 reliquisset

594 3350 801 3414 insula,
829 3352 932 3404 huc
962 3364 1021 3403 se
1051 3347 1536 3417 velleldeducere;
1578 3365 1646 3402 ne
1683 3347 1845 3413 forte,
1892 3350 1935 3403 si
1983 3350 2187 3420 absque

589 3456 863 3498 consensu
892 3456 991 3494 suo
1018 3442 1193 3495 virum
1226 3456 1382 3494 suum
1429 3454 1754 3494 conversum
1808 3441 1975 3495 fuisse
2021 3458 2187 3511 agno-

586 3536 755 3590 visset
786 3534 949 3605 (sicut
980 3531 1174 3602 solet),
1206 3533 1458 3603 pertinax
1488 3532 1710 3601 perﬁdia
1742 3543 1921 3597 esset,
1958 3549 2185 3602 persua—

584 3628 740 3683 sione
773 3626 962 3681 matris
998 3626 1271 3695 prtecipue
1300 3640 1436 3691 sum,
1471 3642 1590 3695 qua:
1636 3626 1815 3680 adhuc
1859 3640 2178 3697 supererat,

584 3728 641 3774 et
685 3718 931 3774 consiliis
982 3717 1315 3783 detnentata,
1348 3726 1402 3771 et
1434 3732 1462 3770 a
1497 3718 1754 3787 conjugio
1781 3718 1879 3772 viri
1917 3719 2180 3789 religione

581 3812 911 3867 discederet.
971 3811 1104 3866 Cum
1163 3812 1281 3867 haec
1327 3810 1650 3865 Theodorus
1698 3809 2025 3866 Christianis
2067 3813 2176 3881 jam

581 3905 1056 3975 aequiescentibus
1091 3905 1436 3975 propalasset
1471 3922 1483 3956 :
1512 3903 1737 3970 Judwis,
1791 3906 1882 3973 qui
1930 3907 2174 3961 cenversi

579 3999 815 4063 fuerant,
841 3999 1106 4053 acerrima
1138 3999 1513 4053 commotione
1544 4000 1947 4066 resistentibus,
1981 4015 2174 4068 atnpu-

574 4098 684 4144 tata
713 4090 990 4144 dilationis
1040 4104 1228 4157 mora,
1274 4090 1341 4143 ad
1394 4090 1583 4145 matris
1629 4092 1947 4161 propinqua:
1994 4091 2172 4147 sinum

572 4182 800 4238 festivus
834 4182 973 4252 ipse,
1008 4192 1067 4237 ut
1096 4184 1146 4237 in
1180 4183 1386 4237 somnis
1415 4183 1645 4249 viderat,
1678 4184 2017 4238 convolavit.
2043 4185 2173 4239 Post

573 4289 734 4344 quem
764 4275 967 4338 omnis,
1003 4282 1275 4345 tamquam
1310 4283 1522 4330 remoto
1553 4275 1732 4338 obice,
1773 4276 1837 4329 ad
1873 4276 2168 4333 Ecclesiam

567 4383 840 4438 synagoga
886 4368 1166 4421 confluxit.
1234 4368 1428 4422 Mirum
1479 4367 1644 4437 dictu,
1692 4369 1980 4424 inveterati
2027 4372 2168 4426 illius

566 4459 704 4529 legis
732 4458 988 4513 doctores
1017 4460 1138 4514 sine
1168 4460 1275 4514 tilla
1308 4460 1670 4516 altercatione
1702 4461 2022 4530 verborum,
2047 4463 2165 4519 sine

2296 3260 2377 3305 tes
2403 3291 2418 3316 ,
2450 3250 2611 3304 etiam
2642 3266 2820 3305 rorem
2851 3251 2940 3321 qui
2972 3255 3020 3305 in
3053 3251 3237 3305 herbis
3267 3252 3520 3321 plurimis
3549 3264 3684 3319 erat,
3716 3254 3871 3322 degu-

2294 3354 2494 3399 statum
2528 3345 2759 3399 similem
2790 3357 3131 3415 repererunt.
3166 3347 3401 3416 Pergens
3438 3347 3621 3418 itaque
3661 3348 3723 3402 ad
3751 3344 3873 3401 civi-

2294 3450 2455 3495 tatem
2492 3451 2736 3494 matrona
2766 3449 3083 3502 memorata,
3118 3441 3233 3495 huic
3258 3441 3453 3495 marito
3476 3442 3687 3506 retulit,
3715 3452 3762 3496 et
3788 3455 3873 3510 per

2292 3550 2415 3589 eum
2444 3534 2695 3590 omnibus
2741 3533 3033 3599 indicavit;
3069 3535 3359 3604 statimque
3390 3533 3456 3589 ad
3490 3535 3692 3590 Christi
3721 3533 3869 3588 ﬁdem

2292 3628 2413 3684 sine
2443 3627 2801 3683 reluctatione
2829 3628 3126 3681 consensit.

2365 3723 2565 3777 Verum
2590 3723 2780 3778 eadem
2798 3722 2905 3785 die,
2936 3738 3041 3793 qua
3066 3722 3264 3777 Meletii
3298 3739 3434 3777 uxor
3463 3722 3865 3779 amaritudinem

2288 3815 2687 3870 incredulitatis
2713 3815 2950 3884 abjicere
2968 3831 3035 3869 ex
3060 3816 3222 3869 melle
3245 3816 3525 3884 compulsa
3543 3827 3647 3883 est,
3664 3816 3863 3881 eadem,

2284 3909 2525 3979 inquam,
2576 3909 2682 3975 die,
2736 3925 2835 3978 qua
2880 3921 3181 3963 memorata
3236 3910 3344 3963 ﬁlia
3380 3910 3569 3976 Israel,
3622 3911 3769 3982 quasi
3818 3912 3864 3964 in

2281 4003 2498 4057 deserto
2532 4003 2728 4071 posita,
2762 4002 2914 4056 illum
2961 4003 3242 4073 antiquum
3287 4003 3431 4056 Mara
3474 4005 3648 4059 lacum
3676 4002 3871 4075 (Exod.

2282 4098 2399 4166 xv),
2436 4096 2639 4164 injecto
2685 4096 2871 4149 Crucis
2916 4095 3085 4166 ligno,
3137 4096 3524 4152 obtlulcescere
3572 4097 3864 4167 persensit:

2277 4190 2351 4243 ita
2404 4187 2634 4242 mirilico
2683 4204 2919 4258 vereque
2964 4189 3173 4244 caelesti
3209 4190 3386 4243 omnis
3417 4190 3662 4246 Ecclesia
3709 4190 3867 4245 odore

2281 4281 2573 4352 fragravit,
2618 4290 2677 4335 ut
2725 4281 3070 4350 praesentiam
3102 4281 3336 4350 Spiritus
3367 4284 3539 4337 sancti
3569 4324 3584 4349 ,
3632 4296 3788 4354 quam
3816 4287 3865 4334 et

2272 4385 2398 4429 ante
2421 4376 2534 4445 jam
2559 4376 2873 4445 aliquoties,
2901 4376 2995 4431 sed
3025 4377 3341 4445 paucissimi
3372 4393 3742 4445 senseramus,
3768 4375 3866 4430 fra-

2274 4465 2502 4522 ternitas
2554 4482 2691 4536 pene
2740 4468 2997 4522 universa
3027 4468 3290 4523 sentiret:
3324 4482 3378 4524 et
3423 4470 3618 4525 mirum
3663 4467 3863 4524 cunctis

570 4552 684 4607 ullo
726 4552 1132 4623 Scripturarum
1176 4553 1475 4609 certamine
1524 4553 1905 4620 crediderunt;
1954 4566 2160 4612 tantum
2194 4533 2243 4593 D
2268 4556 2401 4611 illud
2432 4533 2704 4628 fuit,‘quod
2739 4574 2833 4627 per
2850 4560 3070 4615 eosdem
3098 4560 3234 4627 dies,
3262 4577 3455 4616 serena
3476 4560 3860 4632 propemodum

564 4647 931 4716 percunctati,
960 4662 1028 4701 an
1062 4646 1261 4703 vellent
1286 4646 1448 4703 ﬁdem
1471 4647 1677 4703 Christi
1706 4649 2013 4719 suscipere:
2046 4667 2164 4706 cre-

563 4738 696 4795 dere
724 4756 784 4796 se
810 4740 861 4794 in
893 4739 1131 4809 Christo,
1160 4750 1216 4795 et
1245 4739 1589 4797 Christianos
1617 4742 1731 4798 fieri
1763 4758 1966 4812 cupere
1998 4745 2163 4813 profi-

562 4832 836 4887 tebantur.
862 4833 1092 4887 Centum
1125 4833 1344 4904 quidam
1376 4844 1428 4889 et
1455 4834 1593 4890 duos
1624 4836 1707 4906 (tit
1729 4836 2003 4906 asserunt)
2032 4848 2159 4892 zela-

556 4924 630 4978 tis
654 4933 817 4994 atque
849 4925 1088 4993 perfidiae
1147 4940 1261 4979 sua:
1319 4926 1530 4982 habens
1579 4942 1774 4993 annos,
1826 4930 1943 4984 sine
1994 4930 2155 4984 trium

559 5018 989 5071 commutatione
1031 5017 1349 5085 verborum,
1402 5033 1498 5089 spe
1546 5018 1740 5075 futura:
1779 5021 1901 5076 vitae
1953 5021 2156 5092 alacer,

554 5107 890 5176 decrepitus,
944 5120 1136 5181 optare
1168 5126 1227 5166 se
1260 5122 1318 5165 ut
1351 5112 1405 5166 in
1436 5112 1544 5167 fine
1586 5120 1892 5183 temporum
1932 5130 2155 5172 suorum

554 5217 653 5273 per
686 5202 843 5257 ﬁdem
870 5202 1077 5257 Christi
1108 5203 1176 5258 ad
1207 5203 1550 5274 spiritualem
1576 5217 1946 5263 reverteretur
1978 5208 2153 5263 infan-

555 5298 716 5364 tiam;
771 5298 1035 5367 nobisque
1090 5298 1393 5368 putrefacta
1433 5300 1544 5370 jam
1597 5302 1756 5356 senio
1802 5304 2068 5369 membra,
2098 5313 2155 5358 ut

551 5392 879 5463 quantocius
904 5407 1000 5463 per
1030 5393 1362 5464 baptismum
1387 5405 1834 5465 regeneraretur,
1866 5396 2109 5465 ingessit.

621 5483 867 5539 Fuerunt
902 5485 1121 5553 quidam
1173 5484 1370 5551 Judaei,
1412 5487 1504 5555 qui
1558 5496 1975 5554 praetereuntes,
2026 5486 2150 5543 illuc

546 5576 795 5647 appulsi,
830 5579 1294 5647 opportunitatem
1348 5578 1614 5644 temporis
1662 5586 1827 5643 atque
1857 5586 2146 5633 ventorum

545 5669 985 5738 aucupabantur:
1019 5669 1136 5736 qui,
1187 5669 1477 5740 navigandi
1526 5683 1787 5726 concessa
1829 5673 2149 5741 opportuni-

542 5763 677 5825 tate,
704 5757 952 5814 .credere
977 5758 1307 5814 maluerunt.
1328 5759 1463 5816 Tres
1480 5760 1643 5831 igitur
1664 5770 1871 5821 tantum
1893 5763 2141 5834 feminas,

2260 4651 2465 4721 iugiter
2495 4663 2874 4722 permanente,
2899 4654 3223 4709 creberrimi
3259 4656 3458 4711 imbres
3502 4655 3862 4711 demitteban-

2269 4756 2375 4811 tur,
2406 4759 2455 4803 et
2494 4748 2750 4817 paulatim
2782 4750 3064 4804 venientes
3088 4749 3151 4804 ad
3187 4749 3345 4806 fidem
3396 4750 3598 4806 Christi
3650 4750 3860 4807 Jndmos

2262 4841 2440 4909 pluvia
2498 4842 2887 4910 praecedebat:
2940 4845 3012 4898 ita
3063 4855 3121 4898 ut
3166 4845 3270 4900 hoc
3321 4845 3855 4907 animadvertentes,

2262 4935 2421 5003 vulgo
2452 4934 2591 4989 inter
2622 4950 2724 4989 nos
2751 4945 2806 4989 et
2827 4936 2980 5006 quasi
3000 4936 3321 5005 joculariter
3347 4937 3659 4992 diceremus
3685 4955 3697 4989 :
3723 4933 3855 4989 Ecce

2259 5026 2373 5097 jam
2428 5027 2586 5097 pluit,
2634 5029 2826 5083 scitote
2874 5045 3251 5101 quoscumque
3298 5030 3516 5085 Iudaeos
3557 5030 3624 5084 ad
3656 5024 3856 5084 Christi

2264 5122 2427 5177 ﬁdem
2461 5138 2806 5179 accessuros.
2862 5124 3056 5178 Mirum
3109 5124 3284 5191 dictu,
3334 5124 3676 5195 frequenter,
3730 5121 3852 5177 dum

2261 5216 2439 5271 adhuc
2469 5217 2591 5270 talia
2625 5217 2990 5287 loqueremur,
3046 5232 3075 5271 a
3119 5218 3442 5286 quibusdam
3484 5217 3692 5274 ludatis
3722 5212 3843 5269 ﬁdei

2254 5307 2420 5378 janua
2450 5309 2802 5379 pulsabatur:
2837 5325 2937 5366 nec
2958 5311 3254 5377 immerito,
3280 5312 3422 5367 sicut
3444 5312 3701 5381 scriptum
3729 5317 3846 5364 est:

2259 5398 2503 5453 Pluviam
2571 5401 2933 5456 voluntariam
2995 5403 3303 5473 segregabit
3372 5402 3676 5458 Itmreditati
3738 5412 3844 5453 sua“.

2256 5490 2517 5547 Dominus
2549 5492 2721 5566 (Psal.
2750 5499 2937 5567 van).
2976 5496 3217 5565 Desuper
3254 5506 3409 5551 erant
3438 5495 3691 5561 femina),
3728 5506 3843 5563 qua:

2252 5583 2305 5639 in
2335 5586 2561 5641 odorem
2588 5596 2985 5658 unguentorum
3014 5588 3214 5643 Christi
3239 5603 3465 5645 currere
3496 5585 3835 5644 recusabant.

2326 5678 2630 5736 Innocentii
2661 5681 2828 5746 illius,
2854 5680 3009 5752 cujus
3038 5696 3202 5752 supra
3230 5682 3456 5737 fecimus
3484 5680 3837 5739 mentionem,

2252 5780 2498 5827 matrona
2530 5788 2653 5827 cum
2684 5774 2840 5843 prole
2868 5791 2985 5838 sua,
3016 5774 3347 5830 venerabills
3375 5775 3537 5846 (sicut
3571 5773 3711 5826 fama
3736 5768 3836 5835 est)
