4206 6174
554 301 658 358 767

1398 285 1711 345 SANC'IUS
1749 281 2155 341 BONIFACIUS
2190 280 2234 350 l,
2279 279 2481 337 PAPA.
2524 270 3073 335 PROLEGOMENA.

3716 266 3727 327 ἕ
3738 269 3837 330 7J8

556 417 630 473 tis
659 426 933 471 consensu
952 453 966 478 ,
1017 407 1495 465 subscribentibus
1540 407 1664 478 plus
1702 405 1885 459 minus
1927 411 2160 472 septua—
2186 408 2242 470 Α
2268 402 2385 456 liter
2408 418 2515 456 esse
2537 400 2863 465 damnatum,
2885 397 3191 468 quicumque
3212 389 3282 445 ad
3305 388 3668 446 concitandum
3688 407 3836 462 popu-

558 510 707 583 ginta
749 507 1121 579 presbyteris,
1150 513 1205 559 et
1247 517 1441 559 novem
1475 501 1820 557 diversarum
1870 496 2155 565 regionum

558 604 831 675 episcopis
865 598 1207 664 astantibus,
1240 596 1503 651 Romana:
1533 594 1682 649 urbis
1707 592 2001 662 episcopus
2022 588 2159 643 invi-

559 704 651 750 tus
682 702 1037 749 COHSCCI'MUS
1068 700 1175 745 est.

632 790 686 843 2.
730 788 855 856 lpsn
882 794 1062 839 autem
1096 782 1479 853 exsequiarum
1524 778 1729 834 Zosimi
1763 777 1884 841 die,
1917 772 2161 829 Eulalius

560 880 982 938 archidiaconus
1010 892 1135 934 cum
1167 876 1415 930 diaconis
1443 874 1564 928 aliis
1590 882 1645 927 et
1676 867 2019 941 paucissimis
2045 881 2175 938 pre-1

558 975 802 1049 sbyteris
830 985 884 1029 et
910 972 1260 1027 multitudine
1291 970 1521 1024 turbata:
1552 966 1725 1037 plebis
1755 965 2037 1020 basilicam
2063 961 2166 1015 La-

558 1080 913 1126 teranensem
961 1066 1188 1133 adiens,
1216 1065 1360 1119 facto
1405 1064 1475 1118 ibi
1523 1062 1713 1130 biduo,
1754 1061 1844 1116 die
1883 1057 2164 1114 Dominico

560 1162 634 1219 ab
657 1162 917 1232 episcopo
944 1159 1221 1223 Ostiensi,
1255 1172 1419 1228 quem
1447 1155 1812 1212 reluctantem
1859 1152 2165 1207 accersive-

560 1265 682 1323 rat,
713 1265 798 1311 est
822 1254 1132 1309 ordinatus.

638 1351 691 1406 5.
733 1347 939 1403 Eodem
971 1346 1043 1401 2‘.)
1092 1344 1411 1400 Decembris
1456 1338 1549 1397 die
1594 1337 1957 1413 Symmachus
2006 1334 2167 1391 Urbis

559 1442 859 1515 prrefeclus
887 1440 954 1493 de
984 1448 1211 1508 utraque
1250 1435 1603 1491 ordinatione
1634 1432 1935 1489 Honorium
1965 1442 2165 1499 augus-

559 1544 674 1589 tum
707 1532 778 1587 ita
827 1530 1127 1585 certiorem
1174 1526 1336 1593 fecit,
1365 1538 1423 1581 ut
1466 1527 1684 1581 Eulalio
1717 1524 1896 1595 palam
1942 1523 2168 1576 faveret.

567 1628 872 1699 Rescripsit
898 1626 1223 1696 Imperator,
1252 1623 1503 1677 Januarii
1535 1622 1569 1676 5
1600 1620 1689 1675 die
1718 1620 1843 1673 anni
1877 1618 2005 1683 419,
2034 1631 2169 1671 con-

563 1723 756 1778 venire
788 1732 972 1774 votum
1000 1734 1063 1772 ac
1104 1717 1347 1771 studium
1381 1730 1538 1770 suum
1578 1712 1722 1768 circa
1756 1710 2051 1774 Eulalium,
2088 1715 2173 1761 ut-

2262 496 2369 550 lum
2397 494 2585 550 Urbem
2613 493 2792 563 [uisset
2819 492 3105 561 ingressus.

2335 589 2389 643 6.
2432 587 2615 642 Nihilo
2638 597 2820 640 tamen
2857 582 3036 636 minus
3065 576 3332 643 Eulalius,
3357 574 3467 630 cito
3501 572 3838 644 professionis

2265 699 2379 739 sure
2410 682 2611 737 oblitus
2629 723 2643 748 ,
2672 676 2851 733 Martii
2879 676 2944 731 18
2966 674 3057 730 die
3078 672 3280 730 Urbem
3306 672 3587 741 ingressus
3610 678 3710 735 est,
3742 669 3834 724 ibi-

2264 793 2368 848 que
2399 777 2650 844 ingentes
2673 770 2936 825 tumultus
2975 765 3261 823 excitavit.
3294 764 3463 819 Immo
3494 762 3626 836 ipsis
3669 763 3836 818 llono—

2265 872 2331 927 rii
2366 869 2563 925 litteris
2583 866 2648 920 ad
2678 862 3067 939 Symmachum
3093 858 3272 916 Martii
3300 858 3371 913 25
3397 856 3487 912 die
3523 857 3838 927 consignatis

2267 962 2336 1017 ab
2366 961 2515 1018 Urbe
2537 958 2847 1015 abscedere
2877 955 3065 1026 jussus
3086 995 3099 1020 ,
3134 950 3422 1022 pra‘fracte
3447 948 3500 1003 in
3523 963 3586 1003 ea
3615 958 3847 1019 perstare

2268 1069 2377 1109 non
2428 1051 2633 1107 timuit.
2679 1049 2789 1105 Sed
2833 1051 2951 1117 ipse
2998 1061 3058 1101 se
3093 1041 3480 1100 condemnavit
3526 1040 3846 1110 impatientia

2269 1161 2397 1212 sua,
2432 1155 2518 1212 et,
2574 1153 2634 1198 ut
2682 1151 2833 1197 recte
2880 1138 3150 1210 judicavit
3188 1136 3492 1200 Honorius,
3526 1132 3753 1204 probauit
3793 1149 3850 1186 ex.

2268 1239 2506 1312 prwsenti
2531 1240 2668 1309 facto
2692 1236 2846 1306 quale
2868 1234 3100 1287 videatur
3122 1228 3360 1284 habuisse
3379 1226 3705 1300 principium.
3728 1226 3849 1281 Eam

2269 1339 2340 1393 ob
2397 1352 2617 1393 causam
2671 1336 2816 1390 idem
2867 1336 3121 1403 princeps
3148 1331 3267 1386 ιιωο
3296 1328 3365 1385 ad
3415 1324 3853 1400 Symmachum?)

2270 1430 2479 1502 Aprilis
2504 1430 2597 1485 die
2629 1428 2951 1498 rescripsit:
2976 1427 3237 1493 Quoniam
3261 1439 3383 1497 ergo
3404 1432 3541 1477 recte
3565 1419 3719 1483 hunc,
3751 1425 3854 1489 post

2274 1534 2346 1577 tot
2372 1523 2620 1586 admissa,
2648 1519 2786 1576 Urbe
2813 1529 3013 1574 constat
3041 1517 3313 1590 expulsum
3333 1533 3350 1571 :
3372 1514 3702 1586 Bonifacium
3721 1526 3855 1565 vene-

2273 1616 2489 1672 rabilem
2516 1617 2681 1671 virum
2709 1616 3027 1686 episcopum,
3049 1615 3118 1668 ad
3148 1616 3298 1687 cujus
3326 1610 3727 1666 moderationem
3747 1622 3861 1659 auc-

2274 1713 2536 1767 toritatem
2564 1722 2793 1765 nostram
2817 1720 2952 1763 recte
2974 1708 3266 1762 censuimus
3280 1704 3627 1779 jungendum,
3644 1698 3863 1756 sublimi-

566 1825 699 1886 pote
726 1812 810 1867 cui
861 1819 1153 1881 competens
1195 1824 1438 1863 numerus
1481 1805 1836 1861 ordinantium
1884 1801 2169 1874 legitimus.
2204 1800 2250 1861 Β
2279 1814 2356 1859 tas
2387 1814 2476 1858 tua
2508 1804 2698 1859 Urbem
2738 1801 2942 1872 ingredi
2968 1800 3149 1854 debere
3189 1814 3282 1851 nos
3313 1797 3557 1851 statuisse
3586 1799 3860 1864 cognoscat.

568 1909 871 1965 solemuitas
917 1905 1184 1977 temporis,
1224 1903 1424 1971 locique
1464 1900 1693 1971 qualitas
1743 1905 1881 1950 recte
1926 1909 2173 1948 veneran-

570 2004 694 2058 dum
724 2002 945 2057 nominis
978 2001 1182 2071 apicem
1207 1996 1519 2050 contulerint
1543 2011 1561 2060 ;
1592 2008 1710 2047 cum
1738 1999 1909 2044 autem
1954 1986 2176 2047 Bonifa-

576 2098 656 2151 cio
679 2104 874 2151 constet
908 2093 1082 2147 omnia
1113 2091 1365 2161 defuisse,
1399 2088 1665 2157 superﬂue
1694 2090 2040 2154 exspectatam
2070 2096 2179 2134 esse

571 2189 885 2245 sententiam
906 2199 1100 2249 suam;
1128 2182 1274 2236 hunc
1324 2181 1507 2249 itaque
1557 2175 1848 2231 interdima
1880 2172 2027 2228 Urbe
2049 2185 2179 2226 con-

568 2279 754 2336 festim
790 2276 1220 2347 prohibendum,
1252 2282 1347 2327 aut
1373 2270 1423 2326 si
1454 2263 2179 2335 reluctetur,expellendum

570 2387 717 2430 esse.
748 2369 903 2437 Quod
938 2365 1166 2423 Honorii
1202 2372 1540 2435 prmceptum
1573 2358 1851 2431 quomodo
1893 2362 2177 2424 acceptum

572 2464 683 2531 sit,
714 2460 1075 2535 Symmachus
1106 2460 1139 2515 8
1179 2455 1425 2513 Januarii
1473 2452 1561 2508 die
1594 2452 1697 2522 ipsi
1744 2446 2069 2519 Imperatori
2095 2460 2183 2501 re-

576 2557 874 2613 nuntiavit.

652 2652 705 2706 4.
752 2648 958 2703 Verum
1005 2644 1199 2701 eodem
1252 2650 1502 2709 tempore
1551 2634 1779 2692 Romani
1836 2628 2183 2703 presbyteri,

579 2744 946 2803 sinceriorem
993 2737 1365 2795 ordinationis
1414 2732 1685 2789 Bonilacii
1744 2727 2066 2784 relationem
2122 2722 2187 2777 ad

579 2839 838 2898 eumdem
880 2838 1269 2907 imperatorem
1320 2830 1617 2890 miserunt.
1646 2833 1904 2896 rogantes
1948 2831 2009 2877 ut
2049 2820 2189 2875 duos

579 2936 791 2992 elccms
821 2946 945 2987 cum
978 2928 1299 2984 auctoribus
1322 2924 1439 2979 suis
1462 2922 1529 2975 ad
1558 2921 1880 2975 comitatum
1910 2929 2068 2971 suum
2094 2928 2190 2967 ve-

582 3032 707 3086 nire
738 3026 1098 3097 praeciperet,
1128 3036 1237 3092 quo
1264 3022 1343 3074 rei
1376 3017 1670 3071 veritatem
1695 3013 1984 3081 explorare
2010 3023 2113 3079 per
2134 3021 2195 3061 se

584 3123 809 3179 facilius
837 3128 1046 3190 posset.
1083 3116 1148 3169 Et
1176 3128 1369 3169 eorum
1402 3109 1623 3180 quidem
1649 3119 1844 3176 preces
1866 3102 1971 3173 ipsi
1999 3098 2194 3169 aequis-

2278 1899 2587 1965 Slatimque
2618 1910 2841 1965 operam
2887 1893 3072 1958 dedit,
3106 1900 3166 1946 ut
3190 1889 3473 1961 ερίεεονί,
3509 1902 3649 1959 quos
3678 1901 3708 1942 e
3745 1883 3862 1941 Gal-

2278 1993 2474 2048 licanis
2502 2000 2557 2046 et
2581 1988 2852 2046 Africanis
2881 1987 3195 2059 regionibus
3226 1985 3293 2040 ad
3331 1983 3633 2041 concilium
3671 1977 3866 2052 Spoleti

2281 2087 2429 2142 intra
2451 2085 2595 2141 diem
2628 2084 2818 2139 iduum
2840 2083 3125 2138 Juniarum
3156 2079 3469 2135 habendum
3500 2084 3827 2133 convocarat
3854 2114 3868 2140 ,

2281 2178 2351 2234 de
2382 2184 2713 2245 consumpto
2743 2185 2800 2232 et
2839 2175 3099 2229 absoluto
3152 2171 3371 2243 negotio
3423 2168 3866 2227 admonerentur,

2283 2271 2531 2341 adeoque
2558 2269 2627 2323 ab
2652 2268 2868 2323 itineris
2899 2267 3061 2337 hujus
3092 2265 3284 2320 labore
3314 2263 3419 2319 sibi
3440 2258 3871 2331 parcerent.Qua

2284 2365 2353 2421 de
2379 2381 2442 2420 re
2467 2363 2629 2419 Afros
2652 2363 2939 2433 diligentia
2963 2361 3227 2432 singulari
3257 2359 3530 2418 certiores
3563 2357 3733 2413 factos
3759 2366 3873 2409 esse

2286 2461 2536 2531 ipsorum
2584 2457 2651 2512 ad
2700 2455 3040 2513 Bonifacium
3094 2454 3328 2526 cpistola
3384 2452 3482 2516 il,
3518 2449 3647 2505 Maii
3675 2448 3738 2505 51
3794 2444 3873 2500 die

2288 2551 2638 2622 conscripta,
2688 2549 2900 2619 probat.
2949 2547 3283 2602 Monimenta
3322 2552 3507 2599 autem
3552 2542 3765 2604 omnia,
3815 2551 3874 2592 ex

2288 2644 2490 2715 quibus
2526 2642 2642 2696 haec
2666 2639 3001 2711 prtclibauda
3032 2638 3324 2703 duximus,
3353 2636 3570 2707 integra
3613 2631 3752 2704 apud
3785 2631 3873 2686 Ba-

2291 2736 2507 2791 ronium
2528 2777 2543 2802 ,
2578 2733 2645 2789 ad
2679 2749 2855 2789 annos
2884 2734 2990 2788 418
3019 2739 3076 2787 et
3103 2731 3229 2797 M9,
3255 2731 3555 2786 consulere
3582 2728 3730 2783 licet.

2366 2830 2418 2882 7.
2462 2826 2806 2893 Bonifacius,
2840 2834 3130 2896 postquam
3177 2824 3281 2894 ipsi
3330 2822 3686 2894 adiudicatus
3728 2829 3879 2889 atque

2295 2922 2653 2979 confirmatus
2698 2932 2782 2977 est
2812 2920 3075 2976 Romana:
3118 2918 3267 2974 urbis
3310 2917 3700 2989 episc0patus,
3727 2912 3881 2985 pluri-

2296 3031 2446 3070 mum
2474 3016 2540 3069 ad
2569 3013 2622 3069 id
2658 3028 2837 3084 operat
2860 3012 3133 3077 contulit,
3170 3020 3229 3065 ut
3258 3012 3314 3065 in
3349 3009 3556 3082 Illyrici
3591 3003 3882 3081 provincias

2294 3108 2405 3178 jus,
2423 3108 2567 3179 quod
2598 3106 2844 3161 nonnulli
2873 3105 2941 3160 ad
2964 3106 3115 3161 urbis
3141 3104 3568 3173 Constantinop.
3594 3099 3880 3156 antistitem

586 3225 739 3279 simae
786 3221 923 3276 visae
965 3226 1113 3272 sunt.
1144 3213 1417 3282 Quocirca
1447 3206 1693 3263 Januarii
1739 3203 1806 3259 15
1833 3203 1923 3257 die
1954 3200 2193 3268 rescrip-
2218 3194 2266 3259 C
2297 3202 2599 3256 transferre
2631 3199 3023 3268 moliebantur,
3059 3196 3308 3253 ecclesia:
3330 3211 3445 3250 sua:
3476 3194 3803 3250 vindicaret.

586 3334 704 3381 tum
738 3322 968 3378 alterum
994 3318 1059 3373 ad
1100 3311 1492 3386 Symmachum
1538 3307 1727 3373 dedit,
1760 3318 1867 3374 quo
1904 3300 2192 3370 sustiensis

592 3426 693 3492 iis,
724 3442 844 3495 qua:
871 3424 1025 3492 prius
1052 3418 1273 3474 decreta
1308 3414 1554 3478 fuerant,
1590 3408 1923 3465 Bonifacium
1947 3414 2004 3460 et
2038 3402 2195 3457 Eula-

588 3533 725 3588 lium
758 3544 883 3584 cum
916 3526 1034 3581 suis
1084 3524 1397 3578 Ravennam
1426 3518 1571 3573 intra
1612 3532 1661 3571 vr
1696 3515 1881 3570 iduum
1912 3508 2198 3568 Februarii

593 3631 823 3705 jubebat
872 3637 1185 3690 maturare,
1212 3632 1377 3692 atque
1416 3618 1637 3674 interim
1681 3621 2088 3684 competentem
2133 3626 2199 3665 ex

600 3731 833 3788 diversis
892 3725 1191 3799 provinciis
1234 3723 1623 3791 episcoporum
1674 3730 1991 3781 numerum,
2036 3720 2094 3767 ut
2137 3726 2200 3766 ea

600 3847 768 3888 causa
803 3831 856 3886 in
888 3825 1103 3900 synodo
1131 3830 1509 3886 excuteretur,
1539 3816 1806 3873 accivisse
1838 3830 1898 3871 se
1921 3811 2200 3883 significa-

603 3935 717 3991 bat.

676 4035 730 4089 5.
774 4034 930 4088 Tunc
970 4044 1136 4086 causa
1182 4028 1276 4082 illa
1326 4023 1602 4095 frequenti
1646 4022 2039 4091 episcoporum
2077 4032 2208 4073 exa-

608 4138 761 4192 mine
805 4132 1043 4204 cognita.
1072 4128 1178 4184 Sed
1208 4141 1331 4183 cum
1382 4122 1650 4194 pertinaci
1694 4121 1934 4190 partium
1979 4117 2212 4171 alterca-

608 4238 766 4292 tione
795 4233 938 4288 liniri
986 4247 1093 4286 non
1126 4229 1430 4298 potuisset,
1464 4232 1627 4294 atque
1666 4221 1770 4292 ipsi
1819 4220 2095 4291 episcOpi,
2122 4218 2212 4290 qui

611 4345 1021 4398 convenerant,
1077 4346 1199 4386 sese
1232 4327 1521 4399 pauciores
1568 4325 1635 4378 ad
1682 4323 2012 4378 sententiam
2054 4320 2124 4377 de
2153 4336 2215 4375 re

610 4437 750 4493 tanti
798 4431 1060 4488 momenti
1099 4427 1386 4485 ferendam
1444 4422 2215 4489 existimarent,instantibus

610 4546 880 4609 przcterea
907 4531 1132 4587 Pascha:
1166 4529 1392 4594 diebus,
1419 4527 1512 4598 qui
1544 4525 1838 4596 praesulum
1868 4525 1922 4579 in
1964 4522 2216 4579 ecclesiis

614 4642 734 4697 suis
764 4636 1111 4711 prmsentiam
1140 4631 1565 4713 desiderabant,
1601 4638 1770 4684 totum
1804 4628 1905 4683 boc
1934 4627 2212 4696 negotium

614 4757 741 4818 post
762 4742 1166 4801 solemnitatem
1201 4738 1347 4793 illam
1376 4733 1737 4790 dill‘erendum
1762 4747 1882 4788 esse
1915 4731 2036 4801 pius
2065 4730 2216 4799 prin-

618 4861 750 4915 ceps
771 4842 1015 4900 censuit.
1040 4839 1254 4894 Interea
1280 4836 1563 4892 decretum
1588 4844 1671 4889 est
1689 4874 1704 4899 ,
1730 4844 1786 4887 ut
1810 4831 2088 4886 Achilleus
2113 4830 2222 4885 Ro-

619 4962 766 5003 mam
790 4987 802 5009 ,
835 4941 1122 4999 Paschalia
1154 4940 1227 4994 ibi
1257 4938 1525 4993 solemnia
1554 4935 1931 4989 celebraturns
1952 4974 1966 5000 ,
1998 4948 2057 4989 se
2087 4948 2220 4988 con-

616 5046 821 5107 ferret;
854 5059 954 5097 nec
980 5057 1046 5097 eo
1070 5038 1390 5095 Bonifacius
1427 5046 1519 5091 aut
1558 5036 1804 5092 Eulalius
1849 5036 2218 5101 accederent;

622 5146 1094 5215 nominatimque,
1148 5154 1204 5197 ut
1255 5140 1499 5211 loquitur
1533 5139 1843 5207 Honorius,
1895 5140 2222 5193 ordinatione

624 5258 821 5315 nostra,
847 5256 893 5301 et
933 5246 1188 5301 sententia
1237 5244 1621 5314 episc0porum,
1670 5257 1886 5311 quorum
1922 5246 1973 5293 in
2025 5238 2225 5311 synodo

624 5357 797 5428 major
819 5369 871 5407 se
893 5349 1166 5406 multitudo
1192 5347 1497 5418 collegerat,
1531 5362 1784 5399 consensu
1820 5344 1977 5397 etiam
1999 5344 2225 5415 partium

621 5465 670 5514 et
698 5455 1041 5529 professione,
1064 5452 1119 5506 id
1139 5451 1251 5520 ﬁeri
1278 5449 1553 5518 definitum
1576 5456 1669 5512 est,
1701 5454 1754 5498 ut
1776 5445 1930 5499 sciret
1953 5461 2009 5498 se
2028 5445 2229 5513 specia-

2366 3295 2419 3350 8.
2464 3296 2622 3348 Anno
2649 3294 2775 3358 ΗΞ,
2803 3303 2858 3348 et
2902 3292 3122 3363 quidem
3145 3334 3159 3358 ,
3184 3301 3245 3355 ut
3274 3288 3464 3344 ferunt
3515 3288 3737 3358 antiqua
3769 3283 3882 3339 Hie-

2296 3388 2511 3459 ronymi
2537 3387 2956 3458 martyrologia,
2975 3387 3028 3440 in
3051 3384 3249 3455 quibus
3278 3382 3466 3437 nullus
3488 3382 3751 3450 deinceps
3776 3389 3888 3431 suc-

2299 3497 2583 3537 cessorum
2614 3480 2881 3535 Bonifacii
2910 3490 3156 3545 notatur,
3181 3476 3215 3530 4
3246 3477 3596 3547 Septembris
3620 3474 3707 3530 die
3747 3469 3887 3526 obiit.

2302 3574 2434 3629 Cum
2479 3573 2586 3628 hoc
2616 3573 2707 3628 die
2751 3576 2999 3642 apprime
3047 3570 3403 3626 consentiunt
3446 3569 3638 3639 plures
3687 3573 3891 3620 veteres

2305 3667 2679 3721 Romanorum
2705 3666 3088 3736 episcoporum
3112 3663 3339 3732 catalogi
3359 3704 3373 3728 ,
3406 3662 3501 3732 qui
3529 3658 3892 3731 pontificatum

2306 3759 2455 3817 illius
2483 3760 2654 3815 tribus
2679 3758 2858 3825 annis,
2894 3756 3175 3813 mensibus
3204 3764 3330 3810 octo
3360 3768 3425 3809 ac
3452 3754 3655 3810 diebus
3684 3765 3777 3805 sex
3801 3754 3893 3801 aut

2309 3862 2517 3923 septem
2547 3852 2839 3907 deﬁniunt.
2865 3850 3000 3905 Nam
3029 3865 3057 3904 a
3085 3849 3156 3905 29
3179 3846 3503 3904 Decembris
3521 3847 3612 3901 die
3634 3837 3894 3902 anniHS,

2312 3960 2419 4015 quo
2453 3941 2792 3997 Bonifacium
2830 3940 3142 3996 ordinatum
3172 3938 3447 4002 diximus,
3476 3936 3547 3992 ad
3585 3937 3620 3991 4
3659 3934 3895 4003 Septem-

2312 4036 2427 4091 bris
2450 4034 2704 4090 anniﬂi
2733 4033 2903 4102 diem,
2940 4033 3166 4089 totidem
3204 4032 3333 4086 anni
3360 4072 3375 4097 ,
3422 4043 3645 4085 menses
3690 4040 3752 4081 ac
3792 4022 3900 4078 dies

2313 4142 2695 4186 numerantur.
2729 4128 3018 4185 Praedictis
3063 4141 3282 4199 quoque
3308 4124 3577 4196 catalogis
3620 4118 3903 4177 concinnat

2318 4224 2497 4280 Latini
2521 4224 2808 4294 Grrccique
2839 4224 3157 4292 scriptores,
3186 4221 3233 4277 si
3255 4219 3626 4290 Nicephorum
3648 4213 3898 4284 excipias.

2320 4332 2384 4372 ac
2407 4315 2702 4371 nonnullas
2734 4315 2985 4385 Prosperi
3018 4313 3329 4380 editiones,
3363 4312 3417 4367 in
3459 4310 3661 4384 quibus
3701 4302 3904 4363 Bonifa-

2319 4412 2406 4468 cio
2434 4420 2668 4481 quatuor
2695 4410 2823 4464 anni
2863 4409 3205 4464 tribuuntur.
3234 4407 3583 4476 Quamquam
3620 4412 3677 4458 et
3712 4400 3841 4462 hoc,
3863 4392 3904 4449 εἰ

2323 4515 2577 4575 quartum
2609 4519 2807 4560 annum
2838 4520 2947 4559 non
2978 4504 3310 4573 completum
3340 4501 3737 4572 intelligamus,
3766 4504 3908 4548 com-

2242 4586 2297 4647 D
2321 4598 2482 4653 mode
2502 4612 2627 4654 cum
2656 4599 2780 4651 aliis
2809 4595 3157 4652 concilietur.
3188 4594 3351 4650 Stare
3379 4594 3547 4664 igitur
3578 4588 3766 4660 nequit
3791 4596 3907 4639 sen-

2328 4694 2493 4748 tentia
2533 4692 2786 4754 Baronii,
2820 4691 2909 4761 qui
2955 4689 3219 4745 Bonifacii
3266 4687 3476 4743 obitum
3526 4701 3636 4741 non
3671 4679 3831 4739 modo
3858 4677 3905 4731 in

2329 4805 2527 4844 annmn
2573 4787 2701 4853 425,
2728 4786 3127 4841 Chronicorum
3158 4782 3457 4837 Marcellini
3485 4790 3543 4837 et
3576 4776 3825 4849 Prosperi
3861 4780 3913 4828 ut

2326 4882 2431 4936 sibi
2462 4880 2676 4935 videtur
2702 4877 3046 4944 auctoritate,
3073 4874 3169 4929 sed
3197 4883 3253 4929 et
3280 4872 3332 4928 in
3358 4874 3502 4930 diem
3534 4889 3629 4927 vm
3664 4865 3912 4927 kalendas

2326 4975 2650 5030 Novembris
2680 4988 2801 5027 cum
2836 4968 3245 5042 pontificalibus
3272 4966 3429 5024 libris
3465 4966 3679 5023 differt.
3710 4964 3915 5034 Quippe

2328 5069 2457 5125 licet
2478 5066 2753 5140 praedictis
2777 5066 2832 5119 in
2857 5064 3143 5119 Cbronicis
3172 5061 3456 5118 C(elestini
3475 5101 3490 5127 ,
3522 5060 3621 5131 qui
3654 5051 3915 5115 Bonifacio

2331 5159 2633 5223 successit,
2664 5157 2717 5213 in
2762 5158 3138 5228 pontificatum
3169 5155 3447 5225 ingressus
3489 5167 3615 5209 cum
3653 5166 3796 5207 anno
3819 5141 3917 5201 425

2326 5254 2577 5324 componi
2616 5251 2886 5317 videatur,
2913 5253 2958 5305 is
3001 5260 3184 5304 tamen
3229 5258 3356 5304 ante
3387 5256 3733 5314 recensetur,
3767 5251 3915 5312 quam

2330 5348 2555 5406 Honorii
2590 5362 2767 5414 mors,
2799 5362 2922 5417 quae
2952 5346 3006 5401 in
3040 5358 3287 5402 mensem
3330 5344 3641 5415 Augustum
3669 5338 3794 5396 anni
3821 5329 3917 5391 425

2333 5441 2562 5511 incidit,
2594 5439 2897 5497 referatur.
