4190 6190
355 269 465 330 ’149

1144 275 1208 332 S.
1250 276 1596 335 BONIFACII
1638 279 1680 348 l,
1727 279 1954 350 ΡΛΡᾸΞ,
1997 280 2360 341 ΕΡΙΞΤΟίιιΕ
2399 276 2488 342 ΕΤ
2529 287 2891 346 ῡΕΟΒΕΤΑ.’

3558 297 3669 360 750

361 393 3635 436 ._.——~__——____________________________________

997 473 1146 585 S.
1234 473 1942 587 BONIE‘A

2046 477 2206 588 tu
2279 481 2398 626 ι,
2479 481 3072 635 suarm,

798 655 1806 806 EPISTOLI’E
1885 662 1942 802 Ι

2046 665 2126 804 Γ
2224 661 3221 820 DECRETA.

492 1105 560 1164 IN
599 1107 782 1166 TRES
818 1014 1369 1181 SUBSbégﬁiiTNl'Jl’béS
1412 1110 1848 1181 EPISTULAS.)

421 1227 750 1286 Monimenta
773 1232 926 1288 varia
945 1273 961 1300 ,
986 1249 1108 1303 qua:
1129 1233 1195 1288 ad
1231 1232 1495 1288 Bonifacii
1543 1234 1868 1288 electionem
1900 1242 1954 1285 et

343 1306 785 1377 ordinationem,
838 1322 894 1366 ct
923 1314 1236 1368 scliismatis
1266 1322 1395 1368 tunc
1429 1314 1538 1367 nati
1575 1314 1842 1384 originem
1873 1321 1954 1364 at-

345 1390 557 1456 tinent,
593 1393 802 1463 primus
832 1394 1103 1450 Baronius
1126 1411 1158 1452 e
1189 1396 1381 1452 codice
1411 1395 1679 1451 Vaticano
1707 1395 1954 1464 descrip-

347 1469 442 1537 sit,
496 1482 553 1528 et
589 1474 656 1528 ad
686 1476 893 1531 calcem
916 1477 1042 1530 anni
1085 1478 1214 1543 “8,
1245 1480 1333 1531 aut
1373 1475 1441 1530 ad
1474 1476 1686 1530 initium
1718 1475 1848 1541 419,
1881 1491 1948 1529 eo

344 1551 538 1609 ordine
559 1596 575 1619 ,
600 1571 710 1624 quo
749 1558 804 1612 in
831 1557 1138 1629 archetypo
1168 1557 1371 1628 scripta
1404 1565 1563 1623 sunt,
1595 1555 1784 1612 edidit.
1833 1555 1953 1610 Pri-

345 1645 497 1688 mum
522 1635 800 1692 antecedit
830 1637 1142 1710 Symmachi
1176 1637 1368 1693 relatio
1390 1653 1536 1692 anno
1566 1638 1692 1704 M8,
1725 1637 1954 1691 Decem-

345 1710 464 1770 bris
492 1715 562 1771 29
586 1715 675 1771 die
722 1719 1075 1788 consignata,
1103 1734 1209 1789 qua
1264 1719 1310 1773 is
1362 1721 1652 1788 praefectus
1699 1718 1946 1774 Honorio

344 1796 680 1863 persuadere
709 1809 962 1865 conatur,
988 1799 1261 1854 Eulalium
1290 1800 1437 1856 urbis
1471 1800 1731 1855 Rotnana:
1763 1799 1948 1869 ponti-

344 1871 503 1931 ﬁcem
531 1877 635 1933 rite
661 1878 932 1946 electum,
958 1894 1052 1934 «ac
1076 1879 1420 1934 Bonifacium
1451 1889 1644 1935 contra
1673 1896 1848 1936 saera:
1879 1881 1954 1935 le-

343 1954 428 2024 gis
449 1956 699 2013 ordinem
723 1998 738 2022 ,
770 1968 824 2014 et
855 1958 1276 2014 consuetudinis
1305 1961 1603 2016 rationem»
1633 1962 1948 2016 ordinatmn

343 2050 490 2094 esse.
521 2037 733 2094 Deinde
762 2040 1011 2110 sequitur
1043 2039 1268 2094 Honorii
1299 2042 1626 2109 rescriptmn
1678 2042 1744 2096 ad
1793 2058 1952 2097 eunt-

342 2115 468 2172 dem
511 2117 898 2189 Symmachum
923 2135 1069 2175 anno
1088 2118 1218 2183 419,
1251 2119 1502 2176 Januarii
1530 2125 1563 2177 3
1591 2122 1682 2178 die
1718 2123 1903 2178 datum
1931 2165 1946 2188 ,

341 2195 398 2253 in
426 2213 535 2268 quo
560 2198 960 2256 ordinationem
992 2199 1182 2255 Eulalii
1221 2210 1397 2257 ratam
1420 2243 1435 2268 ,
1469 2219 1532 2257 ac
1581 2203 1846 2258 Bonifacii
1881 2205 1951 2260 ir-

341 2277 503 2333 ritam
537 2278 745 2336 habere
771 2296 829 2336 se
854 2281 1130 2347 declarat;
1165 2284 1397 2353 ideoque
1429 2282 1556 2338 huic
1597 2284 1743 2341 Urbe
1775 2287 1949 2342 inter-

344 2356 502 2424 dicit.
533 2367 627 2414 aut
655 2360 703 2416 si
732 2378 838 2416 non
866 2373 1064 2432 sponte
1085 2364 1428 2433 obsequitur,
1458 2366 1827 2430 «pertinacius
1857 2384 1945 2423 re-

341 2438 628 2497 sistentem
683 2443 914 2498 invitum
944 2444 1186 2513 expelli:
1220 2444 1397 2514 jubet.
1446 2445 1792 2516 Rcscriptum
1843 2448 1945 2504 hoc

340 2522 546 2593 excipit
578 2524 752 2580 altera
780 2498 1092 2596 Symmachi
1140 2498 1345 2580 relatio
1977 2498 2024 2557 Β

340 2609 452 2658 tata
480 2646 495 2670 ,
529 2621 634 2674 qua
682 2605 1006 2674 Imperatori
1038 2605 1315 2675 signiﬁcat
1341 2648 1355 2673 ,
1395 2621 1455 2662 se
1494 2607 1666 2675 ipsius
1707 2623 1946 2677 praecep~

343 2691 458 2740 tum
492 2700 559 2742 eo
592 2685 681 2741 die
707 2685 987 2756 accepisse
1006 2728 1021 2753 ,
1056 2706 1074 2737 r
1101 2701 1207 2756 quo
1233 2687 1408 2741 sancti
1439 2687 1550 2740 diei
1579 2687 1944 2761 (Epipltanim)

341 2777 458 2824 erat
480 2765 809 2822 Celebranda
859 2766 1215 2830 solemnitas,
1255 2785 1273 2819 ι
1306 2783 1367 2820 ac
1390 2767 1508 2822 sine
1536 2783 1686 2821 mora
1711 2811 1724 2836 ,
1760 2777 1817 2822 ut
1846 2768 1946 2823 int-

338 2855 526 2918 perata
576 2847 994 2914 perﬁcerentur,
1027 2862 1252 2917 operam
1282 2846 1502 2903 dedisse
1527 2864 1540 2914 ;
1565 2849 1661 2904 sed
1719 2850 1943 2905 Bonifa-

337 2928 485 2984 cium
508 2970 522 2992 ,
553 2935 612 2982 ut
641 2929 709 2982 ab
742 2927 942 2984 indicta
980 2929 1333 2998 processione
1375 2929 1676 2985 abstineret
1699 2930 1940 3001 jussum,

339 3023 536 3080 parere
573 3008 834 3064 noluisse.
869 3008 1068 3064 Verum
1097 3009 1224 3063 hinc
1259 3009 1396 3063 nihil
1426 3010 1657 3078 profecit
1685 3010 1941 3083 Symma-

336 3089 496 3146 chus.
531 3090 664 3145 lium
708 3089 854 3145 enim
902 3089 1223 3157 Imperatori
1255 3088 1462 3144 diutius
1505 3089 1785 3167 imponere
1835 3109 1942 3148 non

337 3168 584 3225 ferentes
619 3169 848 3224 Romani
877 3169 1183 3241 presbyteri
1212 3211 1225 3230 ,
1262 3167 1511 3223 mendaci
1559 3170 1708 3224 illius
1756 3185 1946 3227 narra-

336 3251 472 3306 tioni
506 3250 862 3306 sinceriorem
895 3248 1279 3320 Opponendam
1315 3248 1612 3304 duxerunt.
1659 3251 1944 3322 Quaprop-

337 3338 421 3387 ter
446 3330 747 3400 supplicem
772 3331 1224 3398 conscripserunt
1252 3329 1525 3397 libellum,
1559 3346 1719 3400 quem
1755 3334 1942 3389 Itono-

336 3411 449 3467 rius
493 3411 739 3468 Januarii
785 3411 852 3467 15
896 3410 985 3465 die
1008 3410 1075 3464 ad
1103 3411 1397 3480 ipsummet
1428 3411 1822 3480 Symmachum
1857 3431 1943 3470 re-

311 3493 584 3558 ,scribens
607 3533 623 3559 ,
649 3509 675 3546 a
705 3507 765 3548 se
787 3503 1071 3560 acceptum
1107 3498 1361 3546 testatur.
1398 3489 1553 3546 Unde
1584 3492 1731 3547 illum
1764 3494 1850 3550 vel
1877 3511 1942 3550 eo

335 3572 460 3644 ipso
500 3574 591 3631 die
642 3589 754 3645 quo
797 3572 1041 3628 secunda
1072 3570 1384 3642 Symmachi
1436 3571 1669 3639 relatio,
1705 3574 1793 3629 vel
1831 3591 1939 3630 non

336 3655 513 3711 multo
543 3655 758 3719 serius,
794 3655 1022 3709 missum
1053 3667 1179 3708 esse
1234 3651 1534 3721 colligitur.
1589 3652 1760 3706 Porro
1798 3654 1942 3710 inter

335 3738 677 3794 monimenta
732 3735 853 3800 illa,
885 3749 1010 3806 qua:
1061 3733 1164 3788 hac
1211 3731 1279 3787 de
1311 3745 1472 3785 causa
1529 3733 1732 3801 scripta
1767 3745 1937 3802 sunt,

333 3819 544 3874 nullum
571 3817 658 3872 hic
687 3814 899 3871 referre
924 3815 1098 3886 pluris
1123 3815 1707 3891 interest,_qua_t_n_p_1_ox
1733 3814 1937 3870 dictum

332 3899 604 3965 libellum,
637 3908 827 3969 utpote
859 3897 912 3950 in
945 3911 1055 3966 quo
1084 3893 1347 3949 Bnnil’acii
1374 3893 1650 3948 ordinatio
1671 3893 1745 3948 ac
1772 3893 1934 3951 ’dtﬁs

1495 3883 1648 3894 οι...-

1653 3884 1910 3900 -ῂ

1990 1019 2042 1080 Α
2642 1027 2985 1086 EPISTOLA
3031 1033 3050 1086 I
3076 1042 3100 1070 ⁸

2059 1172 2201 1218 BONA
2243 1178 2386 1221 OBUII
2424 1183 2884 1228 PRESBYTEROBUM
2923 1188 2992 1227 AD
3041 1189 3312 1235 HONORIUI
3368 1197 3664 1240 IIPERATO'

2130 1275 2268 1326 RE”,
2313 1279 2410 1321 εει]
2467 1285 2753 1328 EXEMPLUU
2803 1289 3013 1330 PRECUM
3064 1292 3520 1337 PRESBYTEBORUM
3563 1299 3662 1340 PRO

2134 1378 2434 1424 BONIFACIO.

2058 1476 2316 1551 Bonifacii
2355 1483 2640 1557 legitimam
2666 1531 2680 1554 ,
2725 1489 2927 1547 Eulalii
2968 1511 3084 1550 vero
3123 1496 3447 1570 illegitimam
3501 1505 3668 1574 fuisse

2655 1583 3056 1641 ordinationem.

2134 1719 2180 1770 l.
2227 1718 2468 1777 Petimus
2497 1723 2858 1783 Clementiam
2905 1743 3172 1802 vestram,
3199 1737 3435 1806 piissimi
3461 1750 3518 1798 et
3541 1743 3656 1799 ele~

2055 1815 2380 1872 mentissimi
2411 1820 2776 1890 imperatores
2809 1827 3010 1883 llonori
3041 1841 3097 1886 et
3112 1831 3389 1892 Theodosi
3426 1851 3649 1909 semper

2053 1912 2287 1978 augusti.
2306 1911 2771 1973 Postabscessum
2787 1921 3180 1980 sanctiZosimi
3207 1942 3363 1995 papae
3395 1929 3656 1987 Ecclesia:

2052 2001 2337 2058 catholicae
2367 2005 2519 2062 urbis
2544 2008 2729 2066 Romae
2749 2051 2765 2077 ,
2801 2021 2860 2066 ut
2893 2013 3014 2069 ﬁeri
3044 2032 3163 2072 mos
3185 2019 3406 2075 volebat
3435 2063 3450 2088 ,
3489 2032 3660 2094 atque

2053 2093 2169 2163 ipsa
2200 2095 2490 2168 religionis
2534 2100 2830 2174 disciplina
2871 2105 3112 2164 dictabat
3135 2153 3150 2176 ,
3184 2111 3374 2181 plures
3401 2114 3454 2168 in
3489 2093 3656 2171 unum

2052 2189 2416 2245 convenimus
2447 2194 2794 2263 sacerdotes;
2824 2208 2880 2253 ut
2911 2199 2981 2255 de
3009 2204 3402 2262 constituendo
3440 2223 3666 2265 succes-

2053 2293 2176 2335 sore
2223 2284 2499 2338 communi
2554 2285 2763 2356 judicio
2820 2301 3205 2351 tractaremus.
3233 2297 3342 2353 Sed
3397 2302 3654 2370 quoniam

2052 2370 2478 2431 Lateranenscm
2528 2380 2820 2437 ecclesiam
2846 2424 2860 2448 ,
2887 2386 3187 2444 obstructis
3215 2406 3356 2460 pene
3400 2396 3657 2450 omnibus

2053 2460 2425 2532 ingressibus,
2479 2469 2904 2529 archidiacmtus
2987 2479 3269 2550 Eulalius,
3327 2489 3662 2558 contemptis

2056 2553 2217 2622 impie
2247 2557 2447 2610 summi
2496 2562 2803 2618 sacerdotis
2834 2564 2858 2603 δ
2887 2571 3162 2638 exsequiis
3187 2613 3202 2636 ,
3235 2553 3568 2632 diaconihns
3609 2589 3663 2635 et

2052 2651 2398 2718 paucissimis
2425 2655 2763 2726 presbyteris
2802 2660 3238 2716 acnmltitndinc
3288 2667 3512 2722 turbata-
3548 2671 3664 2740 ple-

2047 2741 2130 2797 bis
2157 2743 2485 2812 obsederat;
2535 2746 2710 2802 altero
2739 2747 2828 2803 dic
2858 2748 3142 2820 (Decentb.
3175 2755 3270 2825 28)
3302 2759 3366 2811 ad
3402 2762 3653 2819 eamdem

2048 2837 2362 2906 ecclesiam,
2387 2849 2409 2878 ε
2438 2839 2528 2894 ubi
2548 2841 2696 2910 prius
2717 2841 2785 2896 ab
2807 2845 3063 2900 omnibus
3093 2846 3271 2904 fuerat
3297 2865 3658 2923 conventum,

2048 2931 2232 2986 habita
2287 2934 2529 2989 omnium
2606 2937 2900 2993 collatione
2955 2945 3410 3010 properavimus:
3468 2951 3653 3021 ibique

2051 3025 2379 3095 participato
2432 3043 2555 3083 cum
2615 3029 2912 3085 christiana
2964 3033 3125 3102 plebe
3172 3040 3440 3108 consilio,
3492 3060 3652 3113 quem

2050 3117 2195 3174 Deus
2223 3118 2386 3190 jussit
2406 3120 2697 3190 elegimus.
2732 3122 2864 3176 Nam
2888 3127 3256 3184 venerabilem
3287 3131 3460 3188 virum
3491 3135 3655 3192 Boni-

2050 3211 2245 3272 facium
2269 3255 2284 3283 ,
2316 3227 2558 3271 veterem
2591 3213 2618 3254 ἀ
2654 3218 3032 3290 presbyterum
3061 3265 3074 3288 ,
3131 3225 3183 3280 in
3228 3227 3347 3297 lege
3393 3229 3646 3288 doetissi-

2049 3321 2218 3373 mum,
2249 3321 2311 3362 ac
2341 3307 2503 3364 bonis
2527 3309 2774 3365 moribus
2805 3314 3254 3386 comprobatum,
3279 3329 3335 3374 et
3356 3323 3498 3392 quod
3525 3340 3650 3381 eum

2048 3399 2222 3468 magis
2247 3402 2510 3468 ornabat,
2539 3402 2766 3457 invitum
2794 3449 2808 3467 .
2843 3407 3238 3468 acclamatione
3272 3417 3438 3472 totius
3462 3421 3648 3490 populi

2046 3508 2110 3548 ac
2135 3507 2406 3549 consensu
2451 3494 2739 3550 meliorum
2767 3498 3010 3554 civitatis
3039 3512 3062 3539 θ
3094 3503 3428 3564 adscivimus
3455 3511 3651 3566 divina:

2046 3587 2402 3642 institutionis
2424 3587 2618 3643 ordine
2646 3602 3048 3648 consecratum.
3083 3596 3218 3653 Nam
3249 3601 3645 3661 subscribeati-

2047 3680 2147 3735 bus
2179 3680 2297 3749 plus
2331 3682 2509 3734 minus
2537 3683 2880 3752 septuaginta
2913 3687 3268 3759 presbyteris,
3303 3695 3649 3752 adsmntibus

2047 3791 2241 3830 novem
2283 3773 2628 3832 diversarum
2685 3779 3085 3846 provinciarum
3137 3785 3444 3857 episcopis,
3477 3791 3646 3849 bene-

2044 3869 2340 3924 dictionem
2384 3868 2722 3938 competenti
2757 3868 2773 3906 ί
2809 3878 3057 3941 tempore
3097 3887 3317 3933 constat
3360 3881 3527 3940 fuisse
3553 3899 3638 3942 ce-

333 3995 365 4035 a
391 3957 614 4051 proprio
641 3957 813 4049 ipsius
841 3957 992 4033 clero
1025 3975 1241 4047 planius
1271 3989 1335 4030 ac
1366 3973 1637 4030 sincerius
1659 3973 1933 4044 erplican-
1961 3957 2007 4022 C
2041 3961 2328 4018 ICIM‘alam.
2361 3963 2436 4015 Ac
2468 3960 2617 4030 prius
2641 3963 2842 4030 omnia,
2863 3980 2986 4035 quae
3015 3969 3336 4028 solemnitas
3366 3977 3641 4048 exigebat,

334 4069 446 4118 tur.

407 4209 434 4238 ει
474 4198 686 4267 Scripta
715 4212 860 4252 anno
880 4197 1006 4261 419,
1035 4203 1163 4251 ante
1186 4191 1424 4267 medium
1452 4191 1792 4267 Ianuarium.

403 4269 434 4309 ι)
474 4265 679 4325 Zosimi
707 4269 934 4324 scilicet.
966 4268 1081 4334 Qua
1112 4267 1180 4320 de
1210 4282 1266 4320 re
1298 4265 1470 4334 prima
1497 4265 1808 4334 Symmachi
1833 4279 1922 4320 re-

333 4342 469 4400 Iatio
494 4343 610 4396 lucc
641 4341 804 4396 habet
831 4359 842 4394 :
873 4339 1106 4393 Eulalius
1135 4337 1203 4392 ad
1231 4337 1496 4391 ecclesiam
1525 4337 1926 4390 Laterunensem

336 4416 402 4469 de
420 4413 888 4489 easeqztiis‘prioris
913 4411 1142 4481 episcOpi
1164 4405 1411 4489 a.p0pulo
1439 4405 1710 4489 elclericis
1731 4407 1928 4461 adduc-

336 4495 440 4551 tus,
465 4486 530 4538 ibi
551 4477 651 4553 ’ρει-
677 4477 893 4537 biduum
924 4477 1039 4536 cum
1069 4477 1298 4534 maxima
1346 4477 1680 4532 multitudine
1722 4489 1769 4532 et
1815 4495 1928 4533 cum

336 4557 569 4628 pluribus
609 4554 956 4609 sacerdotibus
982 4562 1272 4628 remoratus
1320 4560 1416 4628 est.
1441 4560 1498 4602 ut
1544 4561 1929 4628 estspeetqretur

335 4620 450 4682 dies
488 4635 782 4689 consuetus,
820 4643 921 4696 quo
959 4632 1125 4695 posset
1157 4620 1930 4696 solemniter‘ordinari.Unde

335 4700 630 4769 colligitur,
667 4692 936 4751 Eulaliunt
959 4692 1259 4769 despretis
1283 4692 1480 4769 Zosimi
1508 4695 1784 4769 exsequiis
1807 4693 1930 4769 ideo

336 4770 430 4826 hic
459 4763 646 4839 argui,
676 4769 762 4824 vel
796 4770 918 4836 quia
945 4763 1106 4822 abiis
1139 4781 1244 4819 non
1277 4766 1396 4819 sine
1428 4763 1659 4839 tumultu
1692 4764 1926 4830 abierit,

336 4842 422 4896 vel
456 4835 637 4908 poiins
667 4841 790 4906 quia
816 4835 914 4894 eas
959 4839 1111 4909 prius
1134 4879 1166 4909 ,ν
1196 4851 1354 4909 quam
1401 4835 1670 4889 absoluta:
1697 4844 1928 4909 essent_,

337 4906 625 4969 dimiserit.
653 4912 787 4965 llinc
818 4924 872 4966 et
897 4906 1134 4964 litilalius
1157 4908 1324 4962 biduo
1344 4916 1664 4974 exspectare
1691 4906 1932 4972 compul-

339 4997 435 5039 sus
461 4993 546 5038 est
583 4983 882 5052 legitimum
932 4979 1291 5052 ordinationis
1322 4978 1466 5052 diem
1494 4992 1662 5052 ,_cn_m
1712 4978 1931 5031 Bonifa-

339 5055 457 5111 cius
477 5047 748 5108 altero‘die
772 5053 840 5108 ab
872 5051 1147 5121 exsequiis
1189 5049 1487 5121 persolutis
1516 5047 1569 5101 in
1595 5049 1771 5102 locum
1805 5063 1935 5103 con-

335 5127 543 5183 dictum
595 5125 895 5188 secedens,
943 5118 1150 5178 nullum
1200 5122 1363 5175 alium
1420 5118 1562 5173 diem
1615 5129 1934 5188 CXspet‘ltlrc

339 5206 564 5254 coactus
592 5198 683 5251 sit.

419 5269 787 5332 cuTheodora:
841 5266 1096 5321 nimirum
1150 5263 1369 5318 nomine
1425 5269 1830 5330 nuncupatam,
1878 5270 1937 5314 ut

337 5343 492 5412 prior
517 5339 834 5412 Symmachi
867 5337 1058 5412 relatio
1090 5336 1271 5412 docet.
1314 5335 1511 5412 verum
1540 5333 1770 5412 βοεξκηιί
1803 5347 1939 5402 pon-

339 5405 504 5470 iilieis
535 5405 586 5467 in
631 5410 980 5465 Lateranensi
1028 5407 1247 5461 basilica
1271 5449 1286 5472 ,
1322 5408 1365 5460 si
1395 5416 1506 5460 tum
1539 5405 1820 5470 licuisset,
1848 5420 1936 5458 or-

341 5484 678 5540 dinationem
711 5480 1009 5538 faciendam
1042 5478 1206 5534 fuisse
1237 5478 1318 5531 vel
1366 5478 1491 5532 hinc
1530 5476 1829 5531 discimus:
1859 5475 1938 5529 id-

342 5571 453 5626 que
477 5556 764 5608 conlirmat
797 5551 1066 5626 llnnorius
1092 5547 1496 5626 ,_dnm__Eulalii
1535 5547 1938 5626 ordinationem

344 5620 511 5681 etiam
538 5626 662 5678 hinc
689 5667 704 5691 ,
731 5626 858 5695 quia
881 5640 1000 5680 eam
1030 5623 1130 5678 loci
1155 5621 1377 5692 qualitas
1408 5620 1753 5674 commendet
1779 5663 1793 5687 ,
1820 5635 1944 5690 pro-

344 5695 462 5756 bat.

421 5766 446 5808 ἀ
489 5767 539 5825 Is
569 5775 792 5838 putatur
829 5767 1138 5823 Bonifacius
1189 5765 1492 5837 presbyter,
1523 5762 1617 5836 qui
1649 5777 1771 5818 cum
1826 5761 1948 5817 aliis

2046 4064 2070 4103 ε
2095 4053 2318 4126 impleta
2348 4061 2495 4108 sunt.

2031 4187 2484 4271 legatisjlonorii
2508 4187 2851 4271 imperatoris
2868 4193 3158 4271 epistolam
3189 4239 3202 4264 ,
3230 4214 3350 4268 qua:
3378 4205 3520 4271 apud
3551 4206 3640 4262 In-

2030 4259 2359 4337 nocentium
2396 4275 2535 4313 nona
2571 4267 2688 4337 est,
2717 4261 2782 4316 ad
2813 4259 3106 4337 Arcadium
3155 4259 3446 4337 augustum
3499 4259 3643 4333 anno

2029 4332 2139 4415 4οῤ
2161 4332 2421 4415 pertulit;
2454 4341 2505 4385 et
2539 4331 2604 4415 ad
2631 4346 2794 4415 quem
2821 4375 2834 4398 ,
2874 4335 3010 4415 dum
3045 4331 3520 4415 Constantinopoli
3555 4331 3640 4404 ibi

2068 4405 2273 4478 alioue,
2311 4403 2650 4478 fungeretur,
2706 4403 3010 4478 Innocentii
3041 4411 3278 4478 epistola
3323 4403 3634 4475 23'exstat.

2079 4474 2370 4557 opificium
2421 4474 2479 4557 in_
2507 4475 2752 4557 ecclesia
2814 4474 3424 4557 Mat-celli'ordinattnn
3477 4474 3635 4557 esse,

2035 4549 2186 4617 prior
2206 4544 2518 4618 Symmachi
2552 4544 2750 4618 relatio
2781 4548 2962 4602 tradit.

2059 4689 2072 4700 .
2109 4629 2132 4655 ο
2176 4616 2340 4684 Editi,
2368 4617 2684 4670 assentimus
2702 4633 2720 4670 :
2744 4618 3096 4689 corriguntur
3118 4639 3183 4678 ex
3207 4627 3507 4701 archetypo
3533 4632 3632 4688 Va-

2036 4701 2128 4747 IIC.

2111 4760 2130 4799 τ
2175 4761 2446 4815 Honorius
2476 4759 2606 4826 imp.
2637 4759 2864 4831 primum
2899 4761 3092 4816 Eulalii
3137 4767 3538 4828 ordinationem
3573 4784 3630 4831 et

2037 4831 2162 4887 inde
2195 4831 2490 4902 legitimam
2517 4829 2786 4902 asseruit,
2816 4836 2957 4900 quod
2993 4836 3207 4890 serva'ta
3234 4842 3303 4894 sit
3336 4829 3634 4902 solenmitas

2037 4900 2298 4985 (gummis.
2328 4902 2499 4955 Antea
2518 4900 2898 4985 Symmachus,
2925 4905 2999 4985 uti
3019 4908 3271 4985 Superius
3296 4900 3625 4985 audivimus;

2038 4974 2172 5048 diem
2201 4981 2520 5048 consuetum,
2539 4987 2639 5037 quo
2663 4982 2828 5048 posset
2847 4974 3100 5048 ordinari,
3118 4993 3489 5048 exspectatum
3511 4974 3633 5045 esse

2039 5046 2352 5126 Ξενίνξμιρι..
2402 5041 2555 5126 Nunc
2589 5043 2908 5123 presbyteri
2961 5046 3188 5103 liontani
3220 5041 3632 5126 testiﬁcantur;

2039 5115 2304 5193 Bonilacii
2326 5112 2782 5193 ben-edictionem
2800 5125 3358 5193 tempore_competenti
3381 5112 3630 5185 celebra:

2040 5182 2677 5268 tam._B«inifftciiIetiq!n
2719 5184 2977 5268 doceas”
3025 5182 3274 5268 Zusiinus
3301 5242 3314 5264 ν
3366 5182 3632 5268 episs‘rz'

2040 5256 2380 5336 n.2,_Lazari
2411 5254 2810 5336 ordinationem
2843 5259 2966 5314 hinc
2991 5254 3634 5336 reprobandam'pcnse‘l;

2040 5329 2184 5400 quod
2213 5345 2281 5400 ne
2299 5327 2411 5380 dies
2432 5325 2642 5400 quidem
2665 5326 2921 5396 legitimus
2946 5325 3291 5392 ordinationis
3309 5325 3636 5394 adsciscitur:

2043 5398 2120 5456 Ex
2173 5398 2370 5476 quibus
2421 5398 2755 5476 testimoniis
2811 5403 3155 5476 perspicuum
3197 5419 3316 5476 est,
3351 5411 3415 5465 ad
3469 5413 3640 5475 It'gili-

2044 5468 2207 5528 mauf
2222 5468 2618 5542 ordinationem
2639 5479 2848 5526 eertum
2871 5468 3012 5528 diem
3040 5486 3167 5530 tunc
3193 5468 3456 5542 temporis
3476 5468 3644 5538 fuisse

2049 5543 2450 5620 praxscriptum.
2482 5541 2640 5620 .Ilunc
2670 5551 2853 5620 autem
2887 5545 3032 5600 diem
3060 5587 3074 5610 ,
3109 5564 3268 5620 quem
3319 5551 3394 5605 illi
3442 5553 3599 5608 silent
3629 5596 3644 5620 ,

2049 5615 2160 5672 Leo
2187 5616 2241 5687 in
2272 5616 2380 5668 line
2409 5612 2709 5687 epistolaaii
2742 5612 2974 5687 indicat,
3010 5612 3210 5687 nempe
3240 5619 3606 5679 Dominieum.

2125 5697 2149 5735 ε
2182 5686 2256 5741 Ita
2287 5685 2570 5755 exemplar
2593 5683 2767 5739 Vatic.
2797 5685 2866 5741 At
2897 5687 3048 5753 editi,
3080 5683 3337 5744 celebrata
3365 5705 3503 5749 sunt.
