4190 6190
416 302 523 358 755

1611 335 1616 339 -
1663 307 2027 368 EPISTULA
2059 309 2158 366 ΕΤ
2201 311 2546 371 ΒΕΟῆΕΤΑ.

3610 325 3715 380 ςγδι

409 413 758 486 Quamquam
781 425 843 472 et
868 417 982 482 ille,
1045 418 1089 471 si
1123 417 1299 473 adhuc
1323 429 1472 475 esset
1521 423 1572 476 in
1605 437 1856 494 corpore,
1911 425 2015 480 hoc
2041 429 2095 486 A
2123 427 2322 494 cando,
2369 428 2456 482 vel
2487 431 2655 484 etiam
2690 428 2714 466 ιι
2749 429 2975 487 Romam
3006 437 3321 505 evocandi»,
3369 439 3472 493 nisi
3497 454 3564 494 ea
3593 447 3720 511 esse

411 509 693 579 acciperet
730 510 970 580 gratius,
1007 511 1151 582 quod
1201 513 1411 568 videret
1456 517 1708 586 pacatius
1755 518 2018 573 terminu-

413 607 556 668 tum,
591 601 814 656 domine
846 600 1038 657 frater.

487 693 539 748 2.
569 693 828 764 Apiztrius
858 696 1166 768 presbyter,
1209 697 1277 753 de
1312 699 1470 772 cujus
1490 709 1551 754 et
1577 701 1933 758 ordinatione
1957 713 2018 759 et

411 791 992 846 “communicatione
1032 800 1089 846 et
1117 794 1504 861 provocatione
1545 797 1719 851 fuerat
1763 807 2012 853 exortum

415 897 524 938 non
556 882 736 936 solum
793 882 1060 949 Siccensi,
1103 901 1294 941 verum
1345 888 1508 941 etiam
1549 890 1720 944 totius
1747 898 1771 926 α
1821 890 2014 947 Africa)

413 973 680 1030 Ecclesia).
732 990 839 1030 non
872 977 993 1032 leve
1037 978 1376 1046 scandalum,
1435 980 1503 1036 de
1532 982 1787 1038 omnibus
1819 984 2015 1039 errat-is

413 1069 529 1123 suis
579 1069 793 1123 veniam
849 1079 1070 1139 petens,
1131 1074 1503 1129 communioni
1561 1083 1646 1130 est
1701 1077 2010 1134 restitutus.

418 1160 577 1215 Prior
601 1170 784 1215 autem
818 1163 1179 1234 coepiscopns
1209 1175 1398 1219 uoster
1426 1165 1700 1222 Siccensis
1733 1168 2011 1236 Urbanus,

417 1252 562 1322 quod
588 1253 640 1307 in
669 1269 740 1307 eo
764 1251 791 1291 ⁸³
815 1256 1200 1326 corrigendum
1237 1257 1410 1310 visutn
1436 1268 1543 1324 est,
1586 1259 1702 1312 sine
1721 1260 1830 1314 ulla
1858 1261 2016 1314 dubi-

421 1349 629 1402 talione
669 1351 928 1403 correxit.
965 1350 1098 1417 Quia
1139 1367 1268 1405 vero
1299 1353 1415 1422 paci
1447 1361 1500 1406 et
1527 1353 1693 1422 quieti
1749 1353 2012 1409 Ecclesia:

416 1457 524 1497 non
558 1450 767 1497 tantum
794 1445 858 1497 ad
887 1460 1154 1514 przcsens,
1185 1447 1280 1502 sed
1302 1448 1466 1502 etiam
1499 1450 1551 1502 in
1577 1458 1857 1519 posterum
1883 1465 2012 1518 pro-

414 1535 761 1605 Spiciendnm
796 1538 914 1604 l‘uit,
938 1540 1197 1610 quoniam
1231 1540 1357 1594 talia
1393 1543 1558 1596 multa
1587 1555 2008 1612 praecesserant,

413 1639 473 1683 ut
505 1630 587 1684 vel
619 1629 843 1697 similia,
889 1633 973 1686 vel
1005 1635 1168 1687 etiam
1211 1634 1470 1703 graviora
1499 1634 1762 1706 deinceps
1806 1651 2012 1707 praea-

413 1723 528 1775 veri
552 1734 874 1791 oporteret:
907 1725 1112 1794 placuit
1147 1727 1325 1792 nobis,
1359 1738 1417 1782 ut
1454 1729 1522 1784 de
1552 1729 1796 1785 Siccensi
1835 1731 2011 1786 eccle-

2134 519 2459 576 videba-ntur
2488 523 2810 594 corrigenda
2840 528 3164 598 corrigeret.

2191 615 2243 668 4.
2269 615 2509 682 Quorum
2543 619 2786 674 omnium
2810 620 2882 675 de
2915 621 3089 690 primo
3116 632 3174 679 et
3197 627 3388 695 tertio,
3429 626 3486 682 id
3513 639 3624 695 est,
3655 638 3718 685 ut

2119 705 2347 762 Romam
2379 709 2543 764 liceat
2571 712 2844 783 episc0pis
2867 729 3185 783 provocare,
3216 728 3272 773 ct
3298 727 3361 774 ut
3389 721 3716 778 clericorum

2115 813 2297 856 causa:
2321 803 2463 872 apud
2497 819 2722 859 suarum
2757 793 3162 876 provinciarum
3192 813 3482 882 episcoyros
3528 814 3722 870 finian~

2117 897 2226 954 tur,
2246 892 2358 962 jam
2392 895 2578 963 priore
2599 912 2748 951 anno
2772 898 2936 953 etiam
2967 899 3168 956 litteris
3198 902 3209 940 ί
3240 905 3451 959 nostris
3471 906 3538 960 ad
3561 921 3719 962 emn-

2115 983 2242 1039 dem
2272 987 2600 1042 venerabilis
2617 991 2902 1046 memoriae
2924 991 3202 1048 Zosintum
3231 996 3551 1068 episcopium
3577 999 3722 1056 datis

2117 1077 2396 1132 insinuare
2425 1080 2765 1148 curavimus,
2791 1091 2850 1136 ut
2870 1098 2932 1137 ea
2956 1099 3178 1141 servare
3206 1088 3324 1142 sine
3357 1089 3461 1143 ulla
3491 1091 3609 1160 ejus
3639 1092 3722 1146 iu-

2113 1169 2256 1239 juria
2304 1171 2580 1241 paulisper
2618 1175 2926 1230 sineremus
2967 1193 3144 1247 usque
3182 1180 3251 1234 ad
3298 1181 3716 1252 inquisitionem

2116 1271 2444 1318 statutorum
2477 1265 2680 1321 Νῆιςωηί
2712 1268 2954 1324 concilii.
3014 1269 3082 1325 Et
3127 1287 3271 1326 nunc
3316 1273 3386 1329 de
3415 1283 3504 1329 tua
3534 1279 3722 1346 posci-

2117 1369 2238 1410 mus
2269 1355 2592 1426 Sanctitate,
2629 1361 3168 1430 utquemadmodum
3203 1380 3266 1420 ea
3305 1367 3447 1436 apud
3478 1367 3715 1424 Nicanm

2113 1463 2144 1502 a
2179 1449 2426 1518 patribus
2451 1460 2570 1506 acta
2601 1452 2683 1507 vel
2711 1454 3010 1509 constituta
3047 1466 3203 1524 sunt,
3237 1459 3317 1513 sic
3345 1474 3408 1514 ea
3441 1475 3471 1516 ιι
3503 1461 3517 1511 i
3559 1463 3716 1517 nobis

2116 1541 2282 1596 facias
2322 1544 2611 1608 custodiri,
2655 1554 2712 1600 et
2743 1545 2819 1600 ibi
2843 1546 2986 1615 apud
3021 1563 3120 1602 vos
3153 1549 3280 1618 ista,
3327 1566 3451 1619 quae
3485 1555 3536 1606 in
3564 1568 3716 1608 com-

2113 1635 2410 1690 monitorio
2457 1637 2784 1706 attulerunt,
2827 1638 3000 1694 facias
3025 1642 3293 1708 exerceri,
3331 1642 3383 1697 id
3417 1653 3536 1699 est:
3593 1663 3617 1696 ἀ
3654 1645 3712 1704 Si

2113 1732 2404 1800 episcopus
2429 1743 2724 1789 accusatus
2747 1733 2932 1801 fuerit,
2974 1746 3028 1789 et
3069 1735 3445 1805 iudicaverint
3484 1754 3716 1810 congre-

409 1815 521 1879 sia,
557 1824 772 1870 retento
797 1828 817 1853 ε
845 1818 1055 1870 scilicet
1093 1817 1303 1873 honore
1334 1821 1536 1889 gradus
1583 1821 1700 1884 sui,’
1725 1822 2011 1895 presbyter
2040 1819 2088 1878 B
2113 1824 2224 1895 gati
2254 1825 2496 1895 episcopi
2527 1827 2770 1895 regionis
2797 1827 3001 1896 ipsius,
3048 1839 3100 1882 et
3126 1830 3194 1883 de
3220 1830 3390 1898 gradu
3430 1845 3533 1886 suo
3562 1831 3717 1902 deje-

409 1915 792 1961 removeretur
821 1909 1100 1978 Apiarius,
1146 1922 1200 1964 et
1245 1919 1472 1980 accepto
1507 1909 1534 1948 ἀ
1563 1913 1841 1982 epistolio,
1884 1916 2000 1968 ubi-

405 2011 641 2067 cumque
672 2000 805 2054 alibi
845 2001 1009 2056 vellet
1042 2011 1099 2056 et
1136 2013 1354 2072 posset,
1411 2005 1736 2076 presbyterii
1781 2022 2008 2062 munere

409 2089 752 2161 fungeretur.
816 2094 973 2161 Quod
1009 2094 1183 2149 eidem
1220 2097 1324 2163 ipsi
1370 2113 1469 2168 per
1496 2098 1708 2152 litteras
1759 2100 2008 2169 proprias

405 2187 701 2255 postulanti
733 2189 850 2242 sine
875 2189 1200 2246 difficultate
1231 2192 1625 2248 concessimus.

475 2281 526 2332 ‘5.
555 2279 699 2335 Sane
727 2282 1043 2352 priusquam
1067 2285 1180 2336 lncr
1201 2299 1364 2339 causa
1396 2284 1499 2339 isto
1520 2285 1755 2341 termino
1783 2287 2004 2343 claude-

402 2381 584 2439 retur,
643 2373 790 2429 inter
848 2376 951 2430 alia
1001 2387 1124 2446 qure
1183 2378 1461 2432 diuturnis
1516 2377 2004 2448 disceptationibus

405 2473 430 2500 ε
464 2465 837 2534 versabantus,
871 2471 993 2538 quia
1026 2469 1164 2524 ratio
1194 2471 1309 2541 ipsa
1334 2470 1610 2541 poscebat,
1637 2481 1694 2525 ut
1718 2473 1855 2542 apud
1884 2483 2000 2528 acta

402 2560 822 2616 ecclesiasticaa
854 2563 1109 2619 fratribus
1140 2567 1344 2620 nostris
1367 2566 1628 2620 Faustino
1648 2568 1996 2636 coepiscOpo,

400 2660 456 2706 et
491 2649 744 2724 Philippo
779 2665 828 2710 et
862 2657 1050 2712 Asello
1100 2659 1567 2730 Compresbytcris
1599 2671 1995 2731 quaereremus,

400 2754 457 2798 ut
485 2757 802 2814 promerent
846 2749 1109 2820 quidquid
1142 2753 1224 2808 eis
1254 2751 1521 2823 agendum
1555 2753 1835 2809 nobiscum
1871 2753 2001 2808 fuis-

397 2847 483 2893 set
512 2838 813 2909 iujunctum
841 2885 854 2906 ,
912 2845 1175 2898 nonnulla
1220 2844 1438 2915 quidem
1469 2847 1592 2901 sine
1636 2846 1748 2899 ullo
1795 2847 1999 2918 scripto

401 2943 680 3008 pri-secuti
724 2944 1092 3010 suntverbis;
1132 2945 1224 3000 sed
1269 2962 1390 3000 cum
1421 2947 1472 3000 id
1506 2947 1680 3015 potius
1728 2941 1998 3018 flagitare-

397 3056 577 3096 remus
603 3044 744 3112 quod
770 3045 822 3098 in
857 3046 1056 3100 litteris
1089 3045 1323 3114 ferrent,
1353 3049 1835 3103 commonitorium
1871 3066 1993 3119 pro-

394 3143 659 3212 tulerunt,
693 3147 837 3216 quod
868 3149 1152 3202 recitatum
1183 3149 1358 3215 nobis,
1384 3149 1547 3204 etiam
1572 3152 1740 3220 gestis
1763 3167 1880 3220 qmc
1905 3167 1990 3206 se-

394 3259 516 3301 cum
545 3246 610 3301 ad
643 3246 660 3284 ῖ
692 3262 790 3303 vos
812 3248 1067 3304 deferunt
1090 3261 1169 3304 est
1206 3252 1504 3321 alligatum.
1529 3252 1584 3306 In
1609 3267 1715 3323 quo
1745 3255 1826 3308 eis
1857 3268 1988 3323 qua.

395 3360 519 3404 tuor
569 3349 816 3420 quaedam
882 3353 1167 3408 nobiscum
1229 3355 1467 3424 gerenda
1527 3355 1778 3410 mandata
1834 3367 1989 3410 sunt:

392 3467 561 3506 unum
589 3453 656 3508 de
696 3453 1154 3524 appellatiOnibus
1185 3457 1570 3526 episeoporum
1623 3459 1687 3510 ad
1731 3457 1990 3514 Romanu:

393 3551 653 3608 Ecclesiae
706 3553 1094 3620 Sacerdotem;
1148 3557 1379 3611 alterunt
1431 3574 1496 3611 ne
1544 3558 1606 3611 ad
1658 3557 1990 3614 Coinitatnm

391 3655 639 3728 episcopi
669 3659 976 3726 importune
1006 3660 1286 3727 navigem,
1343 3662 1562 3714 tcrtimn
1596 3661 1663 3715 de
1695 3662 1994 3718 tractandis

391 3768 417 3804 ε
443 3761 886 3832 presbyterorum
923 3770 975 3816 et
1018 3762 1372 3816 diaconorum
1425 3765 1603 3818 causis
1650 3762 1791 3833 apud
1826 3764 1989 3818 libiti-

391 3875 512 3915 mos
541 3863 855 3935 episcopos,
903 3865 946 3919 si
979 3880 1008 3918 a
1053 3867 1167 3919 suis
1195 3867 1651 3921 excommunicuti
1699 3883 1983 3938 perperam

393 3963 621 4032 fuerint;
655 3975 905 4038 quartum
938 3968 1004 4024 de
1056 3968 1281 4024 Urbano
1317 3970 1578 4041 episcopo
1605 3973 1983 4026 excommuni-

463 4111 486 4138 ⁸
516 4101 676 4156 Solus
701 4101 889 4167 Crab.,
923 4104 1035 4164 toti,
1069 4118 1175 4156 non
1204 4101 1366 4167 male,
1393 4103 1436 4156 si
1465 4103 1660 4158 deinde
1688 4119 1811 4159 cum
1841 4103 1974 4160 edit.

389 4188 451 4227 ac
481 4175 725 4243 pluribus
767 4189 898 4228 mss.
933 4175 1262 4245 pra-feratur
1303 4175 1589 4243 Afr-imum.
1619 4175 1723 4230 Sed
1758 4193 1855 4229 vox
1909 4186 1984 4230 to-

390 4246 492 4298 tius
525 4246 760 4313 postulat
791 4246 998 4314 African
1029 4246 1202 4300 Gra‘c-
1228 4261 1255 4298 s
1286 4246 1497 4300 (Indicis
1521 4261 1643 4300 can.
1681 4247 1826 4300 Eccl.
1864 4247 1980 4301 Afr.

391 4317 663 4392 interpres
696 4316 812 4370 huic
838 4319 909 4392 ita
942 4316 1228 4392 rt'tltlitlif:
1263 4320 1322 4371 οὐ
1351 4320 1502 4390 μόνον
1528 4319 1575 4371 ἐν
1601 4327 1664 4392 τῇ
1691 4324 1823 4391 Σίκῃ,
1859 4317 1983 4376 ἀλλὰ

389 4391 475 4463 atati
503 4391 552 4463 ἐν
577 4391 725 4462 πάσῃ
841 4389 1045 4463 ’Δφρικῇ
1073 4389 1359 4463 Ἐκκλησὶᾳ.

2109 1918 2288 1972 cerint
2314 1935 2464 1985 eum,
2492 1929 2545 1975 et
2573 1921 2885 1991 appellasse
2907 1921 3180 1991 videatur,
3206 1933 3262 1978 et
3297 1924 3609 1996 confugerit
3641 1927 3714 1982 ad

2109 2012 2486 2068 beatissimum
2521 2013 2787 2070 Ecclesiae
2817 2014 3081 2070 Romanae
3128 2017 3474 2087 episcopum,
3508 2029 3563 2074 et
3611 2033 3709 2076 vo-

2111 2107 2275 2161 luerit
2306 2106 2517 2172 audiri,
2539 2119 2590 2161 et
2623 2109 2831 2175 justum
2863 2110 3131 2176 putaverit
3169 2119 3228 2164 ιιι
3251 2121 3551 2166 renovetur
3577 2125 3707 2168 exa-

2109 2215 2232 2254 men
2261 2217 2275 2265 ;
2333 2202 2582 2255 scribere
2613 2201 2694 2254 bis
2730 2201 3004 2270 episcopis
3053 2203 3346 2273 dignetur,
3381 2206 3472 2271 qui
3503 2206 3558 2260 in
3588 2207 3710 2262 lini-

2107 2295 2238 2349 tima
2268 2303 2323 2348 et
2350 2294 2654 2366 propinqua
2687 2296 2975 2366 provincia
3003 2307 3158 2358 sunt,
3193 2306 3252 2351 ut
3280 2298 3380 2368 ipsi
3411 2299 3708 2369 diligenter

2104 2390 2287 2442 omnia
2319 2389 2625 2456 requirant,
2655 2400 2710 2444 et
2738 2391 2890 2459 juxta
2927 2390 3087 2445 [idem
3121 2392 3370 2447 veritatis
3419 2393 3701 2450 deliniant.

2103 2481 2257 2547 Quod
2291 2484 2333 2534 si
2376 2481 2420 2536 is
2470 2483 2559 2552 qui
2613 2491 2768 2548 rogat
2797 2499 3020 2538 causam
3062 2499 3212 2538 suam
3266 2485 3464 2540 iterum
3503 2489 3701 2555 audiri,

2103 2575 2494 2643 deprecatione
2542 2590 2636 2626 sua
2669 2575 2900 2628 moverit
2927 2575 3240 2645 episcopum
3290 2577 3615 2644 Romanum,
3648 2590 3708 2636 ut

2103 2681 2134 2720 e
2167 2667 2336 2720 latere
2385 2681 2483 2720 suo
2516 2667 2898 2737 presbyterum
2945 2668 3153 2732 mittat;
3185 2669 3288 2722 erit
3333 2670 3385 2724 in
3429 2680 3702 2740 potestate

2101 2757 2344 2826 episc0pi
2368 2756 2494 2825 quid
2524 2756 2655 2810 velit
2688 2767 2743 2810 et
2775 2757 2900 2826 quid
2928 2757 3179 2812 trstimet.
3227 2759 3295 2813 Et
3325 2760 3370 2813 si
3395 2760 3705 2818 decreverit

2103 2850 2397 2906 mittendos
2425 2863 2549 2905 esse
2570 2849 2661 2920 qui
2674 2858 2978 2919 prtesentes
2997 2861 3120 2905 cum
3144 2851 3412 2922 episcopis
3429 2855 3694 2923 judicent,

2103 2943 2370 2997 habentes
2399 2943 2776 2997 auctoritatem
2799 2944 2917 3011 ejus
2940 2957 2968 2996 a
2993 2958 3100 3012 quo
3129 2941 3384 2998 destinati
3411 2955 3565 3014 sunt,
3593 2951 3702 3002 erit

2101 3038 2154 3091 in
2178 3050 2280 3089 suo
2323 3035 2566 3089 arbitrio.
2621 3035 2678 3090 Si
2708 3051 2837 3089 vero
2863 3034 3158 3090 crediderit
3185 3037 3444 3093 sufficere
3487 3041 3700 3110 episco-

2101 3144 2220 3199 pos,
2253 3141 2312 3182 ttt
2338 3129 2554 3196 negotio
2577 3128 2863 3182 terminum
2897 3129 3212 3198 imponant;
3257 3130 3420 3185 faciet
3441 3133 3583 3202 quod
3611 3143 3698 3187 sa-

2015 3209 2060 3269 C
2096 3221 2430 3290 pientissimo
2456 3235 2554 3274 suo
2580 3221 2810 3275 consilio
2847 3221 3190 3291 judicaverit.
3225 3242 3244 3276 ι
3276 3221 3408 3278 item
3445 3224 3514 3279 de
3541 3240 3698 3294 pres-

2095 3315 2299 3385 byteris
2325 3325 2380 3368 et
2403 3314 2646 3369 diaconis
2667 3314 2901 3384 (Sardic.
2927 3331 3073 3370 conc.
3097 3331 3217 3370 can.
3242 3317 3320 3386 7):
3353 3335 3372 3368 ‹
3401 3317 3461 3374 Si
3481 3320 3695 3388 episco-

2093 3425 2194 3480 pus
2223 3410 2342 3480 quis
2365 3408 2674 3477 iracundus,
2699 3409 2841 3480 quod
2873 3424 2998 3466 esse
3018 3426 3122 3464 non
3149 3410 3335 3479 debet,
3355 3411 3465 3466 'cito
3490 3423 3582 3467 aut
3606 3428 3696 3468 as-

2093 3520 2226 3573 pere
2255 3512 2664 3558 commoveatur
2692 3503 2956 3558 adversns
3012 3504 3394 3575 presbyterum
3438 3505 3559 3561 sive
3584 3506 3700 3561 dia-

2091 3609 2290 3649 conum
2322 3609 2504 3658 suum,
2531 3604 2584 3648 et
2615 3595 2984 3649 exterminare
3009 3610 3134 3649 eum
3155 3595 3222 3648 de
3242 3595 3486 3651 Ecclesia
3507 3597 3698 3654 volne-

2093 3687 2192 3750 rit;
2223 3683 2620 3755 providendum
2640 3693 2726 3739 est
2753 3700 2822 3739 ne
2853 3685 3117 3739 innocens
3143 3683 3433 3739 damnetur
3457 3698 3550 3741 aut
3572 3704 3697 3755 per-

2089 3781 2183 3836 dat
2205 3780 2637 3835 ccmmunionem
2656 3795 2674 3832 :
2701 3780 2902 3834 habeat
2930 3790 3252 3848 poteSIatem
3277 3779 3507 3849 ejectus,
3537 3789 3597 3836 ut
3620 3782 3686 3836 fi-

2089 3873 2312 3929 nitimos
2331 3872 2665 3942 interpellet,
2701 3870 2726 3908 ¹ί
2756 3879 2812 3924 et
2842 3886 3004 3926 causa
3038 3871 3158 3941 ejus
3185 3871 3460 3939 audiatur,
3489 3882 3545 3928 et
3573 3872 3695 3928 dili-

2086 3973 2301 4042 gentius
2333 3975 2617 4030 tractetur,
2671 3969 2795 4038 quia
2829 3983 2935 4022 non
2967 3971 3183 4036 oportet
3231 3963 3246 4004 ¹
3282 3968 3332 4022 ei
3364 3969 3548 4039 negari
3589 3975 3687 4024 aus

2089 4103 2169 4157 fra
2199 4105 2585 4176 alligaverunt,
2611 4117 2772 4175 quam
2799 4113 2920 4158 cum
2947 4103 3066 4158 aliis
3091 4102 3267 4168 libris,
3304 4113 3377 4158 est
3404 4103 3688 4172 allegatum

2087 4187 2141 4231 et
2171 4175 2541 4247 alligaverunt.
2573 4175 2651 4231 De
2679 4176 2850 4246 gestis
2883 4177 3066 4247 priore
3099 4189 3264 4247 anno,
3313 4185 3436 4229 cum
3487 4176 3686 4247 loslmi

2088 4245 2289 4302 litterae
2315 4250 2545 4316 primum
2576 4245 2820 4302 recitata:
2847 4253 2993 4312 sunt,
3021 4245 3107 4299 hic
3131 4246 3380 4316 videntur
3407 4246 3574 4314 loqui.

2163 4327 2187 4366 ε
2221 4315 2331 4372 vox
2354 4321 2708 4390 cpisroportmt
2740 4327 3024 4388 perperam
3051 4319 3101 4390 i_n
3123 4332 3224 4370 ms.
3249 4315 3522 4390 Golb.bic
3544 4325 3680 4388 prte-

2088 4389 2339 4474 mittitur,
2382 4388 2488 4474 pec
2520 4403 2638 4474 eam
2684 4391 2887 4474 patitur
2926 4388 3068 4458 quod
3121 4404 3242 4443 mox
3275 4389 3541 4458 sequitur,
3582 4391 3684 4445 sia

462 4459 487 4496 δ
514 4459 656 4512 Istud
685 4450 742 4544 ι’νι
763 4451 828 4549 ῥυ
870 4449 982 4549 ιιδιι
1009 4449 1077 4514 de
1102 4449 1345 4549 Apiario',
1378 4459 1470 4544 sed
1494 4461 1562 4513 de
1604 4459 1824 4549 gpltano
1846 4461 1980 4544 dici-
2008 4489 2062 4549 Ι)
2087 4464 2231 4549 ευξλ-
2252 4449 2441 4544 supple
2469 4449 2746 4549 episcopis.

387 4536 504 4595 tur;
536 4539 702 4599 atque
731 4531 852 4586 ideo
891 4531 1200 4601 bujusmodi
1233 4533 1299 4584 de
1326 4532 1588 4600 episcopo
1615 4532 1708 4586 illo
1735 4534 1981 4586 testimo-

389 4603 537 4674 nium
565 4601 751 4656 dicunt
777 4601 914 4668 Afri,
953 4603 1074 4674 quia
1107 4617 1230 4656 cum
1260 4601 1528 4665 Zosimns,
1579 4613 1635 4656 ut
1665 4603 1802 4656 infra
1834 4620 1886 4657 ιι.
1921 4605 1975 4666 5.

387 4672 633 4738 docetur,
673 4674 774 4727 nisi
795 4690 856 4726 ea
875 4672 993 4745 quiia
1019 4673 1326 4728 ridebantur
1354 4675 1660 4744 corrigenda
1679 4679 1976 4745 corrigeret,

385 4746 970 4799 excommunicaiidnm
998 4755 1354 4813 praeceperat.

463 4825 485 4853 θ
512 4815 875 4887 Augustinus
895 4817 1680 4885 hujnsmodHcmpcrameuto
1710 4832 1836 4887 erga
1869 4815 1980 4871 An-

388 4885 617 4951 tonium,
643 4902 803 4956 quem
840 4885 1080 4942 Fussolm
1123 4890 1434 4956 episcopum
1456 4885 1980 4950 constituerat,usus

383 4965 488 5020 est,
522 4973 755 5027 eumque
787 4973 994 5014 morem
1027 4959 1149 5011 aliis
1182 4959 1448 5027 exemplis
1488 4959 1541 5013 in
1581 4960 1808 5026 epistola
1842 4961 1978 5014 alias

382 5027 510 5095 961,
543 5043 686 5084 nunc
706 5029 835 5094 209,
865 5041 1064 5084 tuetur.
1093 5029 1339 5084 Similem
1371 5043 1528 5083 usum
1549 5044 1670 5084 cum
1695 5044 1721 5081 a
1746 5031 1978 5083 concilio

383 5100 694 5170 Aucyrano,
727 5116 846 5154 cau.
877 5103 897 5154 l
935 5112 992 5156 et
1031 5101 1085 5164 ‘2,
1125 5112 1234 5154 tum
1262 5113 1290 5152 ιι
1319 5099 1556 5162 Niczcno,
1603 5113 1724 5154 can.
1757 5102 1808 5154 8.
1847 5115 1976 5153 nec-

383 5185 489 5243 non
521 5174 570 5225 in
604 5174 832 5240 epistola
867 5172 1127 5243 synodica
1169 5174 1307 5240 apud
1351 5172 1774 5236 'l‘beodorctum,
1810 5171 1904 5243 lib.
1936 5187 1973 5233 ι,

382 5255 431 5296 c.
446 5241 501 5305 9,
517 5257 622 5310 qua
637 5244 856 5298 Meletio
881 5241 1080 5296 nudum
1100 5243 1309 5296 honoris
1335 5245 1416 5296 sui
1435 5259 1616 5296 nomen
1635 5242 1972 5305 ccuceditur,

382 5315 744 5382 approbatum
773 5329 902 5368 esse
929 5315 1186 5368 Justellus
1221 5315 1276 5364 in
1306 5315 1448 5366 buuc
1488 5315 1661 5367 locum
1695 5315 1970 5367 observat.

453 5385 479 5423 ἀ
509 5385 712 5440 Eodem
733 5384 959 5455 epistolii
988 5390 1211 5440 nomine
1233 5394 1454 5437 utuntur
1475 5385 1821 5456 Sard'censis
1845 5397 1975 5456 syn.

383 5457 541 5526 nilus,
575 5473 761 5525 supra,
795 5471 915 5526 pag.
942 5457 1068 5521 59$,
1109 5466 1164 5510 et
1196 5456 1466 5519 Liberius,
1508 5459 1668 5522 cpist.
1698 5455 1785 5521 10,
1831 5455 1883 5511 n.
1925 5456 1972 5508 l.

385 5525 454 5596 Et
482 5543 543 5580 ea
586 5525 805 5594 quidem
857 5544 958 5582 vos
996 5527 1302 5596 utrobique,
1361 5529 1816 5596 quemadmodum
1865 5525 1974 5590 hic,

383 5595 595 5652 litis-ras
616 5599 1131 5654 comtuuuicutorias
1161 5595 1341 5653 sonat.

461 5679 482 5705 ε
509 5667 692 5724 Codex
721 5671 904 5735 Coll»,
934 5673 1288 5724 versabantur.

465 5738 480 5776 τ
508 5739 730 5794 Graecus
761 5742 1032 5810 interpres
1051 5745 1177 5812 legit
1206 5743 1276 5795 ad
1296 5757 1408 5794 nos.
1436 5740 1679 5812 Subinde
1695 5755 1814 5794 cunt
1841 5738 1972 5808 Reg.

386 5825 490 5866 ms.
518 5820 572 5866 et
598 5828 704 5866 ttno
737 5812 944 5866 llarlaeo
973 5811 1145 5883 magis
1172 5815 1346 5883 placet
1369 5823 1440 5866 eu
1476 5811 1772 5881 alligatum,
1807 5817 1864 5864 et
1894 5812 1975 5863 itt-

2158 4532 2183 4569 ¹ι
2214 4532 2290 4586 lla
2321 4529 2622 4587 'siuce'ruut
2647 4529 2652 4530 ⁷
2677 4532 2919 4601 Dionysii
2964 4530 3243 4600 exemplar
3291 4529 3517 4591 Regium
3549 4533 3677 4586 cum

2083 4605 2303 4658 Merl.et
2332 4603 2499 4658 Crab.
2524 4604 2631 4658 Alii
2659 4617 2789 4657 vero
2812 4603 2958 4666 librl,
2989 4601 3166 4654 nomn:
3186 4601 3438 4654 vocando.
3461 4601 3541 4654 Ex
3570 4601 3674 4658 hoc

2083 4676 2203 4730 loco
2233 4675 2499 4745 coniectat
2531 4679 2610 4728 vir
2639 4674 2915 4745 eruditus,
2959 4671 3238 4745 Urbanum
3286 4673 3336 4723 in
3381 4671 3680 4738 iudicando

2084 4748 2303 4814 Apiario
2323 4741 2566 4800 nonnihil
2586 4753 2775 4800 contra
2794 4744 3126 4812 judiciorum
3147 4741 3379 4814 formam
3394 4751 3670 4810 peccasse.

2081 4813 2245 4872 Forte
2276 4819 2436 4870 etiam
2477 4826 2649 4870 totum
2689 4815 2834 4868 illius
2867 4824 3147 4883 peccatum
3173 4813 3234 4883 in
3265 4823 3332 4866 eo
3363 4813 3482 4883 fuit,
3533 4814 3678 4882 quod

2083 4889 2284 4942 nullam
2335 4900 2384 4942 et
2420 4889 2628 4940 irritam
2677 4881 2929 4939 habuerit
2979 4882 3182 4952 Apiarii
3224 4881 3675 4953 appellationem,

2084 4959 2350 5026 bujusque
2384 4958 2457 5011 rei
2487 4971 2651 5012 causa
2695 4956 2856 5024 paulo
2879 4957 3125 5025 aSperius
3152 4967 3275 5008 cum
3316 4954 3420 5009 hoc
3449 4956 3676 5028 presby-

2083 5037 2198 5084 tero
2225 5030 2416 5096 egerit.

2161 5099 2174 5135 ί
2209 5099 2323 5152 Non
2351 5105 2585 5153 exstant.
2931 5161 2936 5164 _

2156 5173 2169 5218 ι
2211 5170 2362 5223 Colb.
2391 5185 2516 5235 ms.,
2541 5185 2573 5222 a
2599 5169 2742 5222 nobis
2774 5167 3029 5222 omnibus.

2154 5241 2176 5277 ιτ
2211 5240 2329 5295 Uuo
2353 5240 2435 5294 vel
2455 5243 2629 5294 altero
2655 5250 2776 5311 post
2797 5239 3180 5311 Sardicensem
3213 5239 3486 5310 synodum
3508 5243 3676 5311 anno,

2079 5312 2373 5366 concilium
2389 5307 2823 5382 Cartltagiiiense
2852 5311 2950 5364 sub
2972 5310 3160 5375 Grato,
3186 5307 3308 5364 can.
3346 5312 3430 5372 ll,
3463 5307 3676 5371 statuit,

2081 5393 2137 5436 ut
2167 5384 2386 5460 utribus
2414 5384 2594 5436 vicinis
2620 5385 2896 5460 e_pia¢:0p§s,
2930 5382 2977 5460 si
3004 5384 3250 5460 dtaconm
3275 5389 3368 5460 est,
3399 5387 3673 5460 urguetur,

2081 5455 2343 5524 presbyter
2371 5471 2507 5508 asex
2530 5455 2800 5508 audiatur.
2824 5452 2980 5522 Quod
3008 5453 3287 5508 decretum
3318 5449 3672 5524 Augustinus,

2079 5519 2249 5591 eam:
2275 5525 2414 5579 alias
2441 5526 2572 5588 256,
2605 5541 2750 5579 nunc
2780 5519 2871 5589 (15,
2906 5544 2958 5577 n.
2989 5526 3043 5586 2,
3077 5535 3387 5578 memorans
3409 5559 3424 5585 ,
3449 5519 3578 5588 quid
3605 5534 3674 5575 ex

2078 5613 2142 5652 eo
2169 5599 2494 5650 incommodi
2523 5597 2777 5651 formidet
2807 5614 2910 5648 tton
2941 5593 3264 5648 dissimulat.
3625 5649 3630 5652 _

2158 5667 2172 5704 ι
2207 5668 2407 5738 Regius
2437 5669 2636 5731 codex,
2662 5677 2856 5739 oportet
2883 5667 3080 5739 negari,
3115 5673 3169 5739 ct
3197 5661 3333 5739 infra
3365 5677 3490 5716 cum
3511 5661 3674 5739 _Colb.

2079 5739 2269 5810 injuste
2289 5733 2489 5811 rejecit,
2517 5733 2720 5811 omisso
2750 5754 2881 5800 cum,
2911 5733 3053 5804 quod
3079 5735 3240 5790 etiam
3263 5733 3487 5789 Graccus
3510 5733 3682 5788 inter-

2083 5807 2207 5878 pres
2235 5807 2357 5864 non
2375 5807 2666 5879 expressit.
