4206 6174
585 308 693 365 755

1797 292 2041 351 SANCTI
2083 287 2419 346 BONIFACII
2460 289 2501 355 Ι,
2549 290 2769 356 ΡΑΡᾹΞ,

3775 280 3875 340 756

582 421 847 478 dieutiam
871 419 1112 490 roganti:
1139 427 1192 471 et
1217 414 1312 469 ille
1338 414 1648 483 episcOpus,
1690 408 1779 479 qui
1807 415 1899 461 attt
1926 406 2068 476 juste
2090 412 2183 457 aut
2210 405 2261 467 Α
2289 400 2559 469 adjutorio
2603 399 2941 457 conferente.
2986 399 3120 467 Quis
3159 397 3304 453 enim
3337 397 3569 460 dubitet,
3601 391 3877 463 exempla-

587 517 787 587 injnste
810 530 934 570 eum
966 512 1179 582 rejecit,
1231 508 1504 581 patienter
1544 504 1774 573 accipiat
1802 511 1863 556 ut
1903 498 2179 569 negotium

585 608 929 672 discutiatur,
954 616 1014 659 ut
1038 612 1134 658 aut
1160 601 1418 671 probetur
1440 598 1581 669 ejus,
1606 606 1698 651 aut
1720 592 2039 650 emendetur
2057 605 2184 645 sen-

589 700 758 756 tentia
798 719 815 750 ι
850 696 1005 769 (Con.
1038 696 1153 767 17).

656 793 710 846 5.
755 791 880 845 llaec
926 776 1331 858 utiqne'usque
1381 784 1448 839 ad
1495 785 1823 846 adventum,
1876 778 2054 834 donec
2091 790 2186 830 au-

589 882 837 937 tbentica
859 880 1063 935 Nicasni
1088 878 1305 933 concilii
1335 876 1634 931 afferantur
1655 872 1928 942 exempla,
1963 867 2186 923 verissi—

589 992 808 1032 morum
835 974 1300 1044 exemplariorum
1334 970 1543 1027 Nicasni
1572 967 1787 1024 concilii
1829 968 2034 1021 inserta
2059 977 2184 1033 ges-

588 1074 661 1128 tis
708 1080 859 1139 sunt,
919 1086 1039 1141 qua:
1091 1078 1117 1106 ι
1159 1068 1203 1123 si
1242 1068 1335 1135 ibi,
1384 1061 1841 1136 quemadmodum
1884 1058 2185 1115 constituta

587 1178 714 1224 sunt
742 1209 757 1235 ,
788 1176 843 1221 ct
872 1163 1330 1236 quemadmodum
1360 1162 1482 1232 ipso
1512 1158 1656 1226 quod
1688 1155 1826 1227 apud
1860 1170 1959 1209 nos
1988 1152 2185 1207 fratres

585 1276 653 1317 ex
696 1258 993 1329 apostolica
1028 1257 1160 1313 sede
1190 1256 1381 1310 directi
1413 1254 1785 1322 allegavcrunt
1825 1245 2191 1302 commonito-

584 1354 689 1417 rio,
716 1352 1091 1414 continentur,
1117 1364 1293 1419 eoque
1317 1346 1509 1400 ordine
1541 1342 1629 1397 vel
1658 1340 1798 1411 apud
1831 1353 1926 1393 vos
1950 1337 2002 1392 in
2032 1334 2185 1390 Italia

592 1445 619 1484 δ
647 1444 1059 1501 custodirentur
1080 1485 1093 1509 ,
1140 1442 1289 1495 nullo
1321 1438 1482 1494 modo
1514 1453 1613 1492 nos
1654 1436 1802 1501 talia,
1826 1433 2002 1504 qualia
2031 1445 2184 1485 com~

591 1554 902 1596 memorare
935 1538 1047 1607 jam
1080 1535 1355 1601 nolumus,
1402 1533 1485 1588 vel
1517 1532 1753 1587 tolerare
1782 1539 1804 1566 ο
1838 1540 2185 1597 cogeremur,

592 1632 677 1686 vel
708 1629 1075 1685 intolerabilia
1104 1636 1439 1697 pateremur.
1472 1623 1576 1679 Sed
1600 1620 1876 1676 credimus
1902 1618 2192 1687 adjuvantc

593 1721 972 1778 misericordia
1007 1719 1221 1774 Domini
1257 1718 1351 1772 Dei
1380 1716 1576 1783 nostri,
1608 1712 1752 1785 quod
1782 1723 1877 1767 tua
1904 1710 2189 1766 sanctitate

2286 496 2365 549 ria
2387 510 2509 550 esse
2538 494 2823 550 verissima
2849 492 3067 549 concilii
3099 492 3304 547 Nicaeui
3340 490 3393 545 in
3417 488 3626 545 Graecia
3652 501 3876 553 (ποτικω-

2284 588 2417 657 gati,
2445 603 2564 658 qua:
2591 587 2659 643 de
2691 596 2798 641 tam
2829 585 3060 641 diversis
3086 594 3141 639 et
3171 582 3441 639 nobilibus
3462 581 3665 638 Grazcis
3691 580 3879 636 Eccle-

2286 680 2383 735 siis
2424 680 2584 733 allata
2635 690 2689 734 et
2727 688 3039 751 comparata
3080 675 3465 732 concordant?
3506 673 3661 741 Quod
3709 674 3878 730 donec

2288 770 2401 839 ﬁat,
2457 771 2573 827 bzcc
2624 787 2746 842 qum
2800 776 2851 825 in
2905 768 3325 825 commonitorio
3374 766 3688 836 supradicto
3729 766 3878 821 nobis

2285 865 2512 933 allegata
2544 876 2671 920 sunt
2696 865 2764 920 de
2787 864 3251 935 appellationibus
3277 863 3653 933 episcOporum
3680 860 3745 915 ad
3770 860 3878 916 Ro-

2289 973 2463 1011 mana:
2495 959 2751 1013 Ecclesiae
2783 956 3142 1023 sacerdotem,
3171 966 3225 1011 et
3249 956 3317 1010 de
3345 955 3668 1010 clericorum
3702 954 3879 1009 causis

2288 1050 2429 1120 apud
2474 1066 2695 1105 suarum
2732 1050 3132 1120 provinciarum
3171 1048 3459 1117 episc0pos
3488 1045 3873 1115 terminantlis,

2292 1157 2391 1197 nos
2422 1157 2592 1211 usque
2623 1143 2689 1196 ad
2734 1142 3109 1213 probationem
3144 1148 3462 1195 servaturos
3493 1154 3614 1194 esse
3662 1139 3878 1207 proﬁte-

2290 1252 2445 1303 mur,
2496 1246 2549 1292 et
2596 1236 2994 1291 Beatitudiucm
3027 1246 3174 1289 tuam
3204 1234 3271 1289 ad
3302 1237 3405 1289 huc
3437 1249 3537 1289 nos
3581 1234 3877 1305 adjuturam

2293 1330 2345 1383 in
2370 1330 2461 1384 Dei
2487 1330 2764 1384 voluntate
2786 1328 3130 1384 confidimus.

2290 1446 2314 1485 ι,
2364 1422 2417 1477 6.
2458 1420 2668 1479 Czrtera
2702 1439 2855 1489 vero,
2888 1438 3009 1493 qua:
3041 1425 3092 1477 iu
3140 1433 3323 1478 nostra
3366 1420 3579 1494 synodo
3621 1431 3768 1491 gesta
3800 1420 3880 1476 vel

2294 1518 2511 1573 ﬁrmata
2540 1527 2687 1583 sunt,
2719 1518 2977 1588 quoniam
3001 1516 3298 1587 supradicti
3323 1515 3519 1570 fratres
3546 1514 3719 1569 nostri
3747 1513 3881 1570 Fau-

2292 1611 2470 1666 stinus
2497 1613 2879 1682 coepisc0pus,
2902 1611 3189 1680 Philippus
3215 1620 3270 1665 et
3297 1609 3514 1665 Asellus
3534 1608 3884 1681 compresby-

2300 1706 2399 1759 teri
2448 1721 2633 1759 secum
2665 1704 2870 1769 ferunt,
2914 1711 2958 1758 sl
2990 1704 3247 1775 dignatus
3280 1704 3471 1771 fueris,
3505 1710 3615 1757 tua:
3663 1712 3783 1755 nota
3812 1700 3885 1755 fa-

594 1818 853 1872 liomana:
882 1815 1144 1870 Ecclesia:
1176 1812 1528 1884 praesidente,
1560 1825 1665 1864 non
1690 1806 2006 1877 sumusjam
2030 1806 2191 1860 istum
2225 1798 2271 1857 B
2297 1798 2444 1853 cient
2482 1798 2789 1853 Sanctitati.
2834 1796 2904 1850 Et
2951 1796 3059 1849 alia
3100 1813 3279 1863 manu,
3326 1796 3588 1851 Daminus
3624 1802 3805 1850 noster
3834 1803 3885 1849 te

593 1912 817 1984 typbum
862 1910 1114 1981 passuri;
1152 1918 1209 1963 et
1234 1907 1596 1963 servabuntur
1622 1920 1746 1974 erga
1787 1917 1907 1969 nos,
1933 1916 2056 1972 qua:
2085 1915 2184 1955 no-

592 2005 678 2062 bis
698 2007 862 2062 etiam
894 2020 1002 2059 non
1030 2001 1427 2058 disserentibus
1456 1998 1723 2054 custodiri
1752 1994 1778 2032 ά
1801 1995 2037 2051 debeant
2064 2009 2185 2049 cum

593 2100 832 2154 fraterna
873 2098 1162 2163 charitate,
1193 2110 1313 2166 quae
1342 2092 1642 2149 secundum
1671 2090 1997 2160 sapientiam
2025 2097 2189 2157 atque

587 2193 877 2264 justitiam,
910 2206 1071 2261 quam
1108 2190 1206 2245 tibi
1247 2189 1472 2242 donavit
1502 2184 1838 2247 Altissimus,
1886 2182 2049 2237 etiam
2072 2181 2188 2252 ipse

594 2283 860 2355 perspicis
881 2296 1004 2339 esse
1033 2280 1319 2346 servanda,
1349 2290 1371 2317 ο
1393 2279 1495 2333 nisi
1524 2277 1668 2332 forte
1694 2276 1854 2331 aliter
1874 2290 1933 2329 se
1955 2273 2191 2329 habeant

594 2392 836 2433 canones
864 2374 1083 2430 concilii
1104 2373 1331 2429 Nicmni.
1356 2372 1614 2441 Quamvis
1633 2370 1776 2425 enim
1809 2366 2072 2439 plurimos
2098 2379 2189 2421 co-

595 2472 747 2537 dices
791 2470 1129 2540 legerimus;
1178 2466 1274 2521 sed
1317 2479 1584 2534 nusquam
1617 2463 1669 2517 in
1702 2461 1918 2516 Nicmno
1956 2458 2188 2515 concilio

596 2566 651 2619 in
682 2562 889 2618 Latinis
920 2560 1199 2617 codicibus
1241 2559 1495 2629 legimus,
1527 2554 1983 2628 quemadmodum
2019 2556 2069 2606 in
2099 2567 2188 2606 su-

595 2655 847 2728 pradicto
879 2652 1301 2709 commonitorio
1338 2650 1355 2689 ί
1394 2651 1519 2705 inde
1557 2650 1759 2704 directa
1792 2657 1939 2701 sunt.
1982 2645 2185 2700 Tamen

595 2750 721 2820 quia
746 2748 833 2802 hic
862 2748 915 2801 in
942 2747 1089 2801 nullo
1116 2743 1305 2801 codice
1322 2744 1513 2799 Grzeco
1532 2760 1592 2797 ca
1624 2742 1897 2812 potuimus
1920 2740 2182 2803 invenire,

593 2856 663 2895 ex
710 2838 1078 2895 Orientalibus
1122 2836 1405 2902 Ecclesiis,
1454 2835 1547 2889 ubi
1592 2832 1950 2904 perhibentur
1995 2830 2186 2885 eadem

590 2934 808 2989 decreta
854 2946 1015 3002 posse
1046 2931 1210 2986 etiam
1238 2929 1555 2985 autltentica
1602 2927 1850 2997 reperiri,
1889 2925 2059 2995 magis
2088 2938 2187 2978 no-

591 3029 676 3084 bis
722 3027 1098 3084 desideramus
1139 3024 1341 3080 al'ferri.
1396 3023 1500 3078 Pro
1544 3037 1648 3093 qua
1692 3036 1750 3075 re
1788 3028 1933 3074 tuam
1975 3032 2189 3089 quoque

595 3121 1015 3178 Venerationem
1040 3120 1415 3181 obsecramus,
1442 3125 1501 3170 ut
1516 3116 1760 3171 scribere
1784 3115 1945 3169 etiam
1970 3113 2085 3182 ipse
2106 3112 2189 3167 di-

2293 1891 2449 1945 nobis
2496 1906 2669 1946 annos
2708 1891 2972 1960 plurimos
3011 1888 3307 1955 custodiat,
3341 1888 3655 1943 beatissime
3698 1888 3883 1945 frater.

2290 1984 2736 2053 Subscripscrnnt
2779 1998 2995 2054 quoque
3022 1982 3250 2054 Alypius
3274 2022 3290 2048 ,
3323 1980 3678 2052 Augustinus,
3710 1978 3889 2033 Possi-

2294 2078 2437 2142 dius,
2467 2075 2491 2113 ιι
2516 2077 2788 2133 Marianus
2818 2087 2871 2132 et
2895 2078 3078 2131 cieteri
3109 2075 3372 2147 episc0pi.

2839 2212 3173 2269 EPISTOLA
3198 2212 3268 2268 Ill
3302 2212 3343 2267 ί.

2292 2326 2371 2382 De
2413 2326 2643 2381 Maximo
2685 2326 2973 2381 Valentina'
3000 2327 3224 2381 civitatis
3269 2326 3513 2394 episcopo
3545 2324 3766 2377 diversis
3794 2323 3893 2376 cri-

2363 2420 2589 2474 minibus
2640 2430 2904 2483 accusata,
2959 2428 3014 2473 ut
3057 2420 3110 2473 in
3168 2420 3367 2489 synodo
3416 2417 3691 2489 provinciis
3741 2415 3889 2471 illius

2364 2528 2521 2565 causa
2553 2512 2885 2566 discutiatur.

2296 2605 2619 2661 Bomncms
2660 2608 2947 2676 cpiscopus
2984 2608 3293 2672 Pnaocw,
3328 2605 3583 2673 REIIGIO,
3629 2605 3844 2661 Mutuo
3873 2644 3892 2671 .

2366 2697 2617 2765 ΗιιΑιιιο,
2682 2698 2919 2765 Sevsno,
2979 2700 3241 2761 \‘ALt-zmo.
3296 2698 3547 2763 Juutuvo,
3593 2696 3888 2764 Css'ronto,

2366 2791 2629 2857 LEONTIO,
2670 2792 2682 2841 1'
2718 2790 3117 2856 Consnurtno,
3148 2791 3360 2854 JOANNI,
3398 2791 3697 2858 MONTANO,
3726 2789 3894 2845 Maru-

2365 2900 2453 2951 κο,
2495 2884 2767 2940 Μλυκιαιο
2792 2924 2806 2949 ,
2835 2894 2890 2939 et
2922 2884 3139 2939 caeteris
3171 2883 3446 2954 episcOpis
3479 2897 3577 2953 per
3602 2880 3808 2937 Gallias
3837 2890 3896 2939 et

2363 2991 2570 3051 septem
2604 2979 2907 3049 provincias
2938 2978 3269 3035 constitutis.

2368 3119 2417 3172 l.
2444 3117 2749 3172 Valentina:
2774 3117 2789 3146 ³
2823 3114 2965 3187 (Ivo,
2998 3134 3052 3187 p.
3086 3115 3138 3182 ii,
3170 3130 3220 3169 c.
3252 3112 3383 3183 27!)
3422 3127 3521 3167 nos
3546 3110 3729 3166 clerici
3758 3108 3892 3165 civi-

591 3217 777 3285 gneris
800 3212 865 3267 ad
900 3212 1112 3267 illarum
1139 3212 1372 3280 partium
1400 3208 1734 3272 sacerdotes,
1767 3206 1870 3261 hoc
1896 3215 1981 3261 est
2005 3206 2189 3261 Eccle-
2217 3190 2262 3253 C
2294 3211 2423 3266 tatis
2469 3210 2743 3271 adierunt,
2790 3217 3155 3279 proponentes
3207 3222 3302 3276 per
3344 3206 3587 3260 libellum
3631 3202 3889 3269 crimina,

589 3308 686 3363 εἰπε
704 3317 728 3353 ι
746 3308 1121 3370 Antiocheam,
1138 3303 1523 3360 Alexandrinae
1549 3311 1602 3356 et
1627 3300 2187 3367 Constantinopolita-

595 3414 702 3465 nae,
728 3408 783 3453 et
818 3398 940 3452 aliis
962 3398 1128 3451 etiam
1157 3398 1202 3449 si
1228 3403 1334 3449 tua}
1354 3393 1621 3466 placuerit
1641 3391 1945 3457 Sanctitati.
1973 3401 2031 3445 ut
2059 3392 2183 3447 inde

587 3492 655 3546 ad
702 3505 801 3546 nos
832 3489 993 3545 iidem
1025 3503 1265 3544 canones
1293 3486 1437 3556 apud
1464 3485 1699 3540 Nicaeam
1728 3485 2000 3539 civitatem
2032 3501 2059 3537 a
2091 3500 2186 3555 pa-

585 3584 765 3640 tribus
796 3582 1077 3638 constituti
1102 3580 1344 3648 veniant,
1382 3590 1435 3635 te
1477 3578 1819 3649 potissimum
1848 3578 1951 3634 hoc
1981 3579 2183 3634 benefi-

584 3679 730 3734 cium
764 3676 977 3731 cunctis
1017 3673 1457 3731 Occidentalibus
1504 3672 1765 3727 Ecclesiis
1811 3688 1932 3727 cum
1967 3673 2180 3728 Domini

659 3801 686 3830 ι
725 3790 882 3862 Apud
907 3788 1193 3846 Merlinum
1222 3800 1275 3843 et
1295 3789 1606 3862 Justelltint,
1641 3789 1777 3862 ut_in
1798 3788 2018 3862 duobus
2044 3806 2177 3847 mss.

587 3858 791 3933 Regiis;
822 3878 932 3918 uno
975 3862 1216 3925 Harlmo,
1250 3876 1459 3933 necnon
1496 3858 1650 3933 Colb.
1684 3859 1874 3933 (ΖΨ-1)..
1907 3870 2036 3921 etc.,
2067 3878 2183 3932 qui:

584 3930 703 3991 sibi.
722 3935 887 4005 Magis
912 3934 1232 4005 placetcum
1254 3931 1477 3985 (Ioislin.
1503 3931 1714 4005 duobus
1746 3930 1993 4005 llarlmis.
2014 3930 2176 3989 Grab.

582 4016 640 4062 et
667 4002 829 4071 Lub.,
854 4019 970 4074 qua:
990 4003 1355 4069 siibi,Gr:eco
1375 4002 1931 4066 ε‹)ηερηιίειιιε,ἄτινα
1958 4006 2040 4059 ξαν
2055 4006 2177 4067 ἐκεῖ,

583 4076 719 4131 Tum
749 4076 935 4135 verba,
969 4074 1400 4144 quemadmodum
1426 4075 1703 4127 constituta
1732 4084 1849 4125 sunt
1876 4086 1943 4136 et,
1977 4076 2030 4127 in
2065 4077 2183 4128 vul-

581 4149 721 4216 gatis
751 4162 813 4199 ac
850 4145 1124 4216 plerisque
1162 4160 1301 4216 [ηδε.
1352 4148 1548 4216 amissa
1579 4187 1591 4204 ,
1636 4146 1995 4216 restituuntur
2021 4145 2181 4201 unius

582 4212 778 4274 Πατιωί
817 4212 870 4269 et
896 4214 1121 4269 alterius
1149 4212 1446 4269 Colbertini
1478 4215 1820 4269 auctoritate.

655 4289 681 4327 δ
724 4286 867 4351 Editi
890 4327 904 4349 ,
934 4285 1296 4339 custodiuntur
1337 4301 1355 4339 :
1386 4284 1783 4354 refragantibus
1817 4300 2012 4347 magno
2049 4302 2182 4342 con-

580 4375 745 4415 sensu
778 4372 910 4412 mss.
952 4373 982 4410 e
1011 4357 1207 4425 quibus
1236 4356 1587 4411 (.‘olbertiuus
1618 4355 1731 4409 haec
1759 4355 1831 4408 ita
1861 4356 2019 4411 effert
2045 4376 2055 4410 :
2102 4358 2178 4411 Ea

572 4430 757 4483 ordine
793 4430 869 4481 vel
897 4429 1039 4495 apud
1062 4443 1147 4479 vos
1194 4428 1247 4479 in
1275 4424 1435 4479 Italia
1466 4428 1877 4492 custodirentur,
1909 4444 2002 4481 nos
2032 4428 2179 4483 nullo

576 4502 731 4555 modo
760 4500 889 4553 talia
915 4514 1317 4551 commemorare
1341 4497 1601 4552 nolumus.

654 4583 675 4611 ε
718 4571 793 4625 lta
821 4569 999 4631 Ilerl.,
1022 4569 1182 4624 Crab.
1208 4580 1262 4623 et
1294 4583 1430 4623 unus
1469 4569 1713 4623 llarlaaus
1741 4583 1843 4622 ms.
1889 4568 2031 4622 Editi
2058 4572 2173 4638 alii,

572 4658 815 4713 cogemur
856 4657 874 4694 :
904 4640 1015 4694 sed.
1063 4641 1262 4713 Regius
1298 4655 1406 4713 ms.
1454 4642 1689 4711 cogimur
1726 4657 1745 4693 :
1771 4640 1879 4713 sed.
1925 4639 2177 4713 Plerique

571 4711 685 4781 alii,
714 4727 1011 4786 cogeremur
1035 4728 1053 4766 :
1083 4712 1193 4766 sed.
1222 4712 1401 4775 Colb.,
1430 4728 1688 4782 cogemur,
1721 4711 1798 4765 rel
1828 4711 2175 4768 intolerabilia

570 4784 830 4856 patiemur
857 4802 875 4837 :
899 4784 1007 4837 sed.

644 4857 671 4894 ά
710 4854 866 4911 Colb.
899 4870 1028 4919 ms.,
1057 4854 1305 4909 custodiri
1326 4856 1378 4908 in
1408 4855 1642 4908 omnibus
1666 4854 1901 4909 debeant.

643 4937 667 4963 ε
708 4926 862 4995 Apud
886 4925 1039 4979 Merl.
1061 4967 1076 4991 ,
1100 4926 1261 4981 Crab.
1297 4936 1353 4981 et
1380 4927 1521 4981 JuSt.
1548 4936 1605 4981 ut
1636 4929 1689 4981 in
1720 4942 1851 4980 mss.
1879 4925 2125 4995 pluribus
2151 4970 2166 4995 ,

564 4998 949 5067 consentiente
978 4997 1171 5050 Grtnco
1196 5039 1210 5062 ,
1252 4999 1298 5050 si
1344 5000 1478 5065 forte
1520 5016 1531 5049 :
1576 5014 1694 5065 qua}
1739 4997 1900 5051 lectio
1934 4999 2165 5067 primum

562 5069 825 5139 arriserat
853 5066 963 5139 Ιιοο
984 5082 1151 5121 sensu
1174 5085 1193 5139 7:
1226 5068 1334 5124 Sed
1359 5070 1403 5122 si
1426 5070 1558 5139 forte
1585 5067 1736 5122 aliter
1763 5066 1982 5122 habeant
2010 5086 2165 5123 eano-

560 5155 652 5193 nes
694 5138 900 5193 Nicwni
946 5138 1036 5205 (in
1070 5138 1369 5194 verissimis
1418 5138 1875 5207 exemplaribus),
1907 5142 2163 5194 credimus

556 5210 840 5283 adjuvante
862 5210 1235 5283 Amisericordia
1264 5209 1393 5276 Dei,
1436 5224 1539 5265 etc.
1586 5211 1939 5283 Posunodum
1980 5221 2158 5283 tanien

554 5277 676 5336 cuiu
709 5297 812 5336 ms.
853 5277 1007 5334 Coll).
1042 5295 1105 5335 ac
1130 5282 1341 5336 duobus
1375 5282 1605 5336 llarlzeis
1632 5281 2028 5348 praeferendum
2058 5282 2157 5336 du-

2293 3318 2412 3374 quze
2438 3302 2727 3356 lilaximum
2756 3310 2893 3356 teste
2936 3310 3045 3355 tota
3074 3298 3350 3369 provincia
3377 3306 3627 3352 asserunt
3662 3297 3892 3351 commi-

2292 3396 2433 3453 sisse
2460 3414 2473 3461 ;
2505 3396 2751 3465 delegata
2784 3396 2944 3449 toties
2979 3392 3311 3464 cognitione,
3360 3391 3511 3445 illum
3542 3388 3566 3426 ¹ί
3592 3389 3891 3445 constituta

2292 3505 2512 3560 semper
2553 3487 2944 3558 subtet'fugisse
2987 3484 3188 3555 iudicia
3217 3527 3231 3549 ,
3282 3498 3384 3539 nec
3434 3481 3697 3537 confisum
3747 3494 3891 3535 con-

2289 3584 2519 3639 scientia
2546 3582 2829 3637 ieStinasse
2856 3624 2868 3647 ,
2904 3591 2957 3634 ut
2989 3578 3037 3634 si
3064 3589 3211 3634 esset
3237 3578 3521 3641 innocens,
3552 3572 3889 3630 examinatis

2290 3674 2545 3729 omnibus
2567 3683 2889 3744 purgaretur
2909 3689 2923 3737 ;
2946 3687 3065 3741 qua:
3088 3670 3248 3726 toties
3268 3670 3511 3734 decreta,
3534 3682 3602 3722 ex
3630 3665 3645 3705 ι
3671 3676 3896 3721 nostra-

2286 3791 2433 3863 quod
2464 3791 2617 3845 abest
2646 3790 2911 3863 arnostris
2934 3803 3065 3863 mss.

2362 3863 2381 3900 ί
2428 3862 2483 3916 In
2513 3878 2642 3916 mss.
2668 3862 2849 3926 Colb.,
2872 3876 2987 3931 qua:
3012 3860 3133 3912 inde
3162 3875 3179 3913 :
3204 3874 3311 3913 non
3334 3860 3407 3913 ita
3434 3859 3594 3931 male.

2363 3944 2387 3981 ε
2428 3934 2485 3987 1η
2514 3934 2703 3987 eodem
2730 3948 2858 3997 ms.,
2880 3929 3463 4002 Constantinopolith
3477 3939 3524 3983 et
3553 3929 3897 3983 Antiochum:

2287 4015 2332 4059 et
2356 4004 2724 4059 Alexandrini:
2744 4014 2787 4057 et
2809 4005 2947 4057 aliis.

2360 4073 2385 4112 ιι
2430 4075 2572 4129 Editi
2601 4116 2615 4138 ,
2654 4075 2921 4137 Marinus;
2954 4074 3186 4141 Regium
3230 4072 3543 4141 exemplar,
3577 4070 3843 4125 Martinus
3873 4088 3895 4125 :

2287 4148 2372 4201 cui
2408 4149 2547 4199 lavet
2572 4146 2827 4200 Afrorum
2874 4148 2941 4199 ad
2980 4144 3334 4201 Cwlestinutn
3374 4146 3441 4197 de
3489 4143 3678 4199 eadem
3717 4158 3894 4198 causa

2289 4218 2552 4281 epistola;
2601 4233 2721 4285 qua:
2759 4217 2979 4284 quidem
3028 4217 3267 4269 omnium
3319 4215 3566 4269 codicum
3611 4230 3892 4269 consensu

2290 4289 2507 4343 Martini
2540 4304 2649 4359 pra:
2674 4304 2733 4343 se
2763 4288 2869 4343 fert
2896 4303 3115 4344 nomen.
3151 4288 3226 4341 Ex
3257 4302 3363 4359 uno
3392 4298 3572 4340 tamen
3596 4286 3898 4359 Harlzcact

2287 4360 2461 4415 altero
2489 4356 2645 4414 Coll».
2690 4375 2943 4414 revocare
2977 4359 3214 4427 placuit,
3260 4358 3549 4411 Mai-ianus.
3593 4357 3699 4411 Nec
3735 4356 3893 4411 enim

2289 4432 2335 4485 is
2358 4433 2495 4486 alius
2524 4431 2734 4485 videtur
2764 4448 2789 4483 a
2823 4429 3063 4484 Mariano
3104 4433 3231 4498 (seu
3266 4438 3325 4483 ut
3360 4431 3409 4481 in
3448 4443 3578 4482 mss.
3619 4430 3891 4499 pingitur,

2289 4501 2612 4573 Mauriana),
2646 4500 2970 4573 Uziparensi,
3000 4502 3091 4571 qui
3121 4504 3174 4554 in
3208 4500 3385 4554 fronte
3410 4500 3650 4573 concilii,
3680 4515 3744 4553 ex
3772 4514 3895 4573 quo

2290 4572 2405 4627 [nec
2426 4571 2658 4643 epistola
2694 4571 2857 4627 inissa
2894 4582 2999 4635 est,
3035 4573 3282 4641 proxime
3316 4581 3436 4639 post
3465 4572 3675 4639 legatos
3702 4571 3892 4624 nomi-

2210 4630 2255 4684 Ῐ)
2279 4630 2705 4725 ρρειινῌηίειύε
2737 4630 3208 4725 ειώᾕοὶίιιίδθριλά
3252 4630 3427 4725 lilérL,
3455 4630 3627 4724 cw‘irri
3654 4643 3893 4725 episcopi

2277 4714 2383 4840 ἐκ
2412 4714 2820 4785 subscripserunt
2844 4733 2861 4781 ;
2894 4725 2948 4770 et
2974 4718 3115 4784 apud
3142 4715 3304 4769 Crab.
3330 4754 3345 4780 ,
3375 4723 3425 4767 et
3454 4714 3627 4767 atteri
3652 4714 3891 4783 episcopi

2355 4856 2370 4894 ί
2417 4856 2684 4911 Beneficio
2732 4858 3115 4912 collectionum
3180 4857 3420 4928 Dionysii
3480 4856 3718 4926 Exigui,
3770 4854 3885 4909 lla-

2272 4928 2445 4983 driani
2476 4929 2516 4988 I.
2550 4928 2800 4997 Hispana:
2823 4941 2877 4983 et
2908 4928 3097 4984 Isidori
3124 4930 3190 4984 ad
3219 4945 3320 4982 nos
3342 4930 3615 4996 pervenit.

2348 4999 2362 5049 i
2415 5000 2641 5070 Regium
2676 5000 2802 5053 coll.
2837 4999 2995 5054 Dion.
3030 5000 3325 5069 exemplar,
3362 5001 3681 5064 Constantio,
3711 5006 3762 5052 et
3792 4999 3882 5054 in-

2275 5069 2352 5124 fra
2388 5069 2702 5133 Maurentio,
2737 5086 2834 5137 pro
2860 5070 3135 5127 Mauricio.

2347 5141 2369 5179 κ
2412 5142 2467 5195 In
2495 5142 2686 5197 eodem
2716 5144 2920 5208 codice,
2955 5154 3060 5197 tota
3090 5159 3313 5211 semper.

2348 5211 2364 5250 ι
2407 5214 2569 5267 Crab.
2599 5228 2661 5266 ac
2692 5213 2948 5283 deinceps
2973 5215 3103 5269 editi
3136 5215 3275 5279 libri,
3307 5224 3617 5268 vestrarum.
3651 5213 3874 5268 Rectius

2268 5282 2425 5338 Merl.
2455 5300 2574 5337 cum
2617 5300 2745 5338 mss.
2778 5282 3089 5339 nostrarum.
3127 5285 3242 5339 Non
3272 5286 3417 5339 enim
3458 5285 3679 5340 chartas
3708 5287 3874 5340 mise-

553 5352 754 5419 ximus,
784 5352 883 5405 nisi
912 5355 1065 5421 forte.
1101 5354 1255 5423 Apud
1291 5353 1447 5418 Lab.,
1478 5356 1578 5407 nisi
1600 5356 1645 5407 si
1674 5354 1829 5421 forte,
1862 5352 2048 5407 addito
2088 5354 2153 5419 si,

620 5447 637 5476 ³
672 5445 965 5503 Maximum
998 5448 1302 5503 Valentiam
1343 5448 1581 5501 civitatis
1603 5447 1943 5515 epiSCOpttm,
1974 5446 2142 5500 Mani-

541 5515 820 5572 chaeorum
881 5519 1010 5573 olim
1067 5528 1218 5573 secta
1280 5519 1604 5582 involutum,
1662 5517 2056 5587 homicidiique
2082 5518 2141 5571 in

541 5588 795 5658 sazculari
820 5589 1028 5658 judicio
1068 5591 1409 5655 damnatum,
1445 5598 1503 5644 et
1527 5589 1709 5641 multis
1741 5588 1964 5658 insuper
1989 5588 2144 5657 ﬂagi-

539 5656 635 5735 tiis
660 5656 1002 5735 c_ooper_tum,
1029 5671 1356 5735 accusarant
1407 5659 1563 5735 apud
1586 5656 1939 5735 Bonifacium
1955 5656 2146 5715 clerici

541 5726 789 5804 ejusdem
838 5730 1116 5804 Ecclesiae,
1161 5726 1472 5804 asserentes
1513 5732 1663 5804 illum
1706 5731 1973 5804 delegatis
2016 5746 2147 5804 con-

537 5799 853 5863 stitutisque
886 5799 938 5850 in
965 5802 1242 5867 provincia
1266 5802 1673 5871 cognitionibus
1705 5801 1897 5859 adesse
1925 5803 2148 5859 minime

2268 5366 2389 5409 rant
2414 5356 2676 5425 episcopi,
2700 5356 2793 5425 qui
2818 5356 2887 5411 de
2916 5356 3015 5411 hac
3047 5372 3214 5410 causa
3245 5355 3507 5410 nihildum
3550 5366 3819 5411 noverant
3854 5374 3866 5409 :

2248 5447 2486 5521 voluisse
2521 5494 2535 5516 ,
2586 5450 2879 5521 omniaque
2926 5466 3143 5519 semper
3184 5450 3388 5520 judicia
3443 5450 3860 5521 subterfugisse.

2249 5517 2537 5585 Pontifex,
2567 5519 2693 5587 quia
2726 5522 2771 5573 is
2794 5517 3061 5575 Romam
3093 5517 3200 5575 non
3239 5535 3485 5585 venerat,
3546 5517 3861 5589 intra'pro-

2249 5589 2859 5663 vinciam’judicandum
2894 5593 3224 5655 decernens,
3256 5593 3527 5662 synodum
3560 5598 3857 5663 episcOpo-

2251 5678 2371 5716 rum
2395 5662 2485 5717 die
2518 5665 2741 5731 praefixo
2787 5665 3106 5732 congregari
3150 5666 3327 5733 jubet,
3355 5664 3408 5718 in
3441 5662 3617 5735 eaque
3639 5664 3851 5719 Maximi

2252 5748 2471 5807 causam
2498 5735 2719 5807 discuti,
2753 5745 2810 5789 et
2850 5735 3179 5807 sententiam
3232 5737 3348 5791 sive
3406 5736 3459 5791 in
3495 5748 3845 5807 praesentem.

2253 5804 2370 5859 sive
2402 5805 2453 5859 in
2485 5805 2791 5869 absentem,
2843 5804 3102 5875 proferri.
