4190 6190
413 249 519 305 757

1675 253 2034 312 EPISTOLE
2074 254 2167 312 ΕΤ
2207 255 2551 314 DECRETA.

3605 263 3709 323 758

410 380 530 422 rum
574 379 793 438 quoque
849 367 1162 422 chartarum
1222 367 1580 425 instructione
1620 370 2001 442 cognovimus.
2031 385 2082 445 Α
2111 372 2498 428 accusantibus
2540 387 2600 428 se
2643 373 2884 441 clericis,
2929 384 3118 445 posset
3150 375 3312 448 digna
3349 377 3567 432 tandem
3611 377 3716 433 alia

409 459 514 528 Qui
554 459 866 516 econtrario
904 459 1154 531 probavit
1185 460 1254 516 de
1291 475 1351 517 se
1381 461 1473 516 illa
1504 478 1624 532 quae
1654 462 1796 518 dicta
1843 473 2011 530 sunt,

411 564 438 593 α
461 555 552 626 qui
583 554 648 610 ad
680 569 742 610 ea
771 552 1126 618 confutanda,
1153 569 1274 609 cum
1306 565 1491 610 essent
1519 555 1827 620 innumera,
1855 571 1886 610 a
1913 555 2012 611 de-

408 648 722 704 cessorihus
770 646 907 702 meis
941 644 968 685 ι)
1023 645 1349 716 provinciali
1389 647 1634 717 delegata
1678 646 2010 716 cognitione,

406 747 734 800 conventus,
768 737 935 794 etiam
963 738 1165 795 dicitur
1194 741 1448 805 evitasse,
1481 751 1536 796 et
1564 741 1759 796 adesse
1788 741 2013 798 minime

406 832 644 888 voluisse
668 831 1000 905 (Nicolaust,
1021 834 1174 905 epist.
1199 833 1310 902 ‘59).
1339 833 1598 889 Etnullus
1618 835 1849 902 dubitat,
1866 834 2011 905 quod

407 926 480 982 ita
518 924 784 993 judicium
829 939 1033 981 nocens
1073 925 1425 994 subterfugit,
1461 925 1918 996 quemadmodum
1953 935 2013 982 ut

408 1017 729 1074 absolvatur
749 1017 845 1089 qui
863 1028 947 1073 est
979 1018 1243 1074 innocens
1265 1019 1483 1089 quaerit.
1504 1017 1611 1074 Sed
1641 1027 1818 1074 astuta
1847 1021 2013 1077 cavil-

407 1110 540 1167 latio
570 1125 785 1177 eorum,
816 1111 907 1179 qui
937 1112 1167 1166 versutis
1199 1111 1466 1183 agendum
1483 1111 1714 1168 credunt
1735 1129 1857 1170 esse
1881 1129 2014 1170 con-

407 1205 572 1270 siliis,
600 1219 892 1275 numquam
919 1205 1245 1261 innocentia:
1272 1221 1469 1263 nomen
1493 1208 1746 1277 accipiet.
1778 1207 2012 1266 Confite-

409 1306 496 1353 tur
524 1299 672 1354 enim
699 1299 769 1355 de
791 1299 1069 1365 omnibus,
1103 1299 1350 1372 quisquis
1380 1317 1441 1357 se
1467 1302 1840 1374 subterfugere
1867 1302 2012 1373 judi-

405 1393 548 1450 cium
594 1393 952 1453 dilationibus
993 1407 1166 1467 putat.
1198 1408 1219 1436 ο
1254 1396 1452 1453 Veniat
1495 1408 1676 1455 tamen
1716 1399 2010 1472 aliquando

406 1486 520 1553 ille,
560 1490 650 1558 qui
684 1488 811 1543 talis
851 1487 1199 1558 perhibetur,
1232 1488 1283 1544 in
1314 1489 1554 1546 medium
1597 1509 1611 1545 :
1652 1506 1755 1548 nec
1786 1491 2010 1560 prodest

405 1577 508 1644 illi,
538 1579 699 1635 toties
721 1579 971 1648 latuisse,
993 1581 1159 1637 toties
1181 1581 1598 1654 subterfugisse,
1624 1598 1785 1654 quem
1809 1585 1893 1639 sui
1918 1599 2009 1639 ac-

405 1678 493 1726 tus
519 1678 573 1726 et
615 1673 933 1738 commissa,
967 1688 1314 1746 quocumque
1339 1673 1558 1746 fugerit,
1612 1691 1672 1730 ea
1714 1691 1837 1746 qua:
1869 1675 2009 1745 obji-

2114 464 2332 534 quando
2355 506 2369 531 ,
2420 475 2778 537 praesentatus
2809 466 3108 538 episc0pali
3132 468 3358 538 judicio,
3389 469 3717 540 pronuntia-

2115 560 2276 614 tionis
2301 576 2556 631 congrna:
2587 561 2736 616 leriri
2757 566 3066 627 sententia;
3095 561 3446 634 (quamquam
3479 562 3554 617 illi
3587 578 3713 618 cum

2116 653 2230 707 hinc
2274 651 2288 688 ί
2324 653 2499 707 edicta
2534 654 2869 724 fuerit,'qu:e
2898 663 3075 724 potest
3122 654 3283 725 hujus
3314 656 3551 709 nominis
3591 669 3716 712 esse

2108 744 2345 815 jactura,
2375 745 2467 816 qui
2502 745 2614 817 (Ill,
2647 756 2834 817 quam.
2861 746 2916 808 9.
2948 763 2995 800 ε.
3023 746 3130 803 10;
3163 746 3280 813 Iro,
3310 765 3364 820 p.
3399 747 3453 813 5,
3495 763 3541 800 c.
3580 745 3711 814 271,

2113 846 2234 909 etp.
2271 836 2327 901 6,
2369 854 2415 891 ε.
2448 839 2578 908 5⁸58)
2613 841 2874 904 pudorem
2921 854 3210 910 numquam
3244 839 3502 895 habuisse
3541 854 3723 894 sacer-

2114 927 2246 983 dotii
2277 929 2612 998 perhibetur,
2657 940 2710 984 et
2737 931 2916 985 locum
2943 946 3100 984 suum
3136 945 3204 986 ne
3246 930 3464 986 modico
3494 930 3714 998 quidem

2118 1035 2361 1094 tempore
2406 1023 2757 1078 custodisse?
2791 1024 2809 1094 )
2851 1025 3169 1080 dilationem
3207 1034 3388 1078 tamen
3441 1024 3715 1090 dedimus,

2114 1128 2168 1172 et
2197 1118 2538 1172 decrevimus
2560 1127 2801 1172 vestrum
2829 1117 3029 1172 debere
3061 1119 3207 1173 intra
3227 1119 3570 1188 provinciam
3593 1131 3718 1174 esse

2111 1209 2375 1280 judicium
2402 1251 2415 1275 ,
2455 1219 2510 1264 et
2540 1211 2859 1280 congregari
2890 1209 3160 1281 synodum
3196 1221 3322 1264 ante
3353 1209 3496 1264 diem
3527 1207 3718 1265 kalen-

2113 1299 2300 1355 darum
2333 1300 2724 1356 Novembrium
2752 1319 2765 1354 :
2801 1312 2854 1354 ut
2885 1304 2928 1354 si
2958 1301 3151 1356 adesse
3181 1301 3439 1366 voluerit,
3473 1315 3717 1369 praesens

2113 1393 2160 1448 si
2184 1393 2406 1449 confidit
2433 1393 2499 1448 ad
2531 1393 2743 1464 objecta
2766 1396 3095 1463 reSpondeat
3126 1395 3207 1458 ;si
3237 1409 3367 1448 vero
3398 1393 3596 1448 adesse
3619 1408 3716 1448 ne-

2110 1488 2339 1557 glexerit
2362 1531 2376 1555 ,
2418 1487 2736 1543 dilationem
2766 1489 3057 1543 sententia:
3087 1487 3156 1544 de
3200 1487 3448 1544 absentia
3483 1503 3590 1543 non
3627 1489 3716 1543 lu-

2111 1589 2312 1636 eretur.
2347 1579 2482 1636 Nam
2527 1580 2874 1636 manifestum
2931 1589 3017 1635 est
3057 1580 3307 1636 conﬁteri
3352 1596 3476 1636 cum
3513 1579 3581 1634 de
3613 1581 3723 1636 cri-

2113 1673 2280 1740 mine,
2312 1675 2401 1742 qui
2433 1672 2647 1727 indulto
2675 1683 2731 1728 et
2761 1674 2925 1728 toties
2950 1672 3201 1743 delegato
3221 1672 3425 1744 judicio
3448 1673 3720 1744 purgandi

408 1769 629 1821 ciuntur
681 1767 779 1834 illi,
831 1768 876 1822 si
925 1784 1049 1823 vera
1104 1777 1252 1844 sunt,
1300 1768 1531 1825 crimina
1585 1780 2001 1841 persequuntur.
2034 1777 2081 1837 Β
2109 1781 2170 1820 se
2205 1765 2497 1820 occasione
2526 1781 2634 1821 non
2665 1765 2858 1820 utitur.
2899 1765 3044 1819 Nihil
3073 1766 3216 1820 enim
3251 1768 3501 1832 interest,
3533 1775 3716 1820 utrum

408 1857 718 1914 Debueram
767 1859 987 1930 quidem
1030 1859 1140 1930 jam
1185 1877 1331 1917 nunc
1376 1859 1402 1898 δ
1454 1861 1697 1933 dignam,
1741 1878 1837 1932 pro
1884 1862 2004 1933 ejus

401 1950 672 2005 accusatis
703 1951 757 2004 in
799 1962 990 2006 nostro
1019 1951 1225 2020 judicio
1250 1951 1488 2019 actibus,
1513 1953 1605 2023 qui
1634 1955 2003 2024 cognitionem

401 2054 455 2100 et
485 2045 764 2100 decretum
788 2044 1054 2114 judicium
1086 2061 1232 2116 saepe
1259 2045 1585 2101 declinando
1612 2045 1847 2101 credidit
1878 2048 2000 2102 illu-

397 2136 654 2200 dentium,
682 2137 826 2194 ferre
848 2138 1176 2194 sententiam
1211 2157 1222 2193 :
1250 2149 1306 2194 at
1328 2155 1397 2195 ne
1417 2139 1616 2210 aliquis
1649 2149 1672 2178 ε
1703 2156 2001 2211 praecocem

397 2224 621 2282 forsitan
637 2228 930 2299 judicaret,
954 2240 1008 2286 et
1027 2231 1131 2286 sibi
1153 2231 1244 2302 qui
1268 2232 1466 2288 absens
1483 2244 1587 2301 est,
1615 2234 1745 2290 licet
1765 2235 1834 2289 sit
1855 2252 2005 2307 quaa-

399 2322 536 2377 situs
577 2337 607 2377 a
636 2323 818 2390 nobis,
851 2333 1190 2380 reservatum
1211 2341 1335 2381 esse
1362 2326 1498 2381 nihil
1527 2326 1773 2395 diceret;
1807 2331 2002 2386 malui-

399 2431 521 2471 mus
564 2417 972 2488 intercapedine
1005 2421 1264 2489 temporis
1304 2420 1428 2475 data
1463 2421 1695 2488 dill'erri,
1733 2439 1855 2478 cum
1896 2423 2001 2479 hoc

395 2508 564 2564 etiam
599 2510 721 2580 ejus
764 2523 1115 2568 accusatores
1145 2525 1483 2581 assererent,
1517 2515 1585 2570 de
1624 2512 1642 2552 ί
1675 2514 1788 2570 suis
1819 2517 2000 2573 inten-

398 2600 640 2656 tionibus
668 2612 726 2657 et
762 2603 1010 2658 moribus
1051 2603 1132 2658 sic
1179 2619 1433 2660 securum
1481 2604 1797 2672 Maximum,
1851 2616 2002 2663 tanto

397 2695 568 2764 magis
585 2693 896 2751 damnanda
917 2697 1286 2764 committere,
1315 2706 1518 2768 quanto
1543 2698 1755 2754 tardius
1781 2714 1842 2756 se
1871 2714 2002 2755 con-

397 2786 593 2842 stituto
627 2787 836 2855 judicio
877 2797 902 2836 ε
935 2799 1314 2860 praesentat-et.
1362 2791 1536 2860 Quem
1576 2793 2000 2850 Manichaeorum

403 2880 709 2935 involutum
753 2882 1010 2954 caligine,
1038 2892 1274 2954 arguunt
1296 2886 1439 2954 turpi
1462 2895 1611 2941 secta
1640 2886 1774 2942 olim
1803 2887 1900 2955 ita,
1932 2903 2001 2944 ne

398 2989 524 3030 eum
573 2975 746 3045 possit
786 2976 1031 3044 abluere,
1075 2978 1315 3033 animum
1345 2979 1683 3047 sordidasse,
1715 2979 1768 3035 in
1801 2982 2000 3050 proba-

397 3068 600 3122 tionem
635 3067 864 3137 objectte
894 3067 976 3123 rei
1001 3079 1151 3139 gesta
1190 3071 1478 3142 synodalia
1507 3073 1851 3142 proferentes
1881 3090 1896 3140 ;
1945 3083 2002 3130 et

394 3161 705 3216 commissis
740 3162 1042 3217 involutum
1069 3162 1310 3234 undique
1352 3165 1571 3235 ﬂagitiis
1591 3205 1606 3232 ,
1637 3166 1847 3221 nullum
1873 3181 1999 3221 eum
2031 3164 2076 3227 C

396 3257 647 3310 sanitatis
697 3255 953 3311 habuisse
994 3267 1328 3328 respectum.
1374 3259 1545 3328 Quem
1576 3259 1759 3316 furore
1800 3276 1900 3316 suo
1946 3273 2002 3317 et

397 3347 585 3402 insana
626 3348 932 3403 temeritate
983 3349 1051 3404 ad
1097 3351 1439 3406 sa-cularium
1487 3367 1703 3423 quoque
1753 3354 2000 3423 judicum

396 3439 693 3495 tribunalia
722 3439 1001 3495 subditum
1033 3442 1360 3512 quaestioni,
1389 3444 1536 3514 quod
1571 3446 1624 3499 in
1665 3445 1755 3499 vili
1784 3461 2003 3516 quoque

396 3547 627 3603 persona
667 3534 1042 3603 turpissimum
1085 3545 1204 3602 est,
1234 3535 1536 3604 objicerent
1563 3539 1912 3608 pervenisse,
1947 3549 2003 3594 ct

395 3624 682 3681 homicidii
725 3624 1044 3681 damnatum
1088 3624 1113 3663 ιι
1151 3638 1429 3693 asserunt,
1475 3628 1646 3698 gestis
1694 3631 1918 3700 prolatis
1949 3631 1998 3685 in

393 3715 634 3772 medium
661 3735 675 3770 :
709 3726 765 3773 et
790 3718 937 3773 hunc
964 3720 1126 3774 talem
1159 3733 1277 3790 post
1307 3730 1452 3774 tanta
1483 3721 1719 3791 taliaque
1741 3721 2001 3777 commis-

395 3823 455 3864 sa
477 3811 830 3882 episcopatus
850 3812 1028 3868 adhuc
1049 3812 1152 3867 sibi
1179 3829 1374 3869 nomen
1404 3814 1457 3868 in
1482 3815 1595 3870 suis
1619 3816 1860 3871 latibulis
1881 3817 1967 3871 vin
1984 3847 2000 3859 ο

396 3899 582 3957 dicare
609 3903 661 3957 in
704 3904 942 3974 propriae
981 3904 1216 3960 civitatis
1249 3906 1548 3974 infamiam,
1581 3910 1763 3963 nimiis
1788 3909 2000 3965 dolori-

397 3993 500 4048 bus
548 4007 978 4066 conqueruntur,
1028 4007 1080 4053 et
1127 4009 1375 4054 sanctum
1423 4016 1620 4056 nomen
1666 4002 2001 4058 vindicando

395 4089 501 4144 sibi
536 4089 676 4146 velle
707 4091 973 4162 polluere.

466 4206 523 4260 2.
579 4207 834 4279 Ideoque,
889 4209 1090 4265 fratres
1138 4210 1475 4277 cbarissimi,
1527 4212 1653 4280 quia
1700 4210 2003 4267 audiendus

399 4298 486 4354 hic
534 4311 868 4370 praesentare
912 4317 972 4358 se
1015 4303 1213 4368 noluit,
1254 4319 1322 4359 ne
1348 4303 1630 4360 convictus
1666 4303 1898 4360 forsitan
1935 4304 2004 4360 ab

2110 1859 2164 1914 in
2216 1861 2468 1930 praesenti
2507 1863 2756 1916 examine
2807 1862 2993 1915 omnia
3016 1864 3175 1933 quini
3219 1863 3371 1918 dicta
3397 1873 3525 1918 sunt
3554 1878 3712 1919 com-

2111 1952 2430 2023 probentnr,
2462 1968 2586 2007 cum
2614 1953 2729 2025 ipsa
2762 1969 2976 2024 quoque
3009 1970 3107 2023 pro
3131 1954 3481 2011 confessione
3513 1971 3713 2026 procu-

2107 2053 2225 2100 rata
2261 2043 2421 2099 toties
2461 2056 2679 2101 constet
2716 2045 2987 2101 absentia.
3021 2045 3133 2101 Nos
3173 2058 3355 2102 autem
3389 2062 3485 2116 per
3517 2062 3716 2104 omnes

2107 2141 2419 2210 provincias
2477 2141 2690 2195 litteras
2747 2139 2769 2176 ¹ί
2812 2141 3127 2212 dirigimus,
3184 2157 3251 2196 ne
3295 2142 3716 2199 excusationem

2105 2233 2208 2288 sibi
2246 2233 2606 2303 ignorationis
2642 2234 2929 2301 obtendat,
2962 2243 3021 2289 ut
3048 2235 3113 2288 ad
3148 2235 3486 2305 provinciam
3532 2236 3718 2292 venire

2107 2334 2369 2397 cogatur,
2416 2335 2472 2382 et
2513 2326 2626 2381 illic
2658 2341 2719 2382 se
2757 2328 3058 2382 constituto
3104 2339 3441 2398 praesentare
3481 2330 3710 2398 judicio.

2104 2419 2375 2489 Quidquid
2405 2428 2588 2475 autem
2619 2431 2804 2476 vestra
2833 2421 3088 2476 Charitas
3114 2421 3182 2477 de
3211 2423 3314 2477 hac
3340 2438 3506 2477 causa
3540 2426 3713 2495 duxe—_

2107 2514 2177 2567 rit
2198 2512 2628 2580 decernendum,
2658 2529 2782 2569 cum
2812 2515 2878 2569 ad
2901 2531 2999 2570 nos
3029 2515 3262 2572 relatum
3287 2518 3467 2585 fuerit,
3495 2529 3707 2585 nostra,

2103 2617 2161 2662 ut
2192 2607 2458 2664 condecet
2483 2650 2498 2676 ,
2530 2623 2756 2664 necesse
2784 2621 2867 2664 est
2897 2610 3231 2667 auctoritate
3275 2611 3541 2666 firmetur.
3579 2611 3710 2666 Data

2103 2702 2208 2758 sub
2250 2702 2340 2758 die
2383 2702 2504 2756 idus
2552 2701 2743 2758 Junias
2785 2703 2940 2778 (Jun.
2975 2705 3062 2770 l5,
3103 2721 3227 2760 ann.
3266 2705 3421 2776 M9),
3451 2705 3703 2762 Monaxio

2103 2796 2225 2851 viro
2263 2795 2570 2852 clarissimo
2600 2796 2849 2852 consule.

2741 2975 3058 3033 MONITUM

2391 3110 2442 3149 IN
2481 3108 2616 3150 DUAS
2659 3109 2947 3150 EPISTOLAS
2984 3107 3412 3158 SUBSEQUENTES.

2185 3234 2237 3288 1.
2280 3233 2470 3288 Ambae
2521 3233 2574 3286 in
2627 3231 2878 3286 Romano
2914 3230 3154 3284 concilio
3195 3229 3299 3284 sub
3336 3227 3620 3284 Bonifacio
3670 3228 3714 3284 Il

2110 3307 2374 3368 recitatae,
2406 3305 2635 3374 ejusque
2660 3303 2798 3357 actis
2832 3303 3084 3374 insertat,
3121 3303 3467 3370 postmodum
3498 3299 3707 3374 aALuca

2111 3377 2402 3432 llolstenio
2435 3371 2486 3429 in
2519 3371 2848 3430 collectiotte
2886 3371 3134 3426 Romana
3171 3374 3424 3442 bipartita
3464 3372 3705 3440 vulgata:

2107 3457 2256 3503 sunt.
2293 3447 2403 3502 Eas
2440 3445 2775 3512 conscripsit
2805 3443 3118 3498 Bonifacius
3159 3460 3227 3498 ex
3266 3443 3559 3498 oet-asiOne
3588 3443 3704 3498 Pe-

2103 3520 2326 3589 rigenis,
2368 3520 2458 3586 qtti
2485 3516 2739 3589 Corinthi
2791 3516 3068 3589 natus,in
3110 3516 3301 3570 eadem
3341 3516 3574 3589 ecclesia
3611 3529 3704 3568 re-

2109 3585 2302 3653 natus,
2362 3585 2592 3658 ejusque
2651 3588 2806 3642 clero
2853 3585 3133 3658 adscitus)
3185 3588 3460 3658 cmnper
3508 3599 3702 3658 omnes

2108 3656 2434 3718 clericorum
2482 3656 2686 3729 gradus
2733 3659 3049 3723 meruisset,
3094 3656 3449 3729 Patrensibus
3487 3656 3711 3726 quidem

2106 3749 2135 3787 a
2183 3728 2594 3786 Corinthiorum
2647 3729 2905 3797 praesule,
2950 3731 3118 3782 totius
3168 3728 3457 3798 provinrize
3505 3741 3708 3794 appro-

2107 3804 2270 3858 bante
2319 3803 2566 3874 synodo,
2617 3800 2903 3874 ordinatus
2950 3798 3131 3874 fuerat
3159 3798 3702 3874 episcopusaseda

2111 3875 2267 3945 plebe
2313 3865 2602 3942 repulsus,
2656 3870 3001 3945 posttnndmn
3037 3868 3108 3945 ab
3159 3865 3288 3945 ipsis
3316 3865 3618 3945 Corinthiis
3650 3868 3708 3922 in

2108 3939 2426 4014 episcopum
2465 3951 2755 4014 coontatus
2785 3949 2888 4014 est.
2924 3939 3282 4014 Postulationi
3314 3953 3503 4014 eorum
3540 3939 3710 4014 inter-

2107 4009 2383 4074 cedebant
2420 4013 2689 4077 nonnulli,
2724 4013 2869 4084 apud
2909 4025 3049 4080 quos
3080 4026 3141 4064 ea
3162 4010 3461 4084 obtinebat
3489 4009 3706 4084 religio,

2107 4098 2167 4144 ttt
2188 4102 2452 4150 canones,
2480 4085 2569 4153 qui
2593 4081 2978 4153 episcoporum
3002 4081 3394 4136 translationes
3421 4081 3704 4149 vetabant,

2105 4161 2297 4215 violari
2327 4159 2607 4220 timerent,
2637 4156 2682 4209 si
2716 4158 2806 4224 qui
2839 4156 2926 4209 uni
2955 4153 3209 4208 ecclesiae
3237 4154 3410 4207 semel
3439 4153 3702 4218 ordinati,

2107 4234 2241 4288 licet
2274 4232 2342 4284 ab
2370 4246 2433 4286 ea
2465 4242 2756 4297 numquam
2784 4228 3048 4297 suscepti,
3079 4225 3236 4297 alteri
3268 4226 3703 4295 praeficerentur.

2107 4303 2284 4372 Quam
2353 4302 2424 4358 ob
2490 4296 2710 4354 cauSatn
2780 4296 3052 4353 Corinthii
3108 4296 3294 4352 sedem
3352 4297 3709 4367 apostolicam

395 4507 492 4563 sed
517 4507 796 4562 Bonifacio
827 4517 1024 4578 pra-sto
1052 4519 1212 4564 erant
1235 4511 1440 4565 chartae
1476 4508 1826 4564 decessurum
1860 4522 1989 4563 suo-
2018 4508 2071 4568 D
2098 4507 2281 4578 Merl.,
2312 4506 2446 4559 hanc
2475 4520 2538 4578 ne
2563 4502 2750 4578 aliquis
2777 4517 2945 4571 prwco
2972 4509 3018 4578 et
3041 4515 3189 4578 quem
3219 4499 3490 4578 iudicaret.

396 4595 542 4644 rum,
565 4581 655 4646 qui
687 4581 806 4648 ejus
834 4581 1199 4650 cognitionem
1223 4581 1562 4650 delegarant.
1591 4581 1695 4634 llas
1725 4581 1884 4649 igitur
1906 4595 1993 4635 re-

395 4651 551 4722 citari
583 4652 685 4705 sibi
725 4652 916 4720 jussit,
957 4666 1007 4706 et
1052 4651 1176 4707 inde
1208 4669 1334 4706 vera
1374 4667 1532 4719 esse,
1561 4665 1682 4722 quae
1720 4651 1997 4706 Valentini

395 4721 581 4776 clerici
612 4722 966 4791 asserebant,
1000 4723 1339 4793 recognovit.

468 4800 494 4828 ⁸
538 4793 676 4847 Εάὶι.
711 4793 869 4848 Rom.
906 4804 1030 4863 post
1055 4792 1242 4860 Crah.,
1287 4795 1415 4847 cui:
1452 4794 1850 4863 refragantibus
1881 4792 2000 4846 aliis

393 4862 565 4918 libris.
630 4865 843 4919 Plenior
883 4862 1032 4920 esset
1065 4865 1223 4921 lectio
1269 4866 1321 4919 in
1365 4864 1508 4920 hunc
1551 4862 1794 4928 modum,
1825 4875 2002 4934 utpote

395 4936 506 5005 qui,
535 4936 740 4990 scilicet
761 4946 1059 4990 conventus.

469 5005 594 5080 biln
620 5007 807 5062 iisdetn
840 5008 996 5075 edit.,
1022 5005 1364 5080 provincialis
1377 5016 1450 5060 est
1485 5005 1722 5080 delegata
1754 5007 1997 5080 cognitio.

399 5076 637 5133 Verbum
669 5089 740 5132 est
765 5094 871 5133 non
893 5076 1072 5133 exstat
1098 5079 1150 5133 in
1174 5093 1306 5133 mss.
1333 5076 1796 5147 Quocirca’magis
1823 5077 2005 5145 placet

395 5163 519 5203 cum
549 5150 737 5216 Sirun,
772 5151 1076 5219 provinciali
1109 5150 1343 5219 delegata
1390 5150 1704 5219 cognitione.
1751 5150 1871 5203 iam
1912 5163 2005 5202 su-

397 5221 583 5290 perius
614 5221 864 5288 legimus,
893 5221 1130 5292 delegata
1163 5223 1309 5276 toties
1340 5223 1650 5292 cognitione.
1685 5219 2002 5292 llujusmodi

397 5302 579 5346 autem
602 5293 873 5363 delegatio
892 5290 1260 5348 consentanea
1283 5290 1770 5347 erat'Sardicensis
1791 5290 2003 5346 concilii

396 5365 595 5418 cationi
623 5366 676 5419 7.

471 5445 492 5474 ε
536 5435 698 5505 Eiliti,
722 5435 887 5491 ueniet
910 5445 1079 5489 tamen
1099 5452 1118 5500 ;
1139 5445 1192 5489 et
1213 5450 1362 5502 mox,
1387 5433 1615 5489 Met-lino
1637 5443 1886 5502 excepto,
1918 5449 2008 5487 nec

397 5507 627 5576 proderit
658 5522 677 5561 :
703 5507 1054 5576 corriguntur
1082 5522 1151 5560 ex
1179 5521 1313 5561 mss.

469 5572 497 5612 ά
538 5577 594 5632 lu
651 5579 784 5650 Reg.
827 5572 958 5645 ms.,
1015 5593 1154 5632 nunc
1196 5593 1476 5646 umquam,
1537 5575 1677 5630 forte
1731 5589 1827 5646 pro
1875 5590 2010 5630 nunc

397 5663 600 5702 (cauam
609 5689 621 5701 .

445 5664 795 5791 qragierique
823 5737 984 5784 mss.,
1022 5735 1363 5792 prwcoquem:
1397 5718 1501 5772 Alii
1544 5718 1653 5773 duo
1689 5733 1812 5774 cum
1841 5715 2006 5792 Crab.

395 5791 561 5850 Sirm.
613 5801 667 5846 et
709 5788 867 5858 Lab.,
917 5788 1268 5863 praequam.
1317 5788 1583 5859 Corrupte
1625 5798 1808 5845 autem
1867 5790 2009 5859 apud

2176 4577 2194 4616 ί
2240 4567 2294 4631 In
2325 4577 2556 4646 vulgatis
2581 4618 2596 4640 ,
2630 4567 2693 4625 de
2731 4567 2951 4646 quorum
2981 4567 3346 4624 intentionibus
3385 4587 3444 4622 ac
3466 4567 3708 4646 _rnoribus

2097 4650 2163 4704 sit
2185 4641 2445 4702 securum:
2479 4648 2668 4700 Exstat
2691 4645 2907 4710 quidem
2939 4655 3138 4711 magno
3169 4656 3439 4695 consensu
3464 4641 3514 4694 in
3549 4656 3707 4711 niss.,

2101 4721 2166 4774 de
2193 4724 2342 4792 cujus
2365 4709 2730 4770 intentionibus
2749 4728 2792 4765 et
2816 4709 3075 4792 moribus:
3097 4712 3189 4765 sed
3215 4728 3335 4765 rum
3356 4711 3407 4764 in
3434 4709 3710 4791 plerisqqe

2103 4807 2166 4846 ac
2210 4782 2511 4860 potioribus
2558 4794 2814 4860 sequatur
2852 4786 2924 4836 sic
2974 4799 3252 4860 securum;
3296 4796 3396 4834 nos
3447 4782 3708 4835 orationis

2105 4855 2277 4917 series
2311 4859 2542 4915 induxit.
2577 4867 2631 4910 ut
2665 4857 2770 4909 suis
2802 4855 2923 4908 loco
2947 4856 3094 4916 cuius
3121 4855 3556 4908 restitueremus.

2181 4943 2205 4979 ε
2232 4933 2395 4992 Editi,
2418 4927 2734 4998 pra’senfarit
2751 4925 3219 4998 :etttettdatitttrex
3240 4923 3476 4998 scriptis.
3505 4921 3712 4998 Deinde

2114 4995 2522 5058 Manichaeorum
2555 4997 2777 5052 nomine
2805 4996 3246 5050 Priscillianistas
3275 4995 3550 5068 designari
3576 5011 3707 5050 eru-

2111 5075 2207 5129 diti
2235 5074 2429 5128 merito
2459 5078 2702 5125 censent.

2184 5144 2212 5182 h
2239 5145 2370 5214 Reg.
2406 5159 2536 5198 mss.
2565 5147 2788 5194 asserem
2814 5136 3038 5214 ;Colb.,
3068 5148 3373 5214 assererem.

2191 5215 2204 5252 ί
2233 5209 2425 5270 Ριιῖιηξε
2454 5229 2584 5268 mss.
2613 5227 2735 5265 cum
2777 5211 3012 5271 excusis,
3047 5212 3228 5264 edocto
3256 5211 3470 5278 fuerint.
3498 5209 3651 5264 Unus
3676 5222 3711 5262 ο

2111 5287 2365 5353 Coislin.,
2411 5286 2581 5352 prima
2625 5299 2784 5336 tuanu
2812 5323 2825 5344 ,
2873 5281 3052 5335 edocto
3102 5283 3278 5347 fuerit.
3331 5284 3509 5353 Reg,
3541 5279 3715 5333 edicta

2115 5360 2329 5430 fuerint.
2353 5352 2405 5412 Ε
2435 5355 2644 5430 gemina
2693 5355 2781 5407 illa
2837 5353 3066 5430 lectione
3091 5354 3441 5422 componitur
3471 5352 3708 5417 sincera,

2117 5424 2288 5485 edicta
2311 5424 2490 5500 fuerit,
2514 5425 2636 5482 scil.
2667 5424 2935 5500 sententia.

2194 5504 2206 5552 i
2251 5491 2478 5571 Regium
2511 5498 2817 5564 exemplar,
2853 5497 3020 5557 posita
3048 5504 3189 5571 sunt.
3233 5493 3376 5571 Ιλίοη⁵
3397 5491 3721 5571 displiceret

2117 5563 2384 5645 proposita
2429 5578 2574 5633 sunt,
2627 5563 2866 5622 maxime
2903 5583 3024 5621 cum
3051 5565 3320 5645 “epistolae
3364 5564 3524 5645 hujus
3553 5563 3714 5619 initio

2118 5634 2498 5717 primuittatur,
2531 5653 2906 5717 enoposearss
2927 5655 3016 5709 per
3045 5634 3273 5690 libellum
3298 5635 3537 5690 crimina.

2192 5720 2214 5754 ’ί
2241 5716 2334 5782 Sic
2363 5730 2494 5771 mss.
2528 5711 2601 5767 Al
2620 5711 2776 5777 editi,
2805 5709 3104 5779 dirigemus.
