4190 6190
382 284 481 338 76!

1573 271 1937 330 EPISTULB
1977 269 2063 325 ET
2109 267 2454 324 DECRETA.

3570 262 3677 320 769

378 401 424 452 t-i
446 420 480 462 ι,
511 414 704 469 in;th
729 397 1127 452 deliberatione
1149 407 1500 461 suspenunn.
1533 400 1590 444 ut
1623 390 1782 459 liujus
1811 387 1968 441 ovilis
1998 388 2048 447 Α
2077 400 2196 437 tuus
2229 383 2558 438 industriam
2585 423 2598 446 ,
2644 382 2741 452 qui
2771 396 2842 437 ne
2871 381 3111 435 videaris
3142 379 3232 434 tibi
3266 379 3557 432 commissa
3585 393 3680 434 ne-

378 501 567 561 pastor
621 489 814 555 ﬁeret,
862 490 911 542 in
970 489 1124 556 cujus
1171 485 1346 539 caulis
1399 498 1549 536 suam
1604 500 1631 534 ιι
1683 480 1974 536 cunabulis

378 582 742 650 transegisset
808 579 1066 633 nitatem?
1125 575 1336 630 Iudicia
1388 574 1487 628 Dei
1543 575 1759 644 abyssus
1815 573 1976 625 multa

381 675 400 742 (
425 671 574 726 Psal.
601 687 763 738 xxxv,
795 673 859 743 ἶ)
885 689 898 724 :
924 671 1070 740 qttod
1099 683 1340 739 congrue
1361 677 1611 737 aptamus
1631 665 1968 734 exemplum,

380 778 436 819 et
493 782 654 820 nemo
703 765 961 820 crederet
1000 765 1143 833 quod
1196 763 1250 816 in
1300 761 1634 816 ordinatoris
1679 758 1974 828 aliquando

376 858 555 912 locum
589 857 878 927 subrogari
909 865 1117 928 posset,
1137 866 1162 892 ἐ
1193 854 1318 924 quia
1355 855 1533 909 fuerat
1580 854 1650 905 ab
1675 852 1800 906 aliis
1824 851 1971 905 ordi-

378 962 568 1007 natus.
599 951 718 1006 Non
750 951 966 1021 ambigo
1010 949 1252 1004 caelestis
1285 957 1416 1002 tunc
1460 947 1603 1001 istud
1639 946 1806 999 fuisse
1845 960 1972 999 sen-

379 1043 590 1096 lentim.

446 1135 504 1188 4.
545 1133 660 1201 Qua
679 1131 708 1170 δ
740 1133 824 1187 vel
851 1147 1126 1186 consensu
1157 1131 1248 1202 qui
1277 1130 1387 1185 illic
1414 1130 1800 1185 auctoritatem
1828 1129 1973 1183 Sedis

377 1226 694 1294 apostolicae
743 1225 1181 1294 prteseutabant,
1233 1239 1357 1277 eum
1411 1224 1463 1276 in
1510 1232 1821 1312 nqstrorum
1873 1240 1971 1276 nu-

380 1335 590 1373 merum
641 1318 934 1388 recipimus
967 1335 981 1372 :
1013 1326 1072 1372 et
1115 1321 1166 1371 in
1214 1333 1308 1372 eos
1347 1332 1577 1373 necesse
1605 1329 1690 1372 est
1729 1319 1971 1388 vigorem

376 1429 662 1477 censurae,
696 1416 784 1483 qui
817 1422 1007 1467 contra
1039 1420 1288 1466 nos-trum
1323 1411 1524 1466 factum
1573 1424 1693 1478 post
1727 1413 1844 1466 bzrc
1880 1428 1975 1467 ne-

373 1508 675 1561 scientibus
731 1509 941 1561 nostris
1001 1507 1230 1561 incitare
1278 1505 1534 1561 dicuntur
1591 1507 1861 1576 populos,
1925 1509 1971 1561 si

373 1599 748 1669 perstiterint,
779 1614 1126 1654 exSeratttus.
1157 1601 1313 1664 Quod
1344 1599 1562 1670 quidem
1611 1610 1665 1653 et
1710 1600 1970 1654 Dilectio-

355 1707 499 1764 ‘ncm
554 1703 698 1745 tuam
755 1693 808 1746 in
861 1709 958 1746 cos
1004 1709 1068 1748 ex
1123 1704 1309 1748 nostra
1370 1695 1740 1763 praeceptione
1791 1695 1972 1751 facere

2077 480 2282 548 gligere
2303 519 2318 544 ,
2351 478 2404 531 id
2433 493 2541 531 non
2579 477 2960 547 praetermittis
2985 475 3186 530 litteris
3217 475 3458 531 indicare
3483 513 3500 538 ,
3531 473 3676 543 quod

2077 572 2226 626 sedis
2251 573 2570 642 apostolica)
2598 571 2805 626 debeat
2831 585 3070 627 censura
3099 557 3382 639 corrigere
3405 585 3419 622 :
3453 566 3598 623 hunc
3629 575 3680 624 te

2080 665 2172 719 Dei
2200 665 2371 718 nostri
2399 665 2602 719 habere
2637 664 2917 729 professus
2943 663 3219 728 tiu-iorem,
3248 676 3410 729 quem
3444 658 3678 727 pruden—

2079 758 2290 812 tissimo
2319 758 2502 815 inesse
2525 760 2784 814 convenit
2809 757 3082 813 sacerdoti
3109 773 3123 821 ;
3152 758 3242 825 qui
3275 764 3402 810 tunc
3435 754 3533 808 tibi
3554 768 3679 810 esse

2077 852 2278 920 poterit
2316 850 2594 920 gloriosus
2622 895 2636 918 ,
2687 852 2731 904 si
2777 866 2838 904 ea
2887 865 3008 918 qum
3044 863 3193 904 cura:
3236 857 3343 901 ιιιέυ
3383 845 3679 903 commissa

2076 955 2236 1013 sunt,
2272 946 2538 1015 prodesse
2572 944 2824 1000 ccclesiis
2857 943 3124 999 fuerimus
3161 941 3392 1010 experti.
3431 938 3682 995 lntuetur

2076 1036 2222 1091 enim
2264 1047 2347 1100 te,
2381 1047 2438 1088 ut
2471 1035 2722 1105 epistolis
2761 1038 2870 1090 tuis
2902 1035 3016 1105 ipse
3065 1033 3298 1088 ﬁdeliter
3329 1047 3389 1087 es
3431 1032 3675 1098 locutus,

2075 1130 2429 1186 beatissimus
2467 1131 2664 1186 Petrus
2697 1129 2985 1198 apostolus
3027 1127 3205 1184 oculis
3246 1127 3362 1181 suis
3391 1168 3408 1192 ,
3440 1125 3677 1196 qualiter

2077 1227 2276 1280 summi
2308 1227 2542 1280 rectoris
2581 1224 2753 1280 utaris
2799 1225 3009 1280 officio.
3044 1225 3155 1278 Nec
3193 1230 3376 1292 potest
3414 1220 3512 1276 tibi
3559 1235 3682 1276 esse

2077 1336 2188 1374 non
2221 1320 2542 1390 proximus,
2570 1319 2659 1389 qui
2711 1329 2899 1388 pastor
2943 1317 3341 1372 dominicarum
3381 1316 3566 1370 ovium
3594 1323 3680 1369 est

2076 1425 2378 1483 perpetuus
2410 1413 2783 1474 constitutus;
2819 1421 2910 1465 aut
2938 1411 3176 1480 aliquam
3218 1408 3398 1463 ubivis
3440 1407 3675 1477 positam

2075 1507 2372 1561 ecclesiam
2418 1521 2527 1561 n0n
2568 1520 2765 1560 curare
2792 1549 2806 1573 ,
2838 1505 2890 1558 in
2923 1518 3029 1573 quo
3057 1501 3387 1558 universalis
3429 1502 3676 1558 ecclesia

2077 1601 2314 1673 positum
2337 1601 2566 1670 legimus
2591 1598 3030 1654 fundamentum.

2147 1694 2201 1747 2.
2229 1693 2303 1748 Te
2327 1707 2478 1763 ergo,
2506 1695 2675 1747 frater
2693 1691 3021 1747 cbarissime
3044 1730 3059 1757 ,
3093 1691 3274 1746 omnis
3297 1705 3433 1746 cura
3459 1704 3676 1759 respec-

371 1787 626 1840 voltnnus
659 1804 671 1840 :
709 1797 767 1842 ut
824 1804 1011 1842 eorum
1062 1789 1375 1855 licentiam,
1425 1790 1624 1860 quibus
1675 1790 1810 1844 nihil
1861 1791 1968 1846 tale
2000 1783 2045 1844 Β
2077 1794 2156 1839 tat
2183 1801 2372 1839 catum
2393 1785 2754 1843 ecclesiarum
2780 1827 2794 1850 ,
2826 1799 2962 1853 quas
2997 1781 3096 1837 tibi
3127 1783 3244 1838 vict-
3278 1783 3428 1838 sedis
3455 1791 3680 1851 aposto-

368 1882 770 1949 coutmisintus,
798 1882 1159 1938 refrenemus.

910 1997 1250 2053 EPISTULA
1301 1999 1343 2052 γ
1374 2010 1418 2051 ε.

373 2105 498 2174 Ruﬁ
527 2107 578 2159 in
619 2106 884 2174 implendo
913 2108 1095 2161 vicarii
1128 2111 1427 2178 apostolicrr
1466 2111 1606 2164 sedis
1633 2112 1796 2181 ofﬁcio
1840 2113 1967 2182 rigi-

445 2200 611 2253 lantia
639 2202 905 2255 laudatur.
947 2200 1095 2256 Idem
1124 2205 1414 2273 explicatur
1445 2188 1685 2275 ofﬁcium.
1717 2205 1971 2261 Memorat

448 2289 750 2362 Bonifacius
776 2293 952 2361 plures
973 2297 1259 2366 episcOpos,
1286 2313 1405 2350 suas
1428 2297 1591 2368 ipsius
1619 2299 1816 2352 litteras
1845 2299 1972 2369 Ruﬁ

447 2401 601 2454 Opera
623 2386 691 2438 ad
713 2401 800 2438 eos
825 2387 1049 2458 perlatas
1079 2387 1478 2455 comprobasse;
1509 2405 1667 2459 caque
1704 2392 1972 2444 occasione

445 2479 496 2532 in
529 2477 795 2550 Perigenis
828 2479 1033 2534 laudem
1064 2482 1312 2535 excurrit.

623 2594 988 2649 Dilectissimo
1025 2595 1176 2649 fratri
1205 2595 1356 2650 Rura
1386 2595 1728 2651 Bomracws.

453 2713 495 2765 ι.
531 2711 927 2777 Credebatnus,
967 2723 1087 2781 post
1111 2713 1372 2782 epistolas
1405 2722 1628 2768 nostras
1665 2733 1762 2784 [)l‘f)
1795 2717 1968 2771 eet-le-

368 2805 606 2858 siasuca:
632 2805 944 2874 disciplinae
971 2806 1358 2861 obserVatione
1389 2811 1765 2875 transmissos,
1796 2810 1968 2863 omni-

371 2896 471 2949 bus
508 2899 715 2950 aditum
763 2899 1285 2966 pra-sumptionibus
1321 2900 1771 2967 prmcludendutn
1800 2944 1812 2964 ,
1849 2917 1968 2954 cum

375 2990 438 3041 ad
489 2991 952 3044 consultationem
1014 2991 1333 3046 Uilectionis
1399 3001 1503 3046 tute
1549 2993 1971 3063 praebuisscuius

372 3082 616 3138 debitum
681 3099 780 3153 pro
839 3101 1130 3138 causarum
1182 3088 1550 3139 aestimatione
1607 3102 1967 3156 responsum;

2076 1878 2196 1932 lit-te
2222 1893 2250 1930 ιι
2281 1877 2440 1932 nobis
2461 1877 2697 1932 creditas
2724 1890 3090 1946 recognosces
3121 1895 3134 1929 :
3178 1885 3240 1931 ιιι
3270 1884 3325 1929 et
3362 1891 3526 1945 prava
3557 1890 3681 1930 cor-

2074 1972 2253 2040 rigas,
2289 1979 2347 2024 et
2369 1971 2628 2039 dissipata
2671 1985 3006 2038 componas;
3045 1979 3105 2024 et
3131 1971 3177 2022 si
3212 1984 3333 2038 qua:
3379 1969 3521 2026 inter
3563 1970 3680 2038 epi-

2074 2078 2273 2132 scopos
2313 2067 2573 2117 eveniant
2614 2078 2822 2126 causa}.
2874 2061 2978 2116 sub
3025 2061 3194 2116 divini
3234 2062 3428 2130 judicii
3483 2063 3680 2116 timore

2075 2156 2098 2191 ι¹
2116 2157 2424 2227 distinguas
2451 2174 2464 2210 :
2487 2166 2540 2211 ut
2565 2157 2791 2212 creditis
2819 2156 2913 2210 tibi
2943 2172 2972 2209 a
3000 2156 3134 2214 sede
3158 2156 3456 2225 apestolica
3480 2154 3678 2225 guber-

2076 2248 2282 2303 naculis
2304 2258 2499 2304 contra
2519 2262 2710 2303 omnes
2733 2247 2929 2302 fluctus
2953 2250 3297 2304 nascentium
3315 2247 3677 2318 procellarum

2067 2343 2216 2414 justc
2245 2352 2299 2398 et
2328 2343 2630 2412 prudenter
2658 2344 2850 2396 utaris.

2146 2437 2199 2490 5.
2253 2434 2306 2488 In
2346 2435 2601 2489 notitiam
2645 2435 3028 2504 singulorum,
3083 2433 3152 2488 ad
3205 2449 3344 2504 quos
3389 2442 3515 2487 ante
3563 2432 3676 2503 jam

2073 2529 2393 2599 scripsimus
2421 2544 2584 2597 quem
2611 2527 2874 2582 deberent
2906 2528 3181 2582 tramitem
3215 2526 3520 2591 custodire,
3550 2538 3677 2580 nos-

2075 2630 2184 2674 tras
2210 2632 2260 2674 te
2285 2621 2552 2690 epistolas
2582 2620 2873 2689 pertulisse
2909 2619 3097 2673 dixisti
3131 2637 3145 2673 :
3188 2619 3388 2690 quibus
3426 2619 3675 2676 debitum

2072 2730 2132 2770 se
2154 2713 2506 2769 commodare
2549 2728 2884 2769 consensum
2930 2712 3153 2784 pluritni
3195 2712 3540 2766 sacerdotum
3592 2725 3680 2766 sa-

2072 2824 2289 2864 crarum
2333 2808 2684 2862 traditiontun
2735 2820 3008 2862 memores
3053 2814 3183 2861 sunt
3231 2806 3494 2875 professi;
3541 2821 3679 2876 quos

2073 2906 2311 2961 fraterna
2341 2905 2612 2961 charitate
2647 2905 2906 2974 (Supple,
2942 2902 3155 2972 sumus)
3187 2901 3483 2970 complexi.
3516 2901 3678 2956 Tales

2074 3015 2195 3052 esse
2222 3000 2601 3068 cognoscimus
2630 2995 3020 3065 coepiscopum
3053 3004 3300 3048 uestrum
3324 2994 3673 3062 Adelphium,

2074 3094 2158 3146 vel
2203 3092 2426 3146 fratrt-m
2479 3091 2841 3160 Perigenem,
2884 3091 2972 3144 cui
3017 3087 3162 3143 beati
3193 3102 3378 3142 sermo
3413 3084 3674 3139 concilii"

369 3179 772 3232 εεηιειίιιιθιιιθε
801 3195 861 3232 ea
894 3179 1099 3233 debere
1142 3181 1392 3245 servari,
1424 3197 1544 3248 qua:
1589 3182 1965 3236 ecclesiastica
1994 3183 2037 3242 C
2068 3186 2178 3255 jam
2224 3185 2427 3240 dudum
2473 3184 2840 3254 adstipulator
2885 3181 3138 3237 accessit.
3199 3179 3276 3234 Ad
3330 3180 3678 3248 episcopatus

371 3273 538 3342 exigit
564 3273 875 3341 disciplina.
905 3273 1011 3328 Sed
1040 3282 1302 3342 quantum
1335 3291 1478 3329 nunc
1514 3287 1615 3328 tua:
1650 3275 1966 3330 Sanctitatis

375 3367 536 3420 nobis
591 3367 783 3420 relatio
840 3366 1146 3435 patefecit,
1191 3367 1330 3436 apud
1391 3369 1676 3438 plerosque
1730 3370 1966 3423 valuisse

370 3460 517 3527 quod
549 3459 915 3529 scripsimus;
954 3459 1095 3528 apud
1126 3461 1393 3530 quosdam
1428 3474 1607 3515 autem
1640 3464 1968 3516 adnmnitio-

371 3567 494 3604 netu
538 3561 782 3605 nostram
825 3552 1166 3607 inefficacem
1204 3554 1563 3622 cognovimus
1612 3554 1796 3608 fuisse.
1859 3557 1967 3610 Nec

372 3644 474 3697 bnc
522 3643 876 3698 Fraternitati
925 3656 1030 3697 tua:
1077 3659 1365 3711 possumus
1409 3647 1718 3716 imputar-.-,
1761 3665 1880 3701 cum
1917 3659 1966 3702 te

370 3736 590 3790 anxium
620 3753 716 3806 pro
741 3741 1038 3792 cotttntissa
1071 3737 1166 3792 tibi
1199 3737 1560 3793 ecclesiarum
1595 3740 1968 3796 Sollicitudine

367 3841 424 3888 et
455 3834 617 3887 rebus
634 3843 687 3887 et
719 3833 918 3888 litteris
939 3832 1260 3888 sentiamus.
1288 3833 1592 3904 Vigilantia:
1624 3847 1727 3888 tua:
1774 3836 1964 3891 lauda-

367 4020 515 4076 nime
561 4026 870 4088 cogeretur.
921 4017 1040 4085 Quo
1088 4027 1268 4072 autem
1319 4015 1440 4071 loco
1485 4015 1722 4088 babeudi
1776 4025 1961 4072 essent

368 4089 610 4160 episcOpi
638 4087 719 4142 illi
750 4088 818 4144 ab
846 4089 1130 4160 ecclesiis,
1163 4089 1360 4158 quibus
1400 4087 1634 4160 ordinati
1669 4099 1843 4154 erant,
1881 4106 1966 4143 rc-

363 4159 517 4234 jecti,
543 4160 832 4234 concilium
862 4159 1237 4234 Ancyranum,
1263 4175 1384 4213 ran.
1409 4159 1506 4224 i8;
1539 4160 1960 4234 Antiochenam,

365 4230 489 4288 can.
542 4233 670 4286 item
725 4233 815 4297 18,
865 4244 919 4287 et
967 4230 1442 4297 Neocaesaricnse,
1494 4247 1616 4285 can.
1673 4232 1765 4296 56,
1823 4249 1961 4302 prte-

365 4307 724 4372 scripserunt.

441 4387 464 4414 τι
497 4375 810 4445 Legcndttm
857 4373 1093 4440 videtur,
1132 4375 1224 4444 qui
1268 4374 1392 4428 aliis
1442 4375 1609 4444 fuerat
1657 4373 1950 4426 ordinatus.

365 4449 642 4510 Socrates,
669 4447 764 4499 lib.
789 4459 883 4509 ut,
911 4460 960 4500 c.
986 4446 1078 4506 36.
1109 4449 1317 4515 aliquot
1346 4447 1656 4513 prolaturns
1678 4447 1948 4514 exempla,

365 4520 562 4590 quibus
589 4519 876 4586 episcenos
912 4517 1207 4590 aliquando
1231 4516 1515 4590 transferri
1563 4517 1729 4590 licere
1759 4531 1954 4590 appro-

368 4587 481 4655 bet,
514 4591 618 4644 hoc
647 4591 884 4653 primum
922 4589 1076 4658 ponit
1110 4607 1121 4641 :
1159 4588 1440 4654 Perigenes
1473 4587 1652 4641 Patris
1681 4588 1957 4642 ordinatus

367 4664 539 4730 fuerat
581 4661 858 4731 episcopus
882 4677 901 4713 :
927 4661 1016 4714 sed
1058 4661 1308 4732 quoniam
1345 4666 1464 4732 ejus
1506 4661 1730 4713 civitatis
1763 4660 1960 4732 incola:

365 4735 515 4787 illum
558 4731 828 4786 admittere
855 4733 1195 4797 recusabant,
1233 4731 1488 4786 Romanae
1521 4732 1661 4784 urbis
1688 4731 1960 4802 cpiscopus

368 4821 498 4859 cum-
522 4805 576 4857 in
623 4804 1021 4871 metropolitano
1059 4805 1182 4857 sede
1213 4802 1447 4857 Corinthi
1476 4805 1722 4855 constitui
1761 4804 1955 4873 jussit,

364 4886 574 4930 mortuo
613 4873 760 4929 illius
804 4877 1069 4942 episeopo.
1123 4875 1232 4929 Sed
1287 4874 1691 4939 ex,0ccidente
1753 4875 1957 4928 nullum

366 4947 510 5000 aliud
541 4947 595 5000 in
625 4947 864 5000 medium
896 4946 1074 4999 affert.
1109 4946 1268 4999 Anno
1293 4944 1418 5009 5-H,
1449 4946 1739 4998 concilium
1770 4945 1958 4999 Antio-

365 5021 630 5083 cbeumn,
675 5032 800 5071 can.
837 5017 923 5080 16,
954 5025 1232 5082 vetuerat,
1263 5032 1330 5070 ne
1357 5030 1554 5069 Vacans
1583 5020 1872 5084 episcopus
1903 5019 1957 5070 in

364 5099 649 5143 vacantem
673 5089 960 5143 ecclesiam
988 5089 1263 5156 prosiliret
1278 5087 1465 5158 absque
1480 5088 1682 5156 integro
1708 5089 1962 5158 perfecto—

364 5177 465 5232 que
493 5159 736 5227 concilio,
758 5159 1040 5232 simulque
1057 5159 1356 5225 perfectum
1380 5174 1502 5232 esse
1523 5158 1806 5212 definierat
1823 5159 1958 5232 illud

364 5229 691 5297 concilium,
744 5233 827 5284 cui
881 5231 1189 5298 interfuerat
1242 5229 1677 5301 mctropolitanus
1727 5230 1956 5283 antistes.

367 5303 426 5359 Si
476 5314 654 5358 autem
703 5302 1159 5370 metroltolitanus
1202 5304 1430 5355 antistes
1466 5317 1590 5354 cttm
1623 5315 1718 5353 sua
1752 5301 1960 5370 synodo

368 5385 656 5430 vacantem
687 5373 977 5429 ecclesiam
1024 5373 1235 5428 vacanti
1273 5373 1535 5442 episcopo
1571 5372 1810 5426 tribuere
1836 5373 1962 5440 jure

364 5449 566 5516 potuit,
601 5446 834 5515 idipsum
864 5459 997 5498 sane
1041 5445 1193 5498 licuit
1231 5454 1285 5498 et
1328 5444 1573 5498 Enniano
1621 5444 1859 5510 pontifici
1906 5445 1959 5498 in

367 5533 428 5571 ea
467 5519 740 5583 provincia
765 5558 780 5581 ,
813 5532 934 5584 qua:
965 5516 1030 5568 ad
1059 5517 1350 5584 specialem
1385 5515 1531 5568 illius
1575 5531 1762 5567 curam
1796 5517 1961 5584 perti-

367 5587 553 5643 nebat.
590 5589 790 5641 Eodem
830 5589 953 5654 jure
1000 5597 1185 5651 postea
1225 5602 1356 5641 usus
1397 5595 1481 5640 est
1545 5587 1691 5640 Felix
1735 5586 1772 5639 ΙΙ
1803 5601 1958 5655 papa,

367 5674 492 5713 cum
515 5658 708 5711 Joanni
728 5659 930 5712 Talaite
961 5659 1334 5713 Alexandrina
1366 5659 1586 5712 civitate
1618 5673 1716 5726 per
1744 5659 1960 5712 Petrum

365 5730 625 5798 Moiigum
671 5732 844 5795 pulso,
898 5731 1162 5784 Nolanam
1210 5731 1496 5784 ecclesiam
1529 5740 1832 5794 vacantem,
1882 5731 1958 5783 uti

368 5811 526 5858 testis
555 5811 632 5855 est
671 5801 953 5858 Liberatus
973 5801 1136 5865 diac.,
1165 5819 1214 5858 c.
1242 5803 1308 5858 18
1332 5802 1624 5873 regendam
1656 5801 1824 5857 dedit.

2067 3280 2344 3348 speculam
2383 3282 2494 3348 jam
2540 3279 2768 3332 vocabat
2815 3276 2972 3346 ‘Dei
3001 3319 3016 3339 ,
3065 3277 3319 3344 inquam,
3361 3271 3673 3339 sententia,

2067 3373 2220 3441 ctijus
2255 3373 2518 3426 beneficia
2549 3386 2694 3439 scepc
2723 3369 3004 3424 credimus
3034 3384 3157 3422 esse
3183 3367 3496 3430 contraria;
3526 3376 3579 3418 et
3617 3363 3672 3419 in

2068 3466 2360 3517 adversum
2407 3464 2672 3518 vertimus
2695 3505 2712 3528 ,
2754 3478 2874 3531 qua:
2925 3470 3043 3532 post
3075 3461 3521 3530 recognoscimus
3550 3471 3676 3527 pro-

2070 3557 2261 3612 fuisse.
2289 3559 2460 3625 Quam
2491 3573 2604 3612 rem
2629 3556 2917 3609 conlirmat
2948 3554 3150 3623 negotii
3174 3551 3460 3622 pra-sentis
3486 3565 3674 3606 exem-

2071 3653 2240 3723 plum.
2273 3651 2469 3705 Tristis
2505 3651 2713 3720 absque
2737 3649 2906 3702 dubio
2935 3648 3297 3716 coepiscopus
3345 3655 3535 3700 noster
3579 3645 3677 3699 Pc-

2069 3745 2284 3814 rigencs
2315 3744 2414 3796 fuit
2441 3785 2454 3806 ,
2487 3760 2610 3796 cum
2645 3758 2767 3795 eum
2812 3757 2972 3795 nemo
3002 3741 3306 3810 susciperet
3332 3741 3669 3793 ordinatum.

2070 3839 2261 3895 Nonne
2306 3837 2438 3893 huic
2481 3839 2583 3893 huc
2628 3836 2926 3907 expediens
2977 3843 3128 3901 erat,
3174 3844 3232 3889 ut
3271 3835 3412 3888 hunc
3457 3832 3677 3889 civitate

2142 4017 2166 4056 ιι
2200 4019 2411 4088 Integra
2431 4018 2522 4073 fiet
2547 4017 2841 4082 sententia,
2863 4019 2906 4069 si
2932 4014 3146 4088 legatur
3165 4015 3214 4068 in
3241 4015 3384 4070 bunc
3412 4017 3668 4076 modum:

2069 4088 2238 4155 Quare
2271 4087 2384 4143 cum
2411 4106 2661 4143 consensu
2683 4104 2883 4152 earum,
2906 4087 2996 4156 qui
3015 4087 3123 4141 illic
3151 4089 3512 4141 auctoritatem
3535 4088 3672 4146 sedis

2063 4163 2366 4233 apostolicae
2389 4159 2831 4233 repra'sentnbtmt
2864 4173 2959 4233 seu
2992 4159 3534 4233 reprtesentant.‘St-d
3559 4162 3672 4216 lia'c

2062 4230 2186 4287 cum
2219 4233 2478 4287 subnexis
2501 4231 2570 4286 ad
2600 4231 2762 4285 linem
2793 4230 3192 4294 subaequeutis
3222 4230 3472 4299 epistola:
3507 4233 3673 4298 perti-

2064 4320 2219 4368 nere,
2245 4317 2299 4358 et
2323 4319 2445 4374 qua:
2480 4304 2533 4358 in
2587 4302 2780 4374 eadem
2815 4301 3045 4374 epistola
3078 4311 3192 4354 toto
3216 4317 3446 4374 numero
3474 4301 3509 4355 4
3536 4319 3670 4357 con-

2061 4371 2468 4442 tinentur,'buc
2510 4373 2801 4430 referenda
2834 4388 2955 4428 esse
2993 4371 3106 4442 jam
3149 4373 3402 4441 superius
3434 4390 3669 4443 praemo-

2058 4462 2297 4502 animus.

2143 4530 2163 4555 ο
2197 4520 2250 4574 Si
2284 4519 2537 4574 chronica
2572 4520 2817 4588 cpistola:
2853 4520 3013 4588 hujus
3043 4525 3196 4578 nota,
3249 4516 3325 4568 uti
3361 4516 3518 4571 valde
3573 4532 3668 4574 ve-

2066 4589 2298 4645 risimile
2324 4601 2442 4655 est,
2477 4587 3092 4645 cnm’anteredentibus
3120 4587 3188 4638 ad
3216 4590 3556 4655 superiorem
3585 4602 3666 4642 at-

2069 4663 2239 4725 tinet,
2271 4662 2408 4716 nibil
2438 4663 2542 4716 erit
2577 4662 2722 4716 unde
2752 4671 2964 4729 tempus
2994 4673 3106 4729 quo
3134 4658 3338 4726 scripta
3370 4668 3484 4729 est,
3514 4671 3666 4716 certo

2063 4732 2414 4795 deliniamus,
2449 4734 2549 4785 nisi
2574 4733 2718 4803 quod
2742 4748 2830 4794 ea,
2851 4727 2971 4798 qua;
2998 4727 3326 4803 ab__cxordio
3354 4728 3418 4803 ad
3450 4729 3656 4803 princi-

2063 4810 2238 4874 pium.
2282 4821 2432 4859 num.
2465 4803 2530 4870 4,
2567 4797 2916 4858 disseruntur
2940 4843 2954 4865 ,
2990 4800 3196 4874 nullum
3223 4797 3544 4874 permittunt
3567 4801 3667 4856 du-

2066 4870 2277 4930 bitandi
2310 4879 2507 4940 locum,
2537 4877 2666 4943 quin
2697 4875 2942 4942 proxima
2967 4870 3200 4934 epistola
3225 4873 3258 4924 4
3277 4873 3550 4943 posterior
3569 4876 3662 4929 sit.

2065 4945 2202 4998 Eum
2235 4947 2398 5001 etiam
2433 4949 2511 4999 illi
2552 4942 2837 5001 Servantus
2877 4945 3162 5009 ordinem,
3200 4957 3310 5010 quo
3346 4942 3401 4995 in
3430 4946 3668 5000 concilio

2063 5015 2312 5070 Romano
2341 5017 2569 5070 recitata
2609 5027 2713 5070 est.

2136 5083 2162 5123 ἀ
2207 5087 2455 5141 Labbeus
2481 5089 2762 5157 distringas
2790 5086 2992 5140 mallet.
3017 5083 3144 5157 Sed
3184 5083 3302 5157 ejus
3330 5085 3662 5157 conjecturas

2065 5174 2130 5212 ue
2156 5160 2583 5219 subscribamus,
2619 5154 2766 5213 vetat
2788 5158 2982 5211 similis
3013 5156 3165 5210 locus
3190 5154 3346 5227 Xyin
3377 5155 3464 5221 Ill,
3495 5161 3656 5222 epist.

2067 5231 2154 5294 10,
2185 5249 2238 5283 ιι.
2271 5230 2328 5294 2,
2376 5232 2465 5283 ubi
2493 5233 2535 5283 is
2567 5247 2700 5299 papa
2727 5231 2869 5284 bane
2893 5228 3182 5282 Anastasio
3211 5228 3466 5296 episcotto
3491 5229 3664 5283 Thes-

2066 5301 2392 5355 saloniecnsi
2435 5310 2757 5371 potestatem
2799 5301 3015 5354 dedisse
3045 5315 3105 5353 se
3132 5301 3347 5364 scribit,
3389 5300 3513 5351 utsi
3546 5316 3664 5370 qua

2064 5374 2196 5426 inter
2220 5376 2407 5443 fratres
2450 5383 2734 5427 nascantur
2773 5372 3000 5426 actiones
3035 5371 3322 5441 distinguat
3353 5379 3508 5438 atque
3533 5372 3662 5438 deﬁ-

2066 5455 2195 5498 mat.

2142 5525 2165 5552 ε
2199 5516 2241 5569 Α
2283 5531 2394 5585 quo
2435 5515 2651 5572 scilicet
2699 5519 2934 5585 primum
2977 5512 3334 5585 Patrensibus
3374 5512 3666 5580 episcopus

2066 5589 2244 5642 fuerat
2271 5583 2556 5644 ordinatus
2581 5632 2595 5656 ,
2623 5583 2712 5644 uti
2737 5590 2900 5656 epist.
2928 5587 2993 5651 4,
3022 5603 3076 5639 ιι.
3114 5587 3178 5649 5,
3213 5583 3469 5638 disertius
3498 5601 3666 5654 expo-

2069 5673 2236 5714 lllllll‘.

2141 5731 2160 5768 ί
2204 5730 2259 5787 Si
2285 5733 2637 5803 suppleamus
2664 5732 2774 5799 hic,
2811 5748 2930 5786 eum
2960 5730 3054 5783 Dei
3081 5727 3336 5783 sententia
3357 5768 3372 5791 ,
3400 5739 3551 5786 recte
3580 5745 3669 5786 se-

2067 5815 2286 5876 quetur,
2317 5804 2432 5870 Dei,
2455 5807 2689 5873 inquam.
