4206 6174
590 261 695 320 765

590 479 825 533 cerent?
854 478 963 535 Sed
994 490 1200 551 quanto
1232 490 1257 519 ἰ
1289 482 1587 539 inclinatus
1619 483 1755 551 fuit,
1798 501 1921 542 cum
1954 504 2077 543 eum
2109 504 2199 544 or-

591 569 838 625 dinatum
871 587 1036 628 nemo
1065 576 1346 645 suscepit,
1382 585 1534 633 tanto
1562 579 1853 635 sublimior
1900 598 2044 637 nunc
2082 592 2196 651 est,

596 678 721 720 cum
743 679 773 719 a
795 666 911 721 suis
929 668 1202 737 poscitur,
1235 670 1328 739 qui
1354 670 1423 725 ab
1443 674 1684 729 externis
1706 672 1880 729 fuerat
1906 676 2194 732 refutatus.

595 757 837 814 Evidens
867 762 1013 815 enim
1039 760 1137 817 Dei
1161 762 1625 835 manifestumque
1646 765 1933 835 judicium,
1960 769 2049 835 qui
2073 783 2196 824 cum

593 850 646 905 id
679 852 936 919 temporis
975 854 1147 907 voluit
1187 856 1527 924 prtestolari,
1586 872 1695 928 quo
1732 873 2038 915 mereretur
2069 861 2198 917 huic

593 944 841 999 ecclesiae
875 946 1199 1016 praesidere,
1235 948 1288 1001 in
1318 962 1421 1018 qua
1452 958 1507 1004 et
1538 958 1699 1004 natus
1733 949 2004 1006 asseritur
2030 962 2083 1007 et
2111 968 2196 1008 re-

597 1046 778 1090 natus.

667 1128 721 1184 4.
755 1129 949 1185 Frater
986 1132 1013 1169 ι’
1055 1131 1419 1200 charissime,
1444 1134 1699 1205 quoniam
1741 1135 2044 1206 prudentia:
2095 1148 2199 1194 tua:

599 1222 969 1293 injunctorum
1024 1226 1112 1280 vel
1169 1226 1553 1297 delegatorum
1606 1229 1819 1299 pondus
1883 1231 2193 1299 incumbit,

602 1328 623 1355 ε
645 1319 837 1388 petitio
866 1320 1171 1388 supplicum
1198 1321 1286 1375 vel
1312 1322 1609 1392 diligentia:
1632 1334 1734 1379 tua:
1761 1325 1951 1380 electa:
1980 1325 2199 1395 jamdu-

597 1409 726 1464 dum
758 1412 843 1465 vel
870 1411 1166 1467 vicinitatis
1214 1415 1426 1470 ratione
1458 1427 1509 1471 te
1550 1427 1845 1486 reSpectat.
1873 1420 2047 1484 Quam
2080 1420 2199 1489 qui-

595 1503 720 1560 dem
750 1507 1067 1574 petitionem
1094 1523 1201 1563 non
1229 1509 1434 1581 absque
1456 1511 1821 1567 admiratiooe
1841 1514 2196 1583 perlegimus,

598 1610 886 1667 propterea
932 1601 1077 1671 quod
1116 1604 1224 1656 tuis
1269 1604 1519 1673 epistolis
1562 1606 1887 1675 privaretur.
1932 1606 2198 1663 Omnibus

597 1706 685 1759 co,
722 1707 882 1762 quem
916 1709 1005 1750 res
1049 1697 1304 1767 exigunt,
1337 1698 1531 1754 ordine
1561 1701 1854 1755 celebratis
1875 1743 1889 1767 ,
1924 1702 2100 1773 aliqua
2129 1704 2193 1757 ad

1783 272 2031 330 SANCTI
2069 274 2411 333 BONIFACII
2451 276 2491 343 Ι,
2537 277 2756 348 PAPIE,

588 395 684 437 sua
710 382 1000 441 Patrenses
1034 387 1213 458 pepuli
1243 388 1410 442 unita:
1444 402 1579 444 voce
1623 390 2079 448 contradictionis
2104 408 2189 449 ar-
2218 397 2267 457 Α

3778 289 3874 347 764

2369 396 2691 449 examinaret
2713 441 2727 464 ,
2774 397 2853 451 vel
2883 397 3037 452 etiam
3066 399 3403 467 emendaret,
3451 402 3696 461 direxisse
3725 422 3773 462 se
3808 407 3877 463 si-

2372 488 2607 558 gniﬁcat.

2372 665 2424 719 1.
2469 664 2738 721 Noveram
2782 676 2831 722 te
2856 668 3075 739 quidem
3122 668 3264 724 fama
3310 671 3670 729 celeberrima
3698 677 3880 746 praedi-

2300 768 2457 814 cante
2483 800 2498 827 ,
2524 769 2579 813 et
2609 760 3067 829 frequentissimis
3089 770 3252 833 atque
3279 767 3653 822 veracissimis
3684 771 3879 826 nuntiis

2300 860 2501 921 quanta
2530 866 2681 907 esses
2718 853 2814 908 Dei
2842 856 3015 924 gratia
3050 857 3243 926 plenus
3271 872 3594 929 acceperam
3629 903 3643 928 ,
3690 863 3880 920 beatis-

2300 944 2440 999 sime
2484 954 2646 1014 atque
2688 948 2999 1002 venerande
3040 963 3176 1019 papa
3209 949 3473 1006 Bonifaci.
3525 953 3630 1010 Sed
3676 966 3879 1025 postea-

2300 1054 2460 1109 quam
2492 1049 2546 1094 te
2574 1041 2738 1093 etiam
2776 1042 3068 1110 prtesentia
3097 1045 3367 1113 corporali
3391 1046 3557 1102 frater
3575 1064 3727 1105 meus
3753 1052 3880 1109 vidit

2299 1137 2562 1207 Alypius,
2610 1149 2980 1210 acceptusque
3026 1156 3054 1195 a
3099 1152 3149 1197 te
3183 1142 3578 1213 benignissime
3613 1162 3677 1202 ac
3711 1150 3879 1203 since-

2300 1230 2521 1285 rissime
2547 1242 2733 1285 mutua
2763 1233 2984 1287 miscuit
3000 1234 3241 1290 dictante
3270 1237 3571 1294 dilectione
3596 1240 3877 1311 colloquia,

2302 1331 2587 1393 tecumque
2610 1326 2925 1390 convivens,
2962 1336 3016 1380 et
3042 1342 3210 1397 parvo
3240 1328 3373 1385 licet
3402 1338 3671 1401 tempore,
3699 1347 3882 1402 magno

2302 1415 2395 1470 tibi
2429 1415 2653 1484 junctus
2691 1416 2885 1472 affectu
2914 1462 2927 1483 ,
2963 1432 3023 1472 se
3071 1419 3234 1475 simul
3266 1432 3434 1477 etme
3468 1422 3674 1478 refudit
3709 1425 3879 1479 animo

2304 1519 2397 1563 tuo
2418 1554 2432 1576 ,
2470 1519 2629 1579 teque
2656 1510 2785 1565 mihi
2824 1513 3132 1581 reportavit
3170 1514 3225 1568 in
3266 1530 3397 1583 suo,
3425 1526 3579 1571 tanto
3609 1518 3773 1587 major
3801 1532 3883 1575 me

2302 1612 2409 1658 tum
2435 1604 2753 1659 Sanctitatis
2778 1616 2857 1659 est
2890 1607 3028 1660 facta
3054 1608 3273 1675 notitia,
3297 1618 3509 1679 quanto
3535 1612 3736 1665 certior
3759 1611 3884 1667 amis

2300 1698 2450 1754 citia.
2482 1699 2667 1771 Neque
2684 1702 2829 1755 enim
2874 1702 3187 1773 dedignaris
3217 1748 3230 1773 ,
3272 1705 3363 1774 qui
3407 1721 3514 1759 non
3560 1706 3667 1760 alta
3708 1706 3881 1776 sapis,

601 1799 702 1839 nos
734 1787 937 1856 scripta
969 1792 1313 1846 transmittas
1344 1811 1353 1844 :
1388 1792 1639 1848 nolumus
1681 1795 1825 1849 enim
1872 1797 2199 1867 coepiscopo
2232 1789 2276 1849 Β
2304 1794 2551 1865 quamvis
2573 1796 2737 1850 altius
2764 1795 3082 1865 praesidetis,
3115 1810 3236 1852 esse
3266 1798 3477 1853 aniticus
3507 1798 3810 1865 humilium,
3834 1806 3884 1855 et

598 1876 851 1948 Perigeni
885 1891 1127 1935 nostram
1179 1883 1429 1953 paginam
1478 1884 1755 1941 destinare
1801 1887 1985 1956 prius,
2038 1904 2199 1957 quam

598 1977 719 2024 tuas
748 1973 1078 2041 accipiamus
1108 1976 1405 2045 epistolas,
1448 1979 1606 2048 cujus
1646 1979 1981 2035 ordinatiOni
2014 1981 2201 2037 viden-

598 2072 685 2118 tur
712 2066 895 2119 omnia
921 2065 1188 2137 delegata.
1228 2070 1574 2127 Accelerabis
1598 2072 1652 2127 id
1674 2088 1835 2143 agere
1866 2085 2090 2145 propter
2108 2075 2203 2131 de-

597 2155 864 2211 siderium
897 2162 1308 2229 postulantium.
1341 2163 1531 2219 Melius
1561 2166 1705 2221 enim
1738 2182 1903 2223 nosse
1930 2168 2197 2239 dignaris,

598 2263 695 2303 eos
718 2251 768 2304 in
790 2253 929 2306 hanc
950 2269 1175 2321 precem
1198 2256 1335 2320 sola,
1359 2265 1420 2311 ut
1445 2260 1705 2328 arbitror,
1729 2278 1854 2333 erga
1879 2264 2197 2333 religionem

598 2342 887 2400 devotione
921 2345 1133 2403 fervere
1168 2367 1180 2401 :
1212 2351 1449 2407 maxime
1473 2368 1597 2407 cum
1639 2354 2201 2425 irreprebensibiliter

597 2453 721 2493 eum
751 2450 1005 2495 asserant
1048 2458 1144 2512 per
1185 2459 1362 2500 annos
1411 2446 1733 2504 innumeros
1773 2451 1825 2504 iu
1876 2451 2199 2524 presbyterii

597 2531 803 2589 honore
828 2534 1083 2600 durasse,
1116 2548 1171 2592 et
1199 2553 1310 2593 non
1340 2539 1587 2596 indebito
1616 2543 1759 2598 saltu
1789 2587 1802 2611 ,
1835 2546 1929 2601 sed
1959 2546 2024 2601 ad
2051 2564 2198 2602 sum-

600 2642 746 2681 mum
777 2628 1046 2698 gradatim
1074 2633 1297 2688 venisse
1345 2632 1636 2705 fastigium.
1671 2636 1771 2692 Cui
1814 2639 1878 2693 ad
1908 2640 2201 2709 plenitudi-

600 2734 723 2774 nem
754 2722 1184 2779 confirmationis
1212 2726 1557 2796 episc0patus
1591 2731 1674 2783 sui
1719 2730 1823 2785 hoc
1851 2732 2032 2787 solum
2060 2734 2198 2789 resi-

595 2812 717 2881 det,
750 2815 894 2885 quod
938 2826 1164 2873 nostros
1203 2820 1255 2873 in
1306 2821 1515 2877 honore
1555 2839 1657 2877 suo
1686 2824 1917 2880 necdum
1957 2829 2199 2898 suscepit

595 2906 812 2964 atratus.
846 2908 1166 2982 Intelligere
1197 2924 1380 2969 autem
1421 2927 1563 2969 tuam
1610 2932 1717 2971 non
1767 2920 1985 2990 ambigo
2015 2920 2196 2975 chari-

596 3008 765 3055 tatem
808 3000 910 3058 hoc
944 3018 1052 3058 non
1096 3006 1302 3076 absque
1347 3007 1744 3074 admiratione,
1791 3011 1937 3081 quod
1977 3021 2031 3067 et
2073 3013 2198 3068 huic

597 3093 849 3149 videmur
884 3106 1124 3151 nostram
1180 3098 1434 3168 paginam
1484 3117 1589 3155 non
1643 3103 1889 3168 misisse,
1930 3114 1982 3159 et
2014 3104 2200 3176 (Forte

2306 1904 2549 1944 amorem
2591 1890 2893 1960 rependere
2924 1890 3251 1959 impensum.
3284 1890 3422 1959 Quid
3454 1901 3544 1948 est
3569 1894 3710 1947 enim
3749 1892 3885 1949 aliud

2304 1984 2543 2039 amicitia
2567 2028 2580 2053 ,
2615 2001 2735 2055 quae
2780 2002 2887 2040 non
2916 1984 3136 2040 aliunde
3177 2001 3337 2054 quam
3366 2002 3430 2041 ex
3466 2002 3660 2042 amore
3700 2001 3883 2043 nomen

2302 2078 2546 2147 accepit,
2577 2087 2633 2131 et
2663 2092 2926 2147 nusquam
2960 2078 3065 2131 nisi
3098 2078 3161 2151 in
3197 2078 3418 2134 Christo
3451 2080 3632 2135 fidelis
3658 2090 3740 2135 est
3771 2124 3785 2147 ,
3829 2082 3879 2137 in

2304 2184 2411 2237 quo
2442 2168 2558 2223 solo
2582 2183 2706 2225 esse
2734 2170 2899 2223 etiam
2918 2172 3248 2239 sempiterna
3280 2186 3343 2225 ac
3364 2170 3497 2226 felix
3515 2174 3715 2241 potest?
3738 2170 3883 2228 Unde

2303 2273 2358 2318 et
2388 2272 2608 2332 accepta
2642 2278 2736 2332 per
2760 2280 2887 2319 eum
2914 2263 3159 2331 fratrem,
3189 2280 3283 2333 per
3310 2280 3472 2334 quem
3496 2274 3552 2320 te
3575 2264 3884 2320 familiarius

2302 2355 2501 2422 didici,
2538 2356 2743 2425 majore
2783 2355 2977 2411 ﬁducia
3007 2402 3019 2425 ,
3064 2372 3227 2411 ausus
3264 2374 3382 2411 sum
3413 2358 3622 2428 aliquid
3655 2358 3721 2412 ad
3749 2368 3885 2413 tuam

2304 2448 2710 2504 Bcatitudinem
2740 2449 2982 2505 scribere
3015 2450 3081 2504 de
3122 2449 3210 2505 his
3253 2451 3448 2515 rebus,
3484 2467 3607 2522 qua:
3634 2451 3731 2507 hoc
3760 2461 3883 2506 tem-

2305 2558 2439 2614 pore
2462 2545 2835 2615 episcopalem
2870 2559 3082 2609 curam,
3113 2547 3157 2598 si
3183 2560 3287 2615 qua
3318 2545 3375 2600 in
3404 2545 3567 2601 nobis
3591 2556 3695 2614 est,
3724 2547 3785 2600 ad
3809 2547 3880 2600 vi-

2303 2640 2583 2710 gilantiam
2634 2654 2733 2709 pro
2774 2653 2937 2709 grege
2990 2639 3268 2694 dominico
3316 2640 3544 2695 stimulo
3601 2640 3888 2697 recentiore

2303 2733 2621 2787 sollicitant.

2373 2824 2428 2879 ‘2.
2465 2824 2599 2879 Novi
2620 2824 2821 2895 quippe
2847 2824 3087 2879 haeretici
3111 2870 3124 2891 ,
3155 2823 3362 2880 inimici
3390 2827 3586 2896 gratiae
3616 2827 3706 2883 Dei
3729 2868 3743 2892 ,
3776 2839 3887 2895 qua:

2302 2919 2466 2973 datur
2499 2918 2706 2988 pusillis
2746 2928 2799 2973 et
2828 2918 3043 2987 magnis
3071 2932 3166 2987 per
3194 2917 3379 2973 Jesum
3403 2918 3684 2975 Christum
3715 2918 3886 2974 Domi-

2302 3030 2431 3069 num
2453 3023 2723 3078 nostrum,
2748 3012 2853 3067 etsi
2875 3012 2990 3083 jam
3018 3011 3249 3066 cavendi
3279 3012 3599 3068 evidentius
3627 3014 3888 3085 apertiore

2305 3106 2705 3175 improbatione
2749 3114 3155 3172 monstrantur,
3210 3120 3317 3159 non
3373 3112 3556 3161 tamen
3619 3108 3890 3178 quiescunt

594 3186 716 3259 nec)
747 3188 1085 3259 supplicibus
1111 3192 1410 3260 praebuisse
1438 3209 1787 3264 responsum.
1821 3197 2017 3252 Actum
2045 3215 2074 3251 a
2101 3215 2197 3254 no-
2224 3182 2271 3245 (ἶ
2301 3199 2521 3269 scriptis
2555 3197 2669 3253 suis
2703 3199 2884 3252 minus
2914 3206 3202 3253 cantorum
3233 3197 3319 3253 vel
3352 3198 3535 3253 minus
3565 3199 3887 3255 eruditorum

592 3284 674 3338 his
705 3297 787 3338 est
810 3329 824 3351 ,
858 3295 915 3339 ut
948 3295 1005 3339 et
1044 3287 1362 3356 apostolicze
1396 3289 1543 3342 sedis
1567 3291 1901 3357 auctoritas,
1934 3301 1989 3345 et
2023 3292 2199 3347 Dilec-

593 3378 763 3432 tionis
798 3386 909 3433 tua:
957 3380 1379 3435 honorificentia
1430 3392 1767 3437 servaretur.
1800 3384 1930 3439 Data
1965 3402 2059 3439 xm
2086 3385 2195 3440 kal.

591 3470 819 3527 Octobr.
859 3472 1148 3544 (Septemb.
1185 3474 1276 3542 19,
1301 3492 1428 3530 αηη.
1460 3477 1592 3547 419)
1625 3478 1878 3535 Monaxio
1904 3496 1955 3533 v.
1989 3496 2039 3535 c.
2077 3497 2199 3535 con-

596 3564 733 3620 sule.

1137 3660 1473 3719 EPISTULA
1505 3662 1570 3718 Vl
1600 3661 1627 3701 ἀ

685 3814 969 3856 AUGUSTI.“
1015 3818 1357 3860 HIPPONENSIS
1404 3820 1636 3861 EPISCOPI
1684 3822 1749 3861 AD
1792 3822 2106 3864 BONIFACIUI

1299 3915 1493 3953 PAPAI.

594 4030 947 4109 Augustinus,
981 4036 1248 4102 prtemisso
1292 4033 1559 4104 Bonifacii
1600 4038 1801 4109 elogio,
1845 4041 2198 4093 necessitatem

666 4124 874 4194 exponit
896 4124 1261 4181 hwreticorum
1285 4129 1516 4197 epistolis
1538 4130 1911 4200 respondendi.
1942 4130 2074 4185 Tum
2099 4133 2194 4185 Itoc

666 4232 795 4286 opus
823 4217 892 4271 ad
936 4220 1088 4281 illum
1118 4222 1443 4292 potissimum
1464 4266 1476 4289 ,
1512 4238 1614 4276 non
1652 4232 1706 4276 ut
1735 4223 1982 4290 disceret,
2016 4223 2106 4278 sed
2138 4233 2191 4277 ut

667 4442 693 4470 ⁸
717 4432 954 4490 Snlraudi
989 4434 1174 4503 magis.
1213 4434 1313 4489 llic
1359 4442 1541 4488 autem
1574 4432 1817 4500 humilis,
1850 4432 1901 4487 id
1932 4445 2016 4490 est
2049 4433 2192 4503 quod

601 4505 825 4560 humilis
848 4515 901 4558 et
929 4505 1194 4573 abjectus.

660 4575 689 4614 δ
741 4575 877 4630 Cum
924 4576 1381 4631 antecedentibus
1444 4577 1591 4632 nulla
1648 4576 1857 4631 ratione
1914 4576 2197 4631 cohaerent

592 4648 835 4703 subnexa
869 4664 884 4700 :
932 4648 1027 4701 sed
1067 4649 1109 4700 si
1138 4664 1328 4703 eorum
1372 4650 1495 4703 loco
1526 4647 1927 4702 substituantur
1961 4648 2075 4701 ha‘c
2103 4663 2195 4701 sn-

2302 3291 2468 3346 corda
2508 3301 2742 3344 tentare.
2783 3288 2992 3357 Quibus
3032 3290 3222 3359 utique
3246 3298 3396 3345 esset
3422 3290 3886 3361 respondendum,

2304 3404 2372 3443 ne
2421 3402 2481 3441 se
2528 3387 2613 3443 vel
2655 3401 2783 3440 suos
2830 3387 2882 3439 in
2928 3385 3023 3440 illo
3068 3385 3305 3441 nefando
3348 3401 3541 3441 errore
3583 3386 3887 3447 ﬁrmarent,

2299 3479 2514 3535 etiamsi
2540 3494 2646 3535 non
2669 3487 3036 3533 metueremus
3052 3493 3117 3531 ne
3139 3492 3473 3548 quemquam
3497 3477 3887 3531 Catltolicorum

2302 3574 2584 3629 verisimili
2617 3587 2875 3627 sermone
2902 3571 3245 3642 deciperent.
3278 3570 3411 3624 Cum
3445 3584 3578 3625 vero
3617 3583 3720 3624 ιιοιι
3749 3564 3885 3622 desi-

2304 3678 2432 3722 nant
2464 3669 2699 3721 frcmerc
2723 3667 2788 3719 ad
2813 3666 3067 3720 dominici
3093 3664 3273 3735 gregis
3296 3662 3508 3730 caulas,
3544 3672 3705 3732 atque
3725 3659 3788 3714 ad
3814 3658 3892 3727 di:

2309 3758 2585 3829 ripiettdus
2616 3769 2766 3813 tanto
2800 3761 2975 3827 pretio
3002 3756 3315 3825 redemptas
3332 3768 3484 3819 oves,
3516 3754 3700 3808 aditus
3723 3749 3883 3806 unde-

2303 3868 2537 3923 Comque
2584 3852 2808 3918 rimari,
2858 3850 3279 3918 communisque
3308 3849 3379 3904 sit
3412 3849 3673 3903 omnibus
3705 3845 3850 3901 nobis
3873 3886 3888 3911 ,

2299 3946 2389 4016 qui
2420 3946 2694 4015 fungimur
2722 3944 3071 4013 episcopatus
3097 3942 3281 3996 officio
3304 3941 3581 4011 (quamvis
3613 3941 3728 4008 ipse
3751 3938 3800 3989 in
3824 3948 3883 3989 ea

2301 4039 2658 4106 pratemineas
2699 4036 2932 4091 celsiore
2975 4032 3251 4105 fastigio),
3295 4034 3519 4102 specula
3568 4030 3887 4103 pastoralis:

2294 4130 2437 4184 facio
2467 4129 2611 4199 quod
2638 4144 2858 4199 possum
2894 4143 2989 4198 pro
3018 4128 3122 4182 mei
3142 4127 3410 4197 particula
3434 4124 3703 4191 muneris,
3726 4137 3888 4195 quan-

2298 4232 2415 4278 tum
2467 4223 2602 4280 mihi
2654 4225 2915 4281 Dominus
2966 4223 3357 4295 adjuvantibus
3402 4221 3748 4279 orationibus
3792 4217 3891 4272 tuis

2296 4433 2716 4504 Pelagianorum
2739 4434 3090 4504 conscripsit,
3122 4445 3174 4490 et
3208 4433 3493 4489 Bonifacio
3524 4428 3887 4501 nuncupavit:

2298 4506 2392 4584 sed
2428 4506 2560 4559 nihil
2592 4517 2741 4560 vetat
2785 4507 3079 4584 quominus
3124 4506 3442 4584 appelletur
3466 4504 3703 4574 epistola
3732 4515 3891 4584 ,hmaf

2300 4577 2442 4653 sime
2479 4592 2602 4653 cum
2632 4588 2687 4630 et
2725 4579 3005 4653 epistolari
3030 4578 3253 4653 ratione
3288 4577 3674 4653 concinnatum
3705 4577 3813 4653 sit,
3840 4577 3890 4625 et

2299 4646 2546 4713 epistola:
2590 4643 2812 4702 nomine
2852 4649 3043 4703 donari
3084 4649 3299 4702 soleant
3339 4645 3650 4716 hujusmodi
3688 4643 3890 4716 dedica-

596 4718 827 4801 [verioris
884 4720 1130 4801 epistolae
1171 4736 1323 4773 num.
1352 4718 1387 4773 4
1428 4738 1439 4774 :
1488 4721 1670 4801 Quare
1716 4736 1967 4773 consensu
2011 4735 2191 4773 eorum
2220 4742 2269 4801 ι)
2300 4718 2499 4801 tiones.
2551 4717 2675 4771 Ideo
2716 4728 2899 4801 autem
2944 4720 3278 4801 Augustinus
3324 4714 3598 4801 olttl‘s,.'i.n
3626 4714 3886 4801 quoﬁduas

591 4792 679 4860 qui
728 4789 836 4844 illic
866 4791 1225 4844 (macritatem
1264 4793 1403 4845 sedis
1446 4792 1748 4863 apostolica:
1785 4799 2186 4863 repratsentant,

594 4876 707 4913 eum
734 4863 786 4913 in
809 4873 1104 4916 nostrorum
1126 4878 1399 4916 numerum
1428 4861 1730 4927 recipimus,
1758 4873 1888 4930 ete.,
1926 4861 2059 4916 nihil
2086 4863 2194 4916 erit

593 4932 736 5001 quod
769 4949 874 4985 non
899 4934 1183 5002 aptissime
1210 4934 1502 4988 Coltzureat.

667 5013 687 5039 ο
719 5003 773 5056 In
803 5005 1063 5069 vulgatis,
1098 5006 1357 5077 petitionis
1394 5005 1757 5077 supplirum...
1798 5005 2079 5077 vicinitatis
2106 5020 2192 5056 ra-

593 5074 731 5127 tione
786 5084 1091 5143 perspectat.
1149 5074 1505 5130 Manifestum
1542 5085 1667 5138 est,
1720 5077 1981 5145 petitionis
2033 5075 2190 5140 loco,

593 5146 775 5214 petitio
823 5147 1222 5201 restituendum
1264 5162 1406 5219 esse.
1452 5148 1597 5219 Item,
1625 5158 1970 5219 ριειοδρεοιαιὲ
2006 5162 2106 5215 pro
2146 5158 2193 5219 te

590 5227 839 5288 respectat
865 5261 878 5280 ,
913 5220 1200 5285 irrepsisse
1242 5218 1438 5273 suadet
1473 5218 1606 5273 illud
1627 5217 1783 5273 nunt.
1807 5219 1843 5272 ἓ
1874 5238 1885 5272 :
1928 5217 2001 5271 Te
2025 5217 2191 5271 onmis

588 5306 716 5344 cura
784 5300 1032 5361 respectat
1093 5306 1273 5343 eorum
1325 5291 1684 5345 ecclesiarum.
1732 5290 1954 5361 (Duplici
2028 5290 2192 5357 igitur

590 5364 801 5418 ratione
828 5359 1243 5416 Corinthiorum
1273 5364 1595 5431 petitionem
1625 5362 1692 5415 ad
1726 5360 1925 5414 Rufum
1956 5364 2191 5414 attinere

592 5432 901 5488 Bonifacius
923 5434 1115 5501 docet,
1151 5435 1323 5502 prima
1350 5433 1573 5501 speciali
1601 5474 1614 5497 ,
1649 5447 1753 5501 qua
1782 5433 1982 5485 dudum
2012 5431 2190 5502 abin-

590 5504 845 5582 noceutio
891 5504 958 5559 ad
1008 5501 1419 5570 cognoscendas
1470 5502 1782 5582 hujusmodi
1839 5517 2034 5582 causas
2076 5501 2187 5582 jam

589 5577 798 5631 electus
824 5577 1026 5641 fuerat;
1052 5579 1224 5632 altera
1256 5577 1532 5630 communi
1558 5615 1574 5641 ,
1597 5584 1867 5642 quatenus
1886 5572 2189 5628 Corinthiis

590 5648 807 5718 vicinus
836 5657 955 5702 erat
994 5648 1465 5718 metropolitanus.

658 5717 685 5754 ἀ
718 5720 932 5786 Scripta
962 5734 1106 5772 anno
1134 5715 1264 5774 [20.
1300 5718 1392 5772 Est
1430 5716 1650 5787 quidem
1698 5715 1985 5772 exordium
2018 5716 2190 5771 libro-

587 5798 703 5841 rum
737 5800 995 5857 quatuor,
1028 5802 1165 5857 quos
1190 5788 1525 5859 Augustinus
1552 5798 1745 5843 contra
1771 5789 1907 5847 duas
1929 5788 2189 5856 epistolas

2298 4789 2711 4857 Pelagianorum
2763 4786 3347 4860 epistolas—cauiutat,
3398 4788 3676 4842 Bonifacio
3714 4786 3888 4838 dican-

2294 4860 2425 4914 dum
2458 4861 2645 4925 duxit,
2678 4861 2804 4929 quia
2842 4862 2963 4916 illas
2997 4862 3261 4929 epistolas
3300 4860 3402 4915 sibi
3430 4860 3500 4914 ab
3537 4860 3730 4914 eodem
3758 4866 3885 4929 palm

2296 4932 2651 5008 transmissas
2673 4926 2977 5008 acceperat.
3016 4926 3119 5008 Eas
3142 4933 3397 4987 nin‘iirum
3428 4926 3885 5008 Bonifacius‘A‘ly-

2298 5002 2387 5071 pio
2423 5001 2654 5075 ~tradens
2700 4997 2869 5057 Roma
2918 5007 2969 5057 in
3002 5004 3240 5058 Africam
3279 5002 3574 5075 revertenti
3604 5042 3627 5075 ,_
3659 5000 3755 5067 ipsi
3786 4997 3885 5075 Au-

2294 5073 2543 5144 guStino.
2577 5074 2734 5143 cujus
2762 5090 2961 5129 nomen
2988 5116 3002 5138 ,
3038 5082 3095 5128 ut
3137 5075 3229 5129 lib.
3265 5090 3302 5127 ιι
3346 5071 3495 5127 Retr.
3521 5073 3658 5144 c.761
3700 5071 3885 5144 (menti.

2297 5140 2399 5217 nit,
2431 5140 2753 5199 calumniose
2773 5146 3134 5217 interpositum
3160 5144 3473 5217 offendebat,
3502 5140 3875 5217 noluit-latere.

2303 5215 2456 5270 Unde
2510 5228 2724 5285 tempus
2764 5212 3024 5285 colligere
3060 5227 3144 5271 est
3167 5257 3182 5279 ,
3214 5231 3321 5285 quo
3353 5214 3469 5268 haec
3503 5212 3877 5285 epistolarcum

2300 5288 2513 5365 reliquo
2531 5283 2708 5365 ppere
2739 5283 2999 5341 adornata
3039 5283 3392 5365 sit._lA_lypiu§‘
3418 5284 3564 5365 enim
3597 5283 3877 5365 subd-inero

2299 5356 2560 5431 anniitl9
2604 5361 2770 5431 llonta
2807 5374 3057 5431 reversus
3101 5356 3320 5412 dicitur.
3354 5356 3425 5431 Et
3453 5356 3590 5431 ordo
3621 5356 3875 5431 quidem,

2298 5443 2457 5499 quem
2510 5430 2563 5483 in
2624 5429 2779 5485 libris
2832 5430 3299 5485 Retractationuni
3348 5424 3878 5499 Attgustit_ii_obtiuel

2299 5494 2416 5554 haec
2462 5500 2800 5567 lucubratio,
2853 5502 3048 5555 suadet
3084 5515 3203 5556 eam
3237 5499 3301 5552 ad
3343 5494 3550 5571 (annum
3575 5494 3682 5571 420
3724 5494 3878 5571 perti-

2298 5587 2449 5627 nere.
2478 5575 2615 5643 ltam
2635 5588 2853 5641 quoque
2884 5588 2981 5642 per
3009 5572 3262 5643 Alypium
3290 5568 3356 5624 ad
3392 5568 3725 5643 Bonifaciu‘m
3762 5568 3879 5642 mis-

2295 5656 2411 5698 sam
2441 5658 2562 5698 esse
2596 5636 2844 5699 Julianus
2866 5636 3006 5714 apud
3034 5636 3396 5712 Augustinum
3418 5682 3433 5707 ,
3469 5639 3562 5694 lib.
3602 5650 3623 5693 ι
3658 5636 3752 5703 0p.
3788 5636 3880 5687 im-

2296 5715 2432 5785 peri.
2460 5730 2511 5769 c.
2547 5714 2639 5782 85,
2671 5733 2770 5785 pro
2789 5727 2943 5773 certo
2969 5714 3137 5785 ponit.
