4206 6174
456 232 562 293 765

453 343 587 399 dare
617 342 906 414 dignatur,
954 353 1008 398 ut
1040 342 1431 413 pestilentibus
1462 352 1517 398 et
1544 341 1932 424 insidiantibus
1963 355 2056 398 eo.
2082 348 2131 406 Α

458 452 579 492 rum
604 438 830 508 scriptis
860 437 1136 493 medentia
1170 446 1226 493 et
1254 438 1557 493 munientia
1587 438 1792 507 scripta
1823 445 2061 507 prasten—

457 530 608 596 dam,
637 531 837 602 quibus
868 531 1049 587 rabies
1073 546 1177 603 qua
1211 530 1421 587 furiunt
1446 574 1460 596 ,
1493 541 1585 587 aut
1623 532 1789 587 etiam
1824 531 1940 601 ipsa
1968 545 2059 585 sa-

459 634 645 688 netur,
677 634 773 679 aut
803 640 832 679 a
865 625 1129 681 laedendis
1155 627 1281 682 aliis
1308 628 1623 697 repellatur.

533 719 586 773 5.
634 716 762 773 Ηίῐξθ
791 726 978 773 autem
1007 765 1020 786 ,
1069 734 1192 789 quae
1225 720 1438 775 duabus
1464 720 1713 790 epistolis
1745 734 1938 775 eorum
1973 734 2060 773 re-

461 810 730 880 spondeo,
757 812 851 867 uni
872 813 1085 869 scilicet
1109 830 1274 885 quam
1307 824 1330 851 α
1360 815 1561 870 dicitur
1580 814 1811 869 Romam
1842 814 2059 869 misisse

456 902 730 970 Julianus,
755 905 925 959 credo
951 916 1008 960 ut
1038 922 1133 975 per
1154 907 1301 961 illam
1327 924 1467 979 quos
1494 918 1680 979 posset
1700 924 1831 963 suos
1852 919 1945 963 aut
1970 910 2055 962 in-

458 995 674 1050 veniret
703 1037 717 1062 ,
746 1008 838 1051 aut
872 997 1078 1055 faceret
1105 1044 1119 1069 ,
1156 1001 1314 1056 alteri
1340 1011 1558 1069 autem,
1590 1017 1752 1071 quam
1781 1000 1971 1056 decem
2002 1010 2059 1057 et

456 1097 581 1143 octo
605 1090 755 1146 velut
797 1094 1039 1163 episcopi
1083 1094 1379 1166 participes
1412 1097 1532 1163 ejus
1562 1094 1799 1163 erroris,
1839 1109 1946 1149 non
1988 1094 2056 1149 ad

455 1180 762 1250 quoslibet,
789 1182 887 1237 sed
914 1182 980 1239 ad
1014 1185 1118 1239 loci
1153 1186 1323 1255 ipsius
1366 1186 1682 1258 episcopum
1708 1203 1803 1242 sua
1839 1187 2054 1242 callidi-

461 1283 570 1329 tate
612 1276 932 1333 tentandum
959 1324 973 1346 ,
1008 1286 1064 1334 et
1092 1281 1158 1334 ad
1190 1296 1317 1337 suas
1343 1292 1554 1352 partes,
1594 1283 1638 1337 si
1680 1292 1864 1353 posset
1894 1283 2012 1338 fieri
2037 1322 2053 1346 ,

460 1366 855 1423 traducendum
889 1411 904 1437 ,
952 1372 1069 1425 ausi
1102 1383 1226 1427 sunt
1258 1372 1706 1430 Thessalonicam
1756 1376 2003 1430 scribere
2038 1393 2049 1427 :

456 1460 572 1518 Innc
600 1478 731 1534 ergo
760 1480 881 1535 qua:
905 1465 1048 1535 istis,
1076 1477 1133 1522 ut
1159 1467 1296 1536 dixi,
1321 1467 1532 1525 duabus
1559 1470 1806 1539 epistolis
1836 1469 2050 1525 illorum

456 1556 557 1611 ista
592 1557 963 1629 disputatione
1001 1562 1310 1629 respondeo
1338 1603 1352 1629 ,
1400 1563 1465 1617 ad
1504 1572 1653 1618 tuam
1704 1562 2051 1634 potissimum

452 1648 691 1721 dirigere
721 1654 1093 1722 sanctitatem,
1125 1671 1231 1709 non
1264 1663 1374 1710 tam
1410 1656 1668 1711 discenda
1690 1699 1704 1721 ,
1730 1671 1893 1727 quam
1923 1672 2052 1711 exa-

1703 226 2059 285 EPISTOLE
2100 228 2185 284 ET
2228 228 2573 286 DECRETA.

3626 226 3763 302 nec

2356 344 2669 400 Bomncws
2709 345 2998 417 episcopus
3032 345 3271 402 HONORIO
3298 356 3530 417 augusto

2238 436 2496 493 Ecclesiae
2529 454 2661 493 meae
2702 436 2751 505 ιι,
2788 440 2875 493 cui
2907 440 3052 495 Deus
3086 448 3275 495 noster
3297 454 3475 496 meum
3506 436 3765 495 sacerdo-

2165 529 2300 583 tium
2335 528 2486 583 vobis
2518 546 2603 585 res
2642 531 2907 586 humanas
2938 531 3255 601 regentibus
3290 530 3594 602 deputavit,
3629 544 3765 587 cura

2164 625 2506 693 constringit,
2542 641 2609 681 ne
2634 628 2812 682 cau~is
2842 628 2986 697 ejus,
3021 630 3274 697 quamvis
3304 628 3481 683 adhuc
3507 628 3764 699 corporis

2163 718 2610 774 incommoditate
2638 719 2912 787 detinear,
2963 731 2985 758 θ
3042 728 3344 775 conventus
3394 737 3420 773 a
3463 720 3766 777 sacerdoti-

2163 809 2264 865 bus
2310 811 2579 866 universis
2605 823 2658 867 et
2689 813 2944 882 clericis,
2976 824 3032 869 et
3057 814 3373 869 christiana:
3421 814 3593 883 plebis
3639 829 3763 885 per-

2162 904 2564 960 turbationibus
2605 906 2861 977 agitatus,
2911 908 3051 978 apud
3102 923 3261 963 aures
3300 906 3758 963 Christianissimi

2160 999 2425 1068 principis
2449 1000 2645 1055 desim.
2680 999 2697 1039 ί
2731 1001 2785 1057 Si
2812 1002 2941 1073 qttid
2982 1003 3130 1058 enim
3164 1018 3324 1058 secus
3347 1020 3507 1074 quam
3539 1012 3758 1073 oportet

2160 1094 2401 1161 eveniat,
2436 1110 2542 1149 non
2575 1111 2671 1151 vos
2707 1096 2757 1150 id
2792 1097 2994 1163 facere,
3027 1098 3119 1169 qui
3162 1109 3358 1152 cuncta
3387 1113 3539 1168 requa
3571 1098 3759 1153 mode-

2159 1186 2369 1241 ratione
2398 1188 2758 1257 compouitis;
2802 1190 2896 1244 sed
2932 1205 3068 1256 nos,
3102 1205 3197 1259 per
3230 1198 3474 1244 nostram
3510 1198 3757 1246 tacentes

2159 1277 2448 1345 desidiam,
2491 1280 2801 1335 videbimur
2838 1281 2981 1351 quod
3024 1280 3264 1335 civitatis
3295 1282 3535 1351 quietem
3575 1292 3630 1336 et
3658 1282 3760 1337 Ec-

2156 1373 2339 1427 clesia:
2360 1389 2544 1442 pacem
2568 1385 2883 1443 pervertere
2907 1376 3084 1429 valeat
3112 1375 3425 1431 admisisse.
3451 1376 3584 1429 Cum
3606 1376 3753 1432 enim

2158 1466 2409 1522 humanis
2440 1468 2603 1524 rebus
2635 1468 2835 1523 divin-.e
2866 1469 3047 1524 cultor
3083 1469 3363 1539 religionis
3406 1468 3639 1524 Domino
3682 1470 3758 1524 fa-

2156 1571 2317 1616 vente
2366 1561 2698 1631 przesidcas;
2750 1571 2933 1617 nostra
2985 1561 3142 1631 culpa
3178 1562 3308 1627 erit,
3340 1562 3383 1615 si
3424 1577 3529 1615 non
3574 1560 3625 1615 id
3656 1561 3757 1617 sub

2155 1669 2335 1710 veSIra
2358 1657 2557 1726 gloria,
2589 1671 2749 1725 quam
2801 1665 3017 1711 certum
3061 1664 3146 1711 est
3192 1654 3392 1709 divinis
3422 1669 3640 1722 semper
3670 1668 3757 1710 re.

451 1743 730 1809 minanda,
762 1754 818 1800 et
841 1745 933 1801 ubi
972 1746 1204 1802 forsitan
1229 1748 1433 1819 aliquid
1458 1748 1839 1818 displicuerit,
1866 1764 2052 1805 cmen-
2083 1765 2129 1824 Β
2155 1748 2257 1803 bus
2286 1747 2471 1802 animo
2503 1748 2840 1818 promptiore
2882 1750 3100 1813 favisse,
3140 1748 3295 1802 firmo
3325 1756 3381 1801 et
3415 1747 3598 1802 stabili
3630 1746 3755 1817 jure

452 1837 630 1892 danda
674 1840 960 1896 constitui.
992 1841 1262 1897 lndicarit
1288 1844 1431 1898 enim
1477 1844 1607 1898 mihi
1650 1843 1819 1899 frater
1850 1860 2005 1899 uicus
2038 1890 2050 1908 ,

449 1930 594 2000 quod
635 1946 727 1987 eas
781 1932 862 1987 illi
904 1934 1036 1989 dare
1087 1935 1205 2005 ipse
1256 1936 1512 2008 dignatus
1546 1952 1639 2005 es,
1672 1953 1793 2008 qua:
1831 1939 1884 1993 in
1937 1947 2053 1995 tuas

450 2038 665 2088 manus,
696 2025 798 2079 nisi
832 2026 1245 2096 vigilantiSsima
1271 2029 1553 2101 diligentia
1582 2030 1809 2086 fratrum
1835 2041 2053 2088 nostro-

447 2130 569 2170 rum
605 2116 844 2192 liliorurn
872 2128 1092 2176 tuorum
1124 2162 1138 2185 ,
1176 2124 1365 2178 venire
1399 2140 1507 2178 non
1534 2135 1775 2194 possent.
1810 2125 1928 2196 Ago
1955 2141 2052 2181 au-

452 2217 561 2263 tem
602 2209 806 2279 gratias
837 2212 1234 2269 sincerissimae
1257 2216 1308 2269 in
1341 2230 1439 2269 nos
1463 2216 1861 2271 benevolentize
1897 2226 2001 2273 tute
2031 2260 2045 2286 ,

451 2303 594 2374 quod
626 2318 719 2358 eas
746 2321 832 2362 me
859 2306 1037 2363 latere
1066 2309 1287 2364 noluisti
1319 2310 1534 2365 litteras
1559 2312 1910 2366 inimicorum
1930 2328 2048 2383 gra-

451 2396 539 2449 tim
577 2396 672 2451 Dei
703 2441 718 2464 ,
770 2400 820 2452 in
862 2401 1061 2470 quibus
1097 2402 1356 2472 reperisti
1388 2420 1587 2459 nomen
1629 2420 1808 2460 meum
1838 2406 2047 2461 calum-

448 2489 605 2546 niose
630 2499 793 2562 atque
815 2493 1101 2549 evidenter
1129 2512 1473 2566 expressum.

968 2587 1305 2644 EPISTULA
1348 2589 1439 2644 VII
1472 2589 1521 2656 ι),

447 2670 555 2727 Seu
588 2684 610 2711 ο
642 2676 957 2746 supplicatio
988 2688 1043 2731 ut
1072 2681 1420 2735 constituatur
1445 2700 1476 2734 α
1505 2683 1763 2754 principe,
1787 2694 2040 2755 quatenus

515 2764 568 2818 in
595 2767 720 2822 urbe
752 2768 918 2825 Roma
947 2787 1040 2841 per
1068 2773 1315 2826 ambitum
1341 2789 1621 2844 numquam
1643 2776 1878 2847 pontifex
1896 2776 2042 2831 ordi-

517 2868 687 2916 netur.

2158 1841 2518 1907 cusmdiatur,
2575 1841 2718 1911 quod
2766 1857 2862 1911 per
2894 1850 2975 1895 tot
3014 1855 3280 1896 annorum
3312 1840 3513 1895 seriem
3560 1850 3617 1895 et
3656 1840 3759 1896 sub

2157 1935 2266 1990 illis
2297 1935 2459 1989 etiam
2495 1934 2829 2004 principibus
2859 1934 3127 2001 obtinuit,
3171 1948 3308 2004 quos
3358 1935 3505 1989 nulla
3551 1941 3756 1989 nostrae

2155 2029 2439 2099 religionis
2468 2044 2597 2084 cura
2628 2028 2980 2093 constrinxit,
3015 2038 3040 2076 ε
3073 2027 3126 2082 id
3158 2037 3242 2083 est
3269 2028 3534 2095 ethnicis,
3563 2039 3617 2083 et
3650 2027 3753 2083 sub

2152 2129 2350 2176 Vestra:
2377 2119 2617 2190 Imperio
2656 2121 2977 2176 Clementia:
3010 2120 3235 2175 minime
3266 2136 3387 2190 qua:
3416 2131 3543 2175 sunt
3568 2119 3756 2175 illicita

2151 2210 2540 2268 formidentur.
2570 2212 2687 2282 lpsa
2713 2212 2858 2267 enim
2884 2210 2910 2248 ιι
2939 2213 3183 2268 Ecclesia
3206 2212 3557 2267 devotionem
3581 2220 3751 2280 tuam,

2150 2307 2608 2363 chriStianissime
2654 2307 2982 2377 Imperator,
3030 2323 3153 2361 meo
3196 2306 3419 2376 quidem
3470 2321 3751 2375 sermone,

2150 2400 2244 2455 sed
2275 2417 2374 2456 suo
2428 2398 2442 2437 ί
2493 2400 2822 2457 venerabilis
2862 2401 3097 2470 appellat
3138 2400 3359 2465 affectu,
3394 2416 3553 2471 quam
3595 2401 3755 2457 Chri-

2150 2503 2270 2549 stus
2303 2494 2447 2549 Deus
2480 2504 2691 2560 noster,
2735 2494 2901 2548 vestri
2950 2494 3091 2549 fidus
3124 2506 3303 2549 reetor
3333 2504 3389 2548 et
3416 2495 3753 2564 gubernator

2151 2586 2391 2656 Imperii,
2424 2586 2515 2640 uni
2547 2585 2931 2654 desponsatam
2964 2585 3065 2639 sibi
3101 2597 3155 2639 et
3193 2585 3452 2640 intactam
3482 2586 3751 2656 virginem

2150 2690 2333 2735 servat
2360 2679 2434 2749 (ll
2476 2678 2599 2733 Cor.
2626 2695 2701 2742 xt,
2737 2678 2833 2749 Ξ),
2864 2694 2929 2734 ne
2965 2681 3019 2734 in
3049 2695 3169 2734 eam
3208 2681 3423 2750 aliquos
3463 2680 3747 2750 patiamini

2149 2772 2521 2827 insidiantium
2554 2772 2921 2842 procellarum
2964 2771 3158 2827 fluctus
3188 2773 3323 2828 illidi
3353 2814 3367 2839 ,
3406 2783 3461 2829 et
3506 2772 3747 2844 quietam

2150 2866 2343 2921 faciem
2376 2869 2716 2936 tempestatis
2746 2865 2981 2921 insolita:
3020 2876 3235 2921 tumore
3265 2866 3501 2934 turbari,
3539 2868 3748 2939 glorio-

514 3057 537 3085 α
570 3050 718 3125 lianc
747 3048 964 3125 luliano
990 3066 1145 3125 suam
1176 3068 1302 3109 esse
1333 3052 1621 3119 inficianti,
1652 3054 1993 3125 AuguSIinus
2013 3096 2026 3120 ,
2058 3058 2105 3121 C
2138 3054 2434 3125 perialibus
2484 3054 2680 3110 edictis
2707 3054 2902 3124 quibus
2948 3055 3089 3110 hunc
3132 3054 3442 3125 pontificem
3470 3057 3521 3111 in
3552 3059 3740 3118 urbem

440 3118 533 3195 lib.
570 3121 711 3195 10p.
749 3121 968 3191 imperi.
1002 3137 1051 3177 c.
1085 3123 1173 3189 18,
1211 3125 1353 3179 istud
1386 3126 1723 3195 respondere
1742 3118 1898 3181 “satis
1939 3118 2033 3181 ha-

439 3190 602 3265 bnit;
641 3190 750 3265 Sed
775 3190 960 3248 si’eam
990 3211 1091 3247 non
1125 3198 1384 3265 agnoscis,
1417 3190 1531 3250 ecce
1557 3213 1659 3250 non
1685 3199 1751 3249 sit
1784 3206 1893 3251 tua.

507 3265 534 3300 ι’
574 3264 630 3319 In
663 3264 907 3321 Gratiani
951 3264 1197 3330 decreto,
1247 3268 1374 3323 dist.
1425 3268 1516 3331 97,
1569 3284 1619 3322 c.
1658 3271 1709 3331 l,
1769 3279 1877 3322 tota
1937 3270 2033 3325 de-

434 3336 644 3413 scripta
690 3336 1019 3413 _c_st._Ex_s_tat
1070 3354 1289 3413 quoque
1333 3342 1383 3393 in
1418 3341 1750 3413 collectione
1782 3341 2030 3413 Dionysii

436 3405 649 3481 Exigtii,
689 3407 855 3463 Hadr.
893 3408 1150 3481 llispana,
1188 3410 1406 3478 lsidori,
1434 3420 1485 3466 et
1522 3412 1628 3465 alia
1660 3405 2030 3481 Langobardi-

432 3477 515 3551 cis
544 3481 739 3534 litteris
770 3477 1019 3535 exarata.
1056 3479 1152 3534 llis
1190 3484 1241 3535 in
1291 3482 1708 3537 colleCIiouibus
1754 3477 2026 3551 superiori

431 3548 679 3621 epiStolze
703 3553 738 3607 5
764 3554 889 3605 anui
918 3552 1045 3614 419,
1080 3568 1266 3608 mense
1293 3555 1478 3618 Junio,
1516 3548 1855 3621 consignatae
1881 3566 2028 3611 aute-

430 3620 623 3697 _fertur.
648 3695 657 3697 _
684 3622 791 3679 Sed
835 3622 969 3697 nihil
1002 3624 1126 3677 inde
1149 3625 1371 3693 juvatur
1411 3626 1595 3693 opinio
1647 3620 1887 3689 B'trouii,
1936 3627 2027 3697 qui

430 3690 571 3748 hanc
596 3695 660 3749 ad
689 3695 940 3749 eumdem
971 3690 1173 3748 annum
1204 3697 1394 3752 refert.
1428 3690 1483 3753 Si
1524 3696 1668 3751 enim
1722 3712 1867 3751 anno
1916 3690 2024 3754 4'19

428 3776 570 3819 esset
606 3766 829 3837 scripta.
854 3782 976 3819 cum
1004 3780 1122 3820 eam
1154 3782 1337 3822 mense
1358 3770 1503 3822 Julio
1529 3768 1709 3822 datam
1738 3784 1861 3823 esse
1891 3784 2024 3823 con-

424 3843 554 3899 stet,
598 3848 652 3891 ut
684 3839 930 3906 epiStolae
963 3852 1151 3892 mense
1183 3839 1348 3893 Junio
1379 3842 1709 3908 consignata‘
1740 3849 2023 3908 postpone-

423 3915 597 3975 retur,
631 3912 893 3979 temporis
922 3910 1059 3962 ratio
1090 3912 1417 3978 posmlabat.
1461 3911 1515 3967 Si
1565 3914 1731 3964 etiam
1775 3915 2018 3966 occasio-

422 3993 545 4032 netu
569 3996 674 4051 qua
704 3983 905 4052 scripta
956 3989 1063 4045 est,
1109 3982 1504 4051 expendamus,
1535 3997 1655 4036 eam
1701 3981 1766 4035 ad
1816 3998 2016 4038 annum

420 4052 524 4104 M9
584 4051 861 4121 pertinere
908 4067 1015 4105 nun
1071 4067 1229 4119 posse
1280 4054 1439 4109 facile
1477 4054 1819 4109 conficietur.
1866 4054 2014 4108 ltlatn

417 4122 616 4191 quippe
654 4123 871 4193 scripsit
906 4123 1215 4177 Bonifacius
1242 4135 1430 4195 rogatu
1470 4126 1711 4179 omnium
1760 4127 2017 4181 sacerdo-

418 4200 529 4246 tum
560 4210 625 4250 ac
652 4194 977 4267 cleriCttrum
1007 4210 1256 4259 suorum,
1286 4194 1379 4265 qui
1411 4199 1567 4267 longa
1592 4198 2014 4251 incommoditate.

416 4274 579 4335 atque
625 4266 947 4335 aegritudine
997 4266 1167 4337 ipsius
1195 4270 1391 4333 territi,
1420 4266 1546 4322 dum
1582 4268 1700 4337 ejus
1728 4268 1850 4321 vitae
1893 4284 2009 4323 me—

413 4344 651 4401 tuerent,
680 4352 749 4392 ue
781 4338 977 4392 Eulalii
1030 4339 1441 4395 recrudesceret
1487 4338 1747 4399 schisma.
1800 4340 2011 4408 prospi-

411 4408 667 4463 ciendum
696 4410 991 4464 duxeruut.
1017 4411 1274 4475 Quamvis
1302 4411 1444 4464 enim
1470 4414 1855 4466 convalescere
1884 4426 2008 4465 mox

410 4482 665 4546 cmperit,
696 4481 830 4535 nihil
861 4496 1037 4535 tamen
1065 4484 1274 4535 Censuit
1300 4482 1685 4543 differendum,
1720 4484 2009 4547 quominus

411 4549 675 4607 Ecclesia:
707 4554 897 4606 unitati
928 4568 990 4606 ac
1025 4552 1145 4622 paci
1174 4553 1227 4607 in
1263 4564 1542 4620 posterum
1577 4554 1913 4608 consuleret.
1940 4558 2007 4607 At

409 4635 541 4676 vero
592 4623 644 4677 in
700 4624 966 4693 superiori
1017 4624 1246 4691 epistola
1294 4626 1327 4679 5
1366 4625 1498 4679 nihil
1554 4624 2004 4694 deprehenditur,

408 4694 551 4766 quod
614 4696 922 4766 pontificem
979 4695 1133 4766 longa
1191 4696 1610 4751 incommoditate
1667 4698 2005 4750 laborantem

404 4764 598 4835 sciret.
634 4768 759 4821 llzec
785 4765 973 4835 igitur,
996 4764 1194 4835 de'qua
1223 4769 1457 4834 agimus,
1487 4772 1651 4822 citius
1677 4769 1701 4822 1
1730 4767 1818 4821 die
1853 4783 2006 4821 men-

405 4834 481 4889 sis
510 4836 637 4892 Julii
671 4834 938 4893 auni-HO
966 4834 1276 4907 consignari
1325 4840 1532 4908 nequit.
1587 4839 1721 4893 Cum
1773 4838 2004 4892 solemni

405 4908 914 4977 probatissimorum
954 4912 1301 4963 sacerdotum
1350 4911 1620 4979 legatione
1675 4910 1838 4963 IlliSsa
1898 4917 1999 4963 est.

484 4990 505 5017 ε
548 4982 865 5049 Argumenti
901 4981 1080 5049 hujus,
1113 4981 1257 5051 quod
1287 4982 1574 5052 Dionysius
1600 4981 1841 5052 Exiguus
1865 4996 1995 5033 eun-

403 5050 671 5121 cinnavit,
697 5054 979 5107 veritatem
1017 5050 1238 5107 HouOrii
1270 5050 1595 5121 rescriptqu
1630 5051 1841 5119 probat.

476 5120 502 5159 ί¹
547 5123 601 5177 In
652 5138 754 5179 ms.
813 5124 1006 5178 Navar.
1064 5123 1149 5177 hic
1190 5124 1410 5178 additur
1466 5120 1928 5190 Romnnw:quod
1970 5137 1999 5177 e

402 5197 689 5265 marginali
743 5204 870 5249 nota
919 5199 967 5248 in
1014 5204 1219 5250 textum
1250 5195 1830 5250 videturtranslatum.
1863 5193 1997 5248 llinc

396 5265 600 5320 factum
633 5268 775 5338 apud
810 5267 1048 5333 Merlin.,
1069 5267 1330 5338 Ecclesia:
1360 5284 1439 5320 me
1464 5265 1732 5319 Romanae.

476 5348 499 5375 θ
543 5337 683 5393 Editi
712 5355 837 5395 cum
876 5340 1003 5393 coll.
1054 5337 1214 5393 Dion.
1272 5338 1439 5392 Hadr.
1497 5338 1720 5405 llispan.
1754 5346 1807 5391 et
1840 5337 1991 5402 lsitl.,

398 5422 609 5481 prapter
634 5420 911 5464 conventus
934 5412 1022 5483 qui
1047 5427 1076 5461 a
1098 5410 1525 5464 sacerdotibus...
1560 5410 1825 5483 agitantur
1853 5423 1871 5461 :
1900 5423 1997 5478 0p-

400 5479 514 5553 :tinti
558 5483 766 5536 codicis
797 5479 956 5535 Colb.
984 5483 1232 5553 Langob.
1270 5483 1594 5536 auctoritate
1636 5479 1990 5553 castigantur.

396 5552 583 5623 Neque
604 5568 737 5608 vero
778 5556 868 5624 qui
922 5564 1110 5610 essent
1148 5554 1227 5608 illi
1258 5562 1538 5607 conuentus
1583 5570 1615 5606 a
1644 5552 1992 5607 sacerdotibus

396 5626 652 5681 universis
680 5637 725 5679 et
752 5626 956 5681 clericis
982 5639 1029 5681 et
1058 5625 1371 5682 Christianw
1398 5626 1561 5696 plebis
1588 5626 1990 5697 perturbationi-

396 5697 489 5759 bus
517 5698 725 5770 agitati,
759 5696 916 5770 facile
945 5699 1066 5770 quis
1096 5700 1334 5769 explicet
1367 5717 1380 5753 :
1412 5696 1647 5753 maxime
1676 5712 1797 5751 cum
1826 5699 1989 5769 Sym-

395 5766 621 5825 machus
648 5766 927 5825 Bonifaeio
965 5766 1313 5841 quantumvis
1338 5770 1590 5838 infestus,
1620 5766 1986 5840 acceptis'im-

2140 3142 2399 3181 revocare
2418 3126 2733 3195 jubebatur,
2762 3129 2828 3180 ad
2856 3127 3153 3181 Ilonoriuut
3188 3128 3534 3194 rescripserit
3571 3148 3583 3183 :
3613 3130 3739 3187 Tam

2133 3208 2285 3271 grata
2324 3199 2576 3271 universis
2630 3214 2749 3268 qua:
2790 3201 2945 3271 jussu
2992 3208 3113 3251 sunt
3165 3202 3438 3263 exstitere,
3472 3210 3526 3252 ut
3556 3201 3654 3256 hoc
3690 3216 3739 3260 et

2133 3270 2263 3339 ordo
2286 3270 2663 3336 amplissimus,
2691 3278 2738 3322 et
2770 3272 3032 3324 Montanus
3062 3271 3730 3339 papuluscomprobaret...

2132 3338 2333 3395 Tantus
2360 3344 2528 3411 fervor
2559 3354 2605 3394 et
2636 3342 2817 3394 ltetitia
2849 3345 3008 3395 totius
3042 3342 3234 3395 exstitit
3272 3338 3519 3405 civitatis,
3554 3356 3607 3397 ut
3635 3348 3735 3401 sci-

2132 3413 2251 3465 licet
2273 3414 2579 3485 religionem
2597 3413 2875 3476 redditam,
2900 3423 2943 3465 et
2970 3414 3255 3484 prwstitam
3277 3414 3466 3484 quietis
3482 3417 3733 3473 securita-

2131 3492 2229 3535 tem
2252 3501 2426 3537 omnes
2453 3485 2802 3553 gratulatione
2827 3501 3056 3556 congrua
3080 3495 3459 3537 testarentur...
3494 3487 3603 3539 Nec
3624 3490 3731 3550 iam

2129 3556 2309 3616 aliqua
2336 3556 2587 3608 dissensio
2628 3566 2853 3608 remanet
2884 3557 3230 3626 populorum,
3260 3565 3306 3607 et
3348 3572 3521 3611 onmes
3553 3560 3728 3613 divino

2116 3625 2326 3693 judicio
2371 3635 2420 3679 et
2476 3628 2758 3694 majestatis
2801 3639 2978 3680 vestra:
3036 3626 3398 3693 acquievernnt
3444 3628 3725 3686 voluntati.

2128 3696 2455 3750 Cessantibus
2478 3712 2598 3765 ergo
2620 3699 2828 3755 studiis,
2860 3712 3035 3749 omnes
3065 3696 3204 3766 quod
3238 3710 3490 3768 praecepto
3512 3699 3613 3753 Dei
3629 3704 3726 3755 ad-

2126 3769 2308 3821 moniti
2357 3768 2648 3831 statuistis,
2694 3770 2881 3820 sentire
2929 3777 3208 3835 coeperunt.
3265 3767 3338 3820 Ita
3385 3767 3725 3827 rescribe-bat

2124 3839 2482 3908 Symmachus
2519 3852 2691 3891 sacrse
2732 3839 3003 3903 epistolae,
3054 3853 3211 3906 quam
3243 3853 3387 3891 anno
3411 3839 3535 3904 “9,
3571 3842 3661 3899 die
3688 3845 3722 3899 8

2125 3912 2350 3979 Aprilis,
2376 3918 2686 3976 acceperat.
2718 3908 2821 3965 Ubi
2857 3910 3020 3979 igitur
3046 3916 3326 3962 cessaraut
3348 3910 3578 3977 partium
3604 3928 3721 3969 stu-

2121 3981 2232 4045 dia,
2274 3982 2652 4036 sebisntatieos
2705 3984 2826 4033 illos
2871 3990 3175 4035 conventus
3223 3981 3428 4049 agitare
3481 3987 3720 4051 potuisse

2120 4054 2242 4122 quis
2294 4053 2672 4122 intelligatur?
2704 4052 2809 4108 Sed
2859 4062 2912 4105 et
2960 4051 3027 4105 de
3058 4051 3183 4105 uuis
3212 4052 3719 4119 prrturbatiunilnts

2120 4126 2532 4187 pra-vertendis,
2576 4138 2696 4192 quae
2753 4123 3002 4179 accidere
3062 4124 3112 4175 in
3161 4132 3435 4190 posterum
3470 4139 3717 4193 possent,

2118 4194 2478 4256 BOuifacium.
2513 4210 2636 4249 cum
2667 4212 2693 4247 a
2724 4196 2873 4250 clero
2900 4206 3199 4248 conventus
3253 4208 3315 4247 ac
3364 4208 3588 4263 rogatus
3631 4216 3717 4252 es-

2116 4278 2220 4330 set,
2255 4269 2545 4321 sollicitum
2574 4266 2742 4321 fuisse
2777 4277 2884 4320 tota
2908 4264 3325 4335 supplicationis
3352 4268 3520 4335 ipsius
3542 4273 3715 4327 series

2114 4347 2277 4406 atque
2310 4339 2658 4407 Imperatoris
2690 4338 3015 4408 rescriptum
3050 4337 3405 4405 persuadent.

2193 4408 2211 4446 τ
2256 4411 2309 4464 ln
2347 4410 2601 4477 vulgatis.
2634 4419 2693 4462 ut
2724 4410 2778 4464 in
2813 4411 3033 4477 scriptis
3067 4408 3230 4462 Hadr.
3273 4418 3327 4461 ct
3369 4408 3493 4462 Isid.
3528 4425 3714 4467 exem—

2117 4480 2241 4550 plis,
2282 4482 2535 4551 siquidem
2566 4496 2584 4533 :
2612 4482 2793 4534 verius
2824 4482 2874 4534 in
2910 4499 3011 4533 nis.
3061 4477 3219 4533 Colb.
3254 4478 3493 4545 Langob.
3555 4491 3613 4536 ut
3656 4484 3707 4538 in

2112 4553 2331 4606 sincero
2360 4553 2519 4605 Dion.
2551 4553 2850 4621 exemplari
2875 4551 3063 4621 Regio,
3097 4551 3158 4603 Si
3180 4553 3307 4617 quid
3329 4553 3485 4604 enim.

2184 4634 2208 4669 κ
2253 4625 2306 4678 lu
2352 4625 2757 4691 exemplaribus
2796 4624 2949 4675 Dion.
2988 4632 3043 4675 et
3093 4622 3284 4686 lladr.,
3316 4623 3368 4673 id
3405 4631 3479 4674 est
3529 4623 3707 4689 licitis,

2114 4695 2213 4747 nisi
2244 4695 2387 4762 quod
2420 4698 2473 4748 in
2504 4710 2614 4747 uno
2645 4694 2855 4746 “tlt'ltL'O
2886 4695 3316 4761 superscriptunt
3350 4704 3453 4753 est,
3480 4694 3559 4745 vel
3592 4696 3707 4751 ideo

2109 4767 2288 4820 licitis.
2325 4767 2451 4821 Isid.
2488 4774 2606 4833 post
2638 4764 2858 4832 l'lispau.
2909 4766 3036 4817 coll.
3096 4762 3393 4825 substituit,
3439 4764 3491 4815 id
3524 4774 3618 4831 est,
3649 4779 3704 4821 ut

2107 4836 2274 4904 ﬁdens
2322 4847 2499 4890 utatur
2529 4837 2724 4888 licitis:
2752 4834 2899 4903 quod
2943 4845 2997 4889 et
3056 4834 3209 4888 Met'l.
3254 4836 3507 4901 arripuit.
3557 4836 3700 4894 Etlit.

2107 4908 2194 4960 alii
2229 4908 2295 4962 de
2322 4923 2421 4960 suo
2456 4915 2783 4968 posuerunt.
2820 4906 2872 4957 id
2894 4918 2987 4973 cst,
3041 4916 3093 4959 nt
3143 4906 3308 4974 ﬁdens
3354 4916 3472 4958 utar
3525 4906 3702 4966 licitis.

2105 4976 2266 5032 Solus
2311 4978 2601 5031 Gratianus
2642 4977 2887 5041 exhibet,
2923 4979 2973 5029 id
3015 4988 3108 5041 est,
3141 4985 3195 5029 ut
3242 4976 3385 5029 licita
3416 4992 3700 5037 serventur.

2104 5049 2159 5122 in
2212 5050 2478 5122 Langob,
2513 5048 2702 5103 codice
2749 5050 2908 5122 (Zoili.
2950 5057 3163 5110 exstat,
3214 5048 3265 5100 id
3293 5058 3380 5122 est
3422 5047 3485 5101 de
3520 5052 3699 5122 licitis,

2107 5120 2258 5176 Unde
2289 5121 2695 5175 conticiendnm
2741 5119 2897 5173 nobis
2930 5122 3101 5173 visunt
3132 5131 3216 5175 est
3239 5162 3253 5185 ,
3286 5121 3338 5171 id
3362 5130 3435 5172 est
3461 5119 3701 5178 ethnicis.

2104 5194 2185 5248 Ad
2211 5192 2353 5246 hunc
2380 5190 2641 5247 Bouifaeii
2676 5191 2871 5261 locum
2889 5191 3163 5245 Honorius
3187 5192 3358 5257 exigit
3389 5194 3554 5245 verba
3580 5210 3697 5261 sua,

2101 5278 2223 5317 cum
2252 5263 2412 5332 epist.
2455 5264 2522 5317 {tl
2551 5264 2743 5316 scribit
2776 5281 2787 5315 :
2824 5260 2907 5317 Ne
2939 5262 3032 5315 sub
3058 5261 3375 5331 principibus
3404 5263 3699 5319 christianis

2105 5335 2341 5389 Romana
2366 5337 2547 5406 perdat
2570 5333 2835 5403 Ecclesia,
2856 5336 2993 5406 quod
3021 5336 3138 5388 aliis
3172 5334 3567 5403 imperatoribus
3598 5351 3699 5391 non

2098 5410 2294 5463 amisit.

2171 5479 2195 5517 ιι
2236 5482 2292 5536 In
2323 5498 2423 5537 tus.
2460 5480 2615 5535 Colb.
2651 5480 2887 5550 Langoh.
2920 5478 3270 5550 desideratur
3301 5471 3550 5528 Ecclesia.

2175 5552 2189 5590 ί
2245 5553 2319 5607 lla
2345 5554 2618 5608 sincerum
2651 5546 2804 5605 Dion.
2833 5552 3115 5619 exemplar
3136 5547 3364 5611 Regium
3390 5560 3514 5599 cun;
3540 5546 3697 5603 Colb.

2095 5626 2165 5681 At
2216 5626 2337 5680 aliis
2378 5627 2431 5680 in
2476 5626 2650 5687 libris,
2701 5622 2995 5677 venerabili.
3040 5620 3177 5675 Tum
3219 5619 3327 5671 duo
3384 5630 3517 5672 mss.
3569 5620 3697 5675 coll.

2094 5697 2249 5761 lsid.,
2283 5697 2512 5769 appellat
2542 5694 2778 5766 αΝίιτιιοἹ
