  <div class='ocr_page' id='page_1' title='image "/cluster/home/n/w/nwhite01/storage/ocr_20150623/20/hvd.32044096580469/391.png"; bbox 0 0 4206 6174; ppageno 0'>
   <div class='ocr_carea' id='block_1_1' title="bbox 568 296 671 354">
    <p class='ocr_par' dir='ltr' id='par_1_1' title="bbox 568 296 671 354">
     <span class='ocr_line' id='line_1_1' title="bbox 568 296 671 354; baseline 0 0"><span class='ocrx_word' id='word_1_1' title='bbox 568 296 671 354; x_wconf 77' lang='grc'><strong>’171</strong></span> 
     </span>
    </p>
   </div>
   <div class='ocr_carea' id='block_1_2' title="bbox 561 504 2160 578">
    <p class='ocr_par' dir='ltr' id='par_1_2' title="bbox 561 504 2160 578">
     <span class='ocr_line' id='line_1_2' title="bbox 561 504 2160 578; baseline -0.003 -13"><span class='ocrx_word' id='word_1_2' title='bbox 561 508 918 578; x_wconf 82' lang='lat' dir='ltr'><strong>subreptione</strong></span> <span class='ocrx_word' id='word_1_3' title='bbox 967 507 1243 571; x_wconf 88' lang='lat' dir='ltr'><strong>frustrata,</strong></span> <span class='ocrx_word' id='word_1_4' title='bbox 1275 504 1328 559; x_wconf 99' lang='lat' dir='ltr'><strong>id</strong></span> <span class='ocrx_word' id='word_1_5' title='bbox 1358 504 1500 575; x_wconf 89' lang='lat' dir='ltr'><strong>quod</strong></span> <span class='ocrx_word' id='word_1_6' title='bbox 1541 520 1571 558; x_wconf 93' lang='lat' dir='ltr'><strong>a</strong></span> <span class='ocrx_word' id='word_1_7' title='bbox 1618 505 1918 575; x_wconf 85' lang='lat' dir='ltr'><strong>majoribus</strong></span> <span class='ocrx_word' id='word_1_8' title='bbox 1957 506 2160 560; x_wconf 91' lang='lat' dir='ltr'><strong>nostris</strong></span> 
     </span>
    </p>
   </div>
   <div class='ocr_carea' id='block_1_3' title="bbox 562 596 2157 668">
    <p class='ocr_par' dir='ltr' id='par_1_3' title="bbox 562 596 2157 668">
     <span class='ocr_line' id='line_1_3' title="bbox 562 596 2157 668; baseline -0.003 -12"><span class='ocrx_word' id='word_1_9' title='bbox 562 602 917 658; x_wconf 87' lang='lat' dir='ltr'><strong>constitutum</strong></span> <span class='ocrx_word' id='word_1_10' title='bbox 935 607 1017 653; x_wconf 87' lang='lat' dir='ltr'><strong>est</strong></span> <span class='ocrx_word' id='word_1_11' title='bbox 1052 606 1389 652; x_wconf 75' lang='lat' dir='ltr'><strong>reservetur.</strong></span> <span class='ocrx_word' id='word_1_12' title='bbox 1414 596 1826 668; x_wconf 86' lang='lat' dir='ltr'><strong>thuamquam</strong></span> <span class='ocrx_word' id='word_1_13' title='bbox 1854 614 1960 652; x_wconf 92' lang='lat' dir='ltr'><strong>non</strong></span> <span class='ocrx_word' id='word_1_14' title='bbox 1980 598 2157 653; x_wconf 91' lang='lat' dir='ltr'><strong>solum</strong></span> 
     </span>
    </p>
   </div>
   <div class='ocr_carea' id='block_1_4' title="bbox 556 689 2160 763">
    <p class='ocr_par' dir='ltr' id='par_1_4' title="bbox 556 689 2160 763">
     <span class='ocr_line' id='line_1_4' title="bbox 556 689 2160 763; baseline -0.003 -13"><span class='ocrx_word' id='word_1_15' title='bbox 556 693 718 761; x_wconf 89' lang='lat' dir='ltr'><strong>iniis,</strong></span> <span class='ocrx_word' id='word_1_16' title='bbox 734 710 853 763; x_wconf 76' lang='lat' dir='ltr'><strong>quae</strong></span> <span class='ocrx_word' id='word_1_17' title='bbox 876 691 1060 747; x_wconf 85' lang='lat' dir='ltr'><strong>divina</strong></span> <span class='ocrx_word' id='word_1_18' title='bbox 1083 690 1341 762; x_wconf 74' lang='lat' dir='ltr'><strong>suffragia</strong></span> <span class='ocrx_word' id='word_1_19' title='bbox 1369 689 1689 761; x_wconf 90' lang='lat' dir='ltr'><strong>incorrupta</strong></span> <span class='ocrx_word' id='word_1_20' title='bbox 1703 699 2013 756; x_wconf 79' lang='lat' dir='ltr'><strong>servarunt,</strong></span> <span class='ocrx_word' id='word_1_21' title='bbox 2030 689 2160 745; x_wconf 87' lang='lat' dir='ltr'><strong>all‘a-</strong></span> 
     </span>
    </p>
   </div>
   <div class='ocr_carea' id='block_1_5' title="bbox 554 783 2158 846">
    <p class='ocr_par' dir='ltr' id='par_1_5' title="bbox 554 783 2158 846">
     <span class='ocr_line' id='line_1_5' title="bbox 554 783 2158 846; baseline -0.004 -1"><span class='ocrx_word' id='word_1_22' title='bbox 554 796 646 846; x_wconf 83' lang='lat' dir='ltr'><strong>tus</strong></span> <span class='ocrx_word' id='word_1_23' title='bbox 664 786 1029 841; x_wconf 85' lang='lat' dir='ltr'><strong>Perennitatis</strong></span> <span class='ocrx_word' id='word_1_24' title='bbox 1046 795 1147 840; x_wconf 81' lang='lat' dir='ltr'><strong>tuac</strong></span> <span class='ocrx_word' id='word_1_25' title='bbox 1161 800 1191 840; x_wconf 86' lang='lat' dir='ltr'><strong>a</strong></span> <span class='ocrx_word' id='word_1_26' title='bbox 1212 784 1369 840; x_wconf 91' lang='lat' dir='ltr'><strong>nobis</strong></span> <span class='ocrx_word' id='word_1_27' title='bbox 1388 783 1959 840; x_wconf 83' lang='lat' dir='ltr'><strong>observenturafl‘ectn</strong></span> <span class='ocrx_word' id='word_1_28' title='bbox 1988 784 2158 840; x_wconf 81' lang='lat' dir='ltr'><strong>celeri</strong></span> 
     </span>
    </p>
   </div>
   <div class='ocr_carea' id='block_1_6' title="bbox 552 876 2157 951">
    <p class='ocr_par' dir='ltr' id='par_1_6' title="bbox 552 876 2157 951">
     <span class='ocr_line' id='line_1_6' title="bbox 552 876 2157 951; baseline -0.003 -14"><span class='ocrx_word' id='word_1_29' title='bbox 552 880 812 951; x_wconf 87' lang='lat' dir='ltr'><strong>omnique</strong></span> <span class='ocrx_word' id='word_1_30' title='bbox 856 878 1212 935; x_wconf 76' lang='lat' dir='ltr'><strong>veneratione</strong></span> <span class='ocrx_word' id='word_1_31' title='bbox 1258 887 1533 947; x_wconf 90' lang='lat' dir='ltr'><strong>suscepta,</strong></span> <span class='ocrx_word' id='word_1_32' title='bbox 1568 886 1677 933; x_wconf 93' lang='lat' dir='ltr'><strong>tum</strong></span> <span class='ocrx_word' id='word_1_33' title='bbox 1727 879 2001 948; x_wconf 62' lang='lat' dir='ltr'><strong>precipue</strong></span> <span class='ocrx_word' id='word_1_34' title='bbox 2040 876 2157 932; x_wconf 58' lang='lat' dir='ltr'><strong>hinc</strong></span> 
     </span>
    </p>
   </div>
   <div class='ocr_carea' id='block_1_7' title="bbox 553 971 2153 1044">
    <p class='ocr_par' dir='ltr' id='par_1_7' title="bbox 553 971 2153 1044">
     <span class='ocr_line' id='line_1_7' title="bbox 553 971 2153 1044; baseline -0.004 -13"><span class='ocrx_word' id='word_1_35' title='bbox 553 986 683 1040; x_wconf 88' lang='lat' dir='ltr'><strong>res;</strong></span> <span class='ocrx_word' id='word_1_36' title='bbox 713 973 838 1044; x_wconf 87' lang='lat' dir='ltr'><strong>quia</strong></span> <span class='ocrx_word' id='word_1_37' title='bbox 870 972 1058 1028; x_wconf 77' lang='lat' dir='ltr'><strong>szeculi</strong></span> <span class='ocrx_word' id='word_1_38' title='bbox 1103 972 1378 1041; x_wconf 88' lang='lat' dir='ltr'><strong>totiusque</strong></span> <span class='ocrx_word' id='word_1_39' title='bbox 1410 972 1565 1042; x_wconf 84' lang='lat' dir='ltr'><strong>regni</strong></span> <span class='ocrx_word' id='word_1_40' title='bbox 1611 971 1783 1025; x_wconf 77' lang='lat' dir='ltr'><strong>nostri</strong></span> <span class='ocrx_word' id='word_1_41' title='bbox 1832 971 2153 1040; x_wconf 82' lang='lat' dir='ltr'><strong>soSpitatem</strong></span> 
     </span>
    </p>
   </div>
   <div class='ocr_carea' id='block_1_8' title="bbox 550 1063 2154 1137">
    <p class='ocr_par' dir='ltr' id='par_1_8' title="bbox 550 1063 2154 1137">
     <span class='ocr_line' id='line_1_8' title="bbox 550 1063 2154 1137; baseline -0.003 -12"><span class='ocrx_word' id='word_1_42' title='bbox 550 1065 701 1125; x_wconf 89' lang='lat' dir='ltr'><strong>illius</strong></span> <span class='ocrx_word' id='word_1_43' title='bbox 737 1066 954 1137; x_wconf 82' lang='lat' dir='ltr'><strong>inclytae</strong></span> <span class='ocrx_word' id='word_1_44' title='bbox 1006 1066 1159 1121; x_wconf 90' lang='lat' dir='ltr'><strong>urbis</strong></span> <span class='ocrx_word' id='word_1_45' title='bbox 1202 1079 1400 1120; x_wconf 85' lang='lat' dir='ltr'><strong>nomen</strong></span> <span class='ocrx_word' id='word_1_46' title='bbox 1450 1063 1716 1119; x_wconf 86' lang='lat' dir='ltr'><strong>hactenus</strong></span> <span class='ocrx_word' id='word_1_47' title='bbox 1751 1072 1957 1119; x_wconf 89' lang='lat' dir='ltr'><strong>servat.</strong></span> <span class='ocrx_word' id='word_1_48' title='bbox 1998 1064 2154 1120; x_wconf 87' lang='lat' dir='ltr'><strong>Unde</strong></span> 
     </span>
    </p>
   </div>
   <div class='ocr_carea' id='block_1_9' title="bbox 551 1154 2152 1229">
    <p class='ocr_par' dir='ltr' id='par_1_9' title="bbox 551 1154 2152 1229">
     <span class='ocr_line' id='line_1_9' title="bbox 551 1154 2152 1229; baseline -0.004 -13"><span class='ocrx_word' id='word_1_49' title='bbox 551 1159 703 1216; x_wconf 90' lang='lat' dir='ltr'><strong>omni</strong></span> <span class='ocrx_word' id='word_1_50' title='bbox 773 1156 1196 1229; x_wconf 86' lang='lat' dir='ltr'><strong>supplicantium</strong></span> <span class='ocrx_word' id='word_1_51' title='bbox 1264 1158 1647 1226; x_wconf 90' lang='lat' dir='ltr'><strong>episcoporum</strong></span> <span class='ocrx_word' id='word_1_52' title='bbox 1707 1170 1805 1225; x_wconf 92' lang='lat' dir='ltr'><strong>per</strong></span> <span class='ocrx_word' id='word_1_53' title='bbox 1875 1154 2152 1227; x_wconf 88' lang='lat' dir='ltr'><strong>Illyricum</strong></span> 
     </span>
    </p>
   </div>
   <div class='ocr_carea' id='block_1_10' title="bbox 550 1247 2155 1322">
    <p class='ocr_par' dir='ltr' id='par_1_10' title="bbox 550 1247 2155 1322">
     <span class='ocr_line' id='line_1_10' title="bbox 550 1247 2155 1322; baseline -0.006 -12"><span class='ocrx_word' id='word_1_54' title='bbox 550 1252 907 1322; x_wconf 82' lang='lat' dir='ltr'><strong>subreptione</strong></span> <span class='ocrx_word' id='word_1_55' title='bbox 943 1259 1177 1316; x_wconf 85' lang='lat' dir='ltr'><strong>remota,</strong></span> <span class='ocrx_word' id='word_1_56' title='bbox 1212 1250 1506 1304; x_wconf 79' lang='lat' dir='ltr'><strong>statuimus</strong></span> <span class='ocrx_word' id='word_1_57' title='bbox 1532 1248 1814 1303; x_wconf 88' lang='lat' dir='ltr'><strong>observari</strong></span> <span class='ocrx_word' id='word_1_58' title='bbox 1838 1248 1982 1318; x_wconf 92' lang='lat' dir='ltr'><strong>quod</strong></span> <span class='ocrx_word' id='word_1_59' title='bbox 2013 1247 2155 1314; x_wconf 85' lang='lat' dir='ltr'><strong>pris-</strong></span> 
     </span>
    </p>
   </div>
   <div class='ocr_carea' id='block_1_11' title="bbox 551 1342 2152 1418">
    <p class='ocr_par' dir='ltr' id='par_1_11' title="bbox 551 1342 2152 1418">
     <span class='ocr_line' id='line_1_11' title="bbox 551 1342 2152 1418; baseline -0.006 -14"><span class='ocrx_word' id='word_1_60' title='bbox 551 1363 616 1404; x_wconf 87' lang='lat' dir='ltr'><strong>ca</strong></span> <span class='ocrx_word' id='word_1_61' title='bbox 640 1347 942 1418; x_wconf 87' lang='lat' dir='ltr'><strong>apostolica</strong></span> <span class='ocrx_word' id='word_1_62' title='bbox 986 1344 1273 1415; x_wconf 85' lang='lat' dir='ltr'><strong>disciplina</strong></span> <span class='ocrx_word' id='word_1_63' title='bbox 1304 1354 1359 1399; x_wconf 92' lang='lat' dir='ltr'><strong>et</strong></span> <span class='ocrx_word' id='word_1_64' title='bbox 1384 1358 1625 1399; x_wconf 88' lang='lat' dir='ltr'><strong>canones</strong></span> <span class='ocrx_word' id='word_1_65' title='bbox 1642 1352 1862 1397; x_wconf 84' lang='lat' dir='ltr'><strong>veteres</strong></span> <span class='ocrx_word' id='word_1_66' title='bbox 1888 1342 2152 1413; x_wconf 90' lang='lat' dir='ltr'><strong>eloquun-</strong></span> 
     </span>
    </p>
   </div>
   <div class='ocr_carea' id='block_1_12' title="bbox 552 1435 2152 1512">
    <p class='ocr_par' dir='ltr' id='par_1_12' title="bbox 552 1435 2152 1512">
     <span class='ocr_line' id='line_1_12' title="bbox 552 1435 2152 1512; baseline -0.004 -15"><span class='ocrx_word' id='word_1_67' title='bbox 552 1451 660 1497; x_wconf 90' lang='lat' dir='ltr'><strong>tur.</strong></span> <span class='ocrx_word' id='word_1_68' title='bbox 696 1442 875 1512; x_wconf 87' lang='lat' dir='ltr'><strong>Super</strong></span> <span class='ocrx_word' id='word_1_69' title='bbox 901 1456 1005 1511; x_wconf 90' lang='lat' dir='ltr'><strong>qna</strong></span> <span class='ocrx_word' id='word_1_70' title='bbox 1030 1454 1112 1505; x_wconf 91' lang='lat' dir='ltr'><strong>re,</strong></span> <span class='ocrx_word' id='word_1_71' title='bbox 1148 1437 1444 1494; x_wconf 89' lang='lat' dir='ltr'><strong>secundum</strong></span> <span class='ocrx_word' id='word_1_72' title='bbox 1470 1438 1697 1492; x_wconf 92' lang='lat' dir='ltr'><strong>formam</strong></span> <span class='ocrx_word' id='word_1_73' title='bbox 1718 1437 1926 1492; x_wconf 88' lang='lat' dir='ltr'><strong>oraculi</strong></span> <span class='ocrx_word' id='word_1_74' title='bbox 1948 1435 2152 1492; x_wconf 88' lang='lat' dir='ltr'><strong>Peren-</strong></span> 
     </span>
    </p>
   </div>
   <div class='ocr_carea' id='block_1_13' title="bbox 551 1530 2150 1601">
    <p class='ocr_par' dir='ltr' id='par_1_13' title="bbox 551 1530 2150 1601">
     <span class='ocr_line' id='line_1_13' title="bbox 551 1530 2150 1601; baseline -0.004 -10"><span class='ocrx_word' id='word_1_75' title='bbox 551 1534 739 1591; x_wconf 82' lang='lat' dir='ltr'><strong>nitatis</strong></span> <span class='ocrx_word' id='word_1_76' title='bbox 786 1544 914 1598; x_wconf 69' lang='lat' dir='ltr'><strong>ture,</strong></span> <span class='ocrx_word' id='word_1_77' title='bbox 964 1532 1029 1587; x_wconf 93' lang='lat' dir='ltr'><strong>ad</strong></span> <span class='ocrx_word' id='word_1_78' title='bbox 1061 1532 1209 1587; x_wconf 87' lang='lat' dir='ltr'><strong>viros</strong></span> <span class='ocrx_word' id='word_1_79' title='bbox 1277 1532 1513 1586; x_wconf 86' lang='lat' dir='ltr'><strong>illustres</strong></span> <span class='ocrx_word' id='word_1_80' title='bbox 1570 1531 1860 1601; x_wconf 74' lang='lat' dir='ltr'><strong>prtefectos</strong></span> <span class='ocrx_word' id='word_1_81' title='bbox 1908 1530 2150 1601; x_wconf 66' lang='lat' dir='ltr'><strong>praetorii</strong></span> 
     </span>
    </p>
   </div>
   <div class='ocr_carea' id='block_1_14' title="bbox 548 1622 2148 1700">
    <p class='ocr_par' dir='ltr' id='par_1_14' title="bbox 548 1622 2148 1700">
     <span class='ocr_line' id='line_1_14' title="bbox 548 1622 2148 1700; baseline -0.006 -16"><span class='ocrx_word' id='word_1_82' title='bbox 548 1627 747 1700; x_wconf 86' lang='lat' dir='ltr'><strong>Illyrici</strong></span> <span class='ocrx_word' id='word_1_83' title='bbox 782 1626 955 1681; x_wconf 88' lang='lat' dir='ltr'><strong>nostri</strong></span> <span class='ocrx_word' id='word_1_84' title='bbox 989 1624 1193 1694; x_wconf 90' lang='lat' dir='ltr'><strong>scripta</strong></span> <span class='ocrx_word' id='word_1_85' title='bbox 1226 1633 1250 1661; x_wconf 72' lang='grc'><em>³</em></span> <span class='ocrx_word' id='word_1_86' title='bbox 1283 1622 1652 1694; x_wconf 80' lang='lat' dir='ltr'><strong>porreximus,</strong></span> <span class='ocrx_word' id='word_1_87' title='bbox 1708 1631 1767 1677; x_wconf 91' lang='lat' dir='ltr'><strong>ut</strong></span> <span class='ocrx_word' id='word_1_88' title='bbox 1803 1622 2148 1677; x_wconf 87' lang='lat' dir='ltr'><strong>cessantibus</strong></span> 
     </span>
    </p>
   </div>
   <div class='ocr_carea' id='block_1_15' title="bbox 547 1717 2145 1793">
    <p class='ocr_par' dir='ltr' id='par_1_15' title="bbox 547 1717 2145 1793">
     <span class='ocr_line' id='line_1_15' title="bbox 547 1717 2145 1793; baseline -0.003 -16"><span class='ocrx_word' id='word_1_89' title='bbox 547 1722 931 1793; x_wconf 89' lang='lat' dir='ltr'><strong>episcoporum</strong></span> <span class='ocrx_word' id='word_1_90' title='bbox 997 1719 1448 1789; x_wconf 86' lang='lat' dir='ltr'><strong>subreptionibos</strong></span> <span class='ocrx_word' id='word_1_91' title='bbox 1482 1759 1495 1781; x_wconf 90' lang='lat'><strong>,</strong></span> <span class='ocrx_word' id='word_1_92' title='bbox 1548 1718 1832 1787; x_wconf 92' lang='lat' dir='ltr'><strong>antiquum</strong></span> <span class='ocrx_word' id='word_1_93' title='bbox 1896 1717 2145 1772; x_wconf 75' lang='lat' dir='ltr'><strong>ordinem</strong></span> 
     </span>
    </p>
   </div>
   <div class='ocr_carea' id='block_1_16' title="bbox 1700 293 2695 364">
    <p class='ocr_par' dir='ltr' id='par_1_16' title="bbox 1700 293 2695 364">
     <span class='ocr_line' id='line_1_16' title="bbox 1700 293 2695 364; baseline 0.004 -14"><span class='ocrx_word' id='word_1_94' title='bbox 1700 293 1949 352; x_wconf 86' lang='lat' dir='ltr'><strong>SANCTI</strong></span> <span class='ocrx_word' id='word_1_95' title='bbox 1994 293 2343 352; x_wconf 76' lang='lat' dir='ltr'><strong>BONIFACII</strong></span> <span class='ocrx_word' id='word_1_96' title='bbox 2384 295 2425 361; x_wconf 90' lang='grc' dir='ltr'><strong>Ι,</strong></span> <span class='ocrx_word' id='word_1_97' title='bbox 2469 295 2695 364; x_wconf 67' lang='grc' dir='ltr'><strong>ΡΑΡᾸΕ,</strong></span> 
     </span>
    </p>
   </div>
   <div class='ocr_carea' id='block_1_17' title="bbox 563 407 2246 480">
    <p class='ocr_par' dir='ltr' id='par_1_17' title="bbox 563 407 2246 480">
     <span class='ocr_line' id='line_1_17' title="bbox 563 407 2246 480; baseline -0.004 -9"><span class='ocrx_word' id='word_1_98' title='bbox 563 414 697 473; x_wconf 90' lang='lat' dir='ltr'><strong>fecit</strong></span> <span class='ocrx_word' id='word_1_99' title='bbox 744 412 1166 470; x_wconf 88' lang='lat' dir='ltr'><strong>christianorum</strong></span> <span class='ocrx_word' id='word_1_100' title='bbox 1226 407 1536 480; x_wconf 88' lang='lat' dir='ltr'><strong>principum</strong></span> <span class='ocrx_word' id='word_1_101' title='bbox 1582 418 1857 479; x_wconf 89' lang='lat' dir='ltr'><strong>posteros,</strong></span> <span class='ocrx_word' id='word_1_102' title='bbox 1923 417 1980 463; x_wconf 91' lang='lat' dir='ltr'><strong>ut</strong></span> <span class='ocrx_word' id='word_1_103' title='bbox 2016 410 2163 466; x_wconf 91' lang='lat' dir='ltr'><strong>omni</strong></span> <span class='ocrx_word' id='word_1_104' title='bbox 2192 414 2246 475; x_wconf 80' lang='grc' dir='ltr'><strong>Α</strong></span> 
     </span>
    </p>
   </div>
   <div class='ocr_carea' id='block_1_18' title="bbox 3745 298 3840 355">
    <p class='ocr_par' dir='ltr' id='par_1_18' title="bbox 3745 298 3840 355">
     <span class='ocr_line' id='line_1_18' title="bbox 3745 298 3840 355; baseline 0.021 -2"><span class='ocrx_word' id='word_1_105' title='bbox 3745 298 3840 355; x_wconf 72' lang='lat'><strong>773</strong></span> 
     </span>
    </p>
   </div>
   <div class='ocr_carea' id='block_1_19' title="bbox 2788 408 3340 467">
    <p class='ocr_par' dir='ltr' id='par_1_19' title="bbox 2788 408 3340 467">
     <span class='ocr_line' id='line_1_19' title="bbox 2788 408 3340 467; baseline -0.004 -2"><span class='ocrx_word' id='word_1_106' title='bbox 2788 408 3128 467; x_wconf 79' lang='lat' dir='ltr'><strong>EPISTOLA</strong></span> <span class='ocrx_word' id='word_1_107' title='bbox 3169 409 3265 466; x_wconf 79' lang='lat' dir='ltr'><strong>XII</strong></span> <span class='ocrx_word' id='word_1_108' title='bbox 3291 408 3340 463; x_wconf 69' lang='grc' dir='ltr'><strong>δ.</strong></span> 
     </span>
    </p>
   </div>
   <div class='ocr_carea' id='block_1_20' title="bbox 2341 494 3772 572">
    <p class='ocr_par' dir='ltr' id='par_1_20' title="bbox 2341 494 3772 572">
     <span class='ocr_line' id='line_1_20' title="bbox 2341 494 3772 572; baseline 0 -12"><span class='ocrx_word' id='word_1_109' title='bbox 2341 520 2603 562; x_wconf 71' lang='lat' dir='ltr'><strong>BONIFACII</strong></span> <span class='ocrx_word' id='word_1_110' title='bbox 2652 522 2691 572; x_wconf 84' lang='lat' dir='ltr'><strong>l,</strong></span> <span class='ocrx_word' id='word_1_111' title='bbox 2747 521 2920 570; x_wconf 66' lang='lat' dir='ltr'><strong>PAPE,</strong></span> <span class='ocrx_word' id='word_1_112' title='bbox 2970 521 3038 561; x_wconf 73' lang='lat' dir='ltr'><strong>AD</strong></span> <span class='ocrx_word' id='word_1_113' title='bbox 3091 520 3355 560; x_wconf 73' lang='grc' dir='ltr'>ιιιιΑιιιωί</span> <span class='ocrx_word' id='word_1_114' title='bbox 3405 494 3772 561; x_wconf 48' lang='grc' dir='ltr'><strong>ΝᾸΒΒΟΝΕΝΞΕΙ</strong></span> 
     </span>
    </p>
   </div>
   <div class='ocr_carea' id='block_1_21' title="bbox 2893 615 3209 657">
    <p class='ocr_par' dir='ltr' id='par_1_21' title="bbox 2893 615 3209 657">
     <span class='ocr_line' id='line_1_21' title="bbox 2893 615 3209 657; baseline -0.003 -1"><span class='ocrx_word' id='word_1_115' title='bbox 2893 615 3209 657; x_wconf 74' lang='lat' dir='ltr'><strong>EPISCOPUII.</strong></span> 
     </span>
    </p>
   </div>
   <div class='ocr_carea' id='block_1_22' title="bbox 2265 692 3839 765">
    <p class='ocr_par' dir='ltr' id='par_1_22' title="bbox 2265 692 3839 765">
     <span class='ocr_line' id='line_1_22' title="bbox 2265 692 3839 765; baseline -0.001 -16"><span class='ocrx_word' id='word_1_116' title='bbox 2265 692 2332 749; x_wconf 88' lang='lat' dir='ltr'><strong>Ut</strong></span> <span class='ocrx_word' id='word_1_117' title='bbox 2360 696 2412 748; x_wconf 85' lang='lat' dir='ltr'><strong>in</strong></span> <span class='ocrx_word' id='word_1_118' title='bbox 2437 711 2745 765; x_wconf 86' lang='lat' dir='ltr'><strong>unaquaque</strong></span> <span class='ocrx_word' id='word_1_119' title='bbox 2775 695 3042 765; x_wconf 81' lang='lat' dir='ltr'><strong>provincia</strong></span> <span class='ocrx_word' id='word_1_120' title='bbox 3068 710 3239 759; x_wconf 79' lang='lat' dir='ltr'><strong>nemo,</strong></span> <span class='ocrx_word' id='word_1_121' title='bbox 3276 700 3564 763; x_wconf 85' lang='lat' dir='ltr'><strong>contempto</strong></span> <span class='ocrx_word' id='word_1_122' title='bbox 3592 700 3839 764; x_wconf 84' lang='lat' dir='ltr'><strong>metropo-</strong></span> 
     </span>
    </p>
   </div>
   <div class='ocr_carea' id='block_1_23' title="bbox 2651 786 3467 858">
    <p class='ocr_par' dir='ltr' id='par_1_23' title="bbox 2651 786 3467 858">
     <span class='ocr_line' id='line_1_23' title="bbox 2651 786 3467 858; baseline -0.001 -16"><span class='ocrx_word' id='word_1_123' title='bbox 2651 789 2837 855; x_wconf 85' lang='lat' dir='ltr'><strong>litano,</strong></span> <span class='ocrx_word' id='word_1_124' title='bbox 2884 788 3155 858; x_wconf 78' lang='lat' dir='ltr'><strong>episwpus</strong></span> <span class='ocrx_word' id='word_1_125' title='bbox 3177 786 3467 841; x_wconf 86' lang='lat' dir='ltr'><strong>ordinetur.</strong></span> 
     </span>
    </p>
   </div>
   <div class='ocr_carea' id='block_1_24' title="bbox 2260 878 3837 959">
    <p class='ocr_par' dir='ltr' id='par_1_24' title="bbox 2260 878 3837 959">
     <span class='ocr_line' id='line_1_24' title="bbox 2260 878 3837 959; baseline 0.005 -24"><span class='ocrx_word' id='word_1_126' title='bbox 2260 878 2604 947; x_wconf 74' lang='lat' dir='ltr'><strong>BONIFACIUS,</strong></span> <span class='ocrx_word' id='word_1_127' title='bbox 2654 884 2945 951; x_wconf 87' lang='lat' dir='ltr'><strong>episcopus</strong></span> <span class='ocrx_word' id='word_1_128' title='bbox 2990 880 3142 936; x_wconf 88' lang='lat' dir='ltr'><strong>urbis</strong></span> <span class='ocrx_word' id='word_1_129' title='bbox 3190 880 3399 947; x_wconf 62' lang='lat' dir='ltr'><strong>Romae,</strong></span> <span class='ocrx_word' id='word_1_130' title='bbox 3439 882 3457 913; x_wconf 81' lang='grc'>³</span> <span class='ocrx_word' id='word_1_131' title='bbox 3492 882 3711 942; x_wconf 71' lang='grc' dir='ltr'>Ηιιλιιιο</span> <span class='ocrx_word' id='word_1_132' title='bbox 3731 886 3837 959; x_wconf 90' lang='lat' dir='ltr'><strong>epi-</strong></span> 
     </span>
    </p>
   </div>
   <div class='ocr_carea' id='block_1_25' title="bbox 2754 972 3376 1043">
    <p class='ocr_par' dir='ltr' id='par_1_25' title="bbox 2754 972 3376 1043">
     <span class='ocr_line' id='line_1_25' title="bbox 2754 972 3376 1043; baseline -0.002 -15"><span class='ocrx_word' id='word_1_133' title='bbox 2754 987 2921 1043; x_wconf 91' lang='lat' dir='ltr'><strong>scopo</strong></span> <span class='ocrx_word' id='word_1_134' title='bbox 2961 972 3300 1030; x_wconf 90' lang='lat' dir='ltr'><strong>Narbonensi</strong></span> <span class='ocrx_word' id='word_1_135' title='bbox 3331 986 3376 1027; x_wconf 74' lang='grc' dir='ltr'><strong>ε.</strong></span> 
     </span>
    </p>
   </div>
   <div class='ocr_carea' id='block_1_26' title="bbox 2332 1062 3839 1137">
    <p class='ocr_par' dir='ltr' id='par_1_26' title="bbox 2332 1062 3839 1137">
     <span class='ocr_line' id='line_1_26' title="bbox 2332 1062 3839 1137; baseline 0.006 -19"><span class='ocrx_word' id='word_1_136' title='bbox 2332 1065 2380 1120; x_wconf 93' lang='lat'><strong>1.</strong></span> <span class='ocrx_word' id='word_1_137' title='bbox 2426 1064 2657 1121; x_wconf 81' lang='lat' dir='ltr'><strong>Difﬁcile</strong></span> <span class='ocrx_word' id='word_1_138' title='bbox 2698 1062 2723 1101; x_wconf 69' lang='grc' dir='ltr'>ἀ</span> <span class='ocrx_word' id='word_1_139' title='bbox 2771 1065 2991 1137; x_wconf 91' lang='lat' dir='ltr'><strong>quidem</strong></span> <span class='ocrx_word' id='word_1_140' title='bbox 3038 1065 3199 1121; x_wconf 87' lang='lat' dir='ltr'><strong>fidem</strong></span> <span class='ocrx_word' id='word_1_141' title='bbox 3232 1068 3588 1137; x_wconf 86' lang='lat' dir='ltr'><strong>querimoniis</strong></span> <span class='ocrx_word' id='word_1_142' title='bbox 3614 1085 3839 1126; x_wconf 52' lang='lat' dir='ltr'><strong>commo.</strong></span> 
     </span>
    </p>
   </div>
   <div class='ocr_carea' id='block_1_27' title="bbox 2255 1155 3834 1230">
    <p class='ocr_par' dir='ltr' id='par_1_27' title="bbox 2255 1155 3834 1230">
     <span class='ocr_line' id='line_1_27' title="bbox 2255 1155 3834 1230; baseline 0.004 -20"><span class='ocrx_word' id='word_1_143' title='bbox 2255 1155 2468 1225; x_wconf 87' lang='lat' dir='ltr'><strong>damus,</strong></span> <span class='ocrx_word' id='word_1_144' title='bbox 2493 1174 2723 1229; x_wconf 89' lang='lat' dir='ltr'><strong>quarum</strong></span> <span class='ocrx_word' id='word_1_145' title='bbox 2766 1158 3080 1214; x_wconf 88' lang='lat' dir='ltr'><strong>sacerdotes</strong></span> <span class='ocrx_word' id='word_1_146' title='bbox 3123 1159 3337 1214; x_wconf 88' lang='lat' dir='ltr'><strong>Domini</strong></span> <span class='ocrx_word' id='word_1_147' title='bbox 3390 1160 3567 1228; x_wconf 89' lang='lat' dir='ltr'><strong>pulsat</strong></span> <span class='ocrx_word' id='word_1_148' title='bbox 3599 1163 3834 1230; x_wconf 87' lang='lat' dir='ltr'><strong>intentio,</strong></span> 
     </span>
    </p>
   </div>
   <div class='ocr_carea' id='block_1_28' title="bbox 2257 1251 3837 1325">
    <p class='ocr_par' dir='ltr' id='par_1_28' title="bbox 2257 1251 3837 1325">
     <span class='ocr_line' id='line_1_28' title="bbox 2257 1251 3837 1325; baseline 0.005 -23"><span class='ocrx_word' id='word_1_149' title='bbox 2257 1252 2493 1307; x_wconf 76' lang='lat' dir='ltr'><strong>maxime</strong></span> <span class='ocrx_word' id='word_1_150' title='bbox 2519 1268 2641 1306; x_wconf 92' lang='lat' dir='ltr'><strong>cum</strong></span> <span class='ocrx_word' id='word_1_151' title='bbox 2672 1267 2767 1306; x_wconf 92' lang='lat' dir='ltr'><strong>eos</strong></span> <span class='ocrx_word' id='word_1_152' title='bbox 2791 1252 3089 1322; x_wconf 89' lang='lat' dir='ltr'><strong>loquuntur</strong></span> <span class='ocrx_word' id='word_1_153' title='bbox 3117 1251 3398 1323; x_wconf 88' lang='lat' dir='ltr'><strong>quidpiam</strong></span> <span class='ocrx_word' id='word_1_154' title='bbox 3422 1264 3611 1309; x_wconf 91' lang='lat' dir='ltr'><strong>contra</strong></span> <span class='ocrx_word' id='word_1_155' title='bbox 3640 1266 3837 1325; x_wconf 85' lang='lat' dir='ltr'><strong>patrum</strong></span> 
     </span>
    </p>
   </div>
   <div class='ocr_carea' id='block_1_29' title="bbox 2254 1347 3841 1417">
    <p class='ocr_par' dir='ltr' id='par_1_29' title="bbox 2254 1347 3841 1417">
     <span class='ocr_line' id='line_1_29' title="bbox 2254 1347 3841 1417; baseline 0.003 -19"><span class='ocrx_word' id='word_1_156' title='bbox 2254 1353 2451 1399; x_wconf 89' lang='lat' dir='ltr'><strong>statuta</strong></span> <span class='ocrx_word' id='word_1_157' title='bbox 2488 1354 2731 1401; x_wconf 85' lang='lat' dir='ltr'><strong>tentasse</strong></span> <span class='ocrx_word' id='word_1_158' title='bbox 2774 1364 2787 1400; x_wconf 88' lang='lat'><strong>:</strong></span> <span class='ocrx_word' id='word_1_159' title='bbox 2822 1347 2915 1401; x_wconf 87' lang='lat' dir='ltr'><strong>sed</strong></span> <span class='ocrx_word' id='word_1_160' title='bbox 2965 1348 3283 1417; x_wconf 87' lang='lat' dir='ltr'><strong>frequenter</strong></span> <span class='ocrx_word' id='word_1_161' title='bbox 3316 1349 3411 1402; x_wconf 92' lang='lat' dir='ltr'><strong>has</strong></span> <span class='ocrx_word' id='word_1_162' title='bbox 3438 1351 3665 1416; x_wconf 87' lang='lat' dir='ltr'><strong>asserit,</strong></span> <span class='ocrx_word' id='word_1_163' title='bbox 3710 1349 3841 1404; x_wconf 89' lang='lat' dir='ltr'><strong>sicut</strong></span> 
     </span>
    </p>
   </div>
   <div class='ocr_carea' id='block_1_30' title="bbox 2255 1437 3837 1505">
    <p class='ocr_par' dir='ltr' id='par_1_30' title="bbox 2255 1437 3837 1505">
     <span class='ocr_line' id='line_1_30' title="bbox 2255 1437 3837 1505; baseline 0.005 -16"><span class='ocrx_word' id='word_1_164' title='bbox 2255 1451 2422 1505; x_wconf 90' lang='lat' dir='ltr'><strong>nunc,</strong></span> <span class='ocrx_word' id='word_1_165' title='bbox 2450 1437 2747 1492; x_wconf 89' lang='lat' dir='ltr'><strong>multitudo</strong></span> <span class='ocrx_word' id='word_1_166' title='bbox 2772 1438 3137 1492; x_wconf 88' lang='lat' dir='ltr'><strong>causantium.</strong></span> <span class='ocrx_word' id='word_1_167' title='bbox 3163 1437 3306 1493; x_wconf 84' lang='lat' dir='ltr'><strong>Ecce</strong></span> <span class='ocrx_word' id='word_1_168' title='bbox 3334 1438 3504 1504; x_wconf 88' lang='lat' dir='ltr'><strong>enim,</strong></span> <span class='ocrx_word' id='word_1_169' title='bbox 3536 1449 3593 1494; x_wconf 90' lang='lat' dir='ltr'><strong>ut</strong></span> <span class='ocrx_word' id='word_1_170' title='bbox 3616 1440 3837 1497; x_wconf 88' lang='lat' dir='ltr'><strong>cbaritas</strong></span> 
     </span>
    </p>
   </div>
   <div class='ocr_carea' id='block_1_31' title="bbox 2253 1529 3837 1599">
    <p class='ocr_par' dir='ltr' id='par_1_31' title="bbox 2253 1529 3837 1599">
     <span class='ocr_line' id='line_1_31' title="bbox 2253 1529 3837 1599; baseline 0.003 -16"><span class='ocrx_word' id='word_1_171' title='bbox 2253 1538 2343 1583; x_wconf 89' lang='lat' dir='ltr'><strong>tua</strong></span> <span class='ocrx_word' id='word_1_172' title='bbox 2382 1530 2809 1599; x_wconf 74' lang='lat' dir='ltr'><strong>recognoscitex</strong></span> <span class='ocrx_word' id='word_1_173' title='bbox 2854 1529 3112 1597; x_wconf 90' lang='lat' dir='ltr'><strong>subditis,</strong></span> <span class='ocrx_word' id='word_1_174' title='bbox 3148 1540 3171 1567; x_wconf 78' lang='grc' dir='ltr'>ο</span> <span class='ocrx_word' id='word_1_175' title='bbox 3220 1531 3552 1586; x_wconf 90' lang='lat' dir='ltr'><strong>Lutubensis</strong></span> <span class='ocrx_word' id='word_1_176' title='bbox 3607 1533 3837 1588; x_wconf 70' lang='lat' dir='ltr'><strong>ecclesiae</strong></span> 
     </span>
    </p>
   </div>
   <div class='ocr_carea' id='block_1_32' title="bbox 2251 1623 3837 1696">
    <p class='ocr_par' dir='ltr' id='par_1_32' title="bbox 2251 1623 3837 1696">
     <span class='ocr_line' id='line_1_32' title="bbox 2251 1623 3837 1696; baseline 0.001 -18"><span class='ocrx_word' id='word_1_177' title='bbox 2251 1623 2390 1678; x_wconf 87' lang='lat' dir='ltr'><strong>cieri</strong></span> <span class='ocrx_word' id='word_1_178' title='bbox 2418 1624 2577 1689; x_wconf 91' lang='lat' dir='ltr'><strong>ordo,</strong></span> <span class='ocrx_word' id='word_1_179' title='bbox 2630 1624 2718 1680; x_wconf 91' lang='lat' dir='ltr'><strong>vel</strong></span> <span class='ocrx_word' id='word_1_180' title='bbox 2775 1624 2973 1695; x_wconf 88' lang='lat' dir='ltr'><strong>plebis,</strong></span> <span class='ocrx_word' id='word_1_181' title='bbox 3026 1639 3214 1693; x_wconf 84' lang='lat' dir='ltr'><strong>preces</strong></span> <span class='ocrx_word' id='word_1_182' title='bbox 3242 1640 3371 1680; x_wconf 92' lang='lat' dir='ltr'><strong>suas</strong></span> <span class='ocrx_word' id='word_1_183' title='bbox 3403 1634 3457 1679; x_wconf 92' lang='lat' dir='ltr'><strong>et</strong></span> <span class='ocrx_word' id='word_1_184' title='bbox 3487 1624 3750 1696; x_wconf 84' lang='lat' dir='ltr'><strong>lacrymas</strong></span> <span class='ocrx_word' id='word_1_185' title='bbox 3775 1626 3837 1680; x_wconf 91' lang='lat' dir='ltr'><strong>ad</strong></span> 
     </span>
    </p>
   </div>
   <div class='ocr_carea' id='block_1_33' title="bbox 2251 1716 3840 1789">
    <p class='ocr_par' dir='ltr' id='par_1_33' title="bbox 2251 1716 3840 1789">
     <span class='ocr_line' id='line_1_33' title="bbox 2251 1716 3840 1789; baseline 0.003 -19"><span class='ocrx_word' id='word_1_186' title='bbox 2251 1732 2371 1782; x_wconf 89' lang='lat' dir='ltr'><strong>nos,</strong></span> <span class='ocrx_word' id='word_1_187' title='bbox 2430 1726 2689 1787; x_wconf 91' lang='lat' dir='ltr'><strong>quantum</strong></span> <span class='ocrx_word' id='word_1_188' title='bbox 2745 1718 2905 1771; x_wconf 91' lang='lat' dir='ltr'><strong>datur</strong></span> <span class='ocrx_word' id='word_1_189' title='bbox 2952 1716 3215 1786; x_wconf 76' lang='lat' dir='ltr'><strong>intelligi,</strong></span> <span class='ocrx_word' id='word_1_190' title='bbox 3267 1733 3464 1789; x_wconf 90' lang='lat' dir='ltr'><strong>magno</strong></span> <span class='ocrx_word' id='word_1_191' title='bbox 3488 1734 3609 1774; x_wconf 92' lang='lat' dir='ltr'><strong>cum</strong></span> <span class='ocrx_word' id='word_1_192' title='bbox 3662 1718 3840 1775; x_wconf 89' lang='lat' dir='ltr'><strong>dolore</strong></span> 
     </span>
    </p>
   </div>
   <div class='ocr_carea' id='block_1_34' title="bbox 545 1809 3839 1903">
    <p class='ocr_par' dir='ltr' id='par_1_34' title="bbox 545 1809 3839 1903">
     <span class='ocr_line' id='line_1_34' title="bbox 545 1809 3839 1903; baseline -0.002 -35"><span class='ocrx_word' id='word_1_193' title='bbox 545 1813 863 1884; x_wconf 82' lang='lat' dir='ltr'><strong>specialiter</strong></span> <span class='ocrx_word' id='word_1_194' title='bbox 890 1811 1091 1866; x_wconf 79' lang='lat' dir='ltr'><strong>faciant</strong></span> <span class='ocrx_word' id='word_1_195' title='bbox 1120 1809 1383 1865; x_wconf 91' lang='lat' dir='ltr'><strong>custodiri</strong></span> <span class='ocrx_word' id='word_1_196' title='bbox 1419 1826 1432 1862; x_wconf 91' lang='lat'><strong>:</strong></span> <span class='ocrx_word' id='word_1_197' title='bbox 1464 1825 1533 1864; x_wconf 92' lang='lat' dir='ltr'><strong>ne</strong></span> <span class='ocrx_word' id='word_1_198' title='bbox 1564 1809 1893 1865; x_wconf 89' lang='lat' dir='ltr'><strong>venerabilis</strong></span> <span class='ocrx_word' id='word_1_199' title='bbox 1914 1810 2143 1864; x_wconf 83' lang='lat' dir='ltr'><strong>ecclesia</strong></span> <span class='ocrx_word' id='word_1_200' title='bbox 2177 1844 2223 1903; x_wconf 79' lang='grc' dir='ltr'><strong>Β</strong></span> <span class='ocrx_word' id='word_1_201' title='bbox 2250 1810 2535 1876; x_wconf 90' lang='lat' dir='ltr'><strong>miserunt,</strong></span> <span class='ocrx_word' id='word_1_202' title='bbox 2564 1809 2837 1875; x_wconf 89' lang='lat' dir='ltr'><strong>dicentes,</strong></span> <span class='ocrx_word' id='word_1_203' title='bbox 2864 1810 3247 1879; x_wconf 82' lang='lat' dir='ltr'><strong>coepiscOpum</strong></span> <span class='ocrx_word' id='word_1_204' title='bbox 3282 1809 3435 1881; x_wconf 66' lang='lat' dir='ltr'><strong>(flare</strong></span> <span class='ocrx_word' id='word_1_205' title='bbox 3454 1811 3579 1865; x_wconf 81' lang='lat' dir='ltr'><strong>citat</strong></span> <span class='ocrx_word' id='word_1_206' title='bbox 3620 1809 3839 1865; x_wconf 73' lang='lat' dir='ltr'><strong>leesli-</strong></span> 
     </span>
    </p>
   </div>
   <div class='ocr_carea' id='block_1_35' title="bbox 543 1903 2143 1976">
    <p class='ocr_par' dir='ltr' id='par_1_35' title="bbox 543 1903 2143 1976">
     <span class='ocr_line' id='line_1_35' title="bbox 543 1903 2143 1976; baseline -0.004 -12"><span class='ocrx_word' id='word_1_207' title='bbox 543 1907 887 1965; x_wconf 84' lang='lat' dir='ltr'><strong>sanctissima</strong></span> <span class='ocrx_word' id='word_1_208' title='bbox 942 1905 1108 1962; x_wconf 86' lang='lat' dir='ltr'><strong>Urbis</strong></span> <span class='ocrx_word' id='word_1_209' title='bbox 1137 1903 1420 1976; x_wconf 78' lang='lat' dir='ltr'><strong>privilegia</strong></span> <span class='ocrx_word' id='word_1_210' title='bbox 1450 1918 1479 1957; x_wconf 89' lang='lat' dir='ltr'><strong>a</strong></span> <span class='ocrx_word' id='word_1_211' title='bbox 1515 1904 1794 1959; x_wconf 86' lang='lat' dir='ltr'><strong>veteribus</strong></span> <span class='ocrx_word' id='word_1_212' title='bbox 1848 1906 2143 1959; x_wconf 83' lang='lat' dir='ltr'><strong>constituta</strong></span> 
     </span>
    </p>
   </div>
   <div class='ocr_carea' id='block_1_36' title="bbox 545 1996 2147 2070">
    <p class='ocr_par' dir='ltr' id='par_1_36' title="bbox 545 1996 2147 2070">
     <span class='ocr_line' id='line_1_36' title="bbox 545 1996 2147 2070; baseline -0.003 -14"><span class='ocrx_word' id='word_1_213' title='bbox 545 2000 783 2065; x_wconf 89' lang='lat' dir='ltr'><strong>amittat,</strong></span> <span class='ocrx_word' id='word_1_214' title='bbox 809 2015 930 2070; x_wconf 83' lang='lat' dir='ltr'><strong>quae</strong></span> <span class='ocrx_word' id='word_1_215' title='bbox 953 2013 1197 2069; x_wconf 91' lang='lat' dir='ltr'><strong>perenne</strong></span> <span class='ocrx_word' id='word_1_216' title='bbox 1231 1998 1389 2052; x_wconf 89' lang='lat' dir='ltr'><strong>nobis</strong></span> <span class='ocrx_word' id='word_1_217' title='bbox 1412 1996 1493 2051; x_wconf 91' lang='lat' dir='ltr'><strong>sui</strong></span> <span class='ocrx_word' id='word_1_218' title='bbox 1540 1996 1778 2051; x_wconf 90' lang='lat' dir='ltr'><strong>nominis</strong></span> <span class='ocrx_word' id='word_1_219' title='bbox 1800 1998 2147 2053; x_wconf 85' lang='lat' dir='ltr'><strong>consecravit</strong></span> 
     </span>
    </p>
   </div>
   <div class='ocr_carea' id='block_1_37' title="bbox 546 2091 856 2163">
    <p class='ocr_par' dir='ltr' id='par_1_37' title="bbox 546 2091 856 2163">
     <span class='ocr_line' id='line_1_37' title="bbox 546 2091 856 2163; baseline -0.006 -16"><span class='ocrx_word' id='word_1_220' title='bbox 546 2091 856 2163; x_wconf 88' lang='lat' dir='ltr'><strong>imperium.</strong></span> 
     </span>
    </p>
   </div>
   <div class='ocr_carea' id='block_1_38' title="bbox 542 2314 2135 2393">
    <p class='ocr_par' dir='ltr' id='par_1_38' title="bbox 542 2314 2135 2393">
     <span class='ocr_line' id='line_1_38' title="bbox 542 2314 2135 2393; baseline -0.009 -11"><span class='ocrx_word' id='word_1_221' title='bbox 542 2325 822 2382; x_wconf 82' lang='lat' dir='ltr'><strong>emanavit.</strong></span> <span class='ocrx_word' id='word_1_222' title='bbox 859 2324 927 2379; x_wconf 85' lang='lat' dir='ltr'><strong>Et</strong></span> <span class='ocrx_word' id='word_1_223' title='bbox 965 2322 1020 2377; x_wconf 94' lang='lat' dir='ltr'><strong>hi</strong></span> <span class='ocrx_word' id='word_1_224' title='bbox 1045 2319 1263 2390; x_wconf 86' lang='lat' dir='ltr'><strong>quidem</strong></span> <span class='ocrx_word' id='word_1_225' title='bbox 1296 2318 1545 2393; x_wconf 72' lang='lat' dir='ltr'><strong>prcesules</strong></span> <span class='ocrx_word' id='word_1_226' title='bbox 1576 2331 1683 2393; x_wconf 82' lang='lat' dir='ltr'><strong>non</strong></span> <span class='ocrx_word' id='word_1_227' title='bbox 1732 2314 2009 2393; x_wconf 82' lang='lat' dir='ltr'><strong>immerito</strong></span> <span class='ocrx_word' id='word_1_228' title='bbox 2053 2314 2135 2368; x_wconf 90' lang='lat' dir='ltr'><strong>di-</strong></span> 
     </span>
    </p>
   </div>
   <div class='ocr_carea' id='block_1_39' title="bbox 540 2387 2134 2466">
    <p class='ocr_par' dir='ltr' id='par_1_39' title="bbox 540 2387 2134 2466">
     <span class='ocr_line' id='line_1_39' title="bbox 540 2387 2134 2466; baseline -0.008 -13"><span class='ocrx_word' id='word_1_229' title='bbox 540 2406 758 2462; x_wconf 89' lang='lat' dir='ltr'><strong>cuntur,</strong></span> <span class='ocrx_word' id='word_1_230' title='bbox 794 2396 916 2466; x_wconf 87' lang='lat' dir='ltr'><strong>quia</strong></span> <span class='ocrx_word' id='word_1_231' title='bbox 950 2387 1190 2466; x_wconf 72' lang='lat' dir='ltr'><strong>praesunt</strong></span> <span class='ocrx_word' id='word_1_232' title='bbox 1218 2387 1553 2457; x_wconf 68' lang='lat' dir='ltr'><strong>reipublicae,</strong></span> <span class='ocrx_word' id='word_1_233' title='bbox 1590 2388 1732 2466; x_wconf 76' lang='lat' dir='ltr'><strong>sicut</strong></span> <span class='ocrx_word' id='word_1_234' title='bbox 1762 2387 2003 2457; x_wconf 87' lang='lat' dir='ltr'><strong>episcopi</strong></span> <span class='ocrx_word' id='word_1_235' title='bbox 2036 2402 2134 2440; x_wconf 90' lang='lat' dir='ltr'><strong>vo-</strong></span> 
     </span>
    </p>
   </div>
   <div class='ocr_carea' id='block_1_40' title="bbox 539 2458 1778 2533">
    <p class='ocr_par' dir='ltr' id='par_1_40' title="bbox 539 2458 1778 2533">
     <span class='ocr_line' id='line_1_40' title="bbox 539 2458 1778 2533; baseline -0.012 -8"><span class='ocrx_word' id='word_1_236' title='bbox 539 2458 1051 2533; x_wconf 31' lang='lat' dir='ltr'><strong>cantnr&#39;pr&#39;a-sul&#39;es,</strong></span> <span class='ocrx_word' id='word_1_237' title='bbox 1082 2465 1203 2531; x_wconf 89' lang='lat' dir='ltr'><strong>quia</strong></span> <span class='ocrx_word' id='word_1_238' title='bbox 1245 2472 1483 2531; x_wconf 82' lang='lat' dir='ltr'><strong>praesunt</strong></span> <span class='ocrx_word' id='word_1_239' title='bbox 1507 2458 1778 2533; x_wconf 53' lang='lat' dir='ltr'><strong>ecclesiae.</strong></span> 
     </span>
    </p>
   </div>
   <div class='ocr_carea' id='block_1_41' title="bbox 616 2528 2136 2603">
    <p class='ocr_par' dir='ltr' id='par_1_41' title="bbox 616 2528 2136 2603">
     <span class='ocr_line' id='line_1_41' title="bbox 616 2528 2136 2603; baseline -0.009 -7"><span class='ocrx_word' id='word_1_240' title='bbox 616 2551 640 2577; x_wconf 74' lang='grc'><strong><em>⁸</em></strong></span> <span class='ocrx_word' id='word_1_241' title='bbox 673 2528 1001 2595; x_wconf 80' lang='lat' dir='ltr'><strong>Exciderunt</strong></span> <span class='ocrx_word' id='word_1_242' title='bbox 1024 2528 1224 2603; x_wconf 80' lang='lat' dir='ltr'><strong>scripta</strong></span> <span class='ocrx_word' id='word_1_243' title='bbox 1248 2528 1371 2595; x_wconf 81' lang='lat' dir='ltr'><strong>illa,</strong></span> <span class='ocrx_word' id='word_1_244' title='bbox 1410 2542 1727 2601; x_wconf 90' lang='lat' dir='ltr'><strong>tantumque</strong></span> <span class='ocrx_word' id='word_1_245' title='bbox 1754 2530 1805 2582; x_wconf 92' lang='lat' dir='ltr'><strong>in</strong></span> <span class='ocrx_word' id='word_1_246' title='bbox 1837 2528 2136 2603; x_wconf 84' lang='lat' dir='ltr'><strong>Theodosii</strong></span> 
     </span>
    </p>
   </div>
   <div class='ocr_carea' id='block_1_42' title="bbox 538 2602 2137 2669">
    <p class='ocr_par' dir='ltr' id='par_1_42' title="bbox 538 2602 2137 2669">
     <span class='ocr_line' id='line_1_42' title="bbox 538 2602 2137 2669; baseline -0.009 -1"><span class='ocrx_word' id='word_1_247' title='bbox 538 2626 604 2668; x_wconf 91' lang='lat' dir='ltr'><strong>ac</strong></span> <span class='ocrx_word' id='word_1_248' title='bbox 633 2609 923 2667; x_wconf 59' lang='lat' dir='ltr'><strong>Iustiniani</strong></span> <span class='ocrx_word' id='word_1_249' title='bbox 949 2602 1244 2662; x_wconf 82' lang='lat' dir='ltr'><strong>Cotlicibns</strong></span> <span class='ocrx_word' id='word_1_250' title='bbox 1274 2612 1455 2658; x_wconf 84' lang='lat' dir='ltr'><strong>exstat</strong></span> <span class='ocrx_word' id='word_1_251' title='bbox 1499 2611 1827 2669; x_wconf 65' lang='lat' dir='ltr'><strong>przncvptum</strong></span> <span class='ocrx_word' id='word_1_252' title='bbox 1882 2602 2137 2668; x_wconf 89' lang='lat' dir='ltr'><strong>superius</strong></span> 
     </span>
    </p>
   </div>
   <div class='ocr_carea' id='block_1_43' title="bbox 536 2673 2138 2750">
    <p class='ocr_par' dir='ltr' id='par_1_43' title="bbox 536 2673 2138 2750">
     <span class='ocr_line' id='line_1_43' title="bbox 536 2673 2138 2750; baseline -0.007 -13"><span class='ocrx_word' id='word_1_253' title='bbox 536 2683 761 2737; x_wconf 91' lang='lat' dir='ltr'><strong>allatum</strong></span> <span class='ocrx_word' id='word_1_254' title='bbox 785 2722 799 2743; x_wconf 93' lang='lat'><strong>,</strong></span> <span class='ocrx_word' id='word_1_255' title='bbox 829 2680 972 2750; x_wconf 86' lang='lat' dir='ltr'><strong>quod</strong></span> <span class='ocrx_word' id='word_1_256' title='bbox 1001 2678 1085 2732; x_wconf 90' lang='lat' dir='ltr'><strong>his</strong></span> <span class='ocrx_word' id='word_1_257' title='bbox 1114 2678 1408 2750; x_wconf 80' lang='lat' dir='ltr'><strong>rescissum</strong></span> <span class='ocrx_word' id='word_1_258' title='bbox 1435 2673 1914 2750; x_wconf 74' lang='lat' dir='ltr'><strong>fuit.§ed_i_llo_r_um</strong></span> <span class='ocrx_word' id='word_1_259' title='bbox 1938 2673 2138 2726; x_wconf 88' lang='lat' dir='ltr'><strong>verita-</strong></span> 
     </span>
    </p>
   </div>
   <div class='ocr_carea' id='block_1_44' title="bbox 539 2744 2137 2813">
    <p class='ocr_par' dir='ltr' id='par_1_44' title="bbox 539 2744 2137 2813">
     <span class='ocr_line' id='line_1_44' title="bbox 539 2744 2137 2813; baseline -0.011 -3"><span class='ocrx_word' id='word_1_260' title='bbox 539 2763 649 2810; x_wconf 88' lang='lat' dir='ltr'><strong>tem</strong></span> <span class='ocrx_word' id='word_1_261' title='bbox 673 2756 754 2808; x_wconf 87' lang='lat' dir='ltr'><strong>vel</strong></span> <span class='ocrx_word' id='word_1_262' title='bbox 789 2744 861 2807; x_wconf 56' lang='lat' dir='ltr'><strong>id&#39;</strong></span> <span class='ocrx_word' id='word_1_263' title='bbox 892 2752 1129 2805; x_wconf 77' lang='lat' dir='ltr'><strong>maxime</strong></span> <span class='ocrx_word' id='word_1_264' title='bbox 1162 2748 1365 2813; x_wconf 86' lang='lat' dir='ltr'><strong>firmat,</strong></span> <span class='ocrx_word' id='word_1_265' title='bbox 1390 2750 1533 2813; x_wconf 91' lang='lat' dir='ltr'><strong>quod</strong></span> <span class='ocrx_word' id='word_1_266' title='bbox 1565 2744 1827 2799; x_wconf 81' lang='lat' dir='ltr'><strong>Bonifacii</strong></span> <span class='ocrx_word' id='word_1_267' title='bbox 1855 2758 2137 2797; x_wconf 89' lang='lat' dir='ltr'><strong>successo-</strong></span> 
     </span>
    </p>
   </div>
   <div class='ocr_carea' id='block_1_45' title="bbox 536 2814 2135 2895">
    <p class='ocr_par' dir='ltr' id='par_1_45' title="bbox 536 2814 2135 2895">
     <span class='ocr_line' id='line_1_45' title="bbox 536 2814 2135 2895; baseline -0.009 -14"><span class='ocrx_word' id='word_1_268' title='bbox 536 2840 626 2881; x_wconf 85' lang='lat' dir='ltr'><strong>res</strong></span> <span class='ocrx_word' id='word_1_269' title='bbox 681 2824 969 2895; x_wconf 77' lang='lat' dir='ltr'><strong>pristinum</strong></span> <span class='ocrx_word' id='word_1_270' title='bbox 1016 2822 1106 2891; x_wconf 88' lang='lat' dir='ltr'><strong>jus</strong></span> <span class='ocrx_word' id='word_1_271' title='bbox 1161 2820 1216 2873; x_wconf 92' lang='lat' dir='ltr'><strong>in</strong></span> <span class='ocrx_word' id='word_1_272' title='bbox 1273 2816 1473 2889; x_wconf 80' lang='lat' dir='ltr'><strong>Illyrici</strong></span> <span class='ocrx_word' id='word_1_273' title='bbox 1530 2816 1827 2887; x_wconf 83' lang='lat' dir='ltr'><strong>provinciis</strong></span> <span class='ocrx_word' id='word_1_274' title='bbox 1884 2816 2001 2869; x_wconf 88' lang='lat' dir='ltr'><strong>sine</strong></span> <span class='ocrx_word' id='word_1_275' title='bbox 2026 2814 2135 2868; x_wconf 88' lang='lat' dir='ltr'><strong>ulla</strong></span> 
     </span>
    </p>
   </div>
   <div class='ocr_carea' id='block_1_46' title="bbox 538 2897 1309 2952">
    <p class='ocr_par' dir='ltr' id='par_1_46' title="bbox 538 2897 1309 2952">
     <span class='ocr_line' id='line_1_46' title="bbox 538 2897 1309 2952; baseline -0.013 0"><span class='ocrx_word' id='word_1_276' title='bbox 538 2898 914 2952; x_wconf 88' lang='lat' dir='ltr'><strong>controversia</strong></span> <span class='ocrx_word' id='word_1_277' title='bbox 944 2897 1309 2947; x_wconf 87' lang='lat' dir='ltr'><strong>retinuerunt.</strong></span> 
     </span>
    </p>
   </div>
   <div class='ocr_carea' id='block_1_47' title="bbox 609 2956 2137 3025">
    <p class='ocr_par' dir='ltr' id='par_1_47' title="bbox 609 2956 2137 3025">
     <span class='ocr_line' id='line_1_47' title="bbox 609 2956 2137 3025; baseline -0.007 -4"><span class='ocrx_word' id='word_1_278' title='bbox 609 2966 637 3006; x_wconf 70' lang='grc' dir='ltr'><strong>ι)</strong></span> <span class='ocrx_word' id='word_1_279' title='bbox 662 2967 778 3021; x_wconf 83' lang='lat' dir='ltr'><strong>Non</strong></span> <span class='ocrx_word' id='word_1_280' title='bbox 814 2979 1018 3022; x_wconf 87' lang='lat' dir='ltr'><strong>tantum</strong></span> <span class='ocrx_word' id='word_1_281' title='bbox 1045 2964 1098 3018; x_wconf 93' lang='lat' dir='ltr'><strong>in</strong></span> <span class='ocrx_word' id='word_1_282' title='bbox 1127 2960 1545 3018; x_wconf 89' lang='lat' dir='ltr'><strong>collectionibus</strong></span> <span class='ocrx_word' id='word_1_283' title='bbox 1572 2958 1760 3025; x_wconf 84' lang='lat' dir='ltr'><strong>Dion.,</strong></span> <span class='ocrx_word' id='word_1_284' title='bbox 1788 2957 1986 3024; x_wconf 87' lang='lat' dir='ltr'><strong>lladr.,</strong></span> <span class='ocrx_word' id='word_1_285' title='bbox 2014 2956 2137 3011; x_wconf 89' lang='lat' dir='ltr'><strong>llis-</strong></span> 
     </span>
    </p>
   </div>
   <div class='ocr_carea' id='block_1_48' title="bbox 532 3030 2130 3112">
    <p class='ocr_par' dir='ltr' id='par_1_48' title="bbox 532 3030 2130 3112">
     <span class='ocr_line' id='line_1_48' title="bbox 532 3030 2130 3112; baseline -0.008 -19"><span class='ocrx_word' id='word_1_286' title='bbox 532 3052 673 3112; x_wconf 87' lang='lat' dir='ltr'><strong>pana</strong></span> <span class='ocrx_word' id='word_1_287' title='bbox 706 3039 900 3112; x_wconf 82' lang='lat' dir='ltr'><strong>Isidori</strong></span> <span class='ocrx_word' id='word_1_288' title='bbox 931 3034 1277 3112; x_wconf 73' lang='lat' dir='ltr'><strong>Mercatoris,</strong></span> <span class='ocrx_word' id='word_1_289' title='bbox 1306 3032 1406 3112; x_wconf 33' lang='lat' dir='ltr'><strong>sed.</strong></span> <span class='ocrx_word' id='word_1_290' title='bbox 1432 3044 1484 3112; x_wconf 70' lang='lat' dir='ltr'><strong>et</strong></span> <span class='ocrx_word' id='word_1_291' title='bbox 1525 3032 1579 3112; x_wconf 78' lang='lat' dir='ltr'><strong>in</strong></span> <span class='ocrx_word' id='word_1_292' title='bbox 1606 3030 1807 3112; x_wconf 57' lang='lat' dir='ltr'><strong>(lodice</strong></span> <span class='ocrx_word' id='word_1_293' title='bbox 1834 3042 2130 3112; x_wconf 64' lang='lat' dir='ltr'><strong>canonum,</strong></span> 
     </span>
    </p>
   </div>
   <div class='ocr_carea' id='block_1_49' title="bbox 526 3098 2129 3181">
    <p class='ocr_par' dir='ltr' id='par_1_49' title="bbox 526 3098 2129 3181">
     <span class='ocr_line' id='line_1_49' title="bbox 526 3098 2129 3181; baseline -0.009 -16"><span class='ocrx_word' id='word_1_294' title='bbox 526 3098 698 3181; x_wconf 62' lang='lat' dir='ltr'><strong>quem</strong></span> <span class='ocrx_word' id='word_1_295' title='bbox 728 3110 920 3166; x_wconf 83' lang='lat' dir='ltr'><strong>Pasch.</strong></span> <span class='ocrx_word' id='word_1_296' title='bbox 964 3107 1293 3181; x_wconf 75' lang='lat' dir='ltr'><strong>Quesnellus</strong></span> <span class='ocrx_word' id='word_1_297' title='bbox 1323 3103 1515 3181; x_wconf 80' lang='lat' dir='ltr'><strong>edidit.</strong></span> <span class='ocrx_word' id='word_1_298' title='bbox 1554 3104 1809 3181; x_wconf 58' lang='lat' dir='ltr'><strong>habetur.</strong></span> <span class='ocrx_word' id='word_1_299' title='bbox 1857 3098 2129 3181; x_wconf 57' lang='lat' dir='ltr'><strong>Colberti:</strong></span> 
     </span>
    </p>
   </div>
   <div class='ocr_carea' id='block_1_50' title="bbox 531 3150 2202 3249">
    <p class='ocr_par' dir='ltr' id='par_1_50' title="bbox 531 3150 2202 3249">
     <span class='ocr_line' id='line_1_50' title="bbox 531 3150 2202 3249; baseline -0.008 -12"><span class='ocrx_word' id='word_1_300' title='bbox 868 3150 1098 3233; x_wconf 50' lang='lat' dir='ltr'><strong>Eod‘icis</strong></span> <span class='ocrx_word' id='word_1_301' title='bbox 1124 3176 1408 3249; x_wconf 77' lang='lat' dir='ltr'><strong>exemplar</strong></span> <span class='ocrx_word' id='word_1_302' title='bbox 1430 3174 1568 3227; x_wconf 89' lang='lat' dir='ltr'><strong>hanc</strong></span> <span class='ocrx_word' id='word_1_303' title='bbox 1595 3174 1646 3226; x_wconf 91' lang='lat' dir='ltr'><strong>in</strong></span> <span class='ocrx_word' id='word_1_304' title='bbox 1673 3172 1863 3249; x_wconf 62' lang='lat' dir='ltr'><strong>Indice</strong></span> <span class='ocrx_word' id='word_1_305' title='bbox 1886 3170 2130 3249; x_wconf 81' lang='lat' dir='ltr'><strong>generali</strong></span> <span class='ocrx_word' id='word_1_306' title='bbox 2158 3150 2202 3211; x_wconf 65' lang='grc' dir='ltr'><strong>(ἶ</strong></span> 
     </span>
    </p>
   </div>
   <div class='ocr_carea' id='block_1_51' title="bbox 530 3243 2132 3323">
    <p class='ocr_par' dir='ltr' id='par_1_51' title="bbox 530 3243 2132 3323">
     <span class='ocr_line' id='line_1_51' title="bbox 530 3243 2132 3323; baseline -0.011 -14"><span class='ocrx_word' id='word_1_307' title='bbox 530 3268 646 3323; x_wconf 66' lang='lat' dir='ltr'><strong>pra:</strong></span> <span class='ocrx_word' id='word_1_308' title='bbox 678 3270 739 3307; x_wconf 84' lang='lat' dir='ltr'><strong>se</strong></span> <span class='ocrx_word' id='word_1_309' title='bbox 765 3243 875 3307; x_wconf 74' lang='lat' dir='ltr'><strong>fert</strong></span> <span class='ocrx_word' id='word_1_310' title='bbox 919 3252 1108 3303; x_wconf 87' lang='lat' dir='ltr'><strong>falsam</strong></span> <span class='ocrx_word' id='word_1_311' title='bbox 1164 3243 1579 3323; x_wconf 71' lang='lat' dir='ltr'><strong>inscriptionem</strong></span> <span class='ocrx_word' id='word_1_312' title='bbox 1618 3261 1630 3297; x_wconf 93' lang='lat'>:</span> <span class='ocrx_word' id='word_1_313' title='bbox 1666 3243 1925 3323; x_wconf 65' lang='lat' dir='ltr'><strong>Bonifacii</strong></span> <span class='ocrx_word' id='word_1_314' title='bbox 1976 3257 2132 3323; x_wconf 44' lang='lat' dir='ltr'><strong>pap‘az</strong></span> 
     </span>
    </p>
   </div>
   <div class='ocr_carea' id='block_1_52' title="bbox 531 3311 2129 3392">
    <p class='ocr_par' dir='ltr' id='par_1_52' title="bbox 531 3311 2129 3392">
     <span class='ocr_line' id='line_1_52' title="bbox 531 3311 2129 3392; baseline -0.008 -15"><span class='ocrx_word' id='word_1_315' title='bbox 531 3311 601 3377; x_wconf 69' lang='lat' dir='ltr'><strong>ad</strong></span> <span class='ocrx_word' id='word_1_316' title='bbox 652 3324 918 3377; x_wconf 77' lang='lat' dir='ltr'><strong>Hilarium</strong></span> <span class='ocrx_word' id='word_1_317' title='bbox 960 3323 1257 3392; x_wconf 79' lang='lat' dir='ltr'><strong>episcopum</strong></span> <span class='ocrx_word' id='word_1_318' title='bbox 1307 3315 1709 3392; x_wconf 63' lang='lat' dir='ltr'><strong>Narbonensem</strong></span> <span class='ocrx_word' id='word_1_319' title='bbox 1762 3314 1825 3392; x_wconf 84' lang='lat' dir='ltr'><strong>de</strong></span> <span class='ocrx_word' id='word_1_320' title='bbox 1880 3311 2129 3392; x_wconf 60' lang='lat' dir='ltr'><strong>Patroclo</strong></span> 
     </span>
    </p>
   </div>
   <div class='ocr_carea' id='block_1_53' title="bbox 527 3381 2127 3466">
    <p class='ocr_par' dir='ltr' id='par_1_53' title="bbox 527 3381 2127 3466">
     <span class='ocr_line' id='line_1_53' title="bbox 527 3381 2127 3466; baseline -0.008 -17"><span class='ocrx_word' id='word_1_321' title='bbox 527 3395 773 3466; x_wconf 73' lang='lat' dir='ltr'><strong>episcopo</strong></span> <span class='ocrx_word' id='word_1_322' title='bbox 817 3381 1155 3466; x_wconf 61' lang='lat' dir='ltr'><strong>Lutltebensi.</strong></span> <span class='ocrx_word' id='word_1_323' title='bbox 1190 3389 1389 3444; x_wconf 80' lang='lat' dir='ltr'><strong>Verior</strong></span> <span class='ocrx_word' id='word_1_324' title='bbox 1420 3389 1518 3466; x_wconf 80' lang='lat' dir='ltr'><strong>ista</strong></span> <span class='ocrx_word' id='word_1_325' title='bbox 1569 3387 1709 3441; x_wconf 84' lang='lat' dir='ltr'><strong>foret</strong></span> <span class='ocrx_word' id='word_1_326' title='bbox 1742 3402 1753 3435; x_wconf 91' lang='lat'><strong>:</strong></span> <span class='ocrx_word' id='word_1_327' title='bbox 1786 3386 1850 3440; x_wconf 87' lang='lat' dir='ltr'><strong>de</strong></span> <span class='ocrx_word' id='word_1_328' title='bbox 1878 3381 2127 3438; x_wconf 86' lang='lat' dir='ltr'><strong>Patroclo</strong></span> 
     </span>
    </p>
   </div>
   <div class='ocr_carea' id='block_1_54' title="bbox 529 3461 2127 3583">
    <p class='ocr_par' dir='ltr' id='par_1_54' title="bbox 529 3461 2127 3583">
     <span class='ocr_line' id='line_1_54' title="bbox 529 3461 2127 3583; baseline -0.007 -63"><span class='ocrx_word' id='word_1_329' title='bbox 529 3461 843 3528; x_wconf 69' lang='lat' dir='ltr'><strong>Arelatensi,</strong></span> <span class='ocrx_word' id='word_1_330' title='bbox 876 3464 965 3535; x_wconf 88' lang='lat' dir='ltr'><strong>qui</strong></span> <span class='ocrx_word' id='word_1_331' title='bbox 996 3462 1341 3518; x_wconf 81' lang='lat' dir='ltr'><strong>Lutubensem</strong></span> <span class='ocrx_word' id='word_1_332' title='bbox 1363 3461 1664 3529; x_wconf 73' lang='lat' dir='ltr'><strong>episcopum</strong></span> <span class='ocrx_word' id='word_1_333' title='bbox 1685 3469 1877 3583; x_wconf 61' lang='grc' dir='ltr'><strong>ὄπυιεν</strong></span> <span class='ocrx_word' id='word_1_334' title='bbox 1901 3471 2127 3509; x_wconf 80' lang='lat' dir='ltr'><strong>canones</strong></span> 
     </span>
     <span class='ocr_line' id='line_1_55' title="bbox 529 3526 2127 3583; baseline -0.003 0"><span class='ocrx_word' id='word_1_335' title='bbox 529 3537 807 3583; x_wconf 81' lang='lat' dir='ltr'><strong>ordinauit-</strong></span> <span class='ocrx_word' id='word_1_336' title='bbox 838 3536 1118 3583; x_wconf 80' lang='lat' dir='ltr'><strong>Summam</strong></span> <span class='ocrx_word' id='word_1_337' title='bbox 1149 3536 1466 3583; x_wconf 80' lang='lat' dir='ltr'><strong>retinemus.</strong></span> <span class='ocrx_word' id='word_1_338' title='bbox 1491 3545 1650 3583; x_wconf 81' lang='lat' dir='ltr'><strong>ﬂtlatlt</strong></span> <span class='ocrx_word' id='word_1_339' title='bbox 1732 3530 1974 3583; x_wconf 85' lang='lat' dir='ltr'><strong>ionvsius</strong></span> <span class='ocrx_word' id='word_1_340' title='bbox 2000 3526 2127 3579; x_wconf 82' lang='lat' dir='ltr'><strong>Exi-</strong></span> 
     </span>
    </p>
   </div>
   <div class='ocr_carea' id='block_1_55' title="bbox 529 3526 2128 3600">
    <p class='ocr_par' dir='ltr' id='par_1_55' title="bbox 529 3526 2128 3600">
     <span class='ocr_line' id='line_1_56' title="bbox 529 3526 2128 3600; baseline -0.008 -9"><span class='ocrx_word' id='word_1_341' title='bbox 529 3537 807 3591; x_wconf 84' lang='lat' dir='ltr'><strong>ordinavit.</strong></span> <span class='ocrx_word' id='word_1_342' title='bbox 835 3526 1118 3591; x_wconf 76' lang='lat' dir='ltr'><strong>summam</strong></span> <span class='ocrx_word' id='word_1_343' title='bbox 1149 3536 1466 3594; x_wconf 77' lang='lat' dir='ltr'><strong>retinemus,</strong></span> <span class='ocrx_word' id='word_1_344' title='bbox 1491 3526 1650 3600; x_wconf 83' lang='lat' dir='ltr'><strong>quam</strong></span> <span class='ocrx_word' id='word_1_345' title='bbox 1685 3526 1974 3600; x_wconf 78' lang='lat' dir='ltr'><strong>Dionysius</strong></span> <span class='ocrx_word' id='word_1_346' title='bbox 2000 3526 2128 3579; x_wconf 83' lang='lat' dir='ltr'><strong>Exi-</strong></span> 
     </span>
    </p>
   </div>
   <div class='ocr_carea' id='block_1_56' title="bbox 527 3599 2128 3679">
    <p class='ocr_par' dir='ltr' id='par_1_56' title="bbox 527 3599 2128 3679">
     <span class='ocr_line' id='line_1_57' title="bbox 527 3599 2128 3679; baseline -0.008 -16"><span class='ocrx_word' id='word_1_347' title='bbox 527 3623 667 3679; x_wconf 84' lang='lat' dir='ltr'><strong>guus</strong></span> <span class='ocrx_word' id='word_1_348' title='bbox 696 3609 744 3663; x_wconf 90' lang='lat' dir='ltr'><strong>ei</strong></span> <span class='ocrx_word' id='word_1_349' title='bbox 778 3608 1030 3679; x_wconf 63' lang='lat' dir='ltr'><strong>praefixit.</strong></span> <span class='ocrx_word' id='word_1_350' title='bbox 1080 3604 1378 3679; x_wconf 76' lang='lat' dir='ltr'><strong>Privilegia</strong></span> <span class='ocrx_word' id='word_1_351' title='bbox 1398 3599 1661 3679; x_wconf 72' lang='lat' dir='ltr'><strong>Patroclo</strong></span> <span class='ocrx_word' id='word_1_352' title='bbox 1691 3599 1971 3679; x_wconf 60' lang='lat' dir='ltr'><strong>alqsimo</strong></span> <span class='ocrx_word' id='word_1_353' title='bbox 1996 3611 2128 3651; x_wconf 90' lang='lat' dir='ltr'><strong>con-</strong></span> 
     </span>
    </p>
   </div>
   <div class='ocr_carea' id='block_1_57' title="bbox 530 3672 2128 3745">
    <p class='ocr_par' dir='ltr' id='par_1_57' title="bbox 530 3672 2128 3745">
     <span class='ocr_line' id='line_1_58' title="bbox 530 3672 2128 3745; baseline -0.007 -11"><span class='ocrx_word' id='word_1_354' title='bbox 530 3672 685 3734; x_wconf 71' lang='lat' dir='ltr'><strong>cessa</strong></span> <span class='ocrx_word' id='word_1_355' title='bbox 718 3672 1034 3734; x_wconf 83' lang='lat' dir='ltr'><strong>Bonifacius</strong></span> <span class='ocrx_word' id='word_1_356' title='bbox 1080 3676 1179 3729; x_wconf 91' lang='lat' dir='ltr'><strong>hac</strong></span> <span class='ocrx_word' id='word_1_357' title='bbox 1217 3673 1449 3745; x_wconf 76' lang='lat' dir='ltr'><strong>epistola</strong></span> <span class='ocrx_word' id='word_1_358' title='bbox 1482 3672 1552 3727; x_wconf 88' lang='lat' dir='ltr'><strong>ita</strong></span> <span class='ocrx_word' id='word_1_359' title='bbox 1602 3672 1882 3731; x_wconf 87' lang='lat' dir='ltr'><strong>rescindit,</strong></span> <span class='ocrx_word' id='word_1_360' title='bbox 1936 3680 1994 3722; x_wconf 90' lang='lat' dir='ltr'><strong>ut</strong></span> <span class='ocrx_word' id='word_1_361' title='bbox 2028 3684 2128 3723; x_wconf 87' lang='lat' dir='ltr'><strong>nec</strong></span> 
     </span>
    </p>
   </div>
   <div class='ocr_carea' id='block_1_58' title="bbox 521 3746 2121 3816">
    <p class='ocr_par' dir='ltr' id='par_1_58' title="bbox 521 3746 2121 3816">
     <span class='ocr_line' id='line_1_59' title="bbox 521 3746 2121 3816; baseline -0.008 -9"><span class='ocrx_word' id='word_1_362' title='bbox 521 3749 761 3816; x_wconf 86' lang='lat' dir='ltr'><strong>illorum,</strong></span> <span class='ocrx_word' id='word_1_363' title='bbox 808 3765 909 3806; x_wconf 88' lang='lat' dir='ltr'><strong>nec</strong></span> <span class='ocrx_word' id='word_1_364' title='bbox 958 3748 1267 3803; x_wconf 87' lang='lat' dir='ltr'><strong>decessoris</strong></span> <span class='ocrx_word' id='word_1_365' title='bbox 1307 3746 1414 3808; x_wconf 88' lang='lat' dir='ltr'><strong>sui,</strong></span> <span class='ocrx_word' id='word_1_366' title='bbox 1454 3758 1617 3809; x_wconf 89' lang='lat' dir='ltr'><strong>aquo</strong></span> <span class='ocrx_word' id='word_1_367' title='bbox 1639 3750 2121 3816; x_wconf 77' lang='lat' dir='ltr'><strong>concessaerant,</strong></span> 
     </span>
    </p>
   </div>
   <div class='ocr_carea' id='block_1_59' title="bbox 523 3813 2123 3885">
    <p class='ocr_par' dir='ltr' id='par_1_59' title="bbox 523 3813 2123 3885">
     <span class='ocr_line' id='line_1_60' title="bbox 523 3813 2123 3885; baseline -0.01 -6"><span class='ocrx_word' id='word_1_368' title='bbox 523 3813 860 3879; x_wconf 83' lang='lat' dir='ltr'><strong>mentionem</strong></span> <span class='ocrx_word' id='word_1_369' title='bbox 917 3821 1096 3876; x_wconf 86' lang='lat' dir='ltr'><strong>faciat.</strong></span> <span class='ocrx_word' id='word_1_370' title='bbox 1128 3818 1186 3874; x_wconf 92' lang='lat' dir='ltr'><strong>In</strong></span> <span class='ocrx_word' id='word_1_371' title='bbox 1217 3834 1303 3879; x_wconf 90' lang='lat' dir='ltr'><strong>eo,</strong></span> <span class='ocrx_word' id='word_1_372' title='bbox 1347 3816 1489 3885; x_wconf 86' lang='lat' dir='ltr'><strong>quod</strong></span> <span class='ocrx_word' id='word_1_373' title='bbox 1516 3814 1956 3880; x_wconf 68' lang='lat' dir='ltr'><strong>metrmiolitanis</strong></span> <span class='ocrx_word' id='word_1_374' title='bbox 1979 3813 2066 3879; x_wconf 91' lang='lat' dir='ltr'><strong>jus</strong></span> <span class='ocrx_word' id='word_1_375' title='bbox 2096 3826 2123 3863; x_wconf 88' lang='lat' dir='ltr'><strong>a</strong></span> 
     </span>
    </p>
   </div>
   <div class='ocr_carea' id='block_1_60' title="bbox 523 3885 2121 3955">
    <p class='ocr_par' dir='ltr' id='par_1_60' title="bbox 523 3885 2121 3955">
     <span class='ocr_line' id='line_1_61' title="bbox 523 3885 2121 3955; baseline -0.009 -4"><span class='ocrx_word' id='word_1_376' title='bbox 523 3896 827 3951; x_wconf 81' lang='lat' dir='ltr'><strong>Canonibus</strong></span> <span class='ocrx_word' id='word_1_377' title='bbox 850 3892 1177 3948; x_wconf 88' lang='lat' dir='ltr'><strong>attributum</strong></span> <span class='ocrx_word' id='word_1_378' title='bbox 1222 3890 1497 3953; x_wconf 89' lang='lat' dir='ltr'><strong>restituat,</strong></span> <span class='ocrx_word' id='word_1_379' title='bbox 1546 3902 1576 3940; x_wconf 88' lang='lat' dir='ltr'><strong>a</strong></span> <span class='ocrx_word' id='word_1_380' title='bbox 1601 3886 1927 3949; x_wconf 73' lang='lat' dir='ltr'><strong>leestino,</strong></span> <span class='ocrx_word' id='word_1_381' title='bbox 1957 3885 2121 3955; x_wconf 91' lang='lat' dir='ltr'><strong>epist.</strong></span> 
     </span>
    </p>
   </div>
   <div class='ocr_carea' id='block_1_61' title="bbox 524 3964 1757 4045">
    <p class='ocr_par' dir='ltr' id='par_1_61' title="bbox 524 3964 1757 4045">
     <span class='ocr_line' id='line_1_62' title="bbox 524 3964 1757 4045; baseline 0.006 -29"><span class='ocrx_word' id='word_1_382' title='bbox 524 3964 581 4033; x_wconf 77' lang='lat'><strong>4,</strong></span> <span class='ocrx_word' id='word_1_383' title='bbox 616 3984 675 4045; x_wconf 64' lang='grc' dir='ltr'><strong>ηΣ</strong></span> <span class='ocrx_word' id='word_1_384' title='bbox 708 3965 762 4032; x_wconf 88' lang='grc'><strong>6,</strong></span> <span class='ocrx_word' id='word_1_385' title='bbox 790 3965 1061 4045; x_wconf 72' lang='lat' dir='ltr'><strong>laudatur.</strong></span> <span class='ocrx_word' id='word_1_386' title='bbox 1224 4032 1239 4045; x_wconf 37' lang='grc' dir='ltr'><strong>θ</strong></span> <span class='ocrx_word' id='word_1_387' title='bbox 1365 4030 1386 4045; x_wconf 43' lang='grc' dir='ltr'><strong><em>π</em></strong></span> <span class='ocrx_word' id='word_1_388' title='bbox 1424 4030 1436 4042; x_wconf 48' lang='grc'><strong>.</strong></span> <span class='ocrx_word' id='word_1_389' title='bbox 1462 4029 1475 4045; x_wconf 45' lang='grc'><strong>1</strong></span> <span class='ocrx_word' id='word_1_390' title='bbox 1528 4031 1578 4045; x_wconf 49' lang='grc' dir='ltr'><strong><em>Η</em></strong></span> <span class='ocrx_word' id='word_1_391' title='bbox 1648 4044 1651 4045; x_wconf 14' lang='grc' dir='ltr'><em>ν</em></span> <span class='ocrx_word' id='word_1_392' title='bbox 1686 4028 1700 4045; x_wconf 41' lang='grc'>⁸</span> <span class='ocrx_word' id='word_1_393' title='bbox 1726 4029 1757 4045; x_wconf 81' lang='lat'><strong>__</strong></span> 
     </span>
    </p>
   </div>
   <div class='ocr_carea' id='block_1_62' title="bbox 598 4025 2120 4106">
    <p class='ocr_par' dir='ltr' id='par_1_62' title="bbox 598 4025 2120 4106">
     <span class='ocr_line' id='line_1_63' title="bbox 598 4025 2120 4106; baseline -0.009 -14"><span class='ocrx_word' id='word_1_394' title='bbox 598 4048 622 4076; x_wconf 80' lang='grc' dir='ltr'><strong>ο</strong></span> <span class='ocrx_word' id='word_1_395' title='bbox 656 4039 712 4092; x_wconf 87' lang='grc' dir='ltr'><strong>1η</strong></span> <span class='ocrx_word' id='word_1_396' title='bbox 750 4025 991 4106; x_wconf 75' lang='lat' dir='ltr'><strong>vulgatis</strong></span> <span class='ocrx_word' id='word_1_397' title='bbox 1029 4032 1334 4106; x_wconf 85' lang='lat' dir='ltr'><strong>secundum</strong></span> <span class='ocrx_word' id='word_1_398' title='bbox 1365 4029 1499 4084; x_wconf 90' lang='lat' dir='ltr'><strong>Isid.</strong></span> <span class='ocrx_word' id='word_1_399' title='bbox 1528 4031 1614 4106; x_wconf 76' lang='lat' dir='ltr'><strong>hic</strong></span> <span class='ocrx_word' id='word_1_400' title='bbox 1638 4028 1857 4106; x_wconf 82' lang='lat' dir='ltr'><strong>additur</strong></span> <span class='ocrx_word' id='word_1_401' title='bbox 1878 4025 2120 4091; x_wconf 81' lang='lat' dir='ltr'><strong>salutem,</strong></span> 
     </span>
    </p>
   </div>
   <div class='ocr_carea' id='block_1_63' title="bbox 521 4099 2122 4192">
    <p class='ocr_par' dir='ltr' id='par_1_63' title="bbox 521 4099 2122 4178">
     <span class='ocr_line' id='line_1_64' title="bbox 521 4099 2122 4178; baseline -0.009 -15"><span class='ocrx_word' id='word_1_402' title='bbox 521 4123 647 4178; x_wconf 63' lang='lat' dir='ltr'><strong>qua;</strong></span> <span class='ocrx_word' id='word_1_403' title='bbox 672 4122 776 4162; x_wconf 91' lang='lat' dir='ltr'><strong>vox</strong></span> <span class='ocrx_word' id='word_1_404' title='bbox 806 4099 959 4163; x_wconf 79' lang='lat' dir='ltr'><strong>abest</strong></span> <span class='ocrx_word' id='word_1_405' title='bbox 989 4105 1057 4160; x_wconf 91' lang='lat' dir='ltr'><strong>ab</strong></span> <span class='ocrx_word' id='word_1_406' title='bbox 1100 4103 1475 4173; x_wconf 81' lang='lat' dir='ltr'><strong>antiquiorum</strong></span> <span class='ocrx_word' id='word_1_407' title='bbox 1508 4099 1903 4156; x_wconf 88' lang='lat' dir='ltr'><strong>collectionum</strong></span> <span class='ocrx_word' id='word_1_408' title='bbox 1933 4111 2122 4152; x_wconf 71' lang='lat' dir='ltr'><strong>exem~</strong></span> 
     </span>
    </p>
   </div>
   <div class='ocr_carea' id='block_1_64' title="bbox 522 4181 2120 4320">
    <p class='ocr_par' dir='ltr' id='par_1_64' title="bbox 522 4181 2120 4320">
     <span class='ocr_line' id='line_1_65' title="bbox 522 4181 2120 4320; baseline 0.025 -36"><span class='ocrx_word' id='word_1_409' title='bbox 522 4181 819 4311; x_wconf 53' lang='lat' dir='ltr'><strong>pl&#39;dsitlditi,</strong></span> <span class='ocrx_word' id='word_1_410' title='bbox 855 4247 1161 4320; x_wconf 74' lang='lat' dir='ltr'><strong>Difﬁcilem,</strong></span> <span class='ocrx_word' id='word_1_411' title='bbox 1212 4255 1319 4320; x_wconf 79' lang='lat' dir='ltr'><strong>etc.</strong></span> <span class='ocrx_word' id='word_1_412' title='bbox 1354 4244 1509 4299; x_wconf 64' lang='lat' dir='ltr'><strong>Colbo</strong></span> <span class='ocrx_word' id='word_1_413' title='bbox 1542 4260 1670 4320; x_wconf 59' lang='lat' dir='ltr'><strong>(“Su</strong></span> <span class='ocrx_word' id='word_1_414' title='bbox 1722 4239 1952 4320; x_wconf 66' lang='grc' dir='ltr'><strong>θξίβείίε</strong></span> <span class='ocrx_word' id='word_1_415' title='bbox 1976 4257 2120 4320; x_wconf 52' lang='lat'><strong>11.150.&quot;</strong></span> 
     </span>
    </p>
   </div>
   <div class='ocr_carea' id='block_1_65' title="bbox 523 4311 2124 4390">
    <p class='ocr_par' dir='ltr' id='par_1_65' title="bbox 523 4311 2124 4390">
     <span class='ocr_line' id='line_1_66' title="bbox 523 4311 2124 4390; baseline -0.008 -14"><span class='ocrx_word' id='word_1_416' title='bbox 523 4325 764 4376; x_wconf 80' lang='lat' dir='ltr'><strong>rumdam</strong></span> <span class='ocrx_word' id='word_1_417' title='bbox 786 4311 1304 4390; x_wconf 35' lang='lat' dir='ltr'><strong>ﬁdem‘querimonia:</strong></span> <span class='ocrx_word' id='word_1_418' title='bbox 1332 4317 1744 4390; x_wconf 79' lang='lat' dir='ltr'><strong>commodamus.</strong></span> <span class='ocrx_word' id='word_1_419' title='bbox 1774 4311 1933 4384; x_wconf 77' lang='lat' dir='ltr'><strong>lteg.,</strong></span> <span class='ocrx_word' id='word_1_420' title='bbox 1968 4311 2124 4381; x_wconf 78' lang='lat' dir='ltr'><strong>Difﬁ-</strong></span> 
     </span>
    </p>
   </div>
   <div class='ocr_carea' id='block_1_66' title="bbox 524 4388 1815 4519">
    <p class='ocr_par' dir='ltr' id='par_1_66' title="bbox 524 4388 1815 4519">
     <span class='ocr_line' id='line_1_67' title="bbox 524 4388 1595 4463; baseline -0.006 -16"><span class='ocrx_word' id='word_1_421' title='bbox 524 4394 622 4448; x_wconf 88' lang='lat' dir='ltr'><strong>cile</strong></span> <span class='ocrx_word' id='word_1_422' title='bbox 690 4388 861 4445; x_wconf 79' lang='lat' dir='ltr'><strong>uidem</strong></span> <span class='ocrx_word' id='word_1_423' title='bbox 883 4390 1223 4463; x_wconf 86' lang='lat' dir='ltr'><strong>querimoniis</strong></span> <span class='ocrx_word' id='word_1_424' title='bbox 1252 4388 1595 4443; x_wconf 82' lang='lat' dir='ltr'><strong>credidimus.</strong></span> 
     </span>
     <span class='ocr_line' id='line_1_68' title="bbox 600 4410 1815 4519; baseline -0.006 0"><span class='ocrx_word' id='word_1_425' title='bbox 600 4475 623 4501; x_wconf 73' lang='grc' dir='ltr'>ε’</span> <span class='ocrx_word' id='word_1_426' title='bbox 653 4410 830 4519; x_wconf 55' lang='lat' dir='ltr'><strong>gierlu</strong></span> <span class='ocrx_word' id='word_1_427' title='bbox 869 4461 1204 4516; x_wconf 88' lang='lat' dir='ltr'><strong>Lucubensis.</strong></span> <span class='ocrx_word' id='word_1_428' title='bbox 1256 4459 1444 4519; x_wconf 85' lang='lat' dir='ltr'><strong>Crab..</strong></span> <span class='ocrx_word' id='word_1_429' title='bbox 1480 4458 1815 4514; x_wconf 84' lang='lat' dir='ltr'><strong>Luctencnsis</strong></span> 
     </span>
    </p>
   </div>
   <div class='ocr_carea' id='block_1_67' title="bbox 2250 1901 3839 1973">
    <p class='ocr_par' dir='ltr' id='par_1_67' title="bbox 2250 1901 3839 1973">
     <span class='ocr_line' id='line_1_69' title="bbox 2250 1901 3839 1973; baseline 0.002 -17"><span class='ocrx_word' id='word_1_430' title='bbox 2250 1920 2346 1957; x_wconf 86' lang='lat' dir='ltr'><strong>nus</strong></span> <span class='ocrx_word' id='word_1_431' title='bbox 2377 1903 2527 1973; x_wconf 83' lang='lat' dir='ltr'><strong>epist.</strong></span> <span class='ocrx_word' id='word_1_432' title='bbox 2570 1901 2627 1968; x_wconf 76' lang='grc'><strong>4,</strong></span> <span class='ocrx_word' id='word_1_433' title='bbox 2649 1901 2774 1970; x_wconf 90' lang='lat' dir='ltr'><strong>n.7)</strong></span> <span class='ocrx_word' id='word_1_434' title='bbox 2804 1912 3050 1957; x_wconf 89' lang='lat' dir='ltr'><strong>nostrum</strong></span> <span class='ocrx_word' id='word_1_435' title='bbox 3077 1902 3407 1971; x_wconf 81' lang='lat' dir='ltr'><strong>Patroclum,</strong></span> <span class='ocrx_word' id='word_1_436' title='bbox 3436 1902 3455 1941; x_wconf 69' lang='grc' dir='ltr'>ί</span> <span class='ocrx_word' id='word_1_437' title='bbox 3475 1919 3571 1958; x_wconf 87' lang='lat' dir='ltr'><strong>sua</strong></span> <span class='ocrx_word' id='word_1_438' title='bbox 3592 1901 3839 1972; x_wconf 87' lang='lat' dir='ltr'><strong>petitione</strong></span> 
     </span>
    </p>
   </div>
   <div class='ocr_carea' id='block_1_68' title="bbox 2245 1994 3835 2067">
    <p class='ocr_par' dir='ltr' id='par_1_68' title="bbox 2245 1994 3835 2067">
     <span class='ocr_line' id='line_1_70' title="bbox 2245 1994 3835 2067; baseline 0 -16"><span class='ocrx_word' id='word_1_439' title='bbox 2245 2006 2517 2062; x_wconf 90' lang='lat' dir='ltr'><strong>cessante,</strong></span> <span class='ocrx_word' id='word_1_440' title='bbox 2548 1994 2605 2049; x_wconf 91' lang='lat' dir='ltr'><strong>in</strong></span> <span class='ocrx_word' id='word_1_441' title='bbox 2636 1995 2813 2050; x_wconf 92' lang='lat' dir='ltr'><strong>locum</strong></span> <span class='ocrx_word' id='word_1_442' title='bbox 2842 1994 3161 2050; x_wconf 83' lang='lat' dir='ltr'><strong>decedentis</strong></span> <span class='ocrx_word' id='word_1_443' title='bbox 3185 1996 3453 2067; x_wconf 87' lang='lat' dir='ltr'><strong>episcopi,</strong></span> <span class='ocrx_word' id='word_1_444' title='bbox 3484 1997 3669 2052; x_wconf 82' lang='lat' dir='ltr'><strong>nescio</strong></span> <span class='ocrx_word' id='word_1_445' title='bbox 3688 2011 3835 2067; x_wconf 89' lang='lat' dir='ltr'><strong>quem</strong></span> 
     </span>
    </p>
   </div>
   <div class='ocr_carea' id='block_1_69' title="bbox 2248 2089 3839 2165">
    <p class='ocr_par' dir='ltr' id='par_1_69' title="bbox 2248 2089 3839 2165">
     <span class='ocr_line' id='line_1_71' title="bbox 2248 2089 3839 2165; baseline 0.003 -22"><span class='ocrx_word' id='word_1_446' title='bbox 2248 2090 2299 2144; x_wconf 93' lang='lat' dir='ltr'><strong>in</strong></span> <span class='ocrx_word' id='word_1_447' title='bbox 2360 2099 2384 2136; x_wconf 74' lang='grc' dir='ltr'><em>ε</em></span> <span class='ocrx_word' id='word_1_448' title='bbox 2428 2090 2604 2146; x_wconf 89' lang='lat' dir='ltr'><strong>aliena</strong></span> <span class='ocrx_word' id='word_1_449' title='bbox 2656 2089 2935 2160; x_wconf 87' lang='lat' dir='ltr'><strong>provincia</strong></span> <span class='ocrx_word' id='word_1_450' title='bbox 2990 2092 3359 2159; x_wconf 67' lang='lat' dir='ltr'><strong>prtetermisso</strong></span> <span class='ocrx_word' id='word_1_451' title='bbox 3418 2092 3839 2165; x_wconf 90' lang='lat' dir='ltr'><strong>metr0politano</strong></span> 
     </span>
    </p>
   </div>
   <div class='ocr_carea' id='block_1_70' title="bbox 2242 2315 3838 2386">
    <p class='ocr_par' dir='ltr' id='par_1_70' title="bbox 2242 2315 3838 2386">
     <span class='ocr_line' id='line_1_72' title="bbox 2242 2315 3838 2386; baseline 0.004 -18"><span class='ocrx_word' id='word_1_452' title='bbox 2242 2315 2414 2371; x_wconf 90' lang='lat' dir='ltr'><strong>troclo</strong></span> <span class='ocrx_word' id='word_1_453' title='bbox 2434 2357 2448 2380; x_wconf 91' lang='lat'><strong>,</strong></span> <span class='ocrx_word' id='word_1_454' title='bbox 2471 2315 2617 2386; x_wconf 87' lang='lat' dir='ltr'><strong>quod</strong></span> <span class='ocrx_word' id='word_1_455' title='bbox 2652 2317 2703 2370; x_wconf 92' lang='lat' dir='ltr'><strong>in</strong></span> <span class='ocrx_word' id='word_1_456' title='bbox 2731 2315 2905 2370; x_wconf 82' lang='lat' dir='ltr'><strong>aliena</strong></span> <span class='ocrx_word' id='word_1_457' title='bbox 2936 2316 3213 2385; x_wconf 89' lang='lat' dir='ltr'><strong>provincia</strong></span> <span class='ocrx_word' id='word_1_458' title='bbox 3244 2319 3572 2376; x_wconf 89' lang='lat' dir='ltr'><strong>sacerdotes</strong></span> <span class='ocrx_word' id='word_1_459' title='bbox 3602 2320 3838 2376; x_wconf 85' lang='lat' dir='ltr'><strong>ordinas-</strong></span> 
     </span>
    </p>
   </div>
   <div class='ocr_carea' id='block_1_71' title="bbox 2242 2388 3837 2460">
    <p class='ocr_par' dir='ltr' id='par_1_71' title="bbox 2242 2388 3837 2460">
     <span class='ocr_line' id='line_1_73' title="bbox 2242 2388 3837 2460; baseline 0.002 -20"><span class='ocrx_word' id='word_1_460' title='bbox 2242 2399 2344 2452; x_wconf 82' lang='lat' dir='ltr'><strong>Set,</strong></span> <span class='ocrx_word' id='word_1_461' title='bbox 2376 2389 2512 2460; x_wconf 81' lang='lat' dir='ltr'><strong>utin</strong></span> <span class='ocrx_word' id='word_1_462' title='bbox 2546 2388 2837 2460; x_wconf 69' lang='lat' dir='ltr'><strong>epistolafi</strong></span> <span class='ocrx_word' id='word_1_463' title='bbox 2862 2388 3087 2449; x_wconf 79' lang='lat' dir='ltr'><strong>Zosimi,</strong></span> <span class='ocrx_word' id='word_1_464' title='bbox 3128 2406 3181 2443; x_wconf 93' lang='lat' dir='ltr'><strong>n.</strong></span> <span class='ocrx_word' id='word_1_465' title='bbox 3216 2390 3265 2458; x_wconf 87' lang='lat'><strong>1,</strong></span> <span class='ocrx_word' id='word_1_466' title='bbox 3294 2390 3553 2455; x_wconf 83' lang='lat' dir='ltr'><strong>habetur,</strong></span> <span class='ocrx_word' id='word_1_467' title='bbox 3588 2403 3837 2460; x_wconf 71' lang='grc' dir='ltr'>θινοειιι-</span> 
     </span>
    </p>
   </div>
   <div class='ocr_carea' id='block_1_72' title="bbox 2244 2459 3838 2531">
    <p class='ocr_par' dir='ltr' id='par_1_72' title="bbox 2244 2459 3838 2531">
     <span class='ocr_line' id='line_1_74' title="bbox 2244 2459 3838 2531; baseline 0.003 -19"><span class='ocrx_word' id='word_1_468' title='bbox 2244 2460 2381 2531; x_wconf 85' lang='lat' dir='ltr'><strong>larat</strong></span> <span class='ocrx_word' id='word_1_469' title='bbox 2404 2459 2643 2514; x_wconf 85' lang='lat' dir='ltr'><strong>Hilarius</strong></span> <span class='ocrx_word' id='word_1_470' title='bbox 2674 2459 3065 2520; x_wconf 78' lang='lat' dir='ltr'><strong>Narbonensis.</strong></span> <span class='ocrx_word' id='word_1_471' title='bbox 3094 2477 3329 2514; x_wconf 81' lang='lat' dir='ltr'><strong>asserens</strong></span> <span class='ocrx_word' id='word_1_472' title='bbox 3352 2463 3405 2516; x_wconf 85' lang='lat' dir='ltr'><strong>in</strong></span> <span class='ocrx_word' id='word_1_473' title='bbox 3433 2463 3613 2516; x_wconf 85' lang='lat' dir='ltr'><strong>aliena</strong></span> <span class='ocrx_word' id='word_1_474' title='bbox 3641 2464 3838 2531; x_wconf 76' lang='lat' dir='ltr'><strong>provin-</strong></span> 
     </span>
    </p>
   </div>
   <div class='ocr_carea' id='block_1_73' title="bbox 2243 2530 3836 2602">
    <p class='ocr_par' dir='ltr' id='par_1_73' title="bbox 2243 2530 3836 2602">
     <span class='ocr_line' id='line_1_75' title="bbox 2243 2530 3836 2602; baseline 0.004 -19"><span class='ocrx_word' id='word_1_475' title='bbox 2243 2530 2323 2583; x_wconf 89' lang='lat' dir='ltr'><strong>cia</strong></span> <span class='ocrx_word' id='word_1_476' title='bbox 2368 2533 2431 2602; x_wconf 85' lang='lat' dir='ltr'><strong>ab</strong></span> <span class='ocrx_word' id='word_1_477' title='bbox 2481 2531 2585 2584; x_wconf 86' lang='lat' dir='ltr'><strong>alio</strong></span> <span class='ocrx_word' id='word_1_478' title='bbox 2643 2548 2747 2584; x_wconf 88' lang='lat' dir='ltr'><strong>non</strong></span> <span class='ocrx_word' id='word_1_479' title='bbox 2796 2530 2977 2586; x_wconf 84' lang='lat' dir='ltr'><strong>debere</strong></span> <span class='ocrx_word' id='word_1_480' title='bbox 3030 2532 3146 2600; x_wconf 80' lang='lat' dir='ltr'><strong>ﬁeri</strong></span> <span class='ocrx_word' id='word_1_481' title='bbox 3223 2535 3537 2587; x_wconf 76' lang='lat' dir='ltr'><strong>sacerdotes.</strong></span> <span class='ocrx_word' id='word_1_482' title='bbox 3600 2533 3836 2602; x_wconf 80' lang='lat' dir='ltr'><strong>Cumque</strong></span> 
     </span>
    </p>
   </div>
   <div class='ocr_carea' id='block_1_74' title="bbox 2242 2601 3833 2661">
    <p class='ocr_par' dir='ltr' id='par_1_74' title="bbox 2242 2601 3833 2661">
     <span class='ocr_line' id='line_1_76' title="bbox 2242 2601 3833 2661; baseline 0.003 -6"><span class='ocrx_word' id='word_1_483' title='bbox 2242 2601 2472 2656; x_wconf 86' lang='lat' dir='ltr'><strong>subinde</strong></span> <span class='ocrx_word' id='word_1_484' title='bbox 2510 2618 2646 2657; x_wconf 91' lang='lat' dir='ltr'><strong>unus</strong></span> <span class='ocrx_word' id='word_1_485' title='bbox 2675 2617 2705 2656; x_wconf 92' lang='lat' dir='ltr'><strong>e</strong></span> <span class='ocrx_word' id='word_1_486' title='bbox 2738 2602 2970 2657; x_wconf 89' lang='lat' dir='ltr'><strong>Patrocli</strong></span> <span class='ocrx_word' id='word_1_487' title='bbox 2994 2605 3404 2661; x_wconf 80' lang='lat' dir='ltr'><strong>successoribus</strong></span> <span class='ocrx_word' id='word_1_488' title='bbox 3432 2606 3670 2660; x_wconf 91' lang='lat' dir='ltr'><strong>llilarius</strong></span> <span class='ocrx_word' id='word_1_489' title='bbox 3702 2608 3833 2660; x_wconf 90' lang='lat' dir='ltr'><strong>idem</strong></span> 
     </span>
    </p>
   </div>
   <div class='ocr_carea' id='block_1_75' title="bbox 2242 2673 3831 2745">
    <p class='ocr_par' dir='ltr' id='par_1_75' title="bbox 2242 2673 3831 2745">
     <span class='ocr_line' id='line_1_77' title="bbox 2242 2673 3831 2745; baseline 0.004 -20"><span class='ocrx_word' id='word_1_490' title='bbox 2242 2673 2342 2727; x_wconf 85' lang='lat' dir='ltr'><strong>sibi</strong></span> <span class='ocrx_word' id='word_1_491' title='bbox 2381 2674 2726 2743; x_wconf 81' lang='lat' dir='ltr'><strong>privilegium</strong></span> <span class='ocrx_word' id='word_1_492' title='bbox 2776 2686 3107 2742; x_wconf 81' lang='lat' dir='ltr'><strong>arrogaSset,</strong></span> <span class='ocrx_word' id='word_1_493' title='bbox 3169 2675 3313 2729; x_wconf 91' lang='lat' dir='ltr'><strong>hunc</strong></span> <span class='ocrx_word' id='word_1_494' title='bbox 3365 2677 3500 2736; x_wconf 84' lang='lat' dir='ltr'><strong>Leo.</strong></span> <span class='ocrx_word' id='word_1_495' title='bbox 3544 2680 3704 2745; x_wconf 84' lang='lat' dir='ltr'><strong>epist.</strong></span> <span class='ocrx_word' id='word_1_496' title='bbox 3750 2678 3831 2745; x_wconf 91' lang='lat'><strong>11,</strong></span> 
     </span>
    </p>
   </div>
   <div class='ocr_carea' id='block_1_76' title="bbox 2244 2745 3835 2814">
    <p class='ocr_par' dir='ltr' id='par_1_76' title="bbox 2244 2745 3835 2814">
     <span class='ocr_line' id='line_1_78' title="bbox 2244 2745 3835 2814; baseline 0.004 -17"><span class='ocrx_word' id='word_1_497' title='bbox 2244 2761 2297 2799; x_wconf 87' lang='grc' dir='ltr'><strong>η.</strong></span> <span class='ocrx_word' id='word_1_498' title='bbox 2330 2746 2384 2805; x_wconf 89' lang='lat'><strong>7,</strong></span> <span class='ocrx_word' id='word_1_499' title='bbox 2418 2746 2680 2813; x_wconf 87' lang='lat' dir='ltr'><strong>corripuit</strong></span> <span class='ocrx_word' id='word_1_500' title='bbox 2714 2745 2796 2798; x_wconf 89' lang='lat' dir='ltr'><strong>his</strong></span> <span class='ocrx_word' id='word_1_501' title='bbox 2826 2747 3005 2800; x_wconf 79' lang='lat' dir='ltr'><strong>verbis</strong></span> <span class='ocrx_word' id='word_1_502' title='bbox 3035 2764 3047 2799; x_wconf 89' lang='lat'><strong>:</strong></span> <span class='ocrx_word' id='word_1_503' title='bbox 3082 2747 3222 2811; x_wconf 87' lang='lat' dir='ltr'><strong>Quid</strong></span> <span class='ocrx_word' id='word_1_504' title='bbox 3259 2747 3358 2801; x_wconf 86' lang='lat' dir='ltr'><strong>sibi</strong></span> <span class='ocrx_word' id='word_1_505' title='bbox 3382 2746 3628 2802; x_wconf 85' lang='lat' dir='ltr'><strong>Hilarius</strong></span> <span class='ocrx_word' id='word_1_506' title='bbox 3659 2756 3835 2814; x_wconf 76' lang='lat' dir='ltr'><strong>autem</strong></span> 
     </span>
    </p>
   </div>
   <div class='ocr_carea' id='block_1_77' title="bbox 2241 2814 3833 2887">
    <p class='ocr_par' dir='ltr' id='par_1_77' title="bbox 2241 2814 3833 2887">
     <span class='ocr_line' id='line_1_79' title="bbox 2241 2814 3833 2887; baseline 0.003 -19"><span class='ocrx_word' id='word_1_507' title='bbox 2241 2816 2292 2869; x_wconf 90' lang='lat' dir='ltr'><strong>in</strong></span> <span class='ocrx_word' id='word_1_508' title='bbox 2314 2814 2485 2870; x_wconf 89' lang='lat' dir='ltr'><strong>aliena</strong></span> <span class='ocrx_word' id='word_1_509' title='bbox 2508 2818 2795 2887; x_wconf 82' lang='lat' dir='ltr'><strong>provincia,</strong></span> <span class='ocrx_word' id='word_1_510' title='bbox 2817 2826 2865 2869; x_wconf 90' lang='lat' dir='ltr'><strong>et</strong></span> <span class='ocrx_word' id='word_1_511' title='bbox 2890 2818 2945 2869; x_wconf 89' lang='lat' dir='ltr'><strong>id</strong></span> <span class='ocrx_word' id='word_1_512' title='bbox 2969 2822 3107 2887; x_wconf 90' lang='lat' dir='ltr'><strong>quod</strong></span> <span class='ocrx_word' id='word_1_513' title='bbox 3130 2819 3306 2871; x_wconf 83' lang='lat' dir='ltr'><strong>nullus</strong></span> <span class='ocrx_word' id='word_1_514' title='bbox 3327 2820 3654 2873; x_wconf 80' lang='lat' dir='ltr'><strong>decesserunt</strong></span> <span class='ocrx_word' id='word_1_515' title='bbox 3680 2822 3833 2887; x_wconf 86' lang='lat' dir='ltr'><strong>ipsius</strong></span> 
     </span>
    </p>
   </div>
   <div class='ocr_carea' id='block_1_78' title="bbox 2240 2886 3834 2961">
    <p class='ocr_par' dir='ltr' id='par_1_78' title="bbox 2240 2886 3834 2961">
     <span class='ocr_line' id='line_1_80' title="bbox 2240 2886 3834 2961; baseline 0.004 -22"><span class='ocrx_word' id='word_1_516' title='bbox 2240 2899 2359 2961; x_wconf 86' lang='lat' dir='ltr'><strong>ante</strong></span> <span class='ocrx_word' id='word_1_517' title='bbox 2385 2887 2687 2961; x_wconf 82' lang='lat' dir='ltr'><strong>Patroclum</strong></span> <span class='ocrx_word' id='word_1_518' title='bbox 2713 2886 2913 2961; x_wconf 76' lang='lat' dir='ltr'><strong>habuit,</strong></span> <span class='ocrx_word' id='word_1_519' title='bbox 2938 2886 3063 2961; x_wconf 87' lang='lat' dir='ltr'><strong>quid</strong></span> <span class='ocrx_word' id='word_1_520' title='bbox 3094 2900 3311 2961; x_wconf 86' lang='lat' dir='ltr'><strong>usurpat</strong></span> <span class='ocrx_word' id='word_1_521' title='bbox 3335 2892 3359 2944; x_wconf 74' lang='grc' dir='ltr'><strong>ἴ)</strong></span> <span class='ocrx_word' id='word_1_522' title='bbox 3382 2891 3437 2945; x_wconf 87' lang='lat' dir='ltr'><strong>In</strong></span> <span class='ocrx_word' id='word_1_523' title='bbox 3469 2901 3588 2947; x_wconf 91' lang='lat' dir='ltr'><strong>toto</strong></span> <span class='ocrx_word' id='word_1_524' title='bbox 3620 2886 3720 2946; x_wconf 90' lang='lat' dir='ltr'><strong>hoc</strong></span> <span class='ocrx_word' id='word_1_525' title='bbox 3746 2906 3834 2946; x_wconf 83' lang='lat' dir='ltr'><strong>ne-</strong></span> 
     </span>
    </p>
   </div>
   <div class='ocr_carea' id='block_1_79' title="bbox 2238 2960 3831 3031">
    <p class='ocr_par' dir='ltr' id='par_1_79' title="bbox 2238 2960 3831 3031">
     <span class='ocr_line' id='line_1_81' title="bbox 2238 2960 3831 3031; baseline 0.001 -19"><span class='ocrx_word' id='word_1_526' title='bbox 2238 2960 2386 3027; x_wconf 84' lang='lat' dir='ltr'><strong>gotio</strong></span> <span class='ocrx_word' id='word_1_527' title='bbox 2416 2960 2664 3030; x_wconf 80' lang='lat' dir='ltr'><strong>quaedam</strong></span> <span class='ocrx_word' id='word_1_528' title='bbox 2698 2960 2800 3031; x_wconf 85' lang='lat' dir='ltr'><strong>fuit</strong></span> <span class='ocrx_word' id='word_1_529' title='bbox 2841 2960 3154 3027; x_wconf 66' lang='lat' dir='ltr'><strong>apostolicae</strong></span> <span class='ocrx_word' id='word_1_530' title='bbox 3177 2960 3323 3016; x_wconf 91' lang='lat' dir='ltr'><strong>sedis</strong></span> <span class='ocrx_word' id='word_1_531' title='bbox 3348 2962 3681 3031; x_wconf 89' lang='lat' dir='ltr'><strong>judiciornm</strong></span> <span class='ocrx_word' id='word_1_532' title='bbox 3715 2977 3831 3031; x_wconf 84' lang='lat' dir='ltr'><strong>spe-</strong></span> 
     </span>
    </p>
   </div>
   <div class='ocr_carea' id='block_1_80' title="bbox 2238 3030 3833 3088">
    <p class='ocr_par' dir='ltr' id='par_1_80' title="bbox 2238 3030 3833 3088">
     <span class='ocr_line' id='line_1_82' title="bbox 2238 3030 3833 3088; baseline 0.002 -5"><span class='ocrx_word' id='word_1_533' title='bbox 2238 3033 2351 3085; x_wconf 83' lang='lat' dir='ltr'><strong>cir-s</strong></span> <span class='ocrx_word' id='word_1_534' title='bbox 2392 3046 2486 3085; x_wconf 90' lang='lat' dir='ltr'><strong>seu</strong></span> <span class='ocrx_word' id='word_1_535' title='bbox 2532 3031 2703 3085; x_wconf 88' lang='lat' dir='ltr'><strong>forma</strong></span> <span class='ocrx_word' id='word_1_536' title='bbox 2742 3030 2978 3086; x_wconf 88' lang='lat' dir='ltr'><strong>diversa.</strong></span> <span class='ocrx_word' id='word_1_537' title='bbox 3020 3031 3203 3086; x_wconf 89' lang='lat' dir='ltr'><strong>Primo</strong></span> <span class='ocrx_word' id='word_1_538' title='bbox 3266 3030 3408 3087; x_wconf 83' lang='lat' dir='ltr'><strong>enim</strong></span> <span class='ocrx_word' id='word_1_539' title='bbox 3467 3030 3833 3088; x_wconf 81' lang='lat' dir='ltr'><strong>Narbonensis</strong></span> 
     </span>
    </p>
   </div>
   <div class='ocr_carea' id='block_1_81' title="bbox 2237 3103 3831 3171">
    <p class='ocr_par' dir='ltr' id='par_1_81' title="bbox 2237 3103 3831 3171">
     <span class='ocr_line' id='line_1_83' title="bbox 2237 3103 3831 3171; baseline 0.003 -17"><span class='ocrx_word' id='word_1_540' title='bbox 2237 3103 2465 3157; x_wconf 91' lang='lat' dir='ltr'><strong>antistes</strong></span> <span class='ocrx_word' id='word_1_541' title='bbox 2522 3105 2904 3171; x_wconf 81' lang='lat' dir='ltr'><strong>episcoporum</strong></span> <span class='ocrx_word' id='word_1_542' title='bbox 2964 3103 3017 3155; x_wconf 92' lang='lat' dir='ltr'><strong>in</strong></span> <span class='ocrx_word' id='word_1_543' title='bbox 3078 3104 3358 3171; x_wconf 87' lang='lat' dir='ltr'><strong>provincia</strong></span> <span class='ocrx_word' id='word_1_544' title='bbox 3417 3104 3759 3161; x_wconf 85' lang='lat' dir='ltr'><strong>NarbOnensi</strong></span> <span class='ocrx_word' id='word_1_545' title='bbox 3814 3104 3831 3158; x_wconf 90' lang='lat' dir='ltr'><strong>l</strong></span> 
     </span>
    </p>
   </div>
   <div class='ocr_carea' id='block_1_82' title="bbox 2236 3172 3829 3242">
    <p class='ocr_par' dir='ltr' id='par_1_82' title="bbox 2236 3172 3829 3242">
     <span class='ocr_line' id='line_1_84' title="bbox 2236 3172 3829 3242; baseline 0.003 -17"><span class='ocrx_word' id='word_1_546' title='bbox 2236 3172 2661 3228; x_wconf 81' lang='lat' dir='ltr'><strong>ordinandorum</strong></span> <span class='ocrx_word' id='word_1_547' title='bbox 2694 3182 3019 3242; x_wconf 86' lang='lat' dir='ltr'><strong>potestatem</strong></span> <span class='ocrx_word' id='word_1_548' title='bbox 3047 3183 3375 3230; x_wconf 91' lang='lat' dir='ltr'><strong>consecutus</strong></span> <span class='ocrx_word' id='word_1_549' title='bbox 3404 3187 3550 3239; x_wconf 90' lang='lat' dir='ltr'><strong>erat,</strong></span> <span class='ocrx_word' id='word_1_550' title='bbox 3594 3188 3645 3230; x_wconf 92' lang='lat' dir='ltr'><strong>ut</strong></span> <span class='ocrx_word' id='word_1_551' title='bbox 3676 3192 3706 3231; x_wconf 94' lang='lat' dir='ltr'><strong>e</strong></span> <span class='ocrx_word' id='word_1_552' title='bbox 3734 3175 3829 3229; x_wconf 87' lang='lat' dir='ltr'><strong>Zo-</strong></span> 
     </span>
    </p>
   </div>
   <div class='ocr_carea' id='block_1_83' title="bbox 2235 3245 3828 3317">
    <p class='ocr_par' dir='ltr' id='par_1_83' title="bbox 2235 3245 3828 3317">
     <span class='ocr_line' id='line_1_85' title="bbox 2235 3245 3828 3317; baseline 0.003 -21"><span class='ocrx_word' id='word_1_553' title='bbox 2235 3245 2357 3297; x_wconf 90' lang='lat' dir='ltr'><strong>simi</strong></span> <span class='ocrx_word' id='word_1_554' title='bbox 2387 3246 2612 3310; x_wconf 86' lang='lat' dir='ltr'><strong>epistola</strong></span> <span class='ocrx_word' id='word_1_555' title='bbox 2647 3245 2699 3317; x_wconf 80' lang='lat'><strong>6,</strong></span> <span class='ocrx_word' id='word_1_556' title='bbox 2753 3262 2807 3299; x_wconf 91' lang='lat' dir='ltr'><strong>n.</strong></span> <span class='ocrx_word' id='word_1_557' title='bbox 2842 3246 2892 3309; x_wconf 90' lang='lat'><strong>1,</strong></span> <span class='ocrx_word' id='word_1_558' title='bbox 2939 3245 3228 3317; x_wconf 81' lang='lat' dir='ltr'><strong>discimus.</strong></span> <span class='ocrx_word' id='word_1_559' title='bbox 3264 3247 3398 3300; x_wconf 84' lang='lat' dir='ltr'><strong>Turn</strong></span> <span class='ocrx_word' id='word_1_560' title='bbox 3444 3249 3492 3301; x_wconf 93' lang='lat' dir='ltr'><strong>is</strong></span> <span class='ocrx_word' id='word_1_561' title='bbox 3539 3264 3673 3317; x_wconf 89' lang='lat' dir='ltr'><strong>papa</strong></span> <span class='ocrx_word' id='word_1_562' title='bbox 3705 3262 3828 3301; x_wconf 86' lang='lat' dir='ltr'><strong>mox</strong></span> 
     </span>
    </p>
   </div>
   <div class='ocr_carea' id='block_1_84' title="bbox 2234 3315 3828 3386">
    <p class='ocr_par' dir='ltr' id='par_1_84' title="bbox 2234 3315 3828 3386">
     <span class='ocr_line' id='line_1_86' title="bbox 2234 3315 3828 3386; baseline 0.004 -21"><span class='ocrx_word' id='word_1_563' title='bbox 2234 3317 2377 3369; x_wconf 81' lang='lat' dir='ltr'><strong>dicta</strong></span> <span class='ocrx_word' id='word_1_564' title='bbox 2411 3317 2640 3384; x_wconf 85' lang='lat' dir='ltr'><strong>epistola</strong></span> <span class='ocrx_word' id='word_1_565' title='bbox 2664 3316 2718 3380; x_wconf 86' lang='lat'><strong>6,</strong></span> <span class='ocrx_word' id='word_1_566' title='bbox 2745 3317 2846 3370; x_wconf 92' lang='lat' dir='ltr'><strong>hoc</strong></span> <span class='ocrx_word' id='word_1_567' title='bbox 2874 3315 2951 3369; x_wconf 91' lang='lat' dir='ltr'><strong>illi</strong></span> <span class='ocrx_word' id='word_1_568' title='bbox 2978 3316 3067 3386; x_wconf 91' lang='lat' dir='ltr'><strong>jus</strong></span> <span class='ocrx_word' id='word_1_569' title='bbox 3100 3319 3343 3382; x_wconf 87' lang='lat' dir='ltr'><strong>sustulit,</strong></span> <span class='ocrx_word' id='word_1_570' title='bbox 3375 3333 3438 3371; x_wconf 88' lang='lat' dir='ltr'><strong>ac</strong></span> <span class='ocrx_word' id='word_1_571' title='bbox 3472 3315 3750 3373; x_wconf 72' lang='lat' dir='ltr'><strong>transtulit</strong></span> <span class='ocrx_word' id='word_1_572' title='bbox 3776 3319 3828 3372; x_wconf 91' lang='lat' dir='ltr'><strong>in</strong></span> 
     </span>
    </p>
   </div>
   <div class='ocr_carea' id='block_1_85' title="bbox 2233 3387 3828 3455">
    <p class='ocr_par' dir='ltr' id='par_1_85' title="bbox 2233 3387 3828 3455">
     <span class='ocr_line' id='line_1_87' title="bbox 2233 3387 3828 3455; baseline 0.001 -15"><span class='ocrx_word' id='word_1_573' title='bbox 2233 3387 2553 3455; x_wconf 85' lang='lat' dir='ltr'><strong>episcopum</strong></span> <span class='ocrx_word' id='word_1_574' title='bbox 2614 3388 3012 3442; x_wconf 76' lang='lat' dir='ltr'><strong>Arelatensem.</strong></span> <span class='ocrx_word' id='word_1_575' title='bbox 3060 3387 3275 3445; x_wconf 80' lang='lat' dir='ltr'><strong>Exinde</strong></span> <span class='ocrx_word' id='word_1_576' title='bbox 3327 3389 3646 3445; x_wconf 79' lang='lat' dir='ltr'><strong>Bonifacius</strong></span> <span class='ocrx_word' id='word_1_577' title='bbox 3673 3390 3828 3444; x_wconf 89' lang='lat' dir='ltr'><strong>abro-</strong></span> 
     </span>
    </p>
   </div>
   <div class='ocr_carea' id='block_1_86' title="bbox 2231 3459 3829 3532">
    <p class='ocr_par' dir='ltr' id='par_1_86' title="bbox 2231 3459 3829 3532">
     <span class='ocr_line' id='line_1_88' title="bbox 2231 3459 3829 3532; baseline 0.006 -24"><span class='ocrx_word' id='word_1_578' title='bbox 2231 3468 2356 3532; x_wconf 78' lang='lat' dir='ltr'><strong>gato</strong></span> <span class='ocrx_word' id='word_1_579' title='bbox 2399 3459 2631 3514; x_wconf 85' lang='lat' dir='ltr'><strong>Patrocli</strong></span> <span class='ocrx_word' id='word_1_580' title='bbox 2655 3459 2960 3528; x_wconf 84' lang='lat' dir='ltr'><strong>privilegio,</strong></span> <span class='ocrx_word' id='word_1_581' title='bbox 2986 3460 3194 3532; x_wconf 87' lang='lat' dir='ltr'><strong>llilario</strong></span> <span class='ocrx_word' id='word_1_582' title='bbox 3212 3460 3554 3516; x_wconf 88' lang='lat' dir='ltr'><strong>Narbonensi</strong></span> <span class='ocrx_word' id='word_1_583' title='bbox 3579 3464 3829 3532; x_wconf 87' lang='lat' dir='ltr'><strong>episcopo</strong></span> 
     </span>
    </p>
   </div>
   <div class='ocr_carea' id='block_1_87' title="bbox 2231 3530 3825 3603">
    <p class='ocr_par' dir='ltr' id='par_1_87' title="bbox 2231 3530 3825 3603">
     <span class='ocr_line' id='line_1_89' title="bbox 2231 3530 3825 3603; baseline 0.001 -22"><span class='ocrx_word' id='word_1_584' title='bbox 2231 3530 2468 3585; x_wconf 84' lang='lat' dir='ltr'><strong>ablatum</strong></span> <span class='ocrx_word' id='word_1_585' title='bbox 2518 3532 2604 3599; x_wconf 86' lang='lat' dir='ltr'><strong>jus</strong></span> <span class='ocrx_word' id='word_1_586' title='bbox 2627 3531 2891 3603; x_wconf 81' lang='lat' dir='ltr'><strong>restituit;</strong></span> <span class='ocrx_word' id='word_1_587' title='bbox 2944 3531 3087 3599; x_wconf 89' lang='lat' dir='ltr'><strong>quod</strong></span> <span class='ocrx_word' id='word_1_588' title='bbox 3116 3541 3169 3586; x_wconf 92' lang='lat' dir='ltr'><strong>et</strong></span> <span class='ocrx_word' id='word_1_589' title='bbox 3197 3544 3498 3603; x_wconf 87' lang='lat' dir='ltr'><strong>sequentes</strong></span> <span class='ocrx_word' id='word_1_590' title='bbox 3523 3530 3825 3602; x_wconf 82' lang='lat' dir='ltr'><strong>pontifices,</strong></span> 
     </span>
    </p>
   </div>
   <div class='ocr_carea' id='block_1_88' title="bbox 2231 3602 3827 3670">
    <p class='ocr_par' dir='ltr' id='par_1_88' title="bbox 2231 3602 3827 3670">
     <span class='ocr_line' id='line_1_90' title="bbox 2231 3602 3827 3670; baseline 0.003 -16"><span class='ocrx_word' id='word_1_591' title='bbox 2231 3616 2293 3655; x_wconf 83' lang='lat' dir='ltr'><strong>ac</strong></span> <span class='ocrx_word' id='word_1_592' title='bbox 2323 3603 2642 3656; x_wconf 90' lang='lat' dir='ltr'><strong>nominatim</strong></span> <span class='ocrx_word' id='word_1_593' title='bbox 2673 3602 2807 3665; x_wconf 86' lang='lat' dir='ltr'><strong>Leo,</strong></span> <span class='ocrx_word' id='word_1_594' title='bbox 2837 3602 2999 3670; x_wconf 91' lang='lat' dir='ltr'><strong>epist.</strong></span> <span class='ocrx_word' id='word_1_595' title='bbox 3037 3603 3121 3665; x_wconf 75' lang='lat'><strong>11,</strong></span> <span class='ocrx_word' id='word_1_596' title='bbox 3154 3621 3208 3655; x_wconf 89' lang='grc' dir='ltr'><strong>ιι.</strong></span> <span class='ocrx_word' id='word_1_597' title='bbox 3245 3602 3296 3668; x_wconf 82' lang='lat'><strong>7,</strong></span> <span class='ocrx_word' id='word_1_598' title='bbox 3324 3606 3741 3659; x_wconf 83' lang='lat' dir='ltr'><strong>confirmarunt.</strong></span> <span class='ocrx_word' id='word_1_599' title='bbox 3772 3603 3827 3658; x_wconf 89' lang='lat' dir='ltr'><strong>In</strong></span> 
     </span>
    </p>
   </div>
   <div class='ocr_carea' id='block_1_89' title="bbox 2232 3671 3827 3743">
    <p class='ocr_par' dir='ltr' id='par_1_89' title="bbox 2232 3671 3827 3743">
     <span class='ocr_line' id='line_1_91' title="bbox 2232 3671 3827 3743; baseline 0.004 -18"><span class='ocrx_word' id='word_1_600' title='bbox 2232 3671 2334 3727; x_wconf 88' lang='lat' dir='ltr'><strong>hac</strong></span> <span class='ocrx_word' id='word_1_601' title='bbox 2367 3683 2550 3728; x_wconf 89' lang='lat' dir='ltr'><strong>tamen</strong></span> <span class='ocrx_word' id='word_1_602' title='bbox 2602 3673 2922 3727; x_wconf 86' lang='lat' dir='ltr'><strong>diversitate</strong></span> <span class='ocrx_word' id='word_1_603' title='bbox 2954 3688 3147 3729; x_wconf 89' lang='lat' dir='ltr'><strong>omnes</strong></span> <span class='ocrx_word' id='word_1_604' title='bbox 3193 3675 3245 3729; x_wconf 92' lang='lat' dir='ltr'><strong>in</strong></span> <span class='ocrx_word' id='word_1_605' title='bbox 3291 3691 3453 3729; x_wconf 92' lang='lat' dir='ltr'><strong>unam</strong></span> <span class='ocrx_word' id='word_1_606' title='bbox 3479 3678 3827 3743; x_wconf 84' lang='lat' dir='ltr'><strong>conspirasse</strong></span> 
     </span>
    </p>
   </div>
   <div class='ocr_carea' id='block_1_90' title="bbox 2230 3743 3831 3813">
    <p class='ocr_par' dir='ltr' id='par_1_90' title="bbox 2230 3743 3831 3813">
     <span class='ocr_line' id='line_1_92' title="bbox 2230 3743 3831 3813; baseline 0 -16"><span class='ocrx_word' id='word_1_607' title='bbox 2230 3743 2724 3811; x_wconf 89' lang='lat' dir='ltr'><strong>deprehenduntur</strong></span> <span class='ocrx_word' id='word_1_608' title='bbox 2748 3745 3075 3799; x_wconf 89' lang='lat' dir='ltr'><strong>sententiam</strong></span> <span class='ocrx_word' id='word_1_609' title='bbox 3104 3762 3117 3798; x_wconf 91' lang='lat'><strong>:</strong></span> <span class='ocrx_word' id='word_1_610' title='bbox 3143 3758 3413 3813; x_wconf 87' lang='lat' dir='ltr'><strong>quatenus</strong></span> <span class='ocrx_word' id='word_1_611' title='bbox 3434 3749 3651 3802; x_wconf 65' lang='lat' dir='ltr'><strong>sedula:</strong></span> <span class='ocrx_word' id='word_1_612' title='bbox 3671 3763 3831 3802; x_wconf 79' lang='lat' dir='ltr'><strong>canc-</strong></span> 
     </span>
    </p>
   </div>
   <div class='ocr_carea' id='block_1_91' title="bbox 2231 3814 3827 3874">
    <p class='ocr_par' dir='ltr' id='par_1_91' title="bbox 2231 3814 3827 3874">
     <span class='ocr_line' id='line_1_93' title="bbox 2231 3814 3827 3874; baseline 0.001 -5"><span class='ocrx_word' id='word_1_613' title='bbox 2231 3831 2356 3870; x_wconf 92' lang='lat' dir='ltr'><strong>num</strong></span> <span class='ocrx_word' id='word_1_614' title='bbox 2395 3816 2767 3872; x_wconf 81' lang='lat' dir='ltr'><strong>observationi</strong></span> <span class='ocrx_word' id='word_1_615' title='bbox 2806 3814 3186 3871; x_wconf 68' lang='lat' dir='ltr'><strong>inhaerendum</strong></span> <span class='ocrx_word' id='word_1_616' title='bbox 3238 3833 3361 3873; x_wconf 84' lang='lat' dir='ltr'><strong>esse</strong></span> <span class='ocrx_word' id='word_1_617' title='bbox 3392 3835 3503 3873; x_wconf 85' lang='lat' dir='ltr'><strong>una</strong></span> <span class='ocrx_word' id='word_1_618' title='bbox 3534 3834 3672 3874; x_wconf 89' lang='lat' dir='ltr'><strong>voce</strong></span> <span class='ocrx_word' id='word_1_619' title='bbox 3701 3833 3827 3874; x_wconf 88' lang='lat' dir='ltr'><strong>con—</strong></span> 
     </span>
    </p>
   </div>
   <div class='ocr_carea' id='block_1_92' title="bbox 2227 3887 3823 3960">
    <p class='ocr_par' dir='ltr' id='par_1_92' title="bbox 2227 3887 3823 3960">
     <span class='ocr_line' id='line_1_94' title="bbox 2227 3887 3823 3960; baseline 0.003 -19"><span class='ocrx_word' id='word_1_620' title='bbox 2227 3888 2559 3960; x_wconf 89' lang='lat' dir='ltr'><strong>clamarunt.</strong></span> <span class='ocrx_word' id='word_1_621' title='bbox 2613 3887 2764 3959; x_wconf 83' lang='lat' dir='ltr'><strong>Apud</strong></span> <span class='ocrx_word' id='word_1_622' title='bbox 2816 3904 2946 3960; x_wconf 79' lang='lat' dir='ltr'><strong>nos,</strong></span> <span class='ocrx_word' id='word_1_623' title='bbox 2991 3890 3163 3958; x_wconf 90' lang='lat' dir='ltr'><strong>inquit</strong></span> <span class='ocrx_word' id='word_1_624' title='bbox 3208 3888 3459 3943; x_wconf 87' lang='lat' dir='ltr'><strong>Zositnus</strong></span> <span class='ocrx_word' id='word_1_625' title='bbox 3488 3934 3503 3957; x_wconf 91' lang='lat'><strong>,</strong></span> <span class='ocrx_word' id='word_1_626' title='bbox 3547 3892 3710 3960; x_wconf 85' lang='lat' dir='ltr'><strong>epi5t.</strong></span> <span class='ocrx_word' id='word_1_627' title='bbox 3758 3890 3823 3953; x_wconf 84' lang='lat'><strong>5,</strong></span> 
     </span>
    </p>
   </div>
   <div class='ocr_carea' id='block_1_93' title="bbox 2227 3959 3824 4033">
    <p class='ocr_par' dir='ltr' id='par_1_93' title="bbox 2227 3959 3824 4033">
     <span class='ocr_line' id='line_1_95' title="bbox 2227 3959 3824 4033; baseline 0.001 -22"><span class='ocrx_word' id='word_1_628' title='bbox 2227 3959 2541 4015; x_wconf 69' lang='lat' dir='ltr'><strong>inconttnlsis</strong></span> <span class='ocrx_word' id='word_1_629' title='bbox 2557 3961 2817 4013; x_wconf 82' lang='lat' dir='ltr'><strong>radicibus</strong></span> <span class='ocrx_word' id='word_1_630' title='bbox 2840 3959 2958 4033; x_wconf 63' lang='lat' dir='ltr'><strong>civit</strong></span> <span class='ocrx_word' id='word_1_631' title='bbox 2972 3961 3269 4027; x_wconf 86' lang='lat' dir='ltr'><strong>antiquitas,</strong></span> <span class='ocrx_word' id='word_1_632' title='bbox 3287 3962 3370 4014; x_wconf 86' lang='lat' dir='ltr'><strong>cui</strong></span> <span class='ocrx_word' id='word_1_633' title='bbox 3391 3959 3604 4016; x_wconf 80' lang='lat' dir='ltr'><strong>decreta</strong></span> <span class='ocrx_word' id='word_1_634' title='bbox 3625 3970 3824 4033; x_wconf 86' lang='lat' dir='ltr'><strong>patrum</strong></span> 
     </span>
    </p>
   </div>
   <div class='ocr_carea' id='block_1_94' title="bbox 2228 4029 3820 4101">
    <p class='ocr_par' dir='ltr' id='par_1_94' title="bbox 2228 4029 3820 4101">
     <span class='ocr_line' id='line_1_96' title="bbox 2228 4029 3820 4101; baseline 0.004 -20"><span class='ocrx_word' id='word_1_635' title='bbox 2228 4046 2444 4087; x_wconf 74' lang='lat' dir='ltr'><strong>sanxere</strong></span> <span class='ocrx_word' id='word_1_636' title='bbox 2462 4033 2814 4087; x_wconf 72' lang='lat' dir='ltr'><strong>reverentiam.</strong></span> <span class='ocrx_word' id='word_1_637' title='bbox 2846 4029 2903 4084; x_wconf 91' lang='lat' dir='ltr'><strong>In</strong></span> <span class='ocrx_word' id='word_1_638' title='bbox 2933 4046 2997 4084; x_wconf 92' lang='lat' dir='ltr'><strong>eo</strong></span> <span class='ocrx_word' id='word_1_639' title='bbox 3026 4046 3240 4101; x_wconf 89' lang='lat' dir='ltr'><strong>quoque</strong></span> <span class='ocrx_word' id='word_1_640' title='bbox 3254 4042 3464 4088; x_wconf 91' lang='lat' dir='ltr'><strong>etnunc</strong></span> <span class='ocrx_word' id='word_1_641' title='bbox 3488 4029 3820 4097; x_wconf 60' lang='lat' dir='ltr'><strong>Bonifacius,</strong></span> 
     </span>
    </p>
   </div>
   <div class='ocr_carea' id='block_1_95' title="bbox 2227 4102 3820 4170">
    <p class='ocr_par' dir='ltr' id='par_1_95' title="bbox 2227 4102 3820 4170">
     <span class='ocr_line' id='line_1_97' title="bbox 2227 4102 3820 4170; baseline 0 -15"><span class='ocrx_word' id='word_1_642' title='bbox 2227 4111 2281 4155; x_wconf 90' lang='lat' dir='ltr'><strong>et</strong></span> <span class='ocrx_word' id='word_1_643' title='bbox 2308 4115 2499 4170; x_wconf 82' lang='lat' dir='ltr'><strong>postea</strong></span> <span class='ocrx_word' id='word_1_644' title='bbox 2524 4102 2853 4158; x_wconf 72' lang='lat' dir='ltr'><strong>leestinus</strong></span> <span class='ocrx_word' id='word_1_645' title='bbox 2899 4117 2961 4156; x_wconf 87' lang='lat' dir='ltr'><strong>ac</strong></span> <span class='ocrx_word' id='word_1_646' title='bbox 2990 4102 3100 4157; x_wconf 87' lang='lat' dir='ltr'><strong>Leo</strong></span> <span class='ocrx_word' id='word_1_647' title='bbox 3117 4117 3242 4157; x_wconf 91' lang='lat' dir='ltr'><strong>cum</strong></span> <span class='ocrx_word' id='word_1_648' title='bbox 3272 4104 3363 4158; x_wconf 92' lang='lat' dir='ltr'><strong>illo</strong></span> <span class='ocrx_word' id='word_1_649' title='bbox 3392 4104 3820 4160; x_wconf 89' lang='lat' dir='ltr'><strong>concordarunt.</strong></span> 
     </span>
    </p>
   </div>
   <div class='ocr_carea' id='block_1_96' title="bbox 2226 4172 3822 4244">
    <p class='ocr_par' dir='ltr' id='par_1_96' title="bbox 2226 4172 3822 4244">
     <span class='ocr_line' id='line_1_98' title="bbox 2226 4172 3822 4244; baseline 0.001 -17"><span class='ocrx_word' id='word_1_650' title='bbox 2226 4172 2360 4227; x_wconf 85' lang='lat' dir='ltr'><strong>Nam</strong></span> <span class='ocrx_word' id='word_1_651' title='bbox 2394 4176 2444 4230; x_wconf 81' lang='lat' dir='ltr'><strong>e&#39;t</strong></span> <span class='ocrx_word' id='word_1_652' title='bbox 2474 4174 2575 4244; x_wconf 90' lang='lat' dir='ltr'><strong>ipsi</strong></span> <span class='ocrx_word' id='word_1_653' title='bbox 2605 4190 2726 4230; x_wconf 90' lang='lat' dir='ltr'><strong>sese</strong></span> <span class='ocrx_word' id='word_1_654' title='bbox 2756 4188 3028 4229; x_wconf 89' lang='lat' dir='ltr'><strong>canonum</strong></span> <span class='ocrx_word' id='word_1_655' title='bbox 3052 4174 3291 4228; x_wconf 86' lang='lat' dir='ltr'><strong>vindices</strong></span> <span class='ocrx_word' id='word_1_656' title='bbox 3310 4190 3528 4231; x_wconf 92' lang='lat' dir='ltr'><strong>summo</strong></span> <span class='ocrx_word' id='word_1_657' title='bbox 3551 4190 3822 4231; x_wconf 76' lang='lat' dir='ltr'><strong>COllSCHSU</strong></span> 
     </span>
    </p>
   </div>
   <div class='ocr_carea' id='block_1_97' title="bbox 2227 4245 3822 4315">
    <p class='ocr_par' dir='ltr' id='par_1_97' title="bbox 2227 4245 3822 4315">
     <span class='ocr_line' id='line_1_99' title="bbox 2227 4245 3822 4315; baseline 0.003 -18"><span class='ocrx_word' id='word_1_658' title='bbox 2227 4246 2573 4314; x_wconf 88' lang='lat' dir='ltr'><strong>prolltentur.</strong></span> <span class='ocrx_word' id='word_1_659' title='bbox 2606 4245 2672 4301; x_wconf 86' lang='lat' dir='ltr'><strong>Et</strong></span> <span class='ocrx_word' id='word_1_660' title='bbox 2701 4261 2829 4300; x_wconf 88' lang='lat' dir='ltr'><strong>vero</strong></span> <span class='ocrx_word' id='word_1_661' title='bbox 2849 4245 3099 4299; x_wconf 80' lang='lat' dir='ltr'><strong>Zosimus</strong></span> <span class='ocrx_word' id='word_1_662' title='bbox 3128 4246 3471 4315; x_wconf 81' lang='lat' dir='ltr'><strong>privilegium</strong></span> <span class='ocrx_word' id='word_1_663' title='bbox 3496 4258 3822 4303; x_wconf 81' lang='lat' dir='ltr'><strong>controver-</strong></span> 
     </span>
    </p>
   </div>
   <div class='ocr_carea' id='block_1_98' title="bbox 2228 4316 3820 4389">
    <p class='ocr_par' dir='ltr' id='par_1_98' title="bbox 2228 4316 3820 4389">
     <span class='ocr_line' id='line_1_100' title="bbox 2228 4316 3820 4389; baseline 0.001 -19"><span class='ocrx_word' id='word_1_664' title='bbox 2228 4330 2347 4371; x_wconf 91' lang='lat' dir='ltr'><strong>sum</strong></span> <span class='ocrx_word' id='word_1_665' title='bbox 2394 4319 2642 4373; x_wconf 86' lang='lat' dir='ltr'><strong>Patroclo</strong></span> <span class='ocrx_word' id='word_1_666' title='bbox 2673 4332 2781 4372; x_wconf 94' lang='lat' dir='ltr'><strong>non</strong></span> <span class='ocrx_word' id='word_1_667' title='bbox 2814 4317 3161 4379; x_wconf 72' lang='lat' dir='ltr'><strong>adiudicavit.</strong></span> <span class='ocrx_word' id='word_1_668' title='bbox 3195 4316 3297 4371; x_wconf 85' lang='lat' dir='ltr'><strong>nisi</strong></span> <span class='ocrx_word' id='word_1_669' title='bbox 3334 4330 3624 4389; x_wconf 82' lang='lat' dir='ltr'><strong>postquam</strong></span> <span class='ocrx_word' id='word_1_670' title='bbox 3650 4319 3693 4372; x_wconf 83' lang='lat' dir='ltr'><strong>is</strong></span> <span class='ocrx_word' id='word_1_671' title='bbox 3728 4319 3820 4372; x_wconf 68' lang='lat' dir='ltr'><strong>tle—</strong></span> 
     </span>
    </p>
   </div>
   <div class='ocr_carea' id='block_1_99' title="bbox 2227 4389 3820 4461">
    <p class='ocr_par' dir='ltr' id='par_1_99' title="bbox 2227 4389 3820 4461">
     <span class='ocr_line' id='line_1_101' title="bbox 2227 4389 3820 4461; baseline 0.001 -19"><span class='ocrx_word' id='word_1_672' title='bbox 2227 4403 2481 4444; x_wconf 82' lang='lat' dir='ltr'><strong>cessores</strong></span> <span class='ocrx_word' id='word_1_673' title='bbox 2501 4404 2630 4443; x_wconf 90' lang='lat' dir='ltr'><strong>Sttos</strong></span> <span class='ocrx_word' id='word_1_674' title='bbox 2662 4389 2755 4443; x_wconf 91' lang='lat' dir='ltr'><strong>illo</strong></span> <span class='ocrx_word' id='word_1_675' title='bbox 2802 4391 3271 4461; x_wconf 70' lang='lat' dir='ltr'><strong>sempergavisos</strong></span> <span class='ocrx_word' id='word_1_676' title='bbox 3309 4404 3432 4445; x_wconf 90' lang='lat' dir='ltr'><strong>esse</strong></span> <span class='ocrx_word' id='word_1_677' title='bbox 3471 4391 3539 4445; x_wconf 91' lang='lat' dir='ltr'><strong>iis</strong></span> <span class='ocrx_word' id='word_1_678' title='bbox 3572 4391 3820 4461; x_wconf 66' lang='lat' dir='ltr'><strong>probavit</strong></span> 
     </span>
    </p>
   </div>
   <div class='ocr_carea' id='block_1_100' title="bbox 2224 4458 3819 4531">
    <p class='ocr_par' dir='ltr' id='par_1_100' title="bbox 2224 4458 3819 4531">
     <span class='ocr_line' id='line_1_102' title="bbox 2224 4458 3819 4531; baseline 0 -18"><span class='ocrx_word' id='word_1_679' title='bbox 2224 4461 2579 4529; x_wconf 84' lang='lat' dir='ltr'><strong>argumentis,</strong></span> <span class='ocrx_word' id='word_1_680' title='bbox 2605 4476 2721 4531; x_wconf 72' lang='lat' dir='ltr'><strong>qui-</strong></span> <span class='ocrx_word' id='word_1_681' title='bbox 2742 4459 2978 4514; x_wconf 81' lang='lat' dir='ltr'><strong>llilarius</strong></span> <span class='ocrx_word' id='word_1_682' title='bbox 2999 4458 3370 4531; x_wconf 82' lang='lat' dir='ltr'><strong>Narbonensis</strong></span> <span class='ocrx_word' id='word_1_683' title='bbox 3400 4458 3691 4517; x_wconf 72' lang='lat' dir='ltr'><strong>confutare</strong></span> <span class='ocrx_word' id='word_1_684' title='bbox 3713 4474 3819 4514; x_wconf 90' lang='lat' dir='ltr'><strong>tum</strong></span> 
     </span>
    </p>
   </div>
   <div class='ocr_carea' id='block_1_101' title="bbox 599 4530 3823 4606">
    <p class='ocr_par' dir='ltr' id='par_1_101' title="bbox 599 4530 3823 4606">
     <span class='ocr_line' id='line_1_103' title="bbox 599 4530 3823 4606; baseline -0.002 -17"><span class='ocrx_word' id='word_1_685' title='bbox 599 4533 619 4572; x_wconf 68' lang='grc' dir='ltr'><em>τ</em></span> <span class='ocrx_word' id='word_1_686' title='bbox 656 4533 965 4606; x_wconf 85' lang='lat' dir='ltr'><strong>Vestnstior</strong></span> <span class='ocrx_word' id='word_1_687' title='bbox 991 4530 1360 4606; x_wconf 42' lang='lat' dir='ltr'><strong>CtldCXmCUlb.</strong></span> <span class='ocrx_word' id='word_1_688' title='bbox 1408 4548 1532 4606; x_wconf 80' lang='lat' dir='ltr'><strong>suas</strong></span> <span class='ocrx_word' id='word_1_689' title='bbox 1566 4532 1834 4606; x_wconf 74' lang='lat' dir='ltr'><strong>petitiones</strong></span> <span class='ocrx_word' id='word_1_690' title='bbox 1862 4544 2117 4590; x_wconf 85' lang='lat' dir='ltr'><strong>cassanle.</strong></span> <span class='ocrx_word' id='word_1_691' title='bbox 2150 4546 2198 4606; x_wconf 81' lang='grc' dir='ltr'>ι)</span> <span class='ocrx_word' id='word_1_692' title='bbox 2228 4546 2354 4606; x_wconf 77' lang='lat' dir='ltr'><strong>non</strong></span> <span class='ocrx_word' id='word_1_693' title='bbox 2378 4530 2641 4606; x_wconf 69' lang='lat' dir='ltr'><strong>valuerat.</strong></span> <span class='ocrx_word' id='word_1_694' title='bbox 2674 4530 2743 4606; x_wconf 62' lang='lat' dir='ltr'><strong>At</strong></span> <span class='ocrx_word' id='word_1_695' title='bbox 2766 4533 2809 4585; x_wconf 93' lang='lat' dir='ltr'><strong>si</strong></span> <span class='ocrx_word' id='word_1_696' title='bbox 2838 4530 3236 4606; x_wconf 57' lang='grc' dir='ltr'><strong>ρισιιξειιῌιίεηιΔ</strong></span> <span class='ocrx_word' id='word_1_697' title='bbox 3271 4540 3498 4606; x_wconf 65' lang='lat' dir='ltr'><strong>postea,</strong></span> <span class='ocrx_word' id='word_1_698' title='bbox 3528 4534 3823 4606; x_wconf 85' lang='lat' dir='ltr'><strong>resumptis</strong></span> 
     </span>
    </p>
   </div>
   <div class='ocr_carea' id='block_1_102' title="bbox 522 4603 2121 4670">
    <p class='ocr_par' dir='ltr' id='par_1_102' title="bbox 522 4603 2121 4670">
     <span class='ocr_line' id='line_1_104' title="bbox 522 4603 2121 4670; baseline -0.003 -7"><span class='ocrx_word' id='word_1_699' title='bbox 522 4604 722 4663; x_wconf 75' lang='lat' dir='ltr'><strong>Verior</strong></span> <span class='ocrx_word' id='word_1_700' title='bbox 750 4618 833 4661; x_wconf 84' lang='lat' dir='ltr'><strong>est</strong></span> <span class='ocrx_word' id='word_1_701' title='bbox 876 4605 1108 4659; x_wconf 88' lang='lat' dir='ltr'><strong>aliorum</strong></span> <span class='ocrx_word' id='word_1_702' title='bbox 1159 4603 1417 4657; x_wconf 90' lang='lat' dir='ltr'><strong>librorum</strong></span> <span class='ocrx_word' id='word_1_703' title='bbox 1462 4603 1644 4667; x_wconf 87' lang='lat' dir='ltr'><strong>lectio,</strong></span> <span class='ocrx_word' id='word_1_704' title='bbox 1675 4618 1741 4658; x_wconf 82' lang='lat' dir='ltr'><strong>ex</strong></span> <span class='ocrx_word' id='word_1_705' title='bbox 1772 4621 1875 4670; x_wconf 90' lang='lat' dir='ltr'><strong>qua</strong></span> <span class='ocrx_word' id='word_1_706' title='bbox 1918 4607 2121 4662; x_wconf 81' lang='lat' dir='ltr'><strong>contir-</strong></span> 
     </span>
    </p>
   </div>
   <div class='ocr_carea' id='block_1_103' title="bbox 522 4675 2121 4745">
    <p class='ocr_par' dir='ltr' id='par_1_103' title="bbox 522 4675 2121 4745">
     <span class='ocr_line' id='line_1_105' title="bbox 522 4675 2121 4745; baseline -0.002 -11"><span class='ocrx_word' id='word_1_707' title='bbox 522 4692 706 4734; x_wconf 88' lang='lat' dir='ltr'><strong>matur</strong></span> <span class='ocrx_word' id='word_1_708' title='bbox 739 4694 894 4740; x_wconf 83' lang='lat' dir='ltr'><strong>usus,</strong></span> <span class='ocrx_word' id='word_1_709' title='bbox 919 4692 985 4731; x_wconf 91' lang='lat' dir='ltr'><strong>ne</strong></span> <span class='ocrx_word' id='word_1_710' title='bbox 1010 4675 1245 4745; x_wconf 88' lang='lat' dir='ltr'><strong>populis,</strong></span> <span class='ocrx_word' id='word_1_711' title='bbox 1275 4692 1369 4727; x_wconf 86' lang='lat' dir='ltr'><strong>sua</strong></span> <span class='ocrx_word' id='word_1_712' title='bbox 1391 4675 1641 4741; x_wconf 85' lang='lat' dir='ltr'><strong>petitione</strong></span> <span class='ocrx_word' id='word_1_713' title='bbox 1669 4690 1925 4745; x_wconf 76' lang='lat' dir='ltr'><strong>cessante,</strong></span> <span class='ocrx_word' id='word_1_714' title='bbox 1963 4678 2011 4731; x_wconf 86' lang='lat' dir='ltr'><strong>id</strong></span> <span class='ocrx_word' id='word_1_715' title='bbox 2037 4684 2121 4731; x_wconf 90' lang='lat' dir='ltr'><strong>est</strong></span> 
     </span>
    </p>
   </div>
   <div class='ocr_carea' id='block_1_104' title="bbox 521 4747 2122 4832">
    <p class='ocr_par' dir='ltr' id='par_1_104' title="bbox 521 4747 2122 4832">
     <span class='ocr_line' id='line_1_106' title="bbox 521 4747 2122 4832; baseline -0.001 -29"><span class='ocrx_word' id='word_1_716' title='bbox 521 4760 708 4832; x_wconf 59' lang='lat' dir='ltr'><strong>prseter</strong></span> <span class='ocrx_word' id='word_1_717' title='bbox 736 4750 1032 4832; x_wconf 64' lang='lat' dir='ltr'><strong>petitionem</strong></span> <span class='ocrx_word' id='word_1_718' title='bbox 1068 4762 1253 4832; x_wconf 76' lang='lat' dir='ltr'><strong>suam,</strong></span> <span class='ocrx_word' id='word_1_719' title='bbox 1304 4747 1995 4832; x_wconf 17' lang='lat' dir='ltr'><strong>epi~copuslordinaretun</strong></span> <span class='ocrx_word' id='word_1_720' title='bbox 2028 4757 2122 4802; x_wconf 92' lang='lat' dir='ltr'><strong>aut</strong></span> 
     </span>
    </p>
   </div>
   <div class='ocr_carea' id='block_1_105' title="bbox 522 4818 2009 4888">
    <p class='ocr_par' dir='ltr' id='par_1_105' title="bbox 522 4818 2009 4888">
     <span class='ocr_line' id='line_1_107' title="bbox 522 4818 2009 4888; baseline -0.007 -13"><span class='ocrx_word' id='word_1_721' title='bbox 522 4818 601 4876; x_wconf 85' lang='lat' dir='ltr'><strong>illi</strong></span> <span class='ocrx_word' id='word_1_722' title='bbox 634 4824 715 4875; x_wconf 85' lang='lat' dir='ltr'><strong>sic</strong></span> <span class='ocrx_word' id='word_1_723' title='bbox 740 4823 843 4875; x_wconf 86' lang='lat' dir='ltr'><strong>sibi</strong></span> <span class='ocrx_word' id='word_1_724' title='bbox 866 4820 1177 4875; x_wconf 85' lang='lat' dir='ltr'><strong>ordinatum</strong></span> <span class='ocrx_word' id='word_1_725' title='bbox 1207 4820 1453 4885; x_wconf 89' lang='lat' dir='ltr'><strong>accipere</strong></span> <span class='ocrx_word' id='word_1_726' title='bbox 1478 4818 1632 4872; x_wconf 87' lang='lat' dir='ltr'><strong>inviti</strong></span> <span class='ocrx_word' id='word_1_727' title='bbox 1657 4830 2009 4888; x_wconf 69' lang='lat' dir='ltr'><strong>cogerentur,</strong></span> 
     </span>
    </p>
   </div>
   <div class='ocr_carea' id='block_1_106' title="bbox 597 4888 2116 4959">
    <p class='ocr_par' dir='ltr' id='par_1_106' title="bbox 597 4888 2116 4959">
     <span class='ocr_line' id='line_1_108' title="bbox 597 4888 2116 4959; baseline -0.003 -12"><span class='ocrx_word' id='word_1_728' title='bbox 597 4901 623 4938; x_wconf 80' lang='lat'><strong>8</strong></span> <span class='ocrx_word' id='word_1_729' title='bbox 655 4892 821 4947; x_wconf 83' lang='lat' dir='ltr'><strong>Sirm.</strong></span> <span class='ocrx_word' id='word_1_730' title='bbox 848 4903 902 4947; x_wconf 90' lang='lat' dir='ltr'><strong>et</strong></span> <span class='ocrx_word' id='word_1_731' title='bbox 929 4890 1062 4945; x_wconf 86' lang='lat' dir='ltr'><strong>Lab.</strong></span> <span class='ocrx_word' id='word_1_732' title='bbox 1083 4904 1206 4943; x_wconf 92' lang='lat' dir='ltr'><strong>cum</strong></span> <span class='ocrx_word' id='word_1_733' title='bbox 1235 4888 1542 4957; x_wconf 86' lang='lat' dir='ltr'><strong>antiquiore</strong></span> <span class='ocrx_word' id='word_1_734' title='bbox 1564 4903 1668 4943; x_wconf 91' lang='lat' dir='ltr'><strong>ms.</strong></span> <span class='ocrx_word' id='word_1_735' title='bbox 1692 4889 1875 4959; x_wconf 81' lang='lat' dir='ltr'><strong>Colb.,</strong></span> <span class='ocrx_word' id='word_1_736' title='bbox 1909 4893 1963 4945; x_wconf 87' lang='lat' dir='ltr'><strong>in</strong></span> <span class='ocrx_word' id='word_1_737' title='bbox 1989 4888 2116 4943; x_wconf 83' lang='lat' dir='ltr'><strong>alia.</strong></span> 
     </span>
    </p>
   </div>
   <div class='ocr_carea' id='block_1_107' title="bbox 522 4960 2117 5030">
    <p class='ocr_par' dir='ltr' id='par_1_107' title="bbox 522 4960 2117 5030">
     <span class='ocr_line' id='line_1_109' title="bbox 522 4960 2117 5030; baseline -0.001 -13"><span class='ocrx_word' id='word_1_738' title='bbox 522 4963 679 5018; x_wconf 87' lang='lat' dir='ltr'><strong>Alter</strong></span> <span class='ocrx_word' id='word_1_739' title='bbox 708 4964 888 5030; x_wconf 80' lang='lat' dir='ltr'><strong>Colb.,</strong></span> <span class='ocrx_word' id='word_1_740' title='bbox 941 4978 1001 5016; x_wconf 75' lang='lat' dir='ltr'><strong>ex</strong></span> <span class='ocrx_word' id='word_1_741' title='bbox 1043 4961 1233 5021; x_wconf 84' lang='lat' dir='ltr'><strong>aliena,</strong></span> <span class='ocrx_word' id='word_1_742' title='bbox 1269 4961 1450 5015; x_wconf 91' lang='lat' dir='ltr'><strong>minus</strong></span> <span class='ocrx_word' id='word_1_743' title='bbox 1488 4970 1634 5027; x_wconf 86' lang='lat' dir='ltr'><strong>apte.</strong></span> <span class='ocrx_word' id='word_1_744' title='bbox 1687 4960 1945 5025; x_wconf 87' lang='lat' dir='ltr'><strong>Quamvis</strong></span> <span class='ocrx_word' id='word_1_745' title='bbox 1972 4963 2117 5018; x_wconf 91' lang='lat' dir='ltr'><strong>enim</strong></span> 
     </span>
    </p>
   </div>
   <div class='ocr_carea' id='block_1_108' title="bbox 522 5031 2119 5105">
    <p class='ocr_par' dir='ltr' id='par_1_108' title="bbox 522 5031 2119 5105">
     <span class='ocr_line' id='line_1_110' title="bbox 522 5031 2119 5105; baseline -0.001 -16"><span class='ocrx_word' id='word_1_746' title='bbox 522 5032 668 5105; x_wconf 88' lang='lat' dir='ltr'><strong>istud</strong></span> <span class='ocrx_word' id='word_1_747' title='bbox 691 5048 909 5103; x_wconf 91' lang='lat' dir='ltr'><strong>quoque</strong></span> <span class='ocrx_word' id='word_1_748' title='bbox 955 5031 1448 5105; x_wconf 84' lang='lat' dir='ltr'><strong>vetent_Canones,</strong></span> <span class='ocrx_word' id='word_1_749' title='bbox 1493 5048 1560 5086; x_wconf 92' lang='lat' dir='ltr'><strong>ne</strong></span> <span class='ocrx_word' id='word_1_750' title='bbox 1590 5046 1655 5087; x_wconf 80' lang='lat' dir='ltr'><strong>ex</strong></span> <span class='ocrx_word' id='word_1_751' title='bbox 1698 5034 1874 5089; x_wconf 89' lang='lat' dir='ltr'><strong>aliena</strong></span> <span class='ocrx_word' id='word_1_752' title='bbox 1899 5034 2119 5105; x_wconf 90' lang='lat' dir='ltr'><strong>provin-</strong></span> 
     </span>
    </p>
   </div>
   <div class='ocr_carea' id='block_1_109' title="bbox 522 5102 2117 5177">
    <p class='ocr_par' dir='ltr' id='par_1_109' title="bbox 522 5102 2117 5177">
     <span class='ocr_line' id='line_1_111' title="bbox 522 5102 2117 5177; baseline -0.001 -18"><span class='ocrx_word' id='word_1_753' title='bbox 522 5104 633 5171; x_wconf 85' lang='lat' dir='ltr'><strong>cia,</strong></span> <span class='ocrx_word' id='word_1_754' title='bbox 664 5102 766 5177; x_wconf 79' lang='lat' dir='ltr'><strong>nisi</strong></span> <span class='ocrx_word' id='word_1_755' title='bbox 796 5102 845 5158; x_wconf 89' lang='lat' dir='ltr'><strong>in</strong></span> <span class='ocrx_word' id='word_1_756' title='bbox 874 5108 1091 5177; x_wconf 81' lang='lat' dir='ltr'><strong>propria</strong></span> <span class='ocrx_word' id='word_1_757' title='bbox 1139 5102 1282 5157; x_wconf 86' lang='lat' dir='ltr'><strong>desit</strong></span> <span class='ocrx_word' id='word_1_758' title='bbox 1326 5103 1548 5177; x_wconf 75' lang='lat' dir='ltr'><strong>dignus,</strong></span> <span class='ocrx_word' id='word_1_759' title='bbox 1578 5104 1866 5177; x_wconf 77' lang='lat' dir='ltr'><strong>episCOpus</strong></span> <span class='ocrx_word' id='word_1_760' title='bbox 1902 5102 2117 5173; x_wconf 75' lang='lat' dir='ltr'><strong>qua-ra-</strong></span> 
     </span>
    </p>
   </div>
   <div class='ocr_carea' id='block_1_110' title="bbox 519 5175 2113 5247">
    <p class='ocr_par' dir='ltr' id='par_1_110' title="bbox 519 5175 2113 5247">
     <span class='ocr_line' id='line_1_112' title="bbox 519 5175 2113 5247; baseline -0.001 -16"><span class='ocrx_word' id='word_1_761' title='bbox 519 5184 631 5247; x_wconf 86' lang='lat' dir='ltr'><strong>tur,</strong></span> <span class='ocrx_word' id='word_1_762' title='bbox 657 5176 724 5229; x_wconf 88' lang='lat' dir='ltr'><strong>de</strong></span> <span class='ocrx_word' id='word_1_763' title='bbox 750 5175 1128 5247; x_wconf 85' lang='lat' dir='ltr'><strong>sacerdotibus</strong></span> <span class='ocrx_word' id='word_1_764' title='bbox 1176 5185 1357 5229; x_wconf 85' lang='lat' dir='ltr'><strong>tamen</strong></span> <span class='ocrx_word' id='word_1_765' title='bbox 1388 5177 1439 5228; x_wconf 93' lang='lat' dir='ltr'><strong>in</strong></span> <span class='ocrx_word' id='word_1_766' title='bbox 1483 5176 1657 5230; x_wconf 87' lang='lat' dir='ltr'><strong>aliena</strong></span> <span class='ocrx_word' id='word_1_767' title='bbox 1698 5175 1971 5247; x_wconf 85' lang='lat' dir='ltr'><strong>provincia</strong></span> <span class='ocrx_word' id='word_1_768' title='bbox 2006 5191 2113 5231; x_wconf 92' lang='lat' dir='ltr'><strong>non</strong></span> 
     </span>
    </p>
   </div>
   <div class='ocr_carea' id='block_1_111' title="bbox 518 5246 2115 5313">
    <p class='ocr_par' dir='ltr' id='par_1_111' title="bbox 518 5246 2115 5313">
     <span class='ocr_line' id='line_1_113' title="bbox 518 5246 2115 5313; baseline -0.002 -9"><span class='ocrx_word' id='word_1_769' title='bbox 518 5246 837 5313; x_wconf 87' lang='lat' dir='ltr'><strong>ordinandis</strong></span> <span class='ocrx_word' id='word_1_770' title='bbox 868 5256 977 5303; x_wconf 94' lang='lat' dir='ltr'><strong>tota</strong></span> <span class='ocrx_word' id='word_1_771' title='bbox 1006 5261 1150 5302; x_wconf 90' lang='lat' dir='ltr'><strong>nunc</strong></span> <span class='ocrx_word' id='word_1_772' title='bbox 1179 5248 1553 5301; x_wconf 91' lang='lat' dir='ltr'><strong>controversia</strong></span> <span class='ocrx_word' id='word_1_773' title='bbox 1579 5256 1680 5303; x_wconf 85' lang='lat' dir='ltr'><strong>est.</strong></span> <span class='ocrx_word' id='word_1_774' title='bbox 1700 5246 1833 5304; x_wconf 36' lang='lat' dir='ltr'><strong>’Jam</strong></span> <span class='ocrx_word' id='word_1_775' title='bbox 1861 5264 1982 5304; x_wconf 92' lang='lat' dir='ltr'><strong>cum</strong></span> <span class='ocrx_word' id='word_1_776' title='bbox 2018 5250 2115 5301; x_wconf 75' lang='lat' dir='ltr'><strong>l’a-</strong></span> 
     </span>
    </p>
   </div>
   <div class='ocr_carea' id='block_1_112' title="bbox 595 5382 2113 5457">
    <p class='ocr_par' dir='ltr' id='par_1_112' title="bbox 595 5382 2113 5457">
     <span class='ocr_line' id='line_1_114' title="bbox 595 5382 2113 5457; baseline 0 -18"><span class='ocrx_word' id='word_1_777' title='bbox 595 5386 611 5416; x_wconf 80' lang='grc'>³</span> <span class='ocrx_word' id='word_1_778' title='bbox 641 5384 775 5439; x_wconf 86' lang='lat' dir='ltr'><strong>Cum</strong></span> <span class='ocrx_word' id='word_1_779' title='bbox 806 5385 1142 5440; x_wconf 88' lang='lat' dir='ltr'><strong>Lutevenses</strong></span> <span class='ocrx_word' id='word_1_780' title='bbox 1166 5382 1235 5457; x_wconf 71' lang='lat' dir='ltr'><strong>in</strong></span> <span class='ocrx_word' id='word_1_781' title='bbox 1264 5384 1435 5452; x_wconf 90' lang='lat' dir='ltr'><strong>prima</strong></span> <span class='ocrx_word' id='word_1_782' title='bbox 1467 5384 1806 5441; x_wconf 87' lang='lat' dir='ltr'><strong>Narbonensi</strong></span> <span class='ocrx_word' id='word_1_783' title='bbox 1832 5387 2113 5457; x_wconf 89' lang='lat' dir='ltr'><strong>provincia</strong></span> 
     </span>
    </p>
   </div>
   <div class='ocr_carea' id='block_1_113' title="bbox 519 5454 2114 5525">
    <p class='ocr_par' dir='ltr' id='par_1_113' title="bbox 519 5454 2114 5525">
     <span class='ocr_line' id='line_1_115' title="bbox 519 5454 2114 5525; baseline -0.001 -12"><span class='ocrx_word' id='word_1_784' title='bbox 519 5456 710 5513; x_wconf 90' lang='lat' dir='ltr'><strong>clerici</strong></span> <span class='ocrx_word' id='word_1_785' title='bbox 734 5456 1016 5525; x_wconf 89' lang='lat' dir='ltr'><strong>conquesti</strong></span> <span class='ocrx_word' id='word_1_786' title='bbox 1041 5454 1181 5524; x_wconf 91' lang='lat' dir='ltr'><strong>apud</strong></span> <span class='ocrx_word' id='word_1_787' title='bbox 1209 5454 1544 5509; x_wconf 85' lang='lat' dir='ltr'><strong>Bonifacium</strong></span> <span class='ocrx_word' id='word_1_788' title='bbox 1568 5468 1774 5517; x_wconf 62' lang='lat' dir='ltr'><strong>essent.</strong></span> <span class='ocrx_word' id='word_1_789' title='bbox 1804 5454 2114 5513; x_wconf 79' lang='lat' dir='ltr'><strong>Patroclum</strong></span> 
     </span>
    </p>
   </div>
   <div class='ocr_carea' id='block_1_114' title="bbox 520 5527 2111 5597">
    <p class='ocr_par' dir='ltr' id='par_1_114' title="bbox 520 5527 2111 5597">
     <span class='ocr_line' id='line_1_116' title="bbox 520 5527 2111 5597; baseline -0.001 -13"><span class='ocrx_word' id='word_1_790' title='bbox 520 5527 938 5594; x_wconf 73' lang='lat' dir='ltr'><strong>Arelatensem,</strong></span> <span class='ocrx_word' id='word_1_791' title='bbox 987 5534 1207 5582; x_wconf 88' lang='lat' dir='ltr'><strong>mortuo</strong></span> <span class='ocrx_word' id='word_1_792' title='bbox 1250 5528 1510 5596; x_wconf 89' lang='lat' dir='ltr'><strong>episcopo</strong></span> <span class='ocrx_word' id='word_1_793' title='bbox 1557 5543 1679 5593; x_wconf 89' lang='lat' dir='ltr'><strong>suo,</strong></span> <span class='ocrx_word' id='word_1_794' title='bbox 1711 5530 1945 5583; x_wconf 90' lang='lat' dir='ltr'><strong>alterum</strong></span> <span class='ocrx_word' id='word_1_795' title='bbox 1984 5529 2111 5597; x_wconf 90' lang='lat' dir='ltr'><strong>sibi,</strong></span> 
     </span>
    </p>
   </div>
   <div class='ocr_carea' id='block_1_115' title="bbox 518 5598 2114 5670">
    <p class='ocr_par' dir='ltr' id='par_1_115' title="bbox 518 5598 2114 5670">
     <span class='ocr_line' id='line_1_117' title="bbox 518 5598 2114 5670; baseline 0.001 -16"><span class='ocrx_word' id='word_1_796' title='bbox 518 5612 645 5654; x_wconf 85' lang='lat' dir='ltr'><strong>cum</strong></span> <span class='ocrx_word' id='word_1_797' title='bbox 660 5599 835 5670; x_wconf 9' lang='lat' dir='ltr'><strong>inralia</strong></span> <span class='ocrx_word' id='word_1_798' title='bbox 860 5598 1288 5670; x_wconf 78' lang='lat' dir='ltr'><strong>sintprovincia,</strong></span> <span class='ocrx_word' id='word_1_799' title='bbox 1302 5599 1670 5665; x_wconf 62' lang='lat' dir='ltr'><strong>prastermisso</strong></span> <span class='ocrx_word' id='word_1_800' title='bbox 1688 5602 2114 5669; x_wconf 82' lang='lat' dir='ltr'><strong>metmpolitano</strong></span> 
     </span>
    </p>
   </div>
   <div class='ocr_carea' id='block_1_116' title="bbox 520 5666 2112 5735">
    <p class='ocr_par' dir='ltr' id='par_1_116' title="bbox 520 5666 2112 5735">
     <span class='ocr_line' id='line_1_118' title="bbox 520 5666 2112 5735; baseline 0.001 -11"><span class='ocrx_word' id='word_1_801' title='bbox 520 5683 643 5733; x_wconf 84' lang='lat' dir='ltr'><strong>suo,</strong></span> <span class='ocrx_word' id='word_1_802' title='bbox 674 5669 727 5723; x_wconf 92' lang='lat' dir='ltr'><strong>id</strong></span> <span class='ocrx_word' id='word_1_803' title='bbox 758 5678 863 5735; x_wconf 90' lang='lat' dir='ltr'><strong>est,</strong></span> <span class='ocrx_word' id='word_1_804' title='bbox 896 5666 1104 5725; x_wconf 74' lang='lat' dir='ltr'><strong>Hilario</strong></span> <span class='ocrx_word' id='word_1_805' title='bbox 1161 5666 1527 5735; x_wconf 86' lang='lat' dir='ltr'><strong>Narbonensi,</strong></span> <span class='ocrx_word' id='word_1_806' title='bbox 1581 5666 1914 5726; x_wconf 77' lang='lat' dir='ltr'><strong>ordinasse:</strong></span> <span class='ocrx_word' id='word_1_807' title='bbox 1954 5671 2022 5726; x_wconf 89' lang='lat' dir='ltr'><strong>de</strong></span> <span class='ocrx_word' id='word_1_808' title='bbox 2051 5688 2112 5727; x_wconf 90' lang='lat' dir='ltr'><strong>ea</strong></span> 
     </span>
    </p>
   </div>
   <div class='ocr_carea' id='block_1_117' title="bbox 519 5737 2112 5812">
    <p class='ocr_par' dir='ltr' id='par_1_117' title="bbox 519 5737 2112 5812">
     <span class='ocr_line' id='line_1_119' title="bbox 519 5737 2112 5812; baseline 0.003 -18"><span class='ocrx_word' id='word_1_809' title='bbox 519 5751 584 5794; x_wconf 82' lang='lat' dir='ltr'><strong>re</strong></span> <span class='ocrx_word' id='word_1_810' title='bbox 609 5738 802 5812; x_wconf 75' lang='lat' dir='ltr'><strong>scribit</strong></span> <span class='ocrx_word' id='word_1_811' title='bbox 827 5740 893 5795; x_wconf 83' lang='lat' dir='ltr'><strong>ad</strong></span> <span class='ocrx_word' id='word_1_812' title='bbox 917 5741 1181 5795; x_wconf 86' lang='lat' dir='ltr'><strong>Hilarium</strong></span> <span class='ocrx_word' id='word_1_813' title='bbox 1209 5737 1475 5812; x_wconf 78' lang='lat' dir='ltr'><strong>pontifex,</strong></span> <span class='ocrx_word' id='word_1_814' title='bbox 1508 5743 1834 5812; x_wconf 89' lang='lat' dir='ltr'><strong>mandatque</strong></span> <span class='ocrx_word' id='word_1_815' title='bbox 1861 5751 1921 5797; x_wconf 90' lang='lat' dir='ltr'><strong>ut</strong></span> <span class='ocrx_word' id='word_1_816' title='bbox 1950 5742 2112 5798; x_wconf 87' lang='lat' dir='ltr'><strong>Lute-</strong></span> 
     </span>
    </p>
   </div>
   <div class='ocr_carea' id='block_1_118' title="bbox 515 5807 2113 5887">
    <p class='ocr_par' dir='ltr' id='par_1_118' title="bbox 515 5807 2113 5887">
     <span class='ocr_line' id='line_1_120' title="bbox 515 5807 2113 5887; baseline 0.005 -25"><span class='ocrx_word' id='word_1_817' title='bbox 515 5820 642 5862; x_wconf 70' lang='lat' dir='ltr'><strong>vam</strong></span> <span class='ocrx_word' id='word_1_818' title='bbox 672 5807 974 5882; x_wconf 88' lang='lat' dir='ltr'><strong>profectus,</strong></span> <span class='ocrx_word' id='word_1_819' title='bbox 1002 5807 1409 5880; x_wconf 84' lang='lat' dir='ltr'><strong>metropolitani</strong></span> <span class='ocrx_word' id='word_1_820' title='bbox 1453 5811 1577 5883; x_wconf 85' lang='lat' dir='ltr'><strong>jure</strong></span> <span class='ocrx_word' id='word_1_821' title='bbox 1619 5807 1961 5887; x_wconf 76' lang='lat' dir='ltr'><strong>arbitrioque</strong></span> <span class='ocrx_word' id='word_1_822' title='bbox 1995 5826 2113 5871; x_wconf 87' lang='lat' dir='ltr'><strong>uta-</strong></span> 
     </span>
    </p>
   </div>
   <div class='ocr_carea' id='block_1_119' title="bbox 2225 4602 3826 4671">
    <p class='ocr_par' dir='ltr' id='par_1_119' title="bbox 2225 4602 3826 4671">
     <span class='ocr_line' id='line_1_121' title="bbox 2225 4602 3826 4671; baseline 0.002 -16"><span class='ocrx_word' id='word_1_823' title='bbox 2225 4604 2528 4671; x_wconf 88' lang='lat' dir='ltr'><strong>spiritibus,</strong></span> <span class='ocrx_word' id='word_1_824' title='bbox 2556 4604 2831 4658; x_wconf 87' lang='lat' dir='ltr'><strong>neminem</strong></span> <span class='ocrx_word' id='word_1_825' title='bbox 2868 4612 2996 4657; x_wconf 90' lang='lat' dir='ltr'><strong>ante</strong></span> <span class='ocrx_word' id='word_1_826' title='bbox 3025 4602 3334 4657; x_wconf 88' lang='lat' dir='ltr'><strong>Patroclum</strong></span> <span class='ocrx_word' id='word_1_827' title='bbox 3368 4604 3502 4658; x_wconf 87' lang='lat' dir='ltr'><strong>illttd</strong></span> <span class='ocrx_word' id='word_1_828' title='bbox 3538 4605 3646 4659; x_wconf 90' lang='lat' dir='ltr'><strong>sibi</strong></span> <span class='ocrx_word' id='word_1_829' title='bbox 3678 4618 3826 4658; x_wconf 84' lang='lat' dir='ltr'><strong>arro-</strong></span> 
     </span>
    </p>
   </div>
   <div class='ocr_carea' id='block_1_120' title="bbox 2225 4674 3822 4744">
    <p class='ocr_par' dir='ltr' id='par_1_120' title="bbox 2225 4674 3822 4744">
     <span class='ocr_line' id='line_1_122' title="bbox 2225 4674 3822 4744; baseline 0.001 -17"><span class='ocrx_word' id='word_1_830' title='bbox 2225 4689 2381 4743; x_wconf 83' lang='lat' dir='ltr'><strong>gasse</strong></span> <span class='ocrx_word' id='word_1_831' title='bbox 2430 4674 2590 4728; x_wconf 81' lang='lat' dir='ltr'><strong>[idem</strong></span> <span class='ocrx_word' id='word_1_832' title='bbox 2642 4674 2791 4738; x_wconf 83' lang='lat' dir='ltr'><strong>fecit,</strong></span> <span class='ocrx_word' id='word_1_833' title='bbox 2847 4676 3074 4729; x_wconf 88' lang='lat' dir='ltr'><strong>minime</strong></span> <span class='ocrx_word' id='word_1_834' title='bbox 3127 4675 3324 4729; x_wconf 91' lang='lat' dir='ltr'><strong>mirum</strong></span> <span class='ocrx_word' id='word_1_835' title='bbox 3366 4687 3451 4730; x_wconf 90' lang='lat' dir='ltr'><strong>est</strong></span> <span class='ocrx_word' id='word_1_836' title='bbox 3482 4691 3612 4729; x_wconf 90' lang='lat' dir='ltr'><strong>eum</strong></span> <span class='ocrx_word' id='word_1_837' title='bbox 3644 4674 3822 4744; x_wconf 90' lang='lat' dir='ltr'><strong>impe-</strong></span> 
     </span>
    </p>
   </div>
   <div class='ocr_carea' id='block_1_121' title="bbox 2224 4744 3822 4818">
    <p class='ocr_par' dir='ltr' id='par_1_121' title="bbox 2224 4744 3822 4818">
     <span class='ocr_line' id='line_1_123' title="bbox 2224 4744 3822 4818; baseline 0.001 -21"><span class='ocrx_word' id='word_1_838' title='bbox 2224 4756 2419 4809; x_wconf 86' lang='lat' dir='ltr'><strong>trasse,</strong></span> <span class='ocrx_word' id='word_1_839' title='bbox 2457 4756 2514 4800; x_wconf 88' lang='lat' dir='ltr'><strong>ut</strong></span> <span class='ocrx_word' id='word_1_840' title='bbox 2544 4744 2595 4799; x_wconf 91' lang='lat' dir='ltr'><strong>id</strong></span> <span class='ocrx_word' id='word_1_841' title='bbox 2629 4745 2917 4816; x_wconf 81' lang='lat' dir='ltr'><strong>privilegii,</strong></span> <span class='ocrx_word' id='word_1_842' title='bbox 2951 4746 3163 4800; x_wconf 85' lang='lat' dir='ltr'><strong>sublata</strong></span> <span class='ocrx_word' id='word_1_843' title='bbox 3193 4760 3355 4800; x_wconf 89' lang='lat' dir='ltr'><strong>causa</strong></span> <span class='ocrx_word' id='word_1_844' title='bbox 3390 4759 3625 4817; x_wconf 87' lang='lat' dir='ltr'><strong>propter</strong></span> <span class='ocrx_word' id='word_1_845' title='bbox 3660 4761 3822 4818; x_wconf 87' lang='lat' dir='ltr'><strong>quam</strong></span> 
     </span>
    </p>
   </div>
   <div class='ocr_carea' id='block_1_122' title="bbox 2227 4817 3826 4888">
    <p class='ocr_par' dir='ltr' id='par_1_122' title="bbox 2227 4817 3826 4888">
     <span class='ocr_line' id='line_1_124' title="bbox 2227 4817 3826 4888; baseline -0.003 -17"><span class='ocrx_word' id='word_1_846' title='bbox 2227 4817 2490 4871; x_wconf 88' lang='lat' dir='ltr'><strong>indultum</strong></span> <span class='ocrx_word' id='word_1_847' title='bbox 2526 4818 2720 4878; x_wconf 85' lang='lat' dir='ltr'><strong>fuerat.</strong></span> <span class='ocrx_word' id='word_1_848' title='bbox 2748 4824 3098 4872; x_wconf 86' lang='lat' dir='ltr'><strong>revocaretur</strong></span> <span class='ocrx_word' id='word_1_849' title='bbox 3119 4827 3280 4886; x_wconf 89' lang='lat' dir='ltr'><strong>atque</strong></span> <span class='ocrx_word' id='word_1_850' title='bbox 3310 4817 3703 4888; x_wconf 81' lang='lat' dir='ltr'><strong>abrogaretur.</strong></span> <span class='ocrx_word' id='word_1_851' title='bbox 3729 4817 3826 4871; x_wconf 88' lang='lat' dir='ltr'><strong>Zo-</strong></span> 
     </span>
    </p>
   </div>
   <div class='ocr_carea' id='block_1_123' title="bbox 2229 4888 3820 4959">
    <p class='ocr_par' dir='ltr' id='par_1_123' title="bbox 2229 4888 3820 4959">
     <span class='ocr_line' id='line_1_125' title="bbox 2229 4888 3820 4959; baseline -0.001 -18"><span class='ocrx_word' id='word_1_852' title='bbox 2229 4889 2348 4942; x_wconf 91' lang='lat' dir='ltr'><strong>simi</strong></span> <span class='ocrx_word' id='word_1_853' title='bbox 2379 4906 2441 4943; x_wconf 89' lang='lat' dir='ltr'><strong>ea</strong></span> <span class='ocrx_word' id='word_1_854' title='bbox 2492 4889 2561 4944; x_wconf 90' lang='lat' dir='ltr'><strong>de</strong></span> <span class='ocrx_word' id='word_1_855' title='bbox 2590 4904 2647 4943; x_wconf 93' lang='lat' dir='ltr'><strong>re</strong></span> <span class='ocrx_word' id='word_1_856' title='bbox 2692 4888 2958 4959; x_wconf 86' lang='lat' dir='ltr'><strong>judicium</strong></span> <span class='ocrx_word' id='word_1_857' title='bbox 3000 4888 3296 4943; x_wconf 81' lang='lat' dir='ltr'><strong>etiamnum</strong></span> <span class='ocrx_word' id='word_1_858' title='bbox 3340 4889 3594 4943; x_wconf 75' lang='lat' dir='ltr'><strong>defendit</strong></span> <span class='ocrx_word' id='word_1_859' title='bbox 3626 4888 3820 4944; x_wconf 89' lang='lat' dir='ltr'><strong>Pasch.</strong></span> 
     </span>
    </p>
   </div>
   <div class='ocr_carea' id='block_1_124' title="bbox 2228 4958 3824 5028">
    <p class='ocr_par' dir='ltr' id='par_1_124' title="bbox 2228 4958 3824 5028">
     <span class='ocr_line' id='line_1_126' title="bbox 2228 4958 3824 5028; baseline 0.002 -17"><span class='ocrx_word' id='word_1_860' title='bbox 2228 4959 2554 5028; x_wconf 87' lang='lat' dir='ltr'><strong>Quesnellus</strong></span> <span class='ocrx_word' id='word_1_861' title='bbox 2585 4960 2881 5025; x_wconf 83' lang='lat' dir='ltr'><strong>Dissert.5,</strong></span> <span class='ocrx_word' id='word_1_862' title='bbox 2908 4962 2961 5014; x_wconf 91' lang='lat' dir='ltr'><strong>in</strong></span> <span class='ocrx_word' id='word_1_863' title='bbox 2985 4961 3246 5015; x_wconf 87' lang='lat' dir='ltr'><strong>Leonem.</strong></span> <span class='ocrx_word' id='word_1_864' title='bbox 3274 4958 3358 5015; x_wconf 87' lang='lat' dir='ltr'><strong>Ab</strong></span> <span class='ocrx_word' id='word_1_865' title='bbox 3386 4959 3620 5015; x_wconf 62' lang='lat' dir='ltr'><strong>adversa</strong></span> <span class='ocrx_word' id='word_1_866' title='bbox 3644 4971 3824 5015; x_wconf 90' lang='lat' dir='ltr'><strong>autem</strong></span> 
     </span>
    </p>
   </div>
   <div class='ocr_carea' id='block_1_125' title="bbox 2228 5031 3824 5101">
    <p class='ocr_par' dir='ltr' id='par_1_125' title="bbox 2228 5031 3824 5101">
     <span class='ocr_line' id='line_1_127' title="bbox 2228 5031 3824 5101; baseline 0 -16"><span class='ocrx_word' id='word_1_867' title='bbox 2228 5042 2381 5101; x_wconf 90' lang='lat' dir='ltr'><strong>parte</strong></span> <span class='ocrx_word' id='word_1_868' title='bbox 2422 5043 2564 5086; x_wconf 91' lang='lat' dir='ltr'><strong>stant</strong></span> <span class='ocrx_word' id='word_1_869' title='bbox 2615 5031 2907 5098; x_wconf 87' lang='lat' dir='ltr'><strong>Baronius,</strong></span> <span class='ocrx_word' id='word_1_870' title='bbox 2936 5032 3001 5084; x_wconf 89' lang='lat' dir='ltr'><strong>ad</strong></span> <span class='ocrx_word' id='word_1_871' title='bbox 3032 5048 3161 5085; x_wconf 88' lang='lat' dir='ltr'><strong>ann.</strong></span> <span class='ocrx_word' id='word_1_872' title='bbox 3193 5032 3299 5087; x_wconf 75' lang='grc'><strong>418</strong></span> <span class='ocrx_word' id='word_1_873' title='bbox 3356 5040 3412 5086; x_wconf 91' lang='lat' dir='ltr'><strong>et</strong></span> <span class='ocrx_word' id='word_1_874' title='bbox 3456 5031 3592 5097; x_wconf 67' lang='lat'><strong>4‘22,</strong></span> <span class='ocrx_word' id='word_1_875' title='bbox 3629 5032 3824 5087; x_wconf 89' lang='lat' dir='ltr'><strong>Petrus</strong></span> 
     </span>
    </p>
   </div>
   <div class='ocr_carea' id='block_1_126' title="bbox 2226 5100 3824 5173">
    <p class='ocr_par' dir='ltr' id='par_1_126' title="bbox 2226 5100 3824 5173">
     <span class='ocr_line' id='line_1_128' title="bbox 2226 5100 3824 5173; baseline -0.003 -16"><span class='ocrx_word' id='word_1_876' title='bbox 2226 5100 2424 5171; x_wconf 78' lang='lat' dir='ltr'><strong>Marco,</strong></span> <span class='ocrx_word' id='word_1_877' title='bbox 2479 5103 2577 5158; x_wconf 91' lang='lat' dir='ltr'><strong>lib.</strong></span> <span class='ocrx_word' id='word_1_878' title='bbox 2621 5102 2689 5158; x_wconf 90' lang='lat' dir='ltr'><strong>de</strong></span> <span class='ocrx_word' id='word_1_879' title='bbox 2709 5100 3029 5173; x_wconf 83' lang='lat' dir='ltr'><strong>Primatu,§</strong></span> <span class='ocrx_word' id='word_1_880' title='bbox 3066 5105 3162 5168; x_wconf 85' lang='lat'><strong>71;</strong></span> <span class='ocrx_word' id='word_1_881' title='bbox 3193 5104 3422 5173; x_wconf 89' lang='lat' dir='ltr'><strong>ejusque</strong></span> <span class='ocrx_word' id='word_1_882' title='bbox 3471 5103 3824 5157; x_wconf 83' lang='lat' dir='ltr'><strong>continuatur</strong></span> 
     </span>
    </p>
   </div>
   <div class='ocr_carea' id='block_1_127' title="bbox 2224 5173 3817 5245">
    <p class='ocr_par' dir='ltr' id='par_1_127' title="bbox 2224 5173 3817 5245">
     <span class='ocr_line' id='line_1_129' title="bbox 2224 5173 3817 5245; baseline 0 -16"><span class='ocrx_word' id='word_1_883' title='bbox 2224 5175 2412 5235; x_wconf 77' lang='lat' dir='ltr'><strong>Steph.</strong></span> <span class='ocrx_word' id='word_1_884' title='bbox 2447 5175 2718 5239; x_wconf 66' lang='grc' dir='ltr'><strong>Β.ι1ιιῑῑιις,</strong></span> <span class='ocrx_word' id='word_1_885' title='bbox 2754 5174 2848 5228; x_wconf 89' lang='lat' dir='ltr'><strong>lib.</strong></span> <span class='ocrx_word' id='word_1_886' title='bbox 2882 5190 2911 5225; x_wconf 94' lang='lat' dir='ltr'><strong>v</strong></span> <span class='ocrx_word' id='word_1_887' title='bbox 2937 5174 3005 5228; x_wconf 92' lang='lat' dir='ltr'><strong>de</strong></span> <span class='ocrx_word' id='word_1_888' title='bbox 3021 5173 3291 5228; x_wconf 86' lang='lat' dir='ltr'><strong>Concord.</strong></span> <span class='ocrx_word' id='word_1_889' title='bbox 3318 5177 3534 5228; x_wconf 88' lang='lat' dir='ltr'><strong>sacerd.</strong></span> <span class='ocrx_word' id='word_1_890' title='bbox 3570 5184 3629 5230; x_wconf 92' lang='lat' dir='ltr'><strong>et</strong></span> <span class='ocrx_word' id='word_1_891' title='bbox 3663 5178 3817 5245; x_wconf 86' lang='lat' dir='ltr'><strong>imp.,</strong></span> 
     </span>
    </p>
   </div>
   <div class='ocr_carea' id='block_1_128' title="bbox 2224 5245 3820 5317">
    <p class='ocr_par' dir='ltr' id='par_1_128' title="bbox 2224 5245 3820 5317">
     <span class='ocr_line' id='line_1_130' title="bbox 2224 5245 3820 5317; baseline -0.004 -15"><span class='ocrx_word' id='word_1_892' title='bbox 2224 5248 2377 5311; x_wconf 78' lang='lat' dir='ltr'><strong>c.30;</strong></span> <span class='ocrx_word' id='word_1_893' title='bbox 2412 5262 2623 5302; x_wconf 90' lang='lat' dir='ltr'><strong>necnon</strong></span> <span class='ocrx_word' id='word_1_894' title='bbox 2650 5245 3053 5311; x_wconf 88' lang='lat' dir='ltr'><strong>&#39;l‘illemontius,</strong></span> <span class='ocrx_word' id='word_1_895' title='bbox 3084 5257 3219 5299; x_wconf 89' lang='lat' dir='ltr'><strong>tom.</strong></span> <span class='ocrx_word' id='word_1_896' title='bbox 3246 5262 3304 5313; x_wconf 72' lang='grc' dir='ltr'>ιι,</span> <span class='ocrx_word' id='word_1_897' title='bbox 3326 5245 3560 5317; x_wconf 88' lang='lat' dir='ltr'><strong>pag.681</strong></span> <span class='ocrx_word' id='word_1_898' title='bbox 3589 5256 3645 5301; x_wconf 92' lang='lat' dir='ltr'><strong>et</strong></span> <span class='ocrx_word' id='word_1_899' title='bbox 3667 5261 3820 5316; x_wconf 85' lang='lat' dir='ltr'><strong>seqq.</strong></span> 
     </span>
    </p>
   </div>
   <div class='ocr_carea' id='block_1_129' title="bbox 2222 5385 3824 5457">
    <p class='ocr_par' dir='ltr' id='par_1_129' title="bbox 2222 5385 3824 5457">
     <span class='ocr_line' id='line_1_131' title="bbox 2222 5385 3824 5457; baseline 0.002 -19"><span class='ocrx_word' id='word_1_900' title='bbox 2222 5392 2343 5451; x_wconf 87' lang='lat' dir='ltr'><strong>tur;</strong></span> <span class='ocrx_word' id='word_1_901' title='bbox 2378 5394 2433 5442; x_wconf 91' lang='lat' dir='ltr'><strong>et</strong></span> <span class='ocrx_word' id='word_1_902' title='bbox 2473 5387 2706 5457; x_wconf 85' lang='lat' dir='ltr'><strong>peractis</strong></span> <span class='ocrx_word' id='word_1_903' title='bbox 2755 5385 3030 5449; x_wconf 86' lang='lat' dir='ltr'><strong>omnibus,</strong></span> <span class='ocrx_word' id='word_1_904' title='bbox 3082 5387 3196 5443; x_wconf 91' lang='lat' dir='ltr'><strong>sedi</strong></span> <span class='ocrx_word' id='word_1_905' title='bbox 3244 5387 3570 5453; x_wconf 82' lang='lat' dir='ltr'><strong>apostolicae</strong></span> <span class='ocrx_word' id='word_1_906' title='bbox 3620 5403 3824 5444; x_wconf 85' lang='lat' dir='ltr'><strong>renun-</strong></span> 
     </span>
    </p>
   </div>
   <div class='ocr_carea' id='block_1_130' title="bbox 2221 5458 3822 5529">
    <p class='ocr_par' dir='ltr' id='par_1_130' title="bbox 2221 5458 3822 5529">
     <span class='ocr_line' id='line_1_132' title="bbox 2221 5458 3822 5529; baseline 0.001 -19"><span class='ocrx_word' id='word_1_907' title='bbox 2221 5458 2316 5511; x_wconf 91' lang='lat' dir='ltr'><strong>tiet</strong></span> <span class='ocrx_word' id='word_1_908' title='bbox 2370 5459 2497 5529; x_wconf 91' lang='lat' dir='ltr'><strong>quid</strong></span> <span class='ocrx_word' id='word_1_909' title='bbox 2549 5459 2823 5512; x_wconf 90' lang='lat' dir='ltr'><strong>statuerit.</strong></span> <span class='ocrx_word' id='word_1_910' title='bbox 2880 5459 3066 5529; x_wconf 88' lang='lat' dir='ltr'><strong>Itaque</strong></span> <span class='ocrx_word' id='word_1_911' title='bbox 3136 5458 3402 5515; x_wconf 87' lang='lat' dir='ltr'><strong>rescindit</strong></span> <span class='ocrx_word' id='word_1_912' title='bbox 3458 5460 3611 5527; x_wconf 91' lang='lat' dir='ltr'><strong>quod</strong></span> <span class='ocrx_word' id='word_1_913' title='bbox 3663 5458 3822 5514; x_wconf 87' lang='lat' dir='ltr'><strong>Zosi-</strong></span> 
     </span>
    </p>
   </div>
   <div class='ocr_carea' id='block_1_131' title="bbox 2223 5530 3822 5601">
    <p class='ocr_par' dir='ltr' id='par_1_131' title="bbox 2223 5530 3822 5601">
     <span class='ocr_line' id='line_1_133' title="bbox 2223 5530 3822 5601; baseline 0.002 -20"><span class='ocrx_word' id='word_1_914' title='bbox 2223 5544 2340 5582; x_wconf 73' lang='grc' dir='ltr'>ιιιιις</span> <span class='ocrx_word' id='word_1_915' title='bbox 2416 5543 2589 5599; x_wconf 89' lang='lat' dir='ltr'><strong>nuper</strong></span> <span class='ocrx_word' id='word_1_916' title='bbox 2657 5530 3023 5597; x_wconf 89' lang='lat' dir='ltr'><strong>decreverat,</strong></span> <span class='ocrx_word' id='word_1_917' title='bbox 3085 5532 3388 5601; x_wconf 71' lang='lat' dir='ltr'><strong>primmque</strong></span> <span class='ocrx_word' id='word_1_918' title='bbox 3442 5530 3822 5601; x_wconf 82' lang='lat' dir='ltr'><strong>Narbonensis</strong></span> 
     </span>
    </p>
   </div>
   <div class='ocr_carea' id='block_1_132' title="bbox 2219 5600 3825 5673">
    <p class='ocr_par' dir='ltr' id='par_1_132' title="bbox 2219 5600 3825 5673">
     <span class='ocr_line' id='line_1_134' title="bbox 2219 5600 3825 5673; baseline 0.002 -19"><span class='ocrx_word' id='word_1_919' title='bbox 2219 5601 2620 5657; x_wconf 80' lang='lat' dir='ltr'><strong>ordinationem</strong></span> <span class='ocrx_word' id='word_1_920' title='bbox 2667 5617 2778 5657; x_wconf 88' lang='lat' dir='ltr'><strong>non</strong></span> <span class='ocrx_word' id='word_1_921' title='bbox 2804 5601 2869 5657; x_wconf 89' lang='lat' dir='ltr'><strong>ad</strong></span> <span class='ocrx_word' id='word_1_922' title='bbox 2906 5600 3327 5673; x_wconf 83' lang='lat' dir='ltr'><strong>Arelatensem,</strong></span> <span class='ocrx_word' id='word_1_923' title='bbox 3363 5600 3459 5657; x_wconf 88' lang='lat' dir='ltr'><strong>sed</strong></span> <span class='ocrx_word' id='word_1_924' title='bbox 3492 5601 3563 5657; x_wconf 88' lang='lat' dir='ltr'><strong>ad</strong></span> <span class='ocrx_word' id='word_1_925' title='bbox 3614 5603 3825 5657; x_wconf 81' lang='lat' dir='ltr'><strong>Narbo-</strong></span> 
     </span>
    </p>
   </div>
   <div class='ocr_carea' id='block_1_133' title="bbox 2218 5673 3825 5799">
    <p class='ocr_par' dir='ltr' id='par_1_133' title="bbox 2218 5673 3825 5799">
     <span class='ocr_line' id='line_1_135' title="bbox 2218 5673 3825 5799; baseline -0.001 -71"><span class='ocrx_word' id='word_1_926' title='bbox 2218 5687 2443 5799; x_wconf 58' lang='lat' dir='ltr'><strong>gen&#39;sem</strong></span> <span class='ocrx_word' id='word_1_927' title='bbox 2475 5673 2971 5744; x_wconf 88' lang='lat' dir='ltr'><strong>episcopum,velut</strong></span> <span class='ocrx_word' id='word_1_928' title='bbox 2999 5675 3506 5746; x_wconf 87' lang='lat' dir='ltr'><strong>metropolitanum,</strong></span> <span class='ocrx_word' id='word_1_929' title='bbox 3542 5676 3825 5744; x_wconf 86' lang='lat' dir='ltr'><strong>pertinere</strong></span> 
     </span>
     <span class='ocr_line' id='line_1_136' title="bbox 2256 5754 2485 5799; baseline -0.004 0"><span class='ocrx_word' id='word_1_930' title='bbox 2256 5759 2317 5799; x_wconf 91' lang='lat' dir='ltr'><strong>ec</strong></span> <span class='ocrx_word' id='word_1_931' title='bbox 2344 5754 2485 5799; x_wconf 87' lang='lat' dir='ltr'><strong>arat.</strong></span> 
     </span>
    </p>
   </div>
   <div class='ocr_carea' id='block_1_134' title="bbox 2256 5754 2485 5801">
    <p class='ocr_par' dir='ltr' id='par_1_134' title="bbox 2256 5754 2485 5801">
     <span class='ocr_line' id='line_1_137' title="bbox 2256 5754 2485 5801; baseline -0.013 0"><span class='ocrx_word' id='word_1_932' title='bbox 2256 5754 2485 5801; x_wconf 87' lang='lat' dir='ltr'><strong>eclarat.</strong></span> 
     </span>
    </p>
   </div>
  </div>
