4206 6174
349 284 465 343 773
1570 281 1932 339 EPIS'I‘OL/E
1971 282 2009 338 E

2117 280 2275 339 )ECR
2286 281 2443 340 ETA.
3558 283 3664 343 ϊιι

349 407 541 458 contra
574 405 787 469 patrum
816 398 1029 467 regulas
1069 395 1378 453 ordinasse.
1409 397 1566 466 Quod
1612 415 1951 472 nequaquam
1982 405 2029 462 Α
2063 400 2262 457 tionem
2289 402 2455 472 liquet
2478 415 2601 457 esse
2627 399 2958 456 mandatam.
2991 397 3164 456 Nemo
3186 415 3318 473 ergo
3341 415 3530 458 eorum
3557 413 3670 459 ter-

352 504 654 563 possumus
685 489 828 546 ferre
860 487 1135 559 patienter
1167 507 1181 545 :
1208 490 1333 560 quia
1368 491 1629 546 convenit
1659 507 1758 548 nos
1786 501 1964 561 pater-
2068 495 2245 548 minos
2273 493 2448 548 audax
2478 501 2776 548 temerator
2825 491 3075 556 excedat,
3110 508 3210 547 nec
3251 491 3444 563 aliquis
3470 493 3521 548 in
3549 494 3670 548 illo-

353 599 552 640 narum
612 583 958 638 sanctionum
1011 581 1304 652 diligentes
1334 598 1457 640 esse
1498 583 1774 640 cuswdes.
1822 585 1964 641 Nulli
2068 601 2188 640 rum
2213 587 2597 641 contumeliam
2632 585 2876 654 partibus
2906 584 3051 650 suis,
3092 599 3214 655 quae
3254 585 3358 640 sibi
3395 585 3414 623 ί
3444 601 3552 642 non
3587 586 3673 642 vi-

353 680 560 736 etenim
587 677 804 733 videtur
832 675 1112 746 incognita
1141 676 1334 748 synodi
1365 677 1688 733 constitutio
1710 678 1964 745 Nicmntu,
2068 677 2265 732 dentur
2288 691 2574 744 concessa,
2599 676 2884 733 defendat.
2916 676 3108 733 Cesset
3143 676 3452 748 huiusmodi
3483 694 3672 750 pressa

353 789 481 846 quae
509 774 578 828 ita
611 770 880 842 praecipit,
940 779 1000 824 ttt
1053 769 1244 826 eadem
1271 778 1296 808 ει
1341 771 1562 842 prOprie
1599 772 1767 827 verba
1801 788 1969 842 pona-
2071 781 2258 825 nostra
2281 770 2610 826 auctoritate
2634 771 2992 840 praesumptio
3013 786 3228 838 eorum,
3252 771 3344 842 qui
3388 771 3532 827 ultra
3556 772 3675 828 lici-

359 881 506 923 mus.
543 865 648 920 Per
675 877 1114 933 unamquamque
1153 863 1492 933 provinciam
1534 864 1624 934 jus
1654 866 1972 935 ιηριιοιιοιὶ-
2074 874 2186 920 tum
2208 879 2322 920 sua:
2354 866 2582 921 limitem
2612 864 2893 936 dignitatis
2917 865 3244 922 extendunt.
3279 865 3434 933 Quod
3469 865 3678 923 idcirco

361 966 520 1014 tanos
547 957 794 1028 singulos
851 955 1056 1011 habere
1099 956 1325 1020 debere,
1377 971 1478 1012 nec
1521 957 1778 1027 cuiquam
1837 958 1972 1013 duas
2071 957 2328 1025 dicimus,
2360 965 2419 1013 ut
2470 958 2724 1014 advertat
2747 959 2991 1014 cltaritas
3037 970 3149 1026 tua,
3186 959 3323 1016 adeo
3372 975 3472 1018 nos
3509 977 3676 1016 cano-

359 1047 528 1106 1’essc
548 1047 1292 1118 subjectas.QuodiIli,quia
1316 1049 1498 1118 aliter,
1514 1049 1972 1107 credendumnon
2072 1066 2204 1106 num
2235 1061 2259 1099 Β
2295 1064 2562 1123 praecepta
2591 1068 2837 1118 servare,
2880 1062 2936 1108 ut
2975 1053 3046 1108 ita
3088 1053 3408 1110 constitutio
3461 1071 3677 1126 quoque

363 1151 468 1209 est,
527 1141 868 1198 servandum
917 1149 1108 1214 sancto
1142 1141 1352 1211 Spiritu
1383 1152 1714 1214 suggerente
1745 1144 1976 1200 sibimet
2073 1156 2260 1200 nostra
2293 1146 2538 1209 definiat,
2571 1155 2840 1216 quatenus
2865 1145 3275 1216 metr0p0litani
3307 1147 3387 1202 sui
3420 1162 3683 1218 unaquae-

365 1245 726 1292 censuerunt.
1886 1299 1894 1305 ,
2073 1251 2180 1308 que
2203 1236 2478 1306 provincia
2511 1238 2565 1293 in
2605 1236 2861 1293 omnibus
2896 1238 3060 1292 rebus
3101 1236 3512 1295 ordinationem
3536 1253 3682 1296 sem-

381 1361 388 1365 -
440 1328 494 1382 2.
543 1325 717 1392 Unde,
750 1325 920 1382 frater
940 1327 1286 1394 cbarissime,
1319 1327 1364 1381 si
1407 1326 1479 1382 ita
1518 1342 1606 1383 res
1632 1335 1779 1395 sunt,
1813 1336 1869 1385 et
1886 1342 1978 1384 ec-
2075 1343 2173 1400 per
2202 1340 2503 1401 exspectet.
2526 1330 2657 1385 Data
2686 1327 2716 1367 ιι
2745 1345 2778 1384 v
2810 1330 2931 1385 idus
2958 1330 3118 1386 Febr.
3153 1328 3305 1403 (Feb.
3339 1332 3372 1386 9
3396 1348 3520 1386 ann.
3549 1331 3682 1402 422)

371 1421 591 1478 clesiam
619 1419 982 1490 supradictam
1012 1421 1313 1491 provincias
1341 1429 1446 1476 tuae
1489 1421 1648 1478 limes
1676 1433 1698 1461 ο
1731 1421 1977 1488 includit,
2078 1423 2320 1480 dominis
2366 1424 2571 1481 nostris
2620 1425 2862 1481 IIonorio
2891 1441 2984 1480 χιιι
3025 1437 3077 1482 ct
3125 1424 3437 1482 Theodosio
3459 1443 3490 1481 ιι
3520 1442 3680 1499 sugg.

368 1521 554 1570 nostra
585 1513 908 1567 auctoritate
931 1512 1314 1578 commonitus,
1342 1511 1488 1584 quod
1535 1513 1753 1584 quidem
1805 1515 1981 1570 facere
2078 1531 2259 1575 conss.

370 1615 566 1677 sponte
593 1605 621 1642 ά
657 1605 923 1672 deberes,
967 1604 1258 1662 desideriis
1300 1606 1755 1676 supplicantium,
1787 1615 1843 1662 et
1883 1621 1978 1661 vo-
2586 1610 2921 1667 EPISTULA
2969 1610 3086 1666 XIII
3119 1609 3158 1665 ί.

372 1699 585 1756 Iuntate
616 1706 888 1770 respects,
921 1698 990 1754 ad
1017 1698 1269 1755 eumdem
1306 1698 1484 1754 locum
1527 1700 1584 1754 in
1619 1716 1730 1771 quo
1760 1700 1982 1755 ordina-
2083 1704 2284 1775 Rufum
2313 1705 2375 1758 de
2405 1721 2649 1760 concessa
2695 1704 2793 1759 sibi
2823 1705 3003 1759 vicarii
3049 1694 3115 1759 B.
3149 1703 3297 1759 Petri
3327 1704 3580 1777 dignitate
3623 1721 3687 1760 ac

377 1795 455 1853 tio
479 1796 600 1851 talis
626 1794 900 1852 celebrata
951 1794 1176 1859 dicitur,
1211 1795 1612 1866 metropolitani
1639 1796 1760 1866 jure
1807 1794 1984 1849 tnuni-
2013 1807 2061 1866 Β
2158 1813 2369 1850 munere
2397 1796 2707 1868 Bonifacius
2751 1797 3015 1866 admonet,
3077 1798 3522 1870 communicatque
3570 1815 3688 1852 cum

376 1896 485 1954 tus,
511 1897 566 1943 et
592 1886 1051 1956 praeceptionibus
1075 1887 1278 1941 nostris
1313 1885 1508 1954 fretus,
1537 1887 1742 1942 accede
1775 1904 1787 1941 :
1821 1887 1983 1942 intel-
2159 1907 2240 1956 eo,
2264 1898 2309 1943 et
2342 1890 2468 1961 quid
2497 1891 2636 1944 circa
2658 1891 2827 1956 varia,
2856 1906 2972 1961 qua:
2995 1890 3105 1944 illis
3147 1890 3202 1942 in
3227 1889 3464 1960 partibus
3484 1891 3690 1962 agitan-

376 1983 552 2054 ligens
578 1981 809 2038 arbitrio
861 1990 952 2036 tuo
980 1981 1277 2037 secundum
1319 1982 1532 2052 regulas
1582 1992 1798 2052 patrum
1841 1997 1986 2052 quae-

377 2089 613 2145 cumque
642 2073 890 2130 facienda
913 2085 1041 2129 sunt
1082 2089 1111 2127 a
1149 2074 1306 2130 nobis
1344 2090 1469 2131 esse
1498 2090 1800 2142 concessa;
1836 2076 1906 2130 ita
1930 2085 1991 2130 ut

379 2169 622 2240 peractis
648 2167 925 2233 omnibus,
957 2166 1274 2237 apostolicae
1305 2167 1421 2223 sedi
1449 2167 1708 2238 quidquid
1733 2167 1988 2222 statueris

383 2266 440 2316 te
464 2260 736 2316 referente
759 2260 1048 2326 clarescat,
1076 2259 1163 2315 cui
1207 2259 1371 2316 totius
1400 2260 1695 2331 provincia:
1722 2270 1743 2298 ε
1768 2260 1988 2316 ordina-

460 2391 486 2418 λ
521 2381 673 2452 Apud
700 2381 900 2435 Baron.
931 2380 1062 2452 utin
1084 2393 1192 2434 uno
1217 2393 1317 2432 ms.
1351 2376 1526 2452 Harl.,
1554 2377 1788 2452 prapria.
1808 2376 1984 2452 Ques-

385 2449 832 2532 nellus,‘disser1.
877 2451 974 2532 _l2,
1003 2466 1056 2505 c.
1089 2452 1143 2517 7,
1167 2465 1274 2532 pro
1320 2449 1530 2532 proprie
1579 2449 1984 2532 restituendum

388 2534 542 2598 putat
566 2519 746 2598 prape.
786 2522 893 2579 Sed
949 2537 1138 2598 neque
1167 2519 1281 2598 ipse
1312 2519 1376 2598 _iu
1409 2519 1646 2598 [flii-tetris
1682 2521 1988 2575 canonibus

390 2591 674 2653 iutvérba
729 2609 849 2664 qua:
885 2609 915 2648 a
973 2591 1256 2648 Buttifacio
1312 2592 1624 2664 laudantur,
1687 2603 1789 2664 aut
1830 2605 1990 2664 prope

389 2666 568 2725 eadem
598 2661 826 2721 invenit.
866 2665 1036 2719 Immo
1073 2679 1248 2734 neque
1288 2663 1430 2717 unde
1459 2673 1727 2734 excerpta
1743 2661 1878 2734 rsiu’t,
1904 2662 1987 2734 ing

391 2749 476 2796 ter
496 2737 743 2793 eruditos
774 2739 1050 2792 convenit.
1080 2733 1184 2790 Alii
1231 2737 1434 2804 quippe
1461 2750 1492 2788 e
1539 2733 1862 2804 canonibus,
1896 2733 1988 2804 qui

394 2809 723 2874 exciderint,
771 2809 1046 2877 descripta
1093 2821 1218 2860 esse
1239 2803 1622 2877 _arbitrantur.
1664 2803 1772 2877 Alii
1815 2803 1991 2858 multo

397 2882 582 2954 plures
620 2883 897 2936 Niczenum
927 2875 1193 2933 canonem
1225 2875 1258 2932 6
1283 2876 1368 2931 hic
1401 2875 1626 2954 indiuari
1656 2875 1991 2954 existimant.

403 2947 681 3012 :Adversus
720 2967 859 3022 quos
888 3021 896 3022 ί
927 2967 1051 3004 mox
1099 2955 1438 3022 memoratus
1497 2948 1581 3000 vir
1623 2947 1992 3022 claris-situlus,

405 3025 563 3082 ibid..
594 3038 718 3093 cap.
741 3017 812 3078 ti:
848 3021 962 3094 Nec
991 3036 1107 3094 ego,
1138 3021 1332 3094 inquit,
1361 3018 1685 3094 [tuncitotari
1715 3028 1840 3094 puto
1872 3032 1890 3070 :
1933 3017 1998 3070 de

403 3089 687 3170 majoribus
711 3095 849 3170 enim
877 3089 1160 3170 ditecéseon
1177 3090 1492 3170 primatibus
1513 3089 1674 3170 magis
1691 3089 1996 3170 cpia-quam

403 3157 916 3234 de'metmpolitanis
961 3157 1340 3232 provinciarum
1380 3157 1658 3231 episwpis.
1702 3157 1767 3212 At
1798 3157 1995 3234 dehis,

401 3237 544 3303 iniit,
574 3233 856 3293 ordinariis
897 3234 1313 3304 melropolitanis
1340 3235 1722 3304 provinciarum
1743 3233 1998 3302 episcopis

401 3327 569 3366 sermo
590 3317 667 3362 est
688 3310 740 3362 in
759 3323 956 3362 canone
980 3307 1036 3374 4,
1065 3303 1258 3376 quiest
1287 3303 1351 3357 de
1379 3303 1708 3376 ordinatione
1730 3305 2001 3376 episcopo-

404 3380 760 3438 rum.Verum
790 3393 968 3448 neque
999 3375 1103 3448 isle
1124 3391 1298 3448 canon
1330 3375 1363 3430 4
1384 3375 1548 3448 etiam
1577 3390 1642 3428 ex
1673 3375 2002 3448 collectione

405 3468 566 3524 quam
613 3443 892 3524 canonum'
922 3447 1148 3504 ecclesia:
1205 3447 1357 3502 Rom.
1408 3443 1660 3524 (_Iodicein
1701 3445 1998 3524 inscripsit,

403 3515 558 3596 uerba
579 3539 738 3596 prope
759 3521 960 3596 eadem,
999 3531 1158 3587 atque
1177 3533 1254 3596 eu
1274 3532 1394 3587 qua:
1423 3516 1735 3596 Buttifacius
1768 3515 1855 3596 |_iic
1884 3517 2001 3568 lau-

410 3595 526 3657 dat,
570 3587 812 3650 éxltiliet.
847 3593 923 3649 Ita
953 3606 1148 3659 nempe
1176 3589 1292 3644 illic
1309 3588 1657 3643 enuntiatur:
1685 3587 2001 3658 Episcopum

409 3675 606 3740 oportet
639 3667 862 3740 maxime
911 3663 1118 3740 quidem
1150 3661 1212 3714 ab
1247 3659 1491 3740 omnibus.
1524 3660 1616 3729 qui
1643 3659 1860 3740 “suntin
1886 3674 2008 3728 pro-

411 3729 579 3794 uincia
617 3729 944 3792 ordinari“...
996 3733 1240 3787 Potestas
1265 3748 1389 3785 sane
1414 3729 1491 3784 vel
1528 3730 1856 3793 conﬁrmatio
1888 3745 2005 3798 per-

414 3809 594 3864 tinebit
621 3825 715 3878 per
739 3805 986 3878 singulas,
1004 3805 1297 3878 provincias
1324 3801 1392 3855 ad
1421 3799 1898 3878 metropolitunum:
1925 3798 2006 3878 Ad

415 3897 520 3938 nos
542 3869 688 3950 quod
719 3869 939 3947 attinet,
976 3869 1108 3932 licet
1141 3869 1642 3951 huuecanonetnd
1673 3891 1700 3924 ει
1733 3869 2010 3951 Bonifacio

418 3944 700 4010 laudatum
726 3965 832 4004 non
867 3944 1144 4018 negemus,
1167 3944 1304 4001 nihil
1331 3955 1506 4018 tamen
1553 3953 1741 4018 vetare
1782 3944 2012 4018 arbitra—

420 4038 546 4081 mur
566 4026 853 4093 quominus
880 4013 1020 4075 idém
1047 4033 1182 4093 papa
1215 4017 1516 4086 respexerit
1537 4015 1699 4093 simul
1722 4023 1776 4068 et
1798 4013 1865 4093 id
1892 4028 2011 4068 eam

419 4084 646 4151 canonis
674 4097 707 4144 ϐ
734 4103 968 4163 partem,
993 4084 1131 4163 quas?
1149 4091 1202 4142 in
1231 4084 1548 4163 pervetusto
1575 4085 1774 4163 (Pudng
1798 4084 2011 4163 Fossat.

420 4181 566 4225 nunc
588 4157 860 4220 Culbfsub
883 4165 986 4217 hoc
1012 4157 1193 4226 titulo,
1222 4157 1296 4214 De
1317 4157 1634 4226 infirmanda
1660 4157 2010 4226 ordinatione,

423 4255 541 4312 qua:
557 4238 671 4312 sine
681 4251 933 4290 consensu
946 4225 1333 4312 metropolitaui
1346 4225 1425 4296 fit,
1449 4232 1518 4283 ita
1536 4230 1889 4312 espriiitittir:
1915 4225 2018 4312 Per

427 4299 601 4365 omnia
621 4317 794 4362 autem
833 4299 1167 4374 manifestum
1194 4311 1268 4356 est
1297 4302 1412 4365 hoc,
1440 4302 1581 4374 quod
1616 4299 1803 4374 siquis
1830 4307 2019 4374 prieter

425 4383 744 4436 voluntatem
759 4367 1139 4450 metropolitani
1157 4373 1388 4450 episcOpi
1401 4367 1554 4450 fuerit
1577 4367 1868 4450 ordinatus,
1884 4367 2022 4422 hunc

427 4453 608 4508 statuit
630 4451 742 4505 lucc
778 4442 957 4504 saucia
975 4442 1204 4519 synodus
1227 4461 1329 4519 non
1355 4442 1533 4519 debere
1567 4458 1678 4519 esse
1689 4442 2018 4519 episcopum.

431 4523 491 4580 ltt
530 4524 628 4578 illo
651 4526 812 4576 etiam
843 4513 1064 4585 Codice,
1094 4532 1254 4588 quem
1278 4514 1600 4583 Quesnellus
1616 4513 2019 4588 edidi_t,eadem

2162 1992 2246 2036 tur
2284 1983 2511 2055 negotia,
2561 1983 2630 2036 ad
2676 1982 2951 2038 Thessalos
3002 1983 3290 2054 scripserit,
3334 1993 3380 2038 et
3413 1983 3539 2052 quid
3589 1983 3690 2054 ipsi

2163 2077 2422 2148 agendum
2447 2087 2617 2131 restet.

2327 2167 2697 2223 Dilectissimo
2727 2167 2884 2224 fratri
2922 2167 3073 2224 Raro
3110 2166 3453 2223 Bomracrus.

2162 2261 2213 2314 l.
2256 2259 2426 2316 Retro
2455 2261 2760 2330 majoribus
2785 2263 2892 2316 tuis
2913 2275 3079 2331 super
3107 2259 3408 2331 provinciis
3435 2259 3697 2331 apostoli-

2093 2389 2200 2446 que
2229 2375 2350 2430 loco
2378 2375 2704 2431 subauditur
2733 2377 2934 2432 debere.
2961 2376 3094 2430 Nam
3152 2376 3545 2443 Alexandrino,
3579 2376 3694 2432 An-

2097 2446 2376 2514 tiocheno,
2394 2447 2876 2504 Tltessilonicensi
2908 2447 3112 2504 aliisve
3135 2449 3413 2504 nonnullis
3434 2449 3698 2504 antistiti—

2095 2517 2196 2574 bus
2227 2519 2411 2586 plures
2441 2520 2733 2588 provincia:
2758 2527 2888 2574 tunc
2910 2529 3066 2574 erant
3095 2522 3382 2587 sttbjectre,
3409 2531 3459 2574 et
3483 2536 3550 2575 ex
3571 2534 3698 2574 sen-

2096 2589 2264 2644 tentia
2287 2590 2586 2661 Innocentii
2605 2592 2718 2661 (qui
2749 2592 2913 2660 epist.
2937 2589 3028 2655 24,
3056 2607 3111 2644 ιι.
3131 2591 3186 2656 2,
3212 2593 3487 2654 rescribit,
3508 2590 3698 2646 divisis
3785 2608 3794 2616 ο

2099 2661 2365 2730 imperiali
2393 2660 2600 2730 judicio
2649 2660 2951 2730 provinciis
2999 2663 3332 2730 metropoles
3362 2664 3414 2717 in
3464 2663 3694 2717 ecclesia

2100 2747 2440 2801 nequaquam
2497 2732 2998 2805 dividetulas,_nec
3051 2749 3336 2805 numerum
3384 2733 3692 2805 augendum

2095 2817 2220 2858 esse
2251 2803 2822 2874 metropolitanorum)
2868 2804 3044 2873 liquet
3070 2803 3189 2860 lieri
3220 2803 3483 2874 patuisse,
3512 2813 3570 2859 ut
3603 2804 3699 2860 uni

2100 2874 2524 2942 metrOpolitano
2579 2874 2956 2930 ecclesiastico
2985 2875 3106 2929 dua:
3162 2875 3454 2944 provincia:
3504 2874 3697 2932 civiles

2100 2945 2524 3013 subjicerentur.
2556 2945 2744 3015 Longe
2773 2947 2952 3000 minus
2983 2947 3163 3014 placet
3189 2947 3316 3001 illud
3367 2948 3565 3002 vetusti
3591 2961 3696 3002 ms.

2099 3015 2278 3090 _Colb.,
2311 3033 2418 3090 esse
2451 3034 2596 3084 posse
2615 3018 2762 3090 sedes
2793 3017 3069 3090 subjectus.
3119 3017 3235 3073 Non
3263 3019 3408 3074 enim
3439 3019 3507 3073 de
3547 3016 3693 3072 sedt-

2101 3087 2224 3152 bus,
2253 3089 2347 3141 sed
2375 3089 2442 3142 de
2475 3089 2765 3157 provinciis
2799 3087 3079 3143 liic'sermo
3106 3099 3211 3144 est.

2185 3169 2205 3197 ο
2247 3158 2396 3214 Unus
2427 3176 2456 3213 e
2489 3174 2619 3214 mss.
2656 3159 2835 3222 Colb.,
2868 3160 3100 3214 inclusit.
3133 3161 3254 3216 Mox
3310 3160 3524 3216 Merlin.
3559 3159 3693 3215 utin

2027 3204 2074 3269 Ο
2107 3245 2240 3285 mss.
2272 3229 2426 3284 Isid.:
2455 3204 2969 3298 communias;'editi
3002 3247 3132 3286 vero
3159 3234 3246 3286 alii
3273 3249 3396 3288 cum
3422 3232 3693 3301 exemplis

2101 3303 2229 3356 coll.
2294 3301 2459 3355 Hadr.
2514 3304 2858 3357 communitus
2890 3303 2977 3357 vel
3037 3305 3361 3359 communius
3395 3321 3409 3357 :
3439 3304 3529 3358 ubi
3576 3317 3702 3358 cum

2104 3373 2262 3428 Dion.
2289 3373 2527 3444 aliisque
2575 3374 2878 3443 potioribus
2910 3388 3042 3429 mss.
3080 3377 3419 3432 restituitnus
3473 3389 3697 3429 commo-

2104 3445 2262 3498 nitus.

2177 3511 2203 3551 ἀ
2240 3513 2388 3570 Unus
2420 3515 2596 3571 codex
2625 3516 2894 3582 Harlmus,
2925 3519 3183 3573 secundis
3220 3520 3392 3586 curis,
3427 3517 3698 3585 debueras,

2109 3587 2324 3641 favente
2353 3587 2527 3655 Regio
2580 3603 2788 3660 meram
2822 3589 3061 3660 Dionysii
3113 3590 3493 3645 collectionem
3524 3589 3704 3645 couti-

2108 3669 2293 3722 nettte,
2327 3660 2376 3711 in
2402 3673 2510 3724 quo
2537 3666 2718 3712 exstat
2744 3658 2972 3712 deberes.

2185 3739 2207 3764 ε
2240 3727 2402 3783 Crab.
2440 3730 2528 3782 hic
2555 3728 2764 3783 addidit
2795 3745 2925 3793 sure,
2958 3747 3020 3785 ac
3044 3732 3304 3800 deinceps
3328 3741 3598 3786 retentum
3621 3741 3707 3788 est

2112 3799 2216 3854 hoc
2239 3801 2588 3867 vocabulum,
2615 3801 2758 3868 quod
2783 3817 2812 3852 a
2847 3803 3003 3856 uion.
3050 3802 3214 3856 Iladr.
3249 3799 3428 3870 atque
3460 3802 3583 3856 aliis
3612 3818 3709 3871 po-

2112 3871 2346 3996 ;iuribus
2377 3885 2508 3926 mss.
2533 3872 2708 3928 abest.
2744 3871 2906 3926 Certe
2930 3882 3050 3941 tum,
3088 3888 3196 3928 non
3225 3890 3354 3941 ante,
3390 3873 3700 3930 addendum

2138 3952 2325 3996 uisset.

2138 3944 2325 3998 uisset.

2192 4013 2212 4052 ί
2248 4013 2305 4068 In
2365 4013 2499 4070 edit.
2551 4014 2708 4070 Rom.
2758 4023 2817 4070 ut
2865 4015 2917 4070 in
2973 4032 3076 4071 ms.
3135 4015 3280 4072 Pitlt.
3331 4016 3420 4072 Itic
3458 4016 3709 4084 adjicitur

2116 4086 2179 4162 ab
2207 4087 2287 4140 Itis
2312 4103 2330 4140 :
2361 4103 2590 4162 (ιιιιιριιιι
2623 4087 2743 4141 loco
2771 4087 3203 4143 subaudiendum
3232 4089 3520 4144 secundum
3550 4105 3702 4162 regu-

2120 4158 2199 4210 las
2221 4169 2446 4224 patrum.
2478 4157 2680 4213 Eadem
2732 4173 2837 4212 vox
2867 4170 3093 4226 patrum.
3144 4175 3327 4229 supra,
3386 4175 3508 4214 cunt
3535 4163 3587 4214 in
3609 4157 3704 4216 'ltis

2119 4245 2297 4283 eorum
2319 4230 2584 4292 terminos,
2611 4240 2723 4284 tum
2756 4229 2813 4284 in
2845 4230 2961 4285 istis
2998 4233 3051 4285 in
3080 4231 3290 4286 illorum
3317 4231 3704 4298 contumeliam,

2123 4304 2326 4371 pariter
2346 4299 2683 4354 subauditur.

2198 4381 2222 4418 ις
2256 4371 2420 4427 Vetus
2463 4372 2636 4427 codex
2685 4371 2844 4429 Colb.
2894 4389 2957 4428 ac
2988 4373 3158 4443 Pith.,
3212 4391 3466 4429 canonum
3515 4375 3714 4430 cautius

2128 4452 2383 4516 pt'wcepla
2402 4459 2627 4516 servare.
2657 4443 2793 4499 Tum
2823 4445 3089 4515 nonnulli,
3117 4445 3212 4502 sed
3235 4463 3340 4500 non
3371 4447 3634 4516 potiores.
3660 4457 3716 4501 ut

2124 4515 2247 4568 ista.
2278 4513 2480 4570 Deinde
2509 4513 2674 4583 Pilh.,
2705 4517 2895 4584 censio,
2925 4518 3044 4571 loco
3078 4513 3240 4573 'vocis
3271 4513 3590 4572 constitutio.
3616 4517 3710 4572 Ni-

433 4605 518 4652 est
549 4593 772 4649 canonis
800 4591 834 4648 6
865 4594 917 4644 in
950 4584 1085 4645 duOs
1113 4584 1398 4643 distinctio
1419 4628 1434 4649 ,
1477 4596 1636 4656 atque
1665 4584 1860 4640 iisdem
1880 4599 2029 4658 _ver-
2053 4589 2106 4650 D
2132 4602 2298 4640 cauta)
2313 4587 2506 4657 synodi
2533 4600 2794 4642 canonem
2817 4589 2995 4658 4,quo
3008 4605 3325 4658 eorum.qua:
3344 4590 3397 4642 in
3417 4605 3722 4658 unaquaque

435 4666 524 4722 bis
567 4675 836 4735 postrema
882 4663 999 4732 ejus
1050 4675 1175 4735 pars
1216 4658 1455 4715 effertur.
1487 4655 1651 4712 Certe
1701 4673 1819 4710 Vll‘t)
1861 4655 2025 4710 docto

2129 4658 2395 4728 provincia
2417 4658 2580 4726 ﬁunt,
2610 4659 3052 4728 conﬁrmationem
3099 4676 3130 4709 a
3176 4659 3574 4728 metropolitano
3598 4659 3712 4728 ﬁeri

437 4727 584 4807 aegre
612 4727 1075 4807 concesserinuts,
1125 4733 1223 4785 Itac
1255 4740 1524 4807 postrema
1559 4743 1710 4797 parte
1749 4742 1908 4807 uuam
1941 4742 2028 4780 se-
2130 4729 2463 4807 prteciuitnr,
2500 4727 2808 4784 Bonifacius
2835 4728 2920 4783 hic
2945 4745 3052 4783 non
3093 4727 3725 4785 obscure’comtnendat

441 4801 626 4878 di'unt,
679 4822 816 4878 quas
866 4804 1096 4878 subinde
1141 4801 1534 4878 patriarchules
1579 4806 1878 4863 vocarunt,
1917 4812 2024 4878 nun

443 4871 761 4937 caeterarum
813 4871 1185 4943 metropuleon
1232 4871 1508 4943 praescribi
1553 4881 1925 4943 potestatem._
1953 4871 2027 4924 De

443 4949 798 5019 intelligentia
831 4939 1010 5002 autem
1042 4945 1188 5000 verbi
1221 4939 1580 5019 prapriehazc
1600 4939 2022 5019 nostrucoujec-

443 5031 568 5079 tura
590 5012 692 5087 est,
711 5019 988 5076 Zosimum
1010 5031 1113 5073 non
1147 5012 1362 5085 prepria
1384 5012 1582 5068 Nicaani
1614 5013 1832 5087 concilii
1863 5017 2025 5087 verba

447 5094 539 5151 hic
565 5081 776 5165 referte
804 5092 1072 5165 voluisse,
1112 5081 1216 5165 sed
1238 5081 1398 5142 verba
1421 5127 1435 5148 ,
1454 5102 1587 5165 _qum
1615 5085 1754 5139 forte
1783 5081 2027 5165 inLntu-

451 5165 701 5222 bensiuin
746 5161 928 5219 libello
956 5176 988 5216 e
1013 5157 1248 5236 Nicaeuis
1275 5157 1911 5236 canonibussummatim
1939 5167 2034 5236 ex-

454 5252 640 5309 pressa
688 5245 872 5309 erant,
915 5233 1235 5309 repetiisse,
1283 5244 1348 5284 ac
1376 5228 1524 5309 velut
1553 5226 1654 5308 sibi
1686 5223 2034 5309 propr‘ia‘de-

450 5295 713 5366 clarasse.
745 5295 868 5375 Qua
884 5295 1093 5375 ratione
1114 5295 1469 5375 Zosimtts,_ut
1489 5301 1539 5375 iu
1570 5295 1804 5375 epistola
1824 5297 1888 5351 2i
1915 5295 2042 5375 (2m:

455 5379 672 5446 IeStini,
708 5366 884 5446 n7“,
919 5374 1083 5446 visuri
1124 5387 1311 5446 sumus
1331 5413 1346 5437 ,
1376 5366 1822 5446 qa_rtl_isgittetisis
1849 5366 2046 5446 synodi

457 5440 677 5507 decreta
708 5440 984 5518 adoptavit
1009 5445 1093 5518 his
1122 5444 1302 5518 verbis
1333 5462 1347 5497 :
1385 5440 1533 5496 Illud
1554 5440 1722 5518 etiam
1745 5441 1884 5513 quod
1908 5441 2051 5518 intra

459 5511 882 5592 Carthaginensis
927 5517 1115 5590 synodi
1155 5515 1735 5592 decretaeoustitutum
1758 5511 1867 5581 est,
1899 5511 2053 5581 quasi

458 5585 727 5654 moratust
756 5585 1058 5662 apostolica:
1083 5587 1218 5662 sedis
1248 5585 1628 5662 amplectimur.

536 5665 564 5705 δ
591 5667 649 5724 In
679 5657 810 5722 edit.
839 5663 999 5720 Rom.
1025 5661 1257 5730 aliisque
1287 5657 1715 5730 antiquioribus,
1741 5664 1800 5730 ut
1830 5657 1884 5712 in
1917 5669 2050 5730 mss.

1623 5727 1778 5798 Quod
1827 5726 2053 5783 verbum

459 5737 596 5796 coll.
628 5737 785 5803 Hisp.
809 5742 867 5790 et
885 5733 1011 5791 Isid.
1042 5731 1132 5788 hic
1155 5729 1375 5787 additur
1407 5745 1576 5803 posse.

2126 4812 2190 4854 ac
2221 4801 2419 4853 ltrmat.

2205 4868 2234 4905 ιι
2265 4870 2320 4925 In
2373 4881 2559 4928 vetere
2620 4886 2726 4927 ms.
2783 4871 2967 4936 Colb.,
3022 4886 3072 4924 vt
3134 4869 3255 4925 idus
3303 4869 3464 4928 Febr.
3523 4874 3731 4931 Deinde

2128 4939 2246 5013 htec
2286 4943 2448 4997 verba
2477 4944 2724 5013 ldominis
2774 4943 2987 5008 nostris,
3043 4957 3165 5012 qua:
3211 4942 3264 4998 in
3316 4960 3415 4997 tus.
3453 4945 3598 5003 Pith.
3624 4945 3724 5002 de-

2130 5011 2486 5136 ﬁdﬁrautur,’
2523 5015 2575 5068 in
2621 5016 2838 5070 caeteris
2883 5011 3270 5085 exprimuntur
3313 5017 3399 5071 his
3433 5021 3577 5074 notis
3601 5015 3726 5071 DD.

2218 5153 2232 5191 ί
2271 5153 2339 5208 Ει
2360 5153 2480 5212 haec
2507 5155 2763 5229 epistola,
2794 5172 2914 5229 quae
2943 5167 2998 5214 et
3021 5161 3503 5217 commonitorium
3537 5161 3733 5216 merito

2141 5237 2391 5294 vocetur,
2421 5227 2780 5306 cutn_duabus
2803 5227 3260 5306 subsequentibus
3286 5234 3338 5286 in
3363 5234 3594 5306 concilio
3618 5232 3732 5306 Bo-

2144 5312 2328 5372 matto,
2355 5300 2495 5367 quod
2535 5297 2700 5372 luncas
2727 5301 2994 5358 Holsteuii
3016 5318 3180 5371 Opera
3216 5306 3267 5359 in
3300 5297 3478 5359 Incen't'
3505 5303 3732 5372 prodiit,

2146 5368 2373 5442 recitata
2401 5382 2508 5424 est.
2533 5370 2659 5428 'I‘ria
2684 5373 2772 5428 illa
2796 5373 2994 5442 scripta
3013 5368 3155 5430 idem
3175 5377 3407 5431 Severus
3425 5368 3738 5442 apostolica:

2150 5439 2572 5516 s_edis_nota_rius
2594 5445 2756 5501 simul
2800 5446 2855 5500 in
2886 5439 3162 5516 Illyricum
3189 5447 3405 5502 detulit.
3436 5439 3593 5503 Unde
3615 5459 3740 5500 ctttn

2158 5511 2412 5585 Nicolaus
2436 5512 2455 5568 I
2479 5514 2768 5584 epistolam
2788 5557 2802 5579 ,
2832 5511 3158 5584 quae'media
3179 5526 3283 5582 est,
3312 5518 3511 5585 saepius
3537 5516 3742 5584 laudat,

2161 5583 2470 5658 etiamualiis
2500 5585 2709 5658 duabus
2726 5583 2913 5658 adjicit
2927 5588 3327 5644 auctoritatem.
3360 5583 3633 5646 P'rteterea
3658 5583 3747 5654 iis,

2161 5671 2283 5726 quae
2307 5655 2376 5712 de
2407 5657 2673 5728 Perigene
2700 5660 2752 5714 iit
2795 5655 2912 5729 illis
2959 5659 3160 5714 litteris
3210 5658 3500 5729 habentur,
3530 5675 3760 5718 consen-

2163 5735 2382 5805 tanenm
2426 5737 2522 5805 _est
2545 5729 2792 5786 Socratis
2816 5728 2914 5786 lib.
2945 5743 3040 5796 vn,
3064 5744 3114 5785 c.
3147 5730 3240 5799 56,
3291 5732 3358 5788 de
3385 5730 3495 5789 hoc
3524 5731 3762 5805 praesule

451 5810 674 5872 tectius
703 5798 860 5865 abest
880 5807 949 5864 ab
995 5798 1418 5875 exemplaribus
1444 5803 1603 5860 Dion.
1641 5809 1702 5858 et
1727 5798 1896 5855 Iladr.
1920 5798 2059 5870 ejus-
2167 5799 2556 5854 testimonium.
