4190 6190
327 5885 406 5968 ἵν,

352 310 458 367 777

1516 307 1882 371 EPISTOLAE
1921 308 2013 370 ET
2043 309 2403 371 'DECRETA.

3563 322 3668 379 778

353 411 565 470 natum,
601 400 656 457 in
684 405 860 459 totum
907 397 1200 458 sacerdotii
1247 414 1540 460 censemus
1586 404 1795 462 honore
1838 405 1952 475 pri-
1977 412 2031 471 Α
2055 405 2312 461 sticarum
2346 402 2555 460 sanctio
2580 403 2894 475 regularum
2937 404 3162 476 majoris
3209 418 3333 466 esse
3372 421 3484 467 non
3522 409 3677 468 dedit

356 500 612 553 vandum.

423 589 479 646 5.
522 589 654 646 Tute
698 588 984 644 eharitatis
1015 596 1101 645 est
1142 588 1406 646 Severum
1439 590 1759 660 apostolica;
1807 589 1955 646 sedis

353 683 654 750 notarium,
689 682 891 736 animis
925 682 1367 752 acceptissimum
1399 682 1628 748 nostris,
1664 681 1732 737 de
1769 691 1960 736 nostro

353 775 586 848 proprio
611 775 780 830 latere
806 783 831 812 ³
861 773 1222 842 destinatum,
1245 775 1485 844 peractis
1513 775 1790 839 omnibus,
1845 783 1955 829 tota

348 869 636 926 celeritate
672 869 987 935 dimittere;
1032 877 1095 924 ut
1124 877 1403 940 gestarum
1447 868 1699 924 ordinem
1745 882 1956 934 rerum,

352 963 548 1020 eodem
587 960 838 1018 festinius
869 969 1205 1031 revertente,
1239 976 1556 1018 noscamus.
1600 962 1735 1016 Data
1776 976 1808 1015 v
1838 961 1980 1037 idus,

353 1053 577 1111 Martias
612 1053 824 1126 (Martii
853 1055 888 1109 5
913 1071 1039 1110 ann.
1089 1053 1253 1125 422),
1304 1054 1549 1110 Honorio
1579 1069 1676 1110 xm
1703 1061 1761 1110 et
1780 1052 1962 1110 Theo-

352 1148 508 1205 dosio
530 1163 562 1202 x
595 1147 856 1220 Augustis
877 1148 1222 1204 consulibus.

877 1240 1216 1297 EPISTOLA
1243 1240 1364 1297 XIV
1394 1241 1446 1297 δ.

355 1331 605 1389 Concessa
635 1332 775 1403 Rufo
806 1342 1052 1404 potestas,
1085 1350 1240 1404 quam
1273 1333 1513 1388 nonnulli
1548 1333 1960 1400 contemnebant,

424 1433 618 1481 asserta
660 1426 882 1494 primunt
906 1426 1206 1493 apostolica?
1229 1427 1365 1480 sedis
1400 1428 1729 1492 auctoritate,
1775 1426 1964 1494 confir-

425 1527 617 1573 matur.
655 1590 657 1592 _

352 1611 741 1669 Dilectissimis
771 1609 1033 1666 fratribus
1059 1611 1332 1668 universis
1361 1602 1636 1683 episcopis
1668 1627 1766 1684 per
1793 1613 1961 1669 Thes-

425 1706 618 1763 saliam
648 1705 960 1760 constitutis
987 1704 1332 1762 Bomrscnus.

2057 497 2366 567 potestatis.
2422 497 2699 568 Leguntur
2721 499 2924 554 etenim
2957 509 3232 570 praecepta
3279 503 3544 575 majorum
3573 523 3588 569 ;
3621 515 3680 562 et

2057 591 2256 659 quibus
2287 589 2340 644 in
2371 589 2646 646 Ecclesias
2669 590 2812 659 juris
2833 591 3034 662 aliquid
3059 591 3312 650 dederint
3341 596 3673 654 invenimus.

2059 679 2177 734 Jam
2212 689 2507 752 temerator
2535 690 2620 737 est
2649 672 3038 739 ecclesiastica!
3067 685 3396 756 disciplinm,
3426 688 3676 758 quisquis

2061 773 2116 828 in
2148 772 2266 843 ejus
2300 773 2468 849 leges,
2496 788 2620 830 cum
2649 773 2753 830 sibi
2787 775 2923 830 nihil
2953 777 3242 845 debeatur,
3265 783 3483 852 irrepit,
3515 799 3577 838 ea
3602 786 3678 840 si-

2062 865 2235 921 bimet
2282 866 2630 934 vindicando,
2659 883 2782 938 qua:
2831 869 2933 924 sibi
2983 885 3014 925 a
3064 873 3307 942 patribus
3353 885 3545 947 negata
3599 879 3678 933 vi-

2061 959 2316 1016 deautur.

2135 1053 2189 1108 5.
2232 1053 2482 1124 Accipite
2515 1071 2648 1127 ergo
2699 1057 3134 1115 admonitionem
3185 1071 3240 1116 et
3274 1065 3680 1134 correptionem

2063 1153 2332 1212 nostram,
2353 1161 2418 1201 ex
2439 1148 2637 1216 quibus
2655 1165 2815 1204 unam
2844 1149 2864 1188 τ
2891 1152 3256 1222 pontificibus,
3277 1156 3505 1212 alteram
3522 1159 3688 1214 dissi-

2065 1235 2325 1292 dentibus
2357 1239 2700 1298 exhibemus.
2730 1241 2865 1298 Nam
2901 1244 3022 1300 ideo
3056 1247 3129 1300 ait
3155 1246 3493 1316 Apostolus:
3544 1252 3683 1316 Quid

2066 1330 2244 1399 rultis,
2273 1334 2324 1385 in
2349 1333 2493 1406 uirga
2522 1337 2722 1389 veniant
2753 1339 2822 1390 ad
2854 1353 2961 1405 vos,
2983 1356 3048 1393 an
3079 1343 3130 1394 in
3159 1342 3409 1397 cltaritatc
3429 1355 3476 1398 et
3507 1347 3560 1398 in
3580 1347 3689 1416 spi-

2067 1427 2172 1478 ritu
2197 1427 2606 1482 mansuetudinis
2634 1429 2689 1499 (l
2720 1429 2841 1484 Cor.
2870 1447 2944 1499 tv,
2980 1431 3082 1504 21)
3105 1433 3129 1486 ?
3155 1433 3320 1490 Scitis
3348 1440 3493 1492 enim
3524 1439 3689 1495 beato

2068 1517 2230 1573 Petro
2259 1528 2550 1590 utrumque
2596 1523 2880 1591 possibile,
2929 1525 2979 1579 id
3022 1534 3108 1582 est
3161 1526 3217 1581 in
3266 1531 3687 1589 mansuetudine

2069 1610 2252 1673 mites.
2280 1611 2332 1665 in
2359 1611 2509 1683 virga
2541 1615 2811 1683 superbos
2842 1632 3092 1687 arguere.

2143 1706 2198 1758 4.
2241 1705 2383 1774 Ergo
2413 1716 2629 1763 servate
2654 1707 2916 1765 honorem
2940 1711 3182 1767 debitum
3206 1715 3369 1786 capiti
3397 1734 3410 1771 :
3434 1718 3557 1787 quia
3591 1734 3690 1775 no-

429 1798 482 1852 1.
523 1796 798 1857 Institutio
860 1797 1193 1852 universalis
1254 1797 1528 1854 nascentis
1587 1797 1848 1854 Ecclesia:
1899 1798 1968 1855 de
1996 1833 2046 1893 Β
2072 1789 2250 1852 Iunius
2279 1809 2338 1853 ut
2366 1799 2513 1854 intra
2539 1814 2598 1856 se
2626 1804 2870 1858 membra
2903 1806 3208 1873 decertent,
3237 1808 3311 1864 ita
3341 1818 3402 1864 ut
3426 1811 3688 1869 tendatur

353 1890 499 1946 beati
535 1889 683 1946 Petri
714 1889 948 1959 sumpsit
974 1890 1182 1947 honore
1209 1890 1559 1962 principium,
1605 1891 1657 1945 in
1689 1907 1797 1960 quo
1827 1892 1967 1961 regi-

354 1999 481 2042 men
513 1984 630 2054 ejus
659 1993 716 2039 et
744 1999 956 2038 summa
1005 1983 1277 2039 consistit.
1329 1985 1408 2039 Ex
1447 1984 1569 2054 ejus
1603 1983 1746 2039 enim
1794 1984 1971 2040 eccle-

356 2077 576 2134 siastica
606 2076 895 2146 disciplina
947 2092 1046 2147 per
1091 2092 1282 2133 omnes
1337 2077 1636 2142 Ecclesias,
1691 2077 1970 2146 religionis

355 2171 466 2241 jam
504 2179 786 2226 crescente
816 2170 1028 2226 cultura
1055 2212 1068 2235 ,
1111 2170 1262 2226 fonte
1287 2172 1547 2226 manavit.
1581 2171 1818 2226 Nicrenre
1845 2186 1974 2243 syn-

360 2266 451 2323 odi
481 2281 587 2321 non
619 2265 764 2320 aliud
797 2275 1068 2338 praecepta
1099 2275 1399 2322 testantur:
1431 2267 1567 2322 adeo
1599 2275 1661 2320 ut
1684 2264 1843 2338 (σιω
1874 2264 1973 2319 Ni-

363 2360 544 2415 cotaus
581 2359 784 2429 lepist.
827 2360 901 2414 al.
951 2359 1046 2432 42)
1076 2376 1181 2415 non
1225 2361 1428 2430 aliquid
1473 2376 1638 2431 super
1674 2376 1799 2416 eum
1841 2375 1973 2415 ausa

363 2453 442 2508 sit
486 2464 507 2491 ο
540 2453 896 2520 constituere,
928 2467 1052 2508 cum
1081 2453 1289 2509 videret
1341 2453 1473 2509 nihil
1507 2469 1669 2525 supra
1719 2455 1973 2510 meritum

365 2557 526 2599 suum
559 2557 718 2614 posse
763 2542 1006 2599 conferri
1038 2561 1050 2596 :
1084 2545 1266 2598 omnia
1298 2543 1536 2614 denique
1580 2543 1710 2598 huic
1750 2551 1979 2599 noverat

369 2637 584 2694 Domini
611 2652 868 2694 sermone
897 2653 1181 2695 concessa.
1220 2639 1372 2694 Hauc
1401 2653 1532 2708 ergo
1561 2637 1819 2694 Ecclesiis
1863 2648 1978 2693 toto

369 2730 501 2786 orbe
531 2729 742 2786 diffusis
793 2730 945 2786 velut
993 2740 1158 2801 caput
1204 2744 1428 2785 suorum
1477 2740 1691 2799 certum
1725 2738 1811 2785 est
1855 2744 1980 2785 esse

371 2824 740 2881 membrorum
767 2842 781 2879 :
815 2839 847 2880 a
873 2840 978 2895 qua
1005 2840 1065 2880 se
1086 2825 1331 2896 quisquis
1363 2826 1614 2892 abscidit,
1650 2824 1710 2880 fit
1728 2825 1981 2881 christia-

371 2933 458 2973 nat
486 2917 767 2988 religionis
795 2919 1054 2982 extorris,
1103 2933 1226 2973 cum
1261 2919 1314 2974 in
1362 2917 1552 2974 eadem
1595 2934 1706 2974 non
1754 2920 1986 2988 coeperit

373 3024 497 3066 esse
526 3025 808 3082 compage.
987 3015 989 3017 ’

447 3103 500 3157 ‘2.
544 3102 725 3158 Audio
765 3103 1146 3175 episcoporum
1180 3104 1469 3174 quosdam,
1511 3104 1817 3174 apostolico
1862 3103 1986 3174 jure

2073 1903 2265 1944 eorum
2295 1889 2361 1944 ad
2395 1906 2495 1947 nos
2527 1907 2697 1963 usque
2740 1905 3021 1952 certamen
3048 1915 3062 1963 ;
3095 1899 3224 1954 dum
3255 1899 3478 1958 fratrem
3510 1915 3566 1960 et
3595 1920 3691 1962 co-

2073 1980 2387 2050 episcopum
2421 1992 2669 2038 nostrum
2702 1984 2904 2042 Rufum
2955 1989 3178 2058 dignum
3219 1993 3419 2049 ducitis
3445 2007 3693 2053 contem-

2073 2080 2168 2142 ptu
2194 2090 2204 2125 :
2230 2073 2314 2127 cui
2342 2074 2474 2128 nihil
2506 2090 2707 2131 novum
2741 2080 3038 2135 auctoritas
3069 2091 3252 2138 nostra
3299 2089 3571 2151 concedit,
3606 2105 3693 2144 se-

2074 2180 2247 2236 quens
2277 2167 2517 2234 priorum
2548 2178 2573 2216 8
2599 2170 2852 2239 gratiam,
2885 2187 2988 2242 qua
3019 2173 3144 2228 huic
3173 2190 3304 2230 cura
3334 2180 3693 2236 ecclesiarum

2077 2271 2222 2328 saepe
2250 2258 2464 2313 videtur
2493 2259 2755 2329 iujuncta.
2785 2262 2941 2328 Quod
2975 2263 3172 2320 factum
3207 2266 3279 2321 ita
3313 2267 3693 2328 intemeratum

2077 2352 2288 2407 servari
2315 2353 2570 2410 volumus
2597 2355 2650 2409 in
2699 2355 2967 2422 futurum,
2999 2358 3142 2414 sicut
3183 2375 3213 2414 a
3243 2363 3493 2430 patribus
3537 2365 3696 2436 hujus

2078 2447 2456 2517 dispositionis
2488 2447 2661 2503 forma
2690 2460 2907 2506 servata
2935 2463 3038 2508 est.
3071 2452 3185 2508 Non
3217 2456 3379 2510 decet
3400 2455 3596 2513 fratres
3621 2461 3701 2514 al-

2081 2540 2251 2595 terius
2287 2539 2552 2609 dignitate
2599 2542 2861 2597 morderi.
2897 2543 3061 2598 Certe
3091 2544 3138 2599 si
3189 2547 3238 2598 in
3276 2562 3545 2618 quoquam
3579 2550 3697 2620 ejus

2081 2649 2243 2703 Supra
2275 2633 2517 2688 debitum
2549 2634 2648 2689 fuit
2679 2637 2793 2690 visa
2836 2638 3134 2705 correptio,
3169 2641 3425 2707 quoniam
3460 2642 3582 2698 ideo
3617 2652 3697 2698 te-

2081 2736 2178 2781 net
2206 2724 2364 2780 sedes
2394 2727 2694 2794 apostolica
2732 2728 3119 2799 principatum,
3169 2739 3228 2785 ut
3273 2733 3526 2801 querelas
3572 2752 3694 2791 om-

2083 2820 2233 2876 nium
2262 2820 2290 2858 ιι
2319 2821 2547 2876 licentes
2571 2828 2816 2890 acceptet
2842 2837 2858 2886 ;
2889 2821 3228 2891 interpellari
3262 2839 3361 2878 nos
3391 2841 3557 2896 super
3594 2828 3698 2884 hoc

2085 2915 2251 2970 missa
2277 2914 2548 2985 legatione
2576 2922 2928 2979 convenerat,
2961 2928 3098 2984 quos
3129 2930 3314 2970 curam
3337 2919 3579 2973 omnium
3613 2936 3699 2976 re-

2086 3028 2206 3067 rum
2258 3027 2481 3068 manere
2522 3010 2777 3066 videatis.
2811 3009 3000 3065 Cesset
3051 3011 3264 3066 novella
3321 3017 3692 3085 praesumptio.

2087 3105 2260 3161 Nemo
2285 3105 2486 3160 a‘udcat
2513 3117 2738 3174 sperare
2761 3101 2902 3173 quod
2936 3118 3042 3156 non
3073 3102 3221 3158 licet.
3254 3103 3446 3159 Nullus
3473 3122 3536 3162 ea
3577 3123 3700 3179 quae

375 3206 715 3267 contempto,
764 3213 964 3253 novum
1006 3195 1035 3235 ἀ
1065 3199 1348 3269 quidpiam
1378 3207 1566 3255 contra
1600 3198 1804 3254 Christi
1852 3212 1984 3268 pro-
2015 3223 2061 3288 ρ
2091 3197 2523 3268 suntapatribus
2552 3203 2724 3267 gesta,
2750 3203 2805 3250 et
2825 3211 2925 3266 per
2955 3203 3162 3250 tantum
3186 3204 3493 3267 temporum
3518 3210 3702 3256 custo-

376 3290 497 3362 prie
529 3288 797 3361 p‘rtccepta
847 3299 1080 3356 tentare,
1117 3307 1238 3348 cum
1284 3308 1344 3347 se
1365 3293 1444 3347 ab
1480 3291 1798 3364 apostolica:
1840 3291 1988 3347 sedis

376 3384 783 3452 communione,
812 3393 890 3453 et,
914 3393 973 3438 ut
996 3383 1172 3439 dicam
1203 3385 1406 3452 verius,
1439 3394 1707 3454 potestate
1735 3398 1990 3453 separare

377 3475 648 3542 nituntur,
681 3492 872 3534 eorum
901 3486 926 3516 θ
957 3486 1202 3549 petentes
1227 3478 1514 3548 auxilium,
1559 3493 1699 3550 quos
1726 3478 1991 3535 ecclesia-

455 3690 478 3718 "
504 3679 618 3738 Hoc
643 3689 751 3749 est,
783 3696 948 3736 unum
971 3695 1039 3736 ex
1067 3681 1138 3736 iis
1165 3683 1254 3749 qui
1280 3682 1434 3738 lateri
1469 3690 1662 3737 nostro
1685 3680 1972 3737 adhaerere

381 3753 584 3816 solent,
616 3753 862 3820 adeoque
916 3753 1070 3808 nobis
1116 3755 1250 3818 noti,
1279 3753 1598 3821 familiares,
1651 3753 1867 3822 probati
1898 3763 1981 3807 at-

381 3839 487 3896 que
510 3824 666 3896 chari
716 3834 863 3879 sunt.
909 3824 990 3879 De
1018 3826 1166 3879 vocis
1221 3824 1384 3894 hujus
1420 3827 1744 3895 antiquitate
1773 3835 1828 3880 et
1879 3839 1981 3879 usu

383 3895 539 3967 plura
569 3897 620 3950 in
650 3895 849 3967 Leonis
869 3896 1155 3952 enistulatn
1187 3896 1246 3950 51
1289 3898 1486 3950 dicturi
1517 3911 1725 3950 sumus.

459 3966 484 4006 δ
515 3967 708 4022 Totum
731 3965 973 4036 epistolae
997 3968 1153 4036 hujus
1181 3967 1489 4029 exordium,
1521 3977 1579 4021 ut
1603 3969 1671 4021 ab
1700 3967 1985 4022 Holstenio

384 4048 466 4093 est
489 4041 858 4099 observatum,
885 4037 1186 4092 Hadrianus
1208 4040 1250 4104 Ι,
1275 4039 1540 4107 epiSt.97,
1565 4038 1782 4094 Codicis
1799 4039 1983 4092 Carol.

386 4109 497 4165 edit
537 4109 742 4173 Grets.,
770 4124 890 4177 pag.
914 4109 1044 4172 522,
1067 4111 1436 4178 transeripsit.
1468 4110 1647 4164 Prima
1676 4110 1793 4177 ejus
1823 4111 1988 4164 verba

387 4181 644 4236 Nicolans
672 4180 712 4247 I,
744 4180 908 4249 epist.
941 4179 1013 4233 al.
1046 4181 1135 4245 70,
1169 4196 1226 4235 ιι.
1259 4182 1314 4245 8,
1347 4191 1402 4235 et
1429 4181 1580 4244 alibi,
1624 4181 1824 4236 laudat.
1868 4181 1991 4248 Ipse

389 4252 702 4307 Bonifacius
745 4250 1005 4306 nonnulla
1057 4253 1112 4305 in
1162 4267 1228 4305 eo
1259 4252 1323 4304 ad
1370 4251 1729 4307 imitationem
1779 4251 1990 4306 exordii

390 4324 630 4394 epistolae
659 4320 731 4376 25
751 4321 1055 4378 Innocentii
1079 4321 1145 4376 ad
1173 4323 1485 4376 Decentium
1515 4323 1803 4391 expressit.

465 4405 488 4433 ο
528 4394 658 4448 Scil.
687 4409 809 4446 can.
854 4394 907 4457 6.
943 4394 1032 4448 ubi
1068 4396 1119 4446 in
1149 4394 1421 4448 veteribus
1452 4394 1731 4448 codicibus
1777 4394 1992 4461 legitur,

391 4464 628 4537 Ecclesia
648 4463 894 4537 Romana
916 4481 1114 4535 semper
1138 4464 1313 4517 habuit
1341 4463 1359 4535 (
1385 4480 1515 4527 non,
1547 4477 1602 4518 ut
1624 4465 1826 4533 Quesn.
1852 4481 1990 4537 prae;
2017 4477 2070 4537 ι)

391 4539 532 4602 tulit,
567 4534 784 4606 habeat)
825 4537 1126 4607 primatunt.
1174 4539 1295 4607 Quo
1322 4537 1621 4603 respiciens
1665 4537 1915 4589 Nicotaus
1947 4535 1984 4599 Ι,

391 4608 555 4678 epist.
603 4608 659 4671 8,
702 4606 832 4661 uita
861 4607 920 4662 Si
962 4609 1200 4662 instituta
1241 4606 1467 4661 Nicwnw
1505 4609 1689 4679 synodi
1720 4607 1992 4679 diligenter

392 4677 760 4750 inspiciuntur.
792 4679 1080 4732 invenietur
1105 4679 1360 4748 profecto,
1391 4683 1511 4750 quia
1535 4677 1792 4732 Romana?
1818 4677 1996 4750 Ecclef

395 4748 489 4804 siai
521 4750 722 4803 nullum
751 4750 926 4802 eadem
959 4751 1187 4820 synodus
1233 4748 1841 4820 contulitincrementum
1863 4764 1881 4802 :
1906 4749 1996 4802 sed

395 4821 569 4892 potius
595 4837 658 4874 ea:
701 4822 813 4891 ejus
841 4817 1029 4890 forma,
1063 4817 1599 4892 quodAlexandrinw
1630 4821 1871 4874 Ecclesia:
1900 4821 1993 4892 tri-

400 4891 570 4946 bueret
596 4893 1004 4963 particular-iter,
1025 4891 1246 4960 sumpsit
1265 4892 1575 4956 exemplum.
1604 4891 2000 4963 Et'ltielll_pt'.l'li-

399 4972 492 5016 net
514 4973 568 5016 et
597 4960 739 5029 quod
769 4961 1016 5018 Gelasius
1040 4964 1197 5029 epist.
1224 4963 1313 5026 55,
1351 4979 1404 5013 ιι.
1435 4963 1488 5027 l,
1516 4962 1730 5030 scripsit
1755 4983 1767 5014 ;
1801 4960 1998 5014 Roma-

399 5049 470 5087 na
499 5033 730 5088 Ecclesia
756 5033 914 5087 nullis
936 5034 1194 5102 synodicis
1218 5033 1506 5102 constitutis
1528 5035 1722 5086 caeteris
1755 5031 2002 5086 Ecclesiis

402 5104 620 5174 prteluta
643 5115 754 5158 est:
792 5105 880 5157 sed
910 5105 1202 5174 et-angelica
1231 5119 1348 5157 voce
1395 5101 1605 5157 Domini
1640 5115 1686 5174 et
1717 5104 2003 5157 Saluatoris

401 5173 566 5247 nostri
595 5177 873 5247 primatum
897 5175 1134 5228 obtinuit.
1160 5173 1274 5228 Ista
1309 5176 1468 5245 igitur
1509 5173 1800 5247 privilegia,
1835 5175 2007 5247 inquit

403 5245 656 5300 Nicolaus
702 5245 743 5305 Ι.
787 5247 1068 5312 aliquanto
1113 5255 1242 5299 ante
1289 5262 1409 5300 mox
1457 5247 1616 5300 citata
1659 5245 1845 5305 verba.
1888 5245 2008 5298 huic

403 5315 652 5372 Ecclesiw
673 5315 867 5371 Christi
887 5333 919 5369 a
942 5315 1148 5370 Christo
1170 5318 1382 5380 donata,
1401 5316 1656 5388 asynodis
1671 5333 1770 5370 non
1789 5318 2006 5382 donata,

404 5391 502 5461 sed
514 5392 630 5461 jam
660 5390 984 5442 solummodo
1011 5388 1269 5440 celebrata
1298 5398 1345 5442 et
1375 5397 1637 5461 venerata.

477 5457 584 5513 d'Ii
618 5475 760 5514 nunc
792 5462 1046 5514 dicuntur
1088 5475 1274 5512 novum
1299 5459 1568 5531 quidpiam
1589 5470 1777 5531 contra
1822 5458 2014 5513 Christi

406 5542 660 5601 prmeepta
677 5538 896 5596 tentare,
912 5545 1140 5597 quorum
1167 5546 1297 5584 nova
1318 5529 1630 5584 tentamenla
1651 5530 1703 5583 in
1729 5532 2014 5600 superiore

409 5602 755 5672 epistola,n.
796 5607 846 5668 l,
883 5611 1200 5672 arguuntur.
1237 5603 1311 5655 Ex
1359 5617 1467 5668 quo
1498 5601 1799 5672 colligitur,
1837 5611 2014 5657 tenta-

411 5678 600 5726 meuta
631 5671 722 5724 illa
751 5687 882 5726 nova
931 5671 1036 5727 non
1066 5674 1236 5728 Solius
1273 5672 1454 5737 Attici,
1487 5672 1582 5727 sed
1621 5671 1856 5728 maxime
1883 5687 2018 5726 non-

414 5741 690 5814 nullorum
718 5741 760 5795 Τ
767 5742 1017 5797 hessaliae
1045 5746 1422 5814 episcoporum
1453 5744 1619 5800 fuisse
1643 5760 1658 5809 ;
1689 5756 1851 5812 atque
1879 5743 2019 5798 hanc

416 5811 602 5885 ulpam
641 5828 750 5869 non
780 5822 985 5868 tantum
1014 5814 1067 5868 in
1089 5811 1368 5886 illegitima
1403 5815 1622 5871 Maximi
1651 5811 2018 5881 ordinatione,

871 5906 1154 5969 Ps'rnon.
1197 5907 1349 5972 XX.

2094 3293 2228 3360 dita,
2263 3302 2529 3347 temerare
2557 3287 2872 3344 contendat.
2908 3287 3252 3344 Ordinationi
3285 3301 3486 3348 nostra:
3514 3305 3704 3363 pareat

2097 3385 2342 3456 quisquis
2371 3399 2432 3441 se
2477 3383 2794 3453 episcOpum
2841 3383 3210 3452 recognoscit.
3261 3384 3560 3458 Episcopus
3606 3405 3706 3460 per

2101 3476 2373 3548 Illyricum
2413 3475 2548 3532 citra
2583 3475 2976 3531 conscientiam
3015 3476 3326 3547 coepiscOpi
3376 3481 3548 3536 nostri
3579 3481 3700 3538 Rufi

2085 3682 2180 3756 sed
2203 3689 2258 3736 et
2287 3681 2338 3735 in
2365 3679 2824 3756 violationejuris
2848 3678 3165 3749 apostolicm
3183 3682 3350 3750 sedis,
3375 3685 3518 3756 quod
3542 3687 3702 3744 Chri-

2087 3755 2157 3808 sti
2190 3753 2482 3824 przrceptis
2512 3751 2583 3824 sit
2609 3751 2827 3824 fultum,
2853 3755 3014 3824 sitam
3045 3766 3186 3824 esse.

2164 3821 2206 3860 θ’
2229 3823 2388 3899 Attici
2407 3822 2728 3899 scilicet,_de
2745 3821 3053 3899 cujus‘sede
3075 3822 3322 3899 Gelasius
3339 3839 3502 3899 papa,
3531 3833 3697 3899 epist.

2092 3895 2189 3970 f8,
2212 3911 2265 3948 ιι.
2302 3894 2391 3958 10,
2423 3893 2538 3946 haec
2566 3893 2821 3970 edisserit
2849 3910 2863 3947 :
2895 3892 2956 3948 Si
2983 3904 3116 3970 certe
3144 3894 3207 3970 de
3239 3892 3493 3970 dignitate
3524 3892 3701 3970 agitur

2091 3967 2377 4028 civitatum,
2412 3965 2650 4018 secundis
2675 3964 2881 4037 sedis_et
2905 3966 3066 4018 tertiw
3087 3967 3256 4034 major
3277 3964 3352 4020 est
3370 3964 3593 4037 dignitas
3613 3992 3700 4027 sa-

2096 4036 2382 4108 cerdotum,
2412 4052 2567 4103 quam
2597 4039 2708 4108 ejus
2731 4035 2974 4108 civitatis,
3003 4052 3118 4106 quw
3149 4052 3252 4089 non
3274 4035 3443 4091 solum
3473 4041 3603 4096 inter
3621 4061 3700 4097 se-

2099 4107 2426 4182 desmiuinte
2475 4106 2796 4182 numeratur,
2835 4106 3066 4182 sedAnec,
3100 4115 3157 4182 ut
3188 4108 3347 4163 habet
3392 4109 3504 4165 Leo
3532 4115 3694 4182 epist.

2098 4179 2223 4252 I95,
2259 4195 2314 4232 ιι.
2343 4178 2397 4243 5,
2425 4177 2706 4252 quisquam
2738 4177 3075 4252 apostolicam
3099 4178 3262 4252 facere
3291 4190 3452 4248 potest
3482 4177 3653 4238 sedent.
3677 4207 3697 4252 ,-

2102 4250 2268 4304 immo
2293 4257 2351 4302 nt
2376 4249 2720 4317 prosequitur
2741 4247 3022 4322 gelasius,
3054 4265 3143 4322 nec
3172 4247 3306 4304 inter
3342 4247 3698 4322 metropolita;

2105 4337 2287 4374 norma
2306 4323 2435 4392 jura
2455 4329 2706 4374 censetur.
2741 4318 2856 4372 Non
2888 4320 3159 4373 innuerito
3185 4322 3348 4389 igitur
3391 4318 3701 4383 Bonifacius

2101 4390 2316 4465 nuuc_ei
2349 4390 2534 4444 datum
2555 4405 2691 4465 esse
2715 4401 2894 4465 negat,
2920 4401 2976 4442 ut
3005 4393 3221 4465 majoris
3249 4402 3376 4446 esset
3413 4401 3697 4465 potestatis.

2177 4461 2195 4499 ί
2240 4461 2404 4516 Forte
2428 4461 2787 4533 participibus,
2813 4463 2914 4515 hoc
2929 4473 3010 4515 eat
3033 4461 3096 4514 in
3114 4474 3295 4518 nostra
3318 4461 3700 4526 communione

2097 4533 2560 4604 permanentihus,
2603 4535 2800 4604 quibus
2843 4542 3189 4601 opponuntur
3229 4534 3704 4598 dissidentes,hoc

2096 4603 2180 4660 est
2207 4605 2275 4658 ab
2313 4604 2480 4672 ipsius
2506 4603 2768 4658 Bonifacii
2792 4604 3178 4658 communione
3200 4621 3295 4659 seu
3323 4616 3591 4673 potesmte
3613 4627 3701 4666 se-

2100 4691 2292 4746 parare
2321 4690 2380 4729 se
2405 4676 2661 4746 nitentes.

2173 4759 2198 4795 ις
2238 4745 2439 4800 Saltem
2479 4743 2716 4808 Damasi,
2749 4743 2926 4798 Siricit
2959 4752 3011 4798 et
3057 4741 3378 4814 Innocentii,
3431 4760 3488 4803 ιιι
3535 4754 3698 4810 etiam

2100 4818 2351 4896 NiCtii.tllS
2375 4816 2415 4878 l,
2443 4817 2602 4882 epist.
2636 4815 2692 4880 2,
2719 4815 2784 4868 ad
2808 4815 3162 4896 illicllaelent,
3187 4818 3449 4896 meminit.
3489 4821 3564 4876 Ex
3595 4842 3702 4896 quo

2105 4889 2447 4958 perspicmtm
2472 4895 2579 4966 est,
2615 4887 2910 4966 nonnullos
2937 4885 3416 4966 ThessaloniCcnsi
3446 4885 3702 4966 episciipo

2105 4957 2434 5034 cot_n-essat_n_
2458 4964 2780 5034 potestatein
2823 4958 2970 5009 velut
3017 4957 3141 5024 quid
3188 4973 3382 5034 novum
3410 4957 3701 5034 objeciss'e,

2107 5031 2343 5097 indeque
2375 5026 2682 5082 Theodosio
2712 5028 2891 5081 datam
2920 5043 3044 5081 esse
3069 5031 3436 5099 occasionem,
3470 5026 3527 5090 ut
3553 5026 3702 5096 illam

2107 5101 2175 5156 ad
2199 5102 2357 5168 ιιιςιευ
2389 5099 2538 5152 urbis
2569 5099 2879 5167 episcopum
2910 5099 3247 5154 transferret.
3688 5101 3700 5114 '

2179 5168 2208 5206 h
2249 5171 2392 5251 Loco
2430 5169 2580 5251 verbi
2615 5169 2990 5251 licentesqt-tod
3043 5169 3291 5251 fialsteu.
3325 5189 3387 5251 ex
3423 5180 3703 5251 πηριωιΠη

2111 5241 2216 5296 fide
2242 5241 2564 5314 retinuerat,
2588 5239 2866 5314 substituit
2896 5240 3028 5314 Lab.
3061 5240 3290 5296 licenter.
3322 5246 3436 5300 Non
3462 5239 3707 5314 displice-

2113 5323 2195 5368 ret
2225 5313 2507 5388 gliscentes.
2542 5313 2630 5367 Sic
2660 5321 2842 5388 tamen
2884 5313 3096 5388 licentes
3125 5314 3506 5388 acciperei'est,
3553 5313 3706 5388 quasi

2112 5381 2565 5458 quis—liceantceu
2587 5399 2702 5458 qua:
2717 5383 2870 5458 licitis
2890 5393 3009 5436 sint.
3037 5381 3357 5458 Observavit
3379 5381 3712 5458 Holsteitius,

2115 5454 2590 5511 SubindeAtticum
2615 5454 3046 5524 Nicopolitanum
3072 5457 3408 5522 episcopum,
3433 5454 3715 5516 cumAna-l

2118 5529 2321 5580 stasius
2370 5525 2875 5599 Thessalonicensis
2922 5533 3190 5599 potestate
3231 5540 3325 5578 sua
3371 5542 3496 5596 erga
3538 5532 3711 5599 ipsum

2118 5599 2318 5654 abusus
2339 5605 2508 5663 esset,
2541 5597 2792 5666 querelas
2818 5611 2945 5651 suas
2965 5595 3032 5650 ad
3059 5595 3298 5666 Leonem
3326 5595 3633 5664 papam,'ut
3661 5606 3715 5660 in

2120 5670 2238 5739 ejus
2288 5668 2515 5745 epistola
2562 5665 2636 5745 μ
2671 5669 2843 5745 visuri
2890 5681 3099 5745 sumus,
3142 5665 3428 5734 detulisse,
3479 5684 3716 5745 eumque

2122 5754 2334 5811 aequum
2359 5740 2572 5794 illarum
2591 5739 2831 5809 judicent
2859 5743 3142 5806 expertum
3170 5750 3311 5791 esse.

3201 5903 3282 5968 25
