4206 6174
532 246 639 305 779

1703 242 1717 248 ’
1746 240 1804 301 S.
1846 239 2274 313 BONIFACII'I,
2312 241 2552 309 PAP£,

3746 238 3854 303 780

529 379 709 437 nullus
738 380 995 436 ordinare
1042 388 1067 417 α
1098 387 1412 449 praesumat,
1461 387 1567 435 etc.
1603 378 1733 435 Data
1774 394 1803 432 ν
1834 377 1953 435 idus
1982 379 2127 436 Mar-
2160 383 2203 442 Α
2232 377 2413 448 thum,
2442 377 2587 449 quod
2617 378 2872 450 exagitati
2901 375 3156 446 dicimus,
3203 379 3472 451 synodum
3517 394 3855 452 congregan-

527 475 654 541 tias,
710 472 950 529 Honorio
978 486 1074 527 xui
1102 480 1156 527 et
1186 469 1500 528 Theodosio
1540 484 1575 527 ι
1627 470 1888 544 Augustis
1931 484 2134 529 consu-

530 567 695 623 libus.

1088 658 1425 719 EPISTOLA
1457 659 1576 719 XV.

531 752 806 825 Signiﬁcat
828 749 1131 825 Bonifacius
1162 753 1421 825 negotium
1450 751 1739 826 Perigenis,
1772 772 1919 827 quem
1955 753 2136 810 Corino

598 845 722 901 tIriis
748 862 852 900 non
881 846 1178 901 inconsulto
1208 847 1503 920 episcopum
1533 847 1762 915 dederat,
1797 845 2003 919 Illyrici
2029 847 2137 919 epi-

599 940 768 1009 scOpis
798 939 1057 996 discutere
1083 957 1144 993 ac
1172 957 1537 1015 recognoscere
1563 958 1665 995 non
1688 939 1873 1008 licere;
1896 957 1957 995 ac
1980 941 2026 995 si
2050 940 2139 1013 qui

598 1031 656 1085 id
683 1032 1071 1106 aggrediantur,
1091 1033 1145 1086 in
1165 1044 1258 1087 sua
1280 1048 1364 1088 eos
1389 1034 1747 1101 communione
1774 1049 1877 1087 nou
1899 1049 2139 1105 perman-

602 1138 774 1182 suros.
808 1124 932 1196 Ruﬁ
963 1126 1016 1181 in
1055 1125 1261 1181 easdem
1295 1128 1586 1200 provincias
1616 1133 1913 1194 potestatem
1954 1124 2139 1195 identi-

605 1220 741 1287 dem,
775 1220 1015 1274 disertius
1038 1227 1205 1275 autent
1234 1220 1285 1272 in
1309 1219 1431 1289 ﬁne,
1465 1216 1706 1292 explicat.

531 1310 918 1367 Dilectissimis
945 1310 1208 1368 fratribus
1240 1311 1393 1367 Ruso
1421 1321 1474 1367 et
1502 1312 1715 1366 creteris
1746 1311 2015 1382 episcOpis
2042 1326 2139 1381 per

602 1401 997 1469 Macedoniam,
1029 1402 1313 1470 Achaiam,
1341 1401 1702 1467 Thessaliam,
1734 1401 1955 1473 Epirum
1990 1411 2140 1458 vete-

600 1510 741 1562 rem,
774 1496 999 1568 Epirum
1049 1511 1269 1563 novam,
1299 1496 1563 1553 Praei-alin
1593 1506 1649 1553 et
1694 1496 1910 1554 Daciam
1938 1497 2139 1554 consti-

604 1591 754 1656 tutis,
784 1590 1124 1647 Bomncws.

606 1688 659 1738 l.
700 1682 883 1739 Manet
926 1683 1145 1740 beatum
1173 1683 1480 1754 apostolum
1522 1680 1741 1740 Petrum
1788 1700 1882 1756 per
1920 1695 2138 1741 senten-

2238 470 2362 525 dam
2397 486 2561 541 super
2599 471 2717 542 ejus
2766 470 3110 528 discutienda
3154 482 3319 537 statu,
3363 487 3524 544 quem
3555 469 3854 530 Corinthiis

2237 562 2539 635 apostolica
2561 562 2740 631 sedes,
2759 562 3081 620 examinatis
3106 565 3357 620 omnibus
3378 575 3541 636 atque
3564 565 3850 631 discussis.

2238 657 2522 713 constituit
2562 656 2943 727 sacerdotem;
2984 665 3167 715 secuta
3200 658 3297 715 Dei
3327 659 3691 729 voluntatem,
3731 675 3853 733 qua:

2239 745 2386 803 hunc
2412 746 2589 820 ipsum
2618 745 2668 815 ἀ,
2699 759 2960 821 quantum
2994 749 3221 805 docetur
3245 748 3605 807 dilationibus
3638 762 3853 824 tenipo-

2238 857 2379 909 rum,
2412 842 2531 914 ejus
2551 842 2734 911 ovilis,
2778 844 2830 899 in
2856 860 2967 917 quo
2995 856 3243 902 creverat
3267 856 3316 903 et
3345 846 3433 903 cui
3463 855 3734 917 creverat,
3760 863 3856 904 vo-

2238 932 2341 989 luit
2368 948 2494 992 esse
2527 946 2821 1006 pastorem.
2853 935 3019 1008 Cujus
3041 936 3413 995 ordinationis
3433 939 3478 997 si
3502 951 3684 996 vestra
3708 949 3859 998 esset

2239 1025 2481 1082 eharitas
2502 1027 2713 1099 ignara,
2745 1027 2984 1086 libenter
3010 1028 3080 1086 ab
3110 1032 3323 1103 origine
3354 1049 3449 1090 sua
3481 1049 3604 1104 qua:
3633 1042 3760 1090 sunt
3796 1034 3856 1093 in

2240 1120 2524 1188 pratterito
2565 1121 2635 1176 de
2664 1136 2733 1178 eo
2761 1131 2917 1193 gesta
2948 1132 2971 1159 ε
3002 1133 3345 1187 retexerem;
3387 1133 3450 1180 ut
3481 1116 3590 1189 his,
3622 1141 3856 1197 quorum

2240 1221 2493 1283 aspectus
2531 1214 2735 1287 negotii
2777 1216 2894 1287 ejus
2924 1232 3031 1272 non
3070 1233 3168 1289 per
3201 1214 3592 1288 ignorantiam,
3628 1219 3723 1275 sed
3758 1234 3857 1291 per

2240 1304 2481 1361 studium
2514 1305 2744 1362 involvit
2767 1307 3085 1376 obscurum,
3114 1309 3557 1367 manifestatione
3597 1311 3851 1379 clareret,

2241 1398 2570 1454 sententiam
2599 1398 2668 1455 de
2707 1416 2773 1455 eo
2804 1399 3113 1471 specialiter
3144 1399 3315 1457 fuisse
3343 1402 3609 1470 divinam,
3638 1419 3767 1473 qua,
3796 1415 3857 1460 ut

2241 1492 2502 1561 diximus,
2569 1492 2830 1551 Ecclesiae
2888 1494 3293 1551 Corinthiorum
3358 1496 3512 1553 velut
3575 1497 3857 1552 alumnum

2241 1602 2400 1644 suum
2423 1587 2685 1658 judicium
2717 1590 2944 1645 caeleste
2970 1591 3229 1647 servavit.
3263 1590 3437 1660 Quam
3472 1607 3585 1649 rem
3612 1591 3856 1648 omnium

2243 1681 2448 1736 civium
2467 1689 2524 1738 et
2546 1682 2871 1738 clericorum
2894 1698 2923 1737 a
2944 1680 3101 1740 nobis
3123 1682 3324 1755 oppido
3346 1684 3644 1754 postulavit
3666 1699 3859 1741 assen-

526 1779 659 1833 tiam
687 1776 1015 1834 dominicam
1047 1778 1373 1832 universalis
1400 1775 1663 1832 Ecclesia:
1702 1778 1770 1832 ah
1810 1776 1917 1833 hoc
1943 1778 2142 1833 Sollii‘i-
2173 1772 2219 1835 Β
2249 1786 2361 1828 sus.
2388 1770 2499 1829 Nec
2526 1785 2705 1831 tamen
2731 1773 2784 1829 id
2814 1773 3044 1845 abrupte
3074 1776 3371 1847 pra‘ceptio
3414 1785 3601 1832 nustra
3644 1776 3860 1832 consti-

522 1868 657 1925 tudo
688 1877 940 1940 suscepta
964 1886 978 1934 ;
1002 1869 1203 1939 quippe
1222 1882 1404 1939 quam,
1427 1867 1725 1940 Evangelio
1752 1879 1887 1924 teste
1911 1868 2134 1941 (Matth.

528 1976 645 2031 xvi,
681 1961 808 2031 18),
840 1960 895 2016 in
925 1975 986 2016 se
1011 1962 1223 2017 noverit
1252 1975 1373 2016 esse
1404 1961 1680 2016 fundatam
1710 1980 1723 2016 :
1756 1978 1857 2017 nec
1882 1978 2139 2033 umquam

524 2056 646 2124 ejus
672 2053 852 2110 honor
880 2070 1081 2109 vacuus
1111 2063 1288 2123 potest
1316 2068 1438 2110 esse
1465 2070 1749 2121 curarum;
1779 2071 1901 2110 cum
1930 2064 2137 2111 certum

520 2150 596 2205 sit
624 2163 892 2204 summam
931 2162 1115 2204 rerum
1159 2164 1229 2203 ex
1271 2148 1388 2219 ejus
1433 2147 1831 2205 deliberatione
1877 2148 2132 2221 pendere.

523 2239 660 2307 Quae
702 2253 794 2296 res
836 2240 1075 2294 animum
1120 2252 1299 2294 meum
1347 2254 1517 2310 usque
1554 2239 1622 2295 ad
1676 2241 1912 2296 Orientis
1943 2240 1971 2279 ι)
2023 2241 2138 2297 loca

523 2350 645 2407 qua:
664 2349 762 2405 per
779 2334 954 2404 ipsam
971 2333 1397 2405 sollicitudinem
1419 2332 1653 2404 quodam
1678 2333 1840 2389 modo
1862 2333 2133 2401 videmus,

527 2427 854 2484 extendunt.
899 2425 1283 2482 lndesinenter
1314 2427 1457 2481 enim
1498 2425 1568 2478 ab
1613 2441 1940 2497 unoquoque
1989 2426 2138 2482 illinc

524 2522 781 2577 veniente
809 2530 1099 2591 percontor
1126 2517 1193 2575 de
1223 2533 1354 2590 pace
1376 2517 1623 2588 fratrum,
1658 2518 1712 2573 id
1735 2528 1838 2583 est,
1865 2518 1932 2575 de
1955 2520 2138 2591 quiete

524 2613 863 2684 pontificum,
893 2627 1015 2683 quae
1046 2611 1209 2677 solet,
1243 2612 1459 2683 quoties
1484 2609 1731 2666 diabolus
1753 2610 1879 2665 huic
1908 2610 2133 2677 invidet,

525 2706 759 2776 alicujus
812 2705 1237 2776 praesumptione
1280 2703 1512 2760 turbari.
1546 2700 1678 2757 Cum
1713 2703 1873 2773 igitur
1918 2705 1983 2759 ad
2038 2720 2136 2759 nos

526 2800 719 2856 ordine
750 2814 850 2855 suo
877 2809 1071 2855 cuncta
1103 2798 1311 2854 servari
1342 2797 1481 2851 fama
1503 2810 1643 2851 nunc
1666 2812 1835 2868 usque
1856 2794 2133 2865 detulerit,

526 2894 883 2949 vehementer
914 2892 1093 2947 mirati
1120 2906 1307 2946 sumus
1335 2889 1454 2960 ejus
1483 2891 1559 2945 rei
1589 2899 1891 2959 stupentes,
1926 2900 1982 2944 ut
2014 2905 2138 2959 pos-

524 2986 685 3044 cebat
725 2987 865 3042 ratio
899 2985 1219 3051 relatorum,
1256 2995 1415 3053 quam
1468 2992 1489 3021 ο
1544 2982 1598 3035 in
1632 2980 1883 3051 injuriam
1920 2990 2133 3051 patrum

526 3081 758 3137 intentio
788 3078 1001 3135 novella
1025 3076 1276 3134 tentavit.

2244 1868 2373 1921 tuit:
2396 1866 2517 1932 sed,
2539 1875 2595 1922 ut
2617 1866 2984 1924 ecclesiastica
3009 1867 3295 1939 disciplina
3316 1869 3598 1938 poscebat,
3625 1868 3858 1940 diligen-

2244 1959 2350 2014 tius
2385 1958 2610 2015 fratrem
2642 1968 2697 2017 et
2717 1962 3103 2033 coepiscopum
3137 1970 3383 2016 nostrum
3417 1958 3614 2016 Rufum
3648 1961 3857 2032 negotii

2238 2049 2498 2119 iussimus
2520 2051 2783 2109 interiora
2812 2052 3022 2122 rimari,
3051 2066 3106 2109 et
3140 2052 3415 2124 petitionis
3445 2070 3710 2110 summam
3755 2069 3857 2110 sua

2240 2142 2309 2199 de
2334 2142 2585 2214 proximo
2619 2144 2993 2200 moderatione
3025 2161 3290 2214 pensare;
3324 2156 3381 2201 ut
3421 2145 3556 2201 nihil
3603 2146 3858 2202 immatu-

2239 2250 2358 2291 rum
2386 2236 2455 2292 ab
2486 2236 2589 2293 hac
2628 2237 2758 2293 sede
2789 2237 2905 2293 fieri
2937 2239 3237 2305 videretur,
3277 2254 3401 2309 qua:
3440 2239 3672 2294 aliorum
3713 2254 3858 2310 prm-

2238 2330 2578 2399 sumptiones
2619 2343 2766 2401 sirpe
2792 2332 3141 2401 compressit.
3182 2328 3263 2386 Ad
3297 2346 3398 2387 nos
3428 2340 3552 2403 post
3590 2328 3859 2401 aliquanti

2241 2422 2501 2493 temporis
2528 2421 2761 2492 Spatium
2791 2438 2954 2492 super
2986 2423 3090 2478 hoc
3124 2422 3369 2491 praedicti
3402 2422 3645 2493 episc0pi
3679 2423 3855 2480 nostri

2240 2511 2259 2584 (
2277 2513 2456 2581 Rati),
2489 2530 2612 2585 qua:
2645 2515 2945 2585 prmniissis
2974 2513 3266 2571 desideriis
3296 2517 3691 2583 convenirent,
3719 2514 3857 2573 scri-

2241 2622 2327 2681 pta
2360 2616 2624 2665 venerunt
2650 2630 2661 2663 :
2687 2625 2922 2683 quorum
2956 2608 3419 2667 evidentissimum
3468 2610 3736 2667 rationem
3766 2626 3855 2666 se-

2239 2706 2369 2772 cuti,
2400 2703 2651 2761 dedimus
2682 2703 2829 2760 hunc
2863 2704 3118 2760 Ecclesiae
3168 2704 3316 2760 illius
3345 2719 3469 2761 esse
3511 2705 3850 2776 pontificem,

2239 2797 2292 2853 in
2318 2815 2418 2871 qua
2447 2816 2544 2871 per
2572 2798 2817 2871 singulos
2845 2799 3113 2855 honorum
3138 2798 3334 2869 gradus
3358 2799 3685 2872 praeteritam
3715 2814 3853 2871 quo-

2238 2906 2345 2962 que
2372 2892 2727 2963 transegisset
2752 2900 2990 2947 (etatem.

2310 2985 2364 3040 3.
2405 2983 2574 3050 Quam
2608 2982 2672 3037 ad
2726 2998 2841 3039 rem
2889 2983 3187 3039 faciendam
3232 2994 3535 3040 memorato
3586 2985 3848 3057 episcopo

2240 3094 2361 3134 mea
2389 3079 2593 3136 directa
2624 3078 2863 3135 secunda
2889 3081 3160 3151 protinus,
3200 3095 3320 3149 quae
3350 3077 3691 3151 presbyterio
3728 3080 3851 3135 uni-

593 3172 651 3228 2.
692 3173 858 3229 Certo
902 3171 1048 3228 enim
1096 3168 1449 3242 cegnovimus
1499 3167 1699 3233 indice,
1745 3168 1888 3238 apud
1936 3168 2130 3225 Corin-
2157 3160 2202 3225 C
2235 3186 2396 3226 verso
2422 3169 2771 3243 complacuit,
2810 3162 2829 3207 ί
2866 3172 3194 3226 auctoritate
3234 3171 3508 3242 mandavi,
3543 3180 3695 3227 retro
3737 3184 3847 3226 rna-

595 3370 623 3400 α
656 3358 798 3415 Hinc
825 3356 1136 3414 Bonifacius
1166 3353 1431 3408 transisse
1457 3351 1679 3407 videtur
1707 3351 1773 3405 ad
1816 3351 2135 3422 improban-

522 3435 646 3490 dam
684 3447 745 3487 ac
766 3427 1131 3486 damnandam
1172 3425 1389 3482 Maximi
1417 3423 1839 3486 ordinationem,
1885 3430 1941 3479 et
1978 3424 2042 3477 ad
2069 3439 2133 3478 ea

564 3520 646 3559 occ
676 3503 729 3558 in
772 3498 1048 3571 superiori
1068 3497 1295 3568 epistola
1339 3514 1394 3550 ιι.
1426 3496 1460 3550 4
1488 3495 1923 3571 constituuntur.
1956 3495 2134 3550 aliave

564 3521 646 3559 υω
676 3521 729 3558 ιιι
772 3521 1048 3571 Sllpel'lorl
1068 3521 1295 3568 υμιδιυιει
1339 3521 1394 3550 II.
1426 3521 1460 3550 ο
1495 3521 1923 3555 υυιιθιιιυιιιιιυϊ,
1956 3521 2134 3550 attavu

524 3521 894 3631 decernenda.
931 3570 1086 3627 Unde
1128 3583 1233 3625 non
1282 3582 1451 3638 pauca
1487 3566 1571 3622 hic
1603 3567 1974 3637 prietermissa
2006 3582 2135 3623 con-

546 3647 699 3703 icias.

515 3647 1107 3785 jici’ai‘iominatimque
1151 3712 1206 3785 in
1238 3709 1452 3785 _lllyri_c_i
1484 3709 1815 3785 provincias,
1846 3723 2131 3785 (precum

522 3789 794 3860 quondam
815 3786 880 3841 ad
899 3780 1210 3860 (decidentis
1234 3780 1956 3860 li_r_i_per"i_um__peminuissent,
1984 3780 2130 3845 inde,

525 3846 670 3916 anno
696 3860 823 3925 379,
845 3855 1231 3925 aGratianoin
1257 3851 1547 3925 Theodosii
1570 3852 1799 3921 gratiam
1826 3846 2124 3918 distractae,

526 3941 690 4000 atque
717 3923 960 4000 Orientis
985 3923 1221 4000 imperio
1249 3923 1522 3993 adjuncta:
1552 3931 1699 3975 sunt.

601 3993 623 4042 ὃ
664 3993 1110 4070 Praepositionent
1154 3997 1232 4070 in,
1262 4008 1445 4070 quam,
1482 4000 1541 4048 ut
1585 4006 1730 4070 saepe
1782 3993 1860 4059 tit,
1909 4004 2133 4070 propter

525 4073 758 4129 similem
787 4064 1034 4140 ejusdem
1066 4067 1187 4140 soni
1218 4065 1487 4136 syllabam
1512 4064 1955 4140 subsequentem
1986 4065 2133 4120 exei-

524 4145 674 4202 disse
696 4134 1016 4211 persuasum
1048 4134 1337 4211 nobis__cst_,
1368 4134 1730 4204 supplendam
1750 4134 2032 4211 Δ(ιιιιιιιιιιιε.

598 4212 626 4252 δ
662 4206 801 4269 Ριιιδ
832 4211 1173 4279 Perigenem.
1210 4206 1361 4279 Unde
1388 4220 1521 4260 vero
1538 4216 1702 4279 tanta
1749 4206 2133 4279 inillorrepu-

524 4284 727 4342 diando
753 4276 1101 4354 pertinacia?
1119 4276 1443 4354 Bonifacius
1459 4276 1680 4347 quidem
1704 4276 1831 4346 quid
1863 4276 1964 4354 ipsi
1993 4276 2128 4348 obji.

521 4349 911 4413 ceretur'silet.
944 4352 1161 4406 Minime
1190 4360 1369 4404 tamen
1395 4349 1686 4418 obscurum
1717 4357 1820 4403 est.
1850 4350 2012 4418 regiae
2041 4365 2131 4403 ur-

522 4430 606 4485 bis
636 4431 893 4497 episcOpo
911 4437 972 4497 ac
992 4422 1206 4476 caeteris
1228 4420 1278 4476 ei
1302 4418 1531 4497 addictis
1552 4417 1829 4497 Pcrigenij
1849 4417 2126 4497 reﬁciendi

525 4516 633 4556 non
663 4489 835 4554 aliain
857 4494 1024 4550 fuisse
1054 4508 1299 4562 causam,
1330 4490 1431 4543 nisi
1456 4490 1598 4562 quod
1624 4491 1750 4543 olim
1783 4489 2125 4562 Patrensium

526 4572 842 4627 nominatus
891 4567 1064 4621 fuerat
1117 4561 1428 4633 episcopus.
1486 4561 1561 4615 Ea
1593 4564 1735 4633 enim
1766 4561 2125 4615 Orientalium

524 4636 1131 4720 nonnullornrnanimis
1150 4632 1449 4720 insitaerat
1465 4632 1675 4720 Opinio,
1693 4648 1853 4701 quam
1876 4642 1928 4687 et
1946 4633 2125 4720 A.ntio-
2154 4660 2204 4720 Β

525 4715 689 4771 rheni
725 4709 944 4768 concilii
974 4708 1277 4762 rationibus
1309 4705 1377 4760 16
1403 4714 1457 4759 et
1494 4702 1557 4758 l7
1604 4703 1789 4757 fultam
1836 4704 2122 4774 putabant,

521 4800 647 4841 cum
701 4785 931 4849 scilicet,
982 4780 1073 4850 qui
1109 4777 1366 4832 Ecclesia:
1414 4776 1647 4846 alicujus
1674 4775 2129 4850 episcoptt‘sdesi-

520 4864 739 4927 gnatus,
771 4845 983 4927 etiamsi
1001 4845 1077 4927 ab
1108 4865 1166 4903 ea
1202 4862 1541 4918 nequaquam
1562 4845 1871 4927 susceptus,
1916 4845 2125 4927 fuisset.

519 4916 681 4983 alteri
710 4916 910 4997 praefici
937 4923 1195 4997 deinceps
1225 4916 1331 4997 utin
1371 4916 1548 4986 posse.
1574 4916 1687 4997 Hac
1716 4916 1785 4997 de
1806 4930 1967 4972 causa

519 4999 661 5060 clus.
695 4988 760 5050 tie
790 4997 954 5063 regia:
983 4993 1103 5046 urbi
1136 4988 1726 5063 prmficeretur,_teste_
1752 4988 1977 5043 Socrate
2028 4988 2124 5063 lib.

520 5085 615 5135 vn,
645 5058 694 5123 c.
740 5069 829 5131 55,
857 5058 1174 5134 aliquandiu
1202 5062 1506 5132 prohibitus
1538 5060 1657 5135 fuit.
1691 5060 1768 5135 Eo
1796 5075 2009 5135 quoque
2032 5058 2126 5112 oh-

525 5132 676 5197 iemu
710 5132 1025 5202 Bassianus,
1054 5134 1195 5204 quod
1221 5135 1517 5204 Evazornm
1535 5132 1913 5204 denominatus
1934 5132 2126 5188 fuisset

514 5214 830 5283 episcopus,
881 5201 1144 5283 quamvis
1179 5205 1338 5283 lnijns
1380 5201 1642 5283 Ecclesia:
1694 5202 1939 5273 regimen
1985 5217 2127 5283 nun-

515 5275 675 5355 quam
703 5275 1060 5350 susccp'is-et,
1094 5277 1164 5355 ah
1196 5275 1469 5355 Ephesiae
1492 5275 1759 5355 όςῇριξιιις.
1782 5283 1863 5327 est
1911 5275 2125 5355 episco-

514 5342 665 5427 patu,
695 5355 774 5409 uti
828 5342 1007 5421 legere
1037 5342 1474 5427 estjtnconciljp
1526 5342 1957 5427 chalcedonensi
2008 5355 2117 5427 aet.

515 5415 603 5491 il,
640 5415 944 5495 prmsertﬁn
980 5437 1098 5487 pag.
1118 5417 1576 5495 _692.__Disnlicuit
1595 5415 2115 5495 pziritecuoiinullis,

512 5484 656 5566 quod
687 5484 1007 5566 Gregorius,
1035 5484 1445 5566 gui‘ordinatns
1477 5502 1506 5566 a
1536 5484 1740 5541 Basilio
1778 5484 2115 5566 Sasimnrtun

510 5558 825 5639 e'p'scoptts:
861 5558 1001 5639 hanc
1033 5558 1337 5639 Ecclesium
1360 5559 2002 5639 _obtinere-n_equ_ivet'at,

507 5625 1266 5707 Consta'iitinopoljtanasede
1289 5631 1590 5707 collocatus
1627 5625 1835 5707 fuisset.
1872 5625 2106 5707 Necde-

507 5708 725 5765 fuerunt
758 5698 901 5762 inter
944 5704 1347 5767 Occidentales,
1399 5702 1490 5773 qui
1522 5701 1725 5773 eumin
1753 5699 1892 5754 hanc
1922 5698 2107 5754 sedem

507 5786 695 5835 contra
740 5774 959 5845 regulas
987 5776 1189 5831 elatum
1218 5770 1601 5846 quererentur.
1652 5770 1710 5827 ld
1747 5784 1879 5827 vero
1918 5783 2107 5826 cense-

2234 3352 2388 3415 bnit.
2424 3370 2530 3408 non
2575 3355 2700 3423 quia
2740 3355 2889 3424 prius
2922 3353 3156 3411 Sasimis
3204 3353 3377 3409 fuerat
3406 3354 3715 3423 ordinatus,
3749 3358 3847 3414 sed

2235 3427 2357 3491 quia
2390 3425 2622 3480 subinde
2647 3425 2901 3481 Nazianzi
2952 3441 3148 3482 revera
3181 3426 3501 3495 episcopum
3536 3428 3845 3485 institutum

2237 3495 2404 3570 fuisse
2449 3497 2878 3552 arbitrabantur.
2915 3497 2997 3553 Ad
3045 3496 3386 3570 Bouifacium
3427 3497 3574 3568 quod
3622 3501 3842 3570 attinet,

2237 3568 2371 3621 nihil
2398 3578 2587 3623 contra
2622 3570 2861 3637 regulas,
2887 3584 3006 3638 qua:
3041 3568 3430 3625 translationes
3460 3568 3843 3638 episcoporum

2237 3647 2443 3712 vetant,
2474 3640 2742 3712 iacturum
2772 3655 2833 3693 sc
2881 3640 3173 3712 arbitratus
3217 3649 3321 3712 est,
3361 3640 3406 3712 si
3444 3639 3765 3712 Perigeuem
3814 3658 3845 3698 a

2236 3709 2595 3766 Patrensibus
2635 3710 2860 3765 minime
2902 3711 3226 3772 admissum,
3258 3709 3555 3766 Corinthiis
3578 3709 3700 3768 eum
3731 3714 3848 3772 eui-

2234 3796 2459 3850 sc0pnm
2484 3782 2869 3851 cooptantibus
2891 3781 3240 3837 concederet.
3260 3780 3376 3852 Hoc
3393 3782 3660 3838 Bonitacii
3687 3780 3806 3852 judi
3823 3815 3842 3827 -

2234 3853 2377 3908 cium
2404 3854 2716 3922 approhans
2733 3852 3081 3919 Caelestinus,
3104 3862 3290 3925 postea
3316 3850 3562 3925 Rcrigeni
3583 3867 3634 3908 ιιι
3654 3850 3848 3911 Corin-

2236 3920 2763 3995 ttiiorum’episcoiio
2791 3925 3007 3980 litteras
3031 3920 3199 3996 misit.
3234 3920 3389 3981 Unde
3419 3920 3473 3980 ei
3501 3924 3559 3995 ii,
3592 3930 3680 3996 qui
3710 3927 3848 3981 Pro-

2234 3997 2375 4050 cluin
2422 3998 2583 4065 regiae
2610 3998 2765 4050 urbis
2808 3994 3162 4065 postulabant
3198 3994 3551 4065 episcopum,
3581 3994 3843 4055 adversus

2235 4079 2332 4122 eos
2377 4067 2469 4137 qui
2501 4067 2806 4123 canonibus
2839 4066 2981 4121 iStud
3023 4068 3360 4122 contrarium
3393 4083 3515 4137 esse
3542 4072 3843 4125 Contende-

2235 4134 2792 4202 bant,'C<etestinum
2834 4137 3187 4207 postulationi
3223 4150 3335 4192 sum
3367 4134 3646 4209 suffragari
3695 4155 3846 4196 coni-

2234 4208 2553 4281 probarunt,
2601 4211 2693 4281 uti
2728 4209 3006 4281 colligitur
3036 4224 3099 4263 ex
3154 4209 3402 4281 Soerate,
3438 4208 3551 4281 lib.’
3582 4227 3677 4273 vu.
3714 4226 3839 4281 cap.

2233 4278 2612 4351 407,,quamvis
2665 4280 2754 4336 ille
2784 4276 3117 4351 lioélactum
3150 4292 3217 4335 ex
3242 4276 3602 4351 pracjudicata
3657 4276 3843 4340 menie

2230 4348 2388 4405 valde
2422 4351 2791 4406 adulteratqu
2823 4348 3047 4405 referat.

2307 4432 2330 4495 γε
2373 4421 2504 4490 Ejus
2529 4424 2737 4478 scilicet
2768 4422 2984 4495 synodi,
3011 4436 3131 4489 quae
3152 4420 3470 4495 Perigenem
3496 4418 3841 4481 Patrensium

2231 4493 2545 4564 episcopum
2575 4493 2876 4560 ordinarat,
2904 4494 2957 4548 in
2979 4495 3130 4563 cujus
3154 4493 3378 4563 epistola
3402 4495 3719 4564 praeclarum
3747 4512 3842 4553 ex-

2229 4564 2408 4617 stabat
2426 4563 2494 4619 de
2524 4567 2640 4630 ipso
2668 4565 3060 4631 testiinonium,
3087 4564 3280 4620 iterato
3297 4563 3415 4635 jam,
3440 4565 3691 4621 relatum.
3714 4569 3839 4625 illo:

2228 4650 2448 4707 quorum
2480 4637 2748 4707 adspectus
2774 4635 3006 4706 perinde
3052 4645 3135 4691 est
3160 4647 3322 4701 atque
3367 4654 3583 4707 quorum
3624 4651 3834 4706 utentes,

2228 4714 2282 4760 in
2323 4707 2614 4761 accusandi
2641 4722 2767 4762 casu
2797 4707 3022 4776 pluralis
3046 4710 3280 4775 numeri,
3312 4721 3375 4763 ac
3403 4709 3630 4764 subinde
3658 4712 3837 4766 obscu-

2233 4792 2346 4830 rum
2372 4778 2423 4832 id
2455 4780 2597 4847 quod
2631 4780 2937 4833 obscuritas.

2310 4848 2328 4885 τ
2371 4848 2439 4923 ιιι
2458 4850 2710 4923 vulgatis,
2740 4859 2804 4923 ut
2829 4852 2881 4904 in
2911 4849 3227 4923 archetypa,
3259 4851 3657 4923 auctoritatem:
3685 4853 3839 4923 lapsu

2234 4918 2474 4974 librariis
2507 4918 2781 4989 familiari,
2811 4920 2953 4991 quod
2983 4918 3242 4985 littcrnn,
3274 4935 3379 4990 qua
3416 4921 3703 4977 inchoatur
3735 4918 3839 4981 vox

2230 5004 2486 5061 sequens,
2511 4994 2791 5063 geminare
2804 5004 2865 5063 et
2887 4991 3226 5047 antecedenti
3248 4992 3483 5061 adjicere
3512 4995 3710 5051 solent.
3738 4995 3843 5052 Su-

2230 5065 2445 5131 periora
2478 5061 2614 5128 haec,
2637 5076 2750 5117 mea
2777 5061 2972 5117 directa
2994 5064 3242 5128 secunda,
3272 5065 3586 5119 necessario
3615 5066 3840 5121 auctori-

2232 5143 2334 5207 t_nte
2376 5135 2671 5204 postulant.
2732 5135 2837 5207 llic
2876 5134 3073 5204 quippe
3119 5135 3420 5207 auctoritas,
3464 5144 3522 5207 ut
3553 5138 3753 5207 saepius
3783 5141 3837 5194 in

2231 5203 2600 5261 Romanorum
2653 5203 2985 5271 pontilicuin
3014 5203 3264 5273 Scriptis,
3313 5204 3600 5273 epistulari)
3635 5203 3837 5264 'souat.

2226 5275 2362 5350 [line
2407 5291 2531 5331 cum
2577 5273 2836 5350 Zozinins
2868 5277 2933 5331 de
2968 5277 3227 5350 ly‘erigene
3276 5276 3526 5350 infra,_u.
3576 5278 3631 5344 8,
3676 5279 3835 5350 dicit,

2228 5343 2512 5415 Postquam
2535 5349 2806 5416 episcOpus
2832 5348 3019 5402 nostris
3047 5343 3122 5402 est
3158 5346 3550 5403 auctoritatibus
3581 5343 3842 5406 constitit;

2224 5425 2324 5484 tus,
2355 5417 2426 5471 ibi
2459 5420 2645 5473 nostris
2672 5418 3089 5482 (metort'ttttibtts,
3121 5434 3228 5473 non
3252 5417 3400 5472 aliud
3434 5419 3534 5474 sibi
3576 5416 3720 5476 velle
3742 5422 3833 5479 iu-

2224 5488 2505 5559 tclligitur,
2544 5504 2703 5559 quam
2738 5490 2829 5545 hic
2862 5506 2971 5544 mea
2998 5491 3194 5543 directa
3236 5492 3461 5543 secimda
3500 5494 3831 5553 auctoritate.

2222 5558 2529 5633 Praemiuit,
2555 5558 2672 5627 quae
2700 5562 2933 5615 universo
2964 5561 3275 5633 presbyterio
3311 5560 3646 5629 complacuit.
3676 5560 3835 5624 Unde

2218 5630 2389 5700 magis
2408 5648 2469 5704 ac
2492 5636 2664 5703 magis
2688 5642 2930 5704 apparet,
2960 5630 3233 5704 Romanos
3254 5634 3541 5704 pontiﬁces
3560 5634 3700 5693 nihil
3726 5636 3833 5695 illis

2219 5702 2553 5777 temporibus
2566 5701 3167 5777 prmtgr'conscientiam
3184 5701 3316 5777 cieri
3340 5703 3421 5758 sui
3438 5702 3492 5760 in
3510 5704 3833 5777 bujusmhdi

2212 5770 2448 5844 negotiis
2478 5770 2678 5844 egisse.
2704 5772 2943 5831 Rursum
2974 5782 3109 5832 vero
3126 5773 3293 5831 'initio
3319 5780 3470 5832 num.
3500 5770 3556 5843 9,
3575 5770 3670 5835 tibi
3690 5774 3834 5852 legi-
