4190 6190
507 268 515 272 -
540 233 647 292 785

1236 231 1583 295 APPENDIX
1622 237 1715 295 AD
1756 233 2140 297 EPISTOLAS
2179 234 2238 295 S.
2280 231 2622 294 BONIFACII
2656 231 2703 305 ῐ,
2742 230 2969 294 ΡᾹΗΕ.

3746 233 3845 289 78-!

529 347 809 408 munionis
852 350 1087 423 gratiam
1113 359 1145 429 διν
1177 354 1489 422 recepisse;
1546 370 1651 425 qua
1705 356 1756 409 in
1805 362 2133 425 perpetuum
2164 356 2216 415 Α
2242 363 2361 411 trus
2393 354 2691 423 semeljam
2721 353 2963 423 Spiritus
2991 349 3166 408 sancti
3192 350 3556 423 suggeStione
3593 348 3843 416 firmavit,

535 452 814 510 caruerat,
874 444 979 498 nisi
1030 443 1158 499 hinc
1193 459 1360 515 super
1416 446 1521 503 hoc
1558 447 1763 518 scripta
1809 457 2143 503 manassent.

540 538 999 594 Clementissiinac
1042 538 1446 594 recordationis
1497 542 1752 611 princeps
1802 539 2147 594 Theodosius

538 629 781 685 Nectarii
813 630 1219 687 ordinationem
1243 643 1465 703 propter
1487 649 1572 701 ea,
1593 635 1718 704 quia
1745 633 2013 696 infnostra
2042 647 2146 688 no-

541 724 696 778 tione
726 739 835 779 non
858 734 1029 790 esset,
1061 724 1267 781 habere
1299 742 1407 781 non
1441 728 1766 783 existimans
1791 728 2102 784 firmitatem
2129 768 2145 793 ,

537 815 723 870 missis
748 831 780 871 e
810 816 981 872 latere
1012 832 1113 872 suo
1141 818 1337 875 aulicis
1367 835 1490 874 cum
1518 821 1818 890 episcOpis,
1852 820 2146 875 formatam

535 905 566 945 τι
600 906 730 963 huic
754 923 781 960 a
811 908 942 963 sede
962 907 1213 964 Romana
1237 910 1402 981 dirigi
1434 912 1769 981 regulariter
1796 910 2143 983 depoposcit,

539 1014 663 1068 quae
695 1000 816 1068 ejus
840 999 1217 1055 sacerdotium
1274 1002 1586 1057 roboraret.
1640 1002 1784 1058 Ante
1809 1005 1975 1059 breve
2006 1014 2147 1058 tem-

540 1107 666 1161 pus,
700 1092 755 1146 id
787 1099 895 1157 est,
926 1093 1028 1146 sub
1053 1093 1468 1160 praedecessore
1512 1109 1634 1150 meo
1681 1097 1854 1150 beata:
1888 1095 2149 1151 recorda-

537 1184 711 1239 tionis
737 1182 1093 1251 Innocentio,
1126 1185 1491 1240 Orientalium
1520 1187 1895 1242 Ecclesiarum
1925 1186 2151 1258 pontifi-

538 1293 655 1342 ces,
678 1277 932 1333 dolentes
957 1292 1015 1332 se
1038 1294 1065 1331 a
1089 1278 1233 1333 beati
1254 1279 1401 1334 Petri
1422 1280 1811 1335 communione
1843 1282 2144 1350 sejunctas,

539 1387 639 1441 per
678 1373 889 1442 legatos
925 1372 1088 1443 (Vide
1147 1373 1442 1428 Innocentii
1464 1376 1717 1444 epistolas
1769 1376 1836 1431 19
1888 1388 1933 1430 et
1981 1374 2148 1449 seqq.)

540 1480 755 1535 pacem,
782 1465 925 1520 sicut
971 1465 1215 1519 charitas
1250 1477 1435 1522 vestra
1484 1468 1718 1532 retinet,
1752 1478 2146 1537 poposcerunt.

532 1558 657 1627 Quo
694 1570 944 1627 tempore
966 1559 1269 1627 apostolica
1303 1559 1467 1615 sedes
1492 1562 1676 1615 omnia
1706 1577 1812 1613 non
1846 1560 2147 1615 difficulter

528 1650 788 1715 indulsit,
808 1650 887 1704 illi
916 1665 1117 1719 parens
1142 1651 1405 1721 magistro
1430 1650 1520 1721 qui
1543 1652 1620 1706 ait
1650 1649 2141 1722 (llCor.n,lO,II):

2252 447 2389 501 nihil
2419 446 2547 502 huic
2577 447 2898 517 relinquens
2942 444 2993 500 in
3029 454 3307 515 posterum
3340 443 3708 512 quaestionis,
3740 445 3849 508 cui,

2249 541 2377 596 dum
2409 540 2841 596 constitueretur
2881 554 2910 593 a
2940 536 3100 594 nobis
3130 552 3226 608 per
3254 537 3377 607 ejus
3417 534 3702 605 temporis
3732 548 3853 604 spa-

2250 635 2382 688 tium
2411 648 2518 701 quo
2570 633 2809 697 vacavit,
2842 630 2976 686 nihil
3028 630 3256 687 omnino
3293 638 3517 685 constet
3553 627 3852 698 objectum.

2247 725 2440 780 Cesset
2479 722 2781 790 accusatio,
2814 722 2974 794 cujus
3020 721 3279 777 invidiam
3321 720 3633 790 probamus
3665 728 3855 775 aucto-

2248 832 2386 872 rem.
2416 807 2676 873 Solvatur
2710 815 2960 870 machina
2995 813 3253 870 falsitatis
3275 814 3329 868 in
3357 828 3485 867 eum
3507 811 3855 882 compositae;

2249 908 2373 979 quia
2419 906 2486 962 ad
2529 907 2920 974 sacerdotium,
2959 906 3055 962 Dei
3089 907 3261 962 nostri
3301 914 3357 961 et
3400 906 3658 961 omnium
3689 905 3861 962 bono-

2248 1017 2369 1057 rum
2400 1000 2613 1068 favore,
2646 1002 2911 1069 pervenit.

2321 1094 2374 1149 8.
2415 1093 2560 1148 Sane
2586 1094 2843 1166 quoniam
2875 1093 3182 1149 servandus
3210 1095 3518 1150 accusatori
3556 1094 3720 1151 locus
3753 1103 3857 1161 est,

2249 1205 2320 1244 ne
2351 1199 2373 1226 ε
2403 1188 2719 1243 audentiam
2754 1188 2968 1257 penitus
3000 1188 3233 1243 incitare
3263 1188 3558 1243 videamur
3582 1230 3597 1254 ,
3649 1190 3696 1241 si
3734 1188 3857 1258 quid

2248 1283 2315 1339 ab
2346 1282 2541 1338 eodem
2572 1290 2863 1353 postquam
2896 1283 3193 1352 episcopus
3243 1282 3449 1337 nostris
3481 1291 3575 1336 est
3620 1280 3863 1336 auctori-

2248 1376 2456 1430 tatibus
2487 1377 2850 1440 constitutus,
2881 1384 3072 1430 contra
3119 1375 3471 1445 disciplinam
3508 1384 3568 1430 et
3610 1374 3863 1445 proposi-

2249 1468 2683 1523 tum'sacerdotii
2714 1468 2890 1524 fertur
2916 1468 3243 1535 admissum,
3277 1469 3647 1538 coepiscOpus
3676 1475 3861 1523 noster

2248 1559 2447 1625 Rufus,
2475 1562 2561 1614 cui
2594 1560 2661 1615 ad
2686 1562 2863 1616 vicem
2908 1569 3153 1615 nostram
3190 1570 3401 1617 cuncta
3430 1561 3859 1625 committimus,

2249 1666 2372 1707 cum
2406 1652 2619 1706 caeteris
2653 1650 2918 1707 fratribus
2946 1668 3085 1722 quos
3113 1652 3233 1720 ipse
3270 1649 3296 1688 ἀ
3341 1652 3645 1723 delegerit,
3695 1666 3861 1721 nego-

540 1745 605 1801 Si
632 1746 712 1798 cui
743 1755 915 1797 autem
936 1746 1137 1812 aliquid
1164 1745 1420 1815 donastis,
1448 1758 1495 1799 et
1521 1763 1657 1819 ego;
1700 1764 1819 1800 nam
1860 1758 1907 1800 et
1966 1763 2057 1816 ego
2102 1746 2148 1799 si
2177 1739 2226 1798 B
2256 1744 2386 1797 tium
2420 1742 2634 1797 curabit
2667 1743 2891 1809 audire;
2939 1743 3006 1798 ad
3058 1752 3303 1798 nostram
3346 1744 3631 1799 relaturus
3681 1743 3862 1798 omnia

540 1839 668 1910 quid
694 1840 885 1893 donavi
932 1848 1145 1909 propter
1194 1856 1283 1895 vos
1313 1841 1368 1893 in
1418 1857 1640 1909 persona
1669 1839 1908 1895 Christi:
1962 1849 2014 1891 ut
2049 1855 2151 1893 non

544 1932 908 2003 possideamur
934 1948 965 1983 a
1000 1930 1203 1986 Salaria
1227 1950 1245 1997 ;
1278 1950 1382 1986 non
1406 1934 1541 1986 enim
1578 1932 1877 2004 ignoramus
1903 1933 2155 1985 versutias

539 2026 655 2095 ejus
688 2021 973 2092 (Nicolaus
1004 2023 1025 2076 Ι
1053 2024 1162 2077 hcet:
1190 2023 1375 2077 laudat
1402 2025 1453 2076 in
1484 2024 1587 2091 ﬁne
1610 2025 1761 2094 epist.
1788 2023 1882 2093 Η)
1913 2041 1923 2075 :
1954 2023 2006 2078 id
2037 2034 2145 2089 est,

539 2119 667 2186 quia
696 2131 915 2185 semper
947 2116 1297 2173 dissensione
1327 2118 1563 2171 laetatur.

616 2213 671 2265 7.
706 2211 983 2279 Quoniam
1015 2212 1183 2280 igitur
1214 2211 1281 2264 ad
1308 2209 1648 2282 probandam
1672 2210 1958 2266 veritatem
2004 2210 2151 2266 arbi-

538 2312 657 2361 tror
688 2320 813 2374 quae
855 2304 1122 2368 diximus,
1150 2302 1353 2358 fratres
1383 2303 1717 2370 eharissimi,
1750 2304 2001 2373 exempla
2027 2302 2147 2358 suf—

534 2399 727 2463 ﬁcere,
749 2399 1002 2469 quamvis
1030 2398 1183 2467 plura
1206 2398 1376 2452 vestri
1403 2397 1630 2452 notione
1664 2406 1955 2452 teneantur
1982 2413 1997 2460 ;
2025 2396 2150 2451 abs-

538 2508 647 2564 que
664 2493 1023 2549 fraternitatis
1045 2493 1243 2561 injuria
1260 2492 1559 2546 conventui
1582 2501 1765 2547 vestro
1788 2492 2043 2546 volumus
2066 2490 2151 2545 his

514 2578 517 2579 ⁷
542 2584 749 2641 litteris
769 2585 1080 2645 obviatum,
1099 2599 1235 2654 quas
1258 2599 1287 2637 a
1313 2583 1472 2637 nobis
1490 2598 1587 2653 per
1611 2582 1904 2650 Severum,
1932 2594 2151 2653 aposto-

544 2675 665 2730 licw
691 2673 840 2730 sedis
865 2675 1161 2741 notarium,
1178 2672 1373 2727 animis
1395 2673 1840 2744 acceptissimum
1872 2674 2098 2739 nostris,
2122 2688 2153 2728 e

544 2779 737 2824 nostro
771 2768 947 2823 latere
978 2766 1309 2822 destinatum
1324 2764 1556 2819 videatis
1585 2780 1710 2820 esse
1736 2766 1995 2832 directas,
2020 2780 2148 2819 con-

545 2859 862 2927 venientes,
881 2868 940 2915 ut
962 2858 1251 2924 condecet,
1272 2858 1493 2923 fratres,
1523 2859 1744 2927 nequis,
1768 2859 1957 2914 volens
1974 2859 2027 2912 in
2051 2873 2152 2914 no-

544 2964 659 3010 stra
682 2954 1065 3010 communione
1096 2951 1323 3019 durare,
1371 2950 1559 3005 fratris
1604 2959 1660 3005 et.
1689 2951 2002 3020 coepiscopi
2056 2967 2153 3006 no-

544 3048 647 3104 stri
676 3047 961 3117 Perigenis
997 3048 1195 3101 iterum
1229 3044 1296 3098 ad
1343 3043 1750 3098 discutiendum
1804 3043 1857 3096 in
1912 3043 2152 3098 medium

549 3156 750 3197 nomen
783 3140 1059 3196 adducat:
1103 3138 1262 3209 cujus
1312 3135 1680 3191 sacerdotium
1726 3136 2011 3206 apostolus
2051 3135 2153 3191 Pe-
2180 3126 2226 3189 C

615 3270 643 3297 ει
668 3257 818 3313 Istud
845 3256 1078 3324 contigit
1106 3253 1360 3323 proxime
1389 3262 1512 3324 post
1537 3252 1943 3307 ordinationem
1976 3252 2146 3309 Joan-

550 3332 636 3387 nis
659 3323 1085 3395 Constantinop.
1107 3326 1370 3393 episcopi.
1397 3323 1551 3378 Tunc
1587 3326 1729 3378 cnim
1763 3327 2015 3391 Aeacius,
2048 3324 2149 3378 Be-

552 3416 687 3458 roeze
708 3404 1020 3470 episcopus,
1054 3412 1158 3470 una
1184 3411 1306 3470 cum
1342 3396 1548 3470 Isidoro
1575 3395 1859 3470 eialiquot
1885 3396 2007 3470 aliis
2030 3410 2154 3465 pre-

555 3466 790 3543 sbyteris
812 3487 875 3525 ac
902 3466 1151 3543 diaconis
1178 3466 1569 3543 Antiochensis
1587 3466 1889 3543 _Ecc|e_si:e,
1923 3466 2153 3520 Romam

554 3537 808 3603 veniens,
840 3557 948 3595 non
979 3541 1155 3594 solum
1191 3538 1556 3592 ordinationis
1578 3537 1805 3591 Joannis
1837 3538 2148 3603 decretum,

557 3616 653 3671 sed
679 3625 735 3669 et
765 3612 1009 3667 Flaviani
1037 3627 1154 3665 cum
1192 3608 1484 3677 Theophila
1515 3611 1958 3674 communionem,
1992 3619 2049 3662 ut
2073 3609 2153 3662 lo-

560 3689 748 3757 quitur
780 3683 1056 3739 Palladius
1088 3683 1138 3736 in
1170 3682 1301 3757 dial.
1335 3696 1464 3752 pag.
1499 3681 1817 3757 5l,_attulit_.
1838 3681 1971 3757 _llac
1995 3695 2156 3734 occa-

561 3750 717 3815 sione
743 3758 1022 3811 Romanus
1051 3752 1291 3819 pontifex
1332 3750 1520 3822 pacem
1545 3768 1572 3803 a
1602 3750 1910 3818 Theophilo
1935 3766 2157 3821 compo-

564 3831 731 3884 sitam
749 3828 967 3897 scriptis
998 3825 1065 3880 ad
1090 3823 1413 3897 Flavianum,
1436 3824 1577 3897 datis
1607 3824 1979 3897 confirmavit.
2031 3823 2158 3876 Ηωε

564 3912 748 3955 autem
773 3895 972 3966 scripta
999 3897 1083 3951 vel
1105 3895 1304 3952 Siricio
1334 3896 1419 3949 vel
1445 3895 1563 3964 ejus
1589 3895 1895 3966 successori
1929 3897 2158 3966 Anasta-

565 3974 650 4027 sio
682 3963 1029 4026 attribuenda
1055 3984 1196 4027 esse,
1220 3981 1405 4035 supra,
1436 3963 1559 4034 pag.
1587 3966 1712 4027 707,
1739 3963 1869 4035 §l4,
1897 3965 2158 4019 observa-

566 4044 767 4097 vimus.
801 4042 1003 4096 Recole
1031 4051 1085 4094 et
1111 4053 1232 4106 qua:
1259 4036 1421 4098 ibid.,
1450 4036 1477 4106 §
1512 4037 1600 4097 15,
1625 4052 1685 4090 ea
1717 4038 1785 4089 de
1813 4052 1871 4089 re
1899 4035 2161 4090 disserui-

573 4129 715 4168 mus.
752 4112 887 4166 Huic
928 4110 1173 4164 Flaviani
1205 4109 1460 4175 cxemplo
1489 4106 1726 4175 adjicere
1758 4107 2022 4174 potuisset
2063 4106 2163 4160 Bo-

573 4184 807 4238 nifacius
827 4182 1058 4236 alterum
1085 4179 1394 4249 Porphyrii,
1425 4180 1518 4247 qui
1542 4193 1663 4231 cum
1695 4177 1855 4246 paulo
1874 4189 1995 4244 post
2020 4178 2165 4246 ejus-

572 4256 699 4309 dem
747 4252 996 4308 Flaviani
1026 4252 1135 4304 vita
1165 4249 1337 4302 functi
1384 4251 1563 4302 locum
1616 4261 1959 4314 usurpasset,
2021 4258 2165 4305 teste

572 4324 821 4380 Palladio
847 4323 978 4378 dial.
1009 4337 1132 4392 pag.
1164 4319 1288 4383 Ml,
1319 4320 1386 4392 ad
1404 4319 1699 4392 Romanam
1730 4318 2166 4373 Ecclesiamscri-

574 4397 701 4464 psit,
734 4406 781 4449 et
806 4390 1051 4460 responso
1075 4392 1262 4464 dignus
1291 4390 1495 4464 habitus
1517 4407 1621 4464 non
1650 4393 1785 4460 fuit;
1831 4395 1955 4464 quia
1989 4394 2168 4445 nimi-

574 4462 717 4531 rum,
764 4476 820 4519 ut
851 4466 994 4519 idem
1026 4462 1298 4517 Palladius
1324 4462 1533 4530 pag.28
1557 4470 1762 4528 narrat,
1783 4463 2168 4516 ordinationem

576 4541 687 4611 ejus
722 4536 1011 4611 contrajus
1028 4544 1074 4590 et
1101 4534 1182 4611 fas
1206 4537 1417 4611 lactant
1452 4532 1685 4611 Romano
1719 4533 1980 4611 pontiﬁci_
2006 4533 2169 4587 Inuo-

572 4602 756 4665 centio
792 4602 1180 4662 Antiochensis
1204 4602 1467 4659 Ecclesia:
1493 4605 1797 4675 presbyteri
1832 4604 2165 4659 nuntiarant.

572 4680 729 4737 Unde
758 4681 926 4751 liquet
950 4679 1114 4732 simul
1146 4677 1599 4751 et_PorpIiyrintu
1649 4690 1874 4751 operam
1923 4676 2163 4751 dedisse,

576 4759 635 4805 ut
662 4746 1007 4807 Innocentius
1028 4764 1182 4804 suam
1211 4748 1383 4817 ipsius
1430 4746 1831 4801 Ordinationem
1868 4758 2039 4801 ratam
2066 4746 2165 4800 ha-

572 4822 749 4891 beret,
771 4830 827 4877 et
852 4822 1224 4876 Antiochenos
1248 4820 1598 4889 presbyteros
1627 4818 1862 4881 cavisse,
1898 4834 1966 4873 ne
2019 4820 2160 4874 idem

2257 1835 2563 1901 notionem,
2595 1851 2957 1908 quaecumque
2996 1837 3298 1907 cognitioni
3332 1837 3455 1908 ejus
3502 1853 3697 1895 rerum
3744 1852 3865 1894 cur-

2255 1943 2350 1984 sus
2377 1939 2432 1984 et
2460 1929 2595 1983 ordo
2624 1930 2963 1985 monstrarit.

2327 2023 2380 2076 9.
2425 2020 2558 2078 Illud
2589 2021 2777 2087 etiam,
2807 2023 3067 2092 quoniam
3111 2022 3413 2078 auctoritas
3464 2030 3665 2077 nostra
3713 2035 3860 2077 com-

2256 2115 2562 2171 monitione
2594 2116 2754 2170 solita
2784 2130 2978 2171 vacare
3005 2132 3113 2171 non
3145 2116 3333 2182 debet,
3362 2115 3661 2171 hortamur
3686 2124 3743 2171 et
3781 2130 3862 2171 re-

2255 2211 2428 2281 petito
2459 2210 2659 2279 saepius
2689 2224 2947 2264 sermone
2975 2209 3340 2279 praecipimus,
3393 2218 3454 2264 ιη
3499 2211 3556 2265 in
3608 2208 3861 2264 omnibus

2256 2302 2383 2357 huic
2410 2302 2531 2356 viro
2573 2301 2944 2356 obedientiam
2976 2301 3429 2371 dispositionibus
3456 2301 3852 2357 commodetis.

2254 2392 2466 2459 Nullus,
2498 2402 2558 2447 ut
2600 2392 2918 2463 frequenter
2946 2392 3219 2458 diximus,
3262 2394 3497 2464 alicujus
3552 2394 3860 2449 ordinatio-

2257 2502 2381 2543 nem
2418 2490 2555 2542 citra
2606 2487 2722 2558 ejus
2752 2488 3150 2542 conscientiam
3198 2486 3487 2543 celebrare
3533 2494 3856 2558 praesumat,

2256 2584 2367 2647 cui,
2399 2591 2461 2637 ut
2485 2596 2647 2650 supra
2683 2581 2891 2636 dictum
2923 2590 3026 2648 est,
3078 2582 3196 2637 vice
3238 2591 3422 2636 nostra
3468 2590 3676 2638 cuncta
3719 2595 3862 2636 com-

2256 2675 2544 2729 mittimus.
2581 2674 2697 2730 Sibi
2728 2683 2881 2730 certe
2930 2674 3093 2745 hujus
3122 2674 3573 2745 praesumptionis
3615 2682 3860 2729 auctores

2256 2767 2607 2839 imputabant
2629 2768 2681 2823 in
2708 2778 3013 2840 posterum,
3041 2784 3165 2825 cum
3195 2784 3254 2825 se
3276 2768 3520 2824 viderint
3541 2765 3859 2839 apostolica

2256 2861 2539 2917 charitatis
2566 2871 2837 2918 extorres.
2874 2862 3007 2917 Data
3055 2877 3087 2915 ν
3120 2862 3242 2917 idus
3294 2861 3518 2917 Martias
3569 2859 3759 2933 (Mart.
3794 2858 3852 2912 11

2257 2970 2383 3007 αηη.
2419 2953 2571 3025 422),
2634 2952 2877 3009 Honorio
2924 2968 3019 3007 xm
3056 2962 3113 3009 ct
3152 2952 3467 3009 Theodosio
3511 2969 3548 3008 x
3595 2948 3854 3021 AuguStis

2257 3046 2595 3101 consulibus.

2253 3267 2391 3324 papa
2414 3253 2560 3307 illam
2585 3252 2920 3308 admitteret.

2322 3319 2349 3362 ῐ)
2382 3326 2456 3378 De
2490 3328 2588 3379 liae
2616 3325 2886 3395 legatione
2902 3325 3037 3379 nihil
3069 3325 3215 3394 apud
3253 3324 3673 3382 ecclesiasticos
3719 3319 3857 3395 scri-

2252 3404 2439 3465 ptores
2470 3393 2703 3463 legimus
2737 3396 3017 3451 memoriae
3046 3393 3382 3451 mandatum.
3418 3397 3661 3451 Tantum
3695 3393 3855 3448 habe-

2254 3482 2375 3521 mus
2403 3481 2589 3536 supra,
2629 3483 2749 3537 pag.
2799 3467 2942 3531 567,
2990 3470 3184 3539 synodi
3236 3466 3859 3537 ConstantinOpolitzina:

2255 3540 2546 3607 epistolam
2577 3538 2889 3593 Theodosio
2941 3538 3075 3607 imp.
3132 3549 3404 3607 przcsentc
3459 3540 3853 3607 coiiscriptani,

2256 3625 2361 3678 qua
2394 3610 2657 3664 Damasus
2683 3617 2739 3664 et
2759 3611 2890 3664 socii
2913 3610 2982 3663 de
3010 3610 3252 3666 Nectarii
3277 3611 3633 3665 ordinatione
3663 3608 3858 3663 certio-

2258 3696 2349 3734 res
2377 3680 2530 3749 fiunt,
2563 3696 2626 3735 ac
2648 3681 2716 3735 de
2739 3682 2829 3735 illa
2859 3682 3125 3751 gratulari
3178 3694 3466 3748 r0gautur.
3523 3682 3695 3737 Forte
3738 3689 3855 3731 cum

2260 3751 2312 3805 id
2346 3751 2595 3806 differret
2626 3750 2908 3817 Damasus,
2945 3752 3282 3807 existimavit
3310 3752 3614 3822 Imperator
3659 3750 3853 3822 forma-

2260 3829 2392 3894 tam,
2426 3838 2586 3889 quam
2608 3824 2921 3892 expetebat,
2965 3823 3204 3878 solemni
3258 3821 3535 3894 legatione
3568 3821 3850 3893 postulan-

2262 3893 2407 3948 dum.
2442 3895 2539 3949 [lic
2570 3894 2807 3963 formata:
2846 3895 3066 3950 nomine
3089 3894 3469 3964 intelliguntur
3493 3895 3696 3951 littera:
3712 3903 3857 3964 com-

2264 3968 2542 4020 munionis
2571 3962 2808 4031 indices,
2842 3966 3040 4035 quibus
3066 3962 3303 4021 recentis
3348 3967 3593 4035 episcopi
3636 3962 3852 4019 ordina-

2266 4036 2340 4089 tio
2366 4038 2736 4106 approbatur;
2769 4038 3015 4103 quamvis
3048 4037 3150 4091 hoc
3184 4038 3453 4092 vocabulo
3501 4036 3732 4105 intelligi
3763 4045 3848 4106 so-

2266 4104 2416 4161 leant
2442 4109 2633 4162 littera:
2678 4108 2835 4179 laicis
2860 4109 2945 4162 vel
2980 4109 3197 4163 clericis
3253 4124 3479 4179 peregre
3531 4104 3853 4179 abeuntibus

2268 4178 2431 4245 data),
2458 4189 2513 4233 ut
2541 4194 2732 4234 eorum
2770 4177 2898 4233 fidei
2939 4180 3024 4234 vel
3063 4180 3271 4235 ordinis
3306 4177 3407 4235 seu
3450 4180 3657 4250 gradus
3679 4178 3855 4233 essent

2272 4258 2461 4305 testes.

2346 4332 2366 4359 ε
2394 4320 2709 4393 Legendum
2734 4320 2901 4387 forte,
2935 4337 2999 4376 ne
3029 4322 3351 4376 audientiam
3381 4319 3586 4392 penitus
3614 4317 3852 4379 incidere,

2271 4391 2373 4464 hoc
2400 4391 2567 4448 verbo
2597 4395 2773 4462 posito
2812 4408 2912 4461 pro
2943 4392 3225 4449 abscidere
3257 4409 3321 4448 ac
3352 4391 3574 4464 negare.

2342 4461 2367 4499 ά
2403 4461 2644 4520 Subinde
2678 4464 2811 4528 Leo,
2850 4463 3013 4533 epist.
3044 4466 3131 4529 12,
3157 4466 3224 4519 ad
3285 4461 3641 4521 Anastasium
3665 4505 3679 4529 ,
3710 4471 3851 4533 num:

2276 4535 2363 4597 14,
2390 4536 2534 4589 hunc
2558 4524 2807 4604 judicum'
2852 4524 3129 4591 delectum
3150 4552 3255 4591 non
3286 4538 3381 4591 uni
3418 4524 3737 4594 Anastasio.
3758 4524 3849 4583 sed

2274 4605 2708 4675 metrOpolitanis
2785 4608 3057 4674 permisit.
3126 4607 3327 4662 Verum
3401 4606 3506 4663 hoc
3576 4608 3847 4663 decretum

2267 4677 2438 4732 edidit
2464 4678 2573 4733 Leo
2599 4686 2884 4746 postquam
2916 4676 3239 4735 Anastasius
3266 4694 3532 4735 concessa
3566 4679 3669 4734 sibi
3700 4680 3846 4746 pote-

2264 4758 2408 4803 state
2431 4749 2632 4803 abusus
2658 4756 2827 4805 esset.

568 5132 574 5147 λ
1514 5052 1523 5057 -
1744 4992 2721 5109 Διίιιιιιπυικ

580 5168 828 5295 AD
904 5159 1874 5290 EPISTOLAS
1930 5161 2053 5285 S.
2104 5164 2171 5285 ]Ξ

2256 5159 3055 5292 DNIFACII
3151 5168 3199 5291 Ι
3288 5160 3836 5295 PAP/E.

1964 5338 2447 5422 NOTITIA

1047 5452 1449 5508 SCRIPTORUM
1473 5451 1596 5503 NON
1621 5450 2037 5503 EXSTANTIUM
2061 5452 2209 5513 QU/E
2231 5453 2320 5503 AD
2343 5453 2739 5507 BONIFACIUM
2761 5455 2785 5507 Ι
2808 5457 3030 5511 PAPAM
3057 5455 3400 5511 ATTINENT.

2031 5566 2390 5582 —

626 5727 676 5785 1.
699 5727 832 5784 Ante
850 5745 1070 5785 mensem
1087 5723 1308 5784 Iunium
1328 5729 1453 5784 anni
1482 5727 1609 5797 419,
1643 5726 1931 5785 Valentiam
1956 5730 2144 5785 civita-

2262 5636 2329 5690 tis
2350 5636 2525 5692 clerici
2558 5639 2888 5710 Bonifacinm
2914 5650 3283 5709 convenerunt,
3335 5641 3480 5712 eique
3528 5636 3846 5713 porrexerunt

2259 5727 2491 5785 libellum
2511 5732 2753 5789 adversus
2775 5733 3092 5801 Maximum,
3110 5735 3339 5806 ipsorum
3357 5735 3671 5807 episwpum,
3714 5731 3760 5783 in
3787 5739 3846 5795 (1η
