4206 6174
378 231 483 287 785

653 231 934 290 ΝΘΤΙΤΙΑ
973 234 1410 294 SCRIPTORUM
1452 238 1587 297 NON
1629 241 1965 299 EXSTANT]

2068 244 2077 300 Ι
2118 245 2284 315 QUIE
2325 249 2418 304 AD
2458 250 2518 305 S.
2562 251 2980 311 BONIFACIUM
3023 256 3391 316 ΑΤΊΙΝΕΝΤ.

3579 236 3759 318 πεδ’

368 348 577 403 diversa
606 352 718 421 ejus
744 351 965 405 crimina
996 354 1336 422 exponebant.
1368 355 1696 412 Nominatim
1719 376 1836 413 vero
1862 377 1976 415 eum
2002 363 2056 422 Α
2082 360 2274 431 (Epist.
2327 365 2361 419 5
2387 408 2402 432 ,
2436 383 2489 420 η.
2520 367 2576 439 4)
2631 377 2777 423 luam
2813 387 2921 425 non
2961 372 3179 444 ambigo
3217 375 3541 432 cbarilatem
3588 375 3692 434 hoc

369 442 798 499 Manichaeorum
864 444 1097 517 caligine
1148 449 1456 505 involutum
1512 469 1620 509 esse
1688 466 1977 526 arguentes

369 535 577 609 (Epist.
603 536 670 607 5)
698 579 712 603 ,
748 538 799 592 in
833 540 1213 609 probationem
1245 543 1474 612 objecta:
1508 547 1585 601 rei
1626 558 1777 616 geSta
1813 564 1975 619 syno-

372 630 515 687 dalia
546 632 921 703 proferebant.
954 634 1213 691 Eumdem
1240 656 1441 711 quoque
1471 640 1651 698 lurore
1673 658 1774 697 suo
1808 654 1861 699 et
1892 645 1972 699 iu-

371 738 506 780 sana
548 726 859 782 temeritate
915 726 982 782 ad
1027 730 1373 785 saecularium
1402 732 1647 801 judicutn
1683 736 1975 791 tribunalia

373 817 650 873 subditum
670 820 957 888 quSlionl
978 820 1326 878 ethomicidii
1344 824 1661 880 damnatum
1684 843 1790 881 esse
1803 830 1973 898 gestis

367 910 598 981 prolatis
623 910 677 966 in
705 911 940 967 medium
967 916 1283 968 asserebant.
1315 915 1413 970 His
1437 917 1699 973 addebant
1729 936 1842 973 eum
1864 962 1877 987 ,
1908 922 1971 975 ab

363 1002 529 1073 ipsius
566 1002 829 1072 Bonifacii
872 1005 1227 1062 decessoribus
1266 1008 1500 1079 delegata
1543 1012 1849 1080 provinciali
1878 1030 1967 1066 co-

360 1097 614 1167 gnitione,
629 1114 834 1167 semper
858 1099 1116 1155 decretum
1128 1102 1415 1159 declinasse
1420 1104 1703 1174 judicium,
1720 1122 1780 1160 ac
1804 1108 1969 1161 nihilo

361 1192 534 1245 minus
550 1193 877 1264 episcopatus
899 1194 998 1248 sibi
1024 1210 1211 1251 nomen
1241 1197 1295 1249 in
1319 1198 1546 1268 propria:
1570 1198 1796 1252 civitatis
1824 1201 1967 1272 infa-

361 1287 523 1337 miam
552 1286 661 1339 suis
703 1287 755 1339 in
781 1285 1013 1340 latibulis
1036 1286 1320 1342 vindicare.
1364 1288 1503 1342 Huic
1543 1289 1718 1345 libello
1743 1290 1967 1365 Bonifa-

359 1376 493 1443 cius,
522 1377 747 1447 ‘15junii
776 1378 859 1434 die
885 1380 1014 1434 anni
1041 1380 1171 1446 419,
1194 1382 1476 1453 rescripsit.

426 1562 482 1616 2.
513 1561 666 1618 Circa
702 1581 928 1624 mensem
966 1568 1260 1638 Augustum
1282 1571 1515 1642 ejusdem
1537 1574 1664 1628 anni
1691 1573 1799 1631 419
1825 1618 1839 1641 ,
1871 1592 1961 1631 ac-

354 1658 487 1728 cepit
512 1656 823 1729 Bonifacius
860 1658 1247 1715 Corinthiorum
1274 1680 1450 1731 preces
1478 1707 1493 1732 ,
1530 1668 1714 1736 quibus
1746 1667 1957 1741 Perige-

2081 471 2185 511 non
2211 458 2417 529 absque
2446 460 2814 520 admiratione
2837 509 2850 531 ,
2879 466 3021 534 quod
3049 477 3100 521 et
3129 466 3256 522 huic
3280 466 3586 541 (Perigeni)
3609 468 3693 525 vi-

2079 548 2275 605 demur
2329 562 2571 607 nostram
2620 554 2867 625 paginam
2896 573 3004 611 non
3052 559 3292 624 misisse,
3324 567 3379 614 et
3402 560 3514 630 (seu
3562 563 3685 630 nec)

2078 642 2421 710 supplicibus
2449 644 2786 717 (Corinthiis)
2814 650 3110 718 prmbuisse
3132 666 3471 719 responsum.
3516 650 3687 708 Porro

2078 731 2175 783 hac
2199 732 2448 788 dilatione
2476 753 2725 805 suspensa
2744 749 2853 792 erat
2879 742 3059 793 electio
3086 757 3177 795 seu
3208 751 3437 811 potestas
3464 741 3684 813 Perige-

2077 827 2156 880 nis
2178 844 2197 881 :
2224 829 2309 881 cui
2331 869 2347 896 ,
2376 830 2545 901 inquit
2585 830 2891 903 Bonifacius
2920 833 3114 905 (lbid.)
3134 877 3147 902 ,
3176 836 3244 889 ad
3276 836 3677 904 plenitudinem

2075 920 2509 977 continuationis
2551 927 2902 993 episc0patus
2940 929 3059 994 ejus
3106 929 3207 982 hoc
3238 929 3414 982 solum
3446 930 3678 999 residet,

2074 1013 2214 1082 quod
2236 1024 2453 1069 nostros
2475 1017 2525 1069 in
2556 1018 2768 1072 honore
2794 1034 2894 1073 suo
2923 1019 3161 1073 nondum
3183 1023 3423 1091 suscepit
3456 1022 3675 1078 allatus.

2072 1104 2201 1160 Cum
2248 1108 2407 1175 igitur
2447 1107 2753 1179 Bonifacius
2790 1113 3065 1181 quominus
3103 1112 3379 1181 epistolam
3421 1131 3567 1167 suam
3608 1116 3678 1168 ad

2074 1198 2380 1272 Perigenem
2406 1204 2623 1256 mitteret
2650 1248 2663 1270 ,
2700 1220 2758 1256 eo
2790 1220 2893 1257 uno
2911 1206 3170 1257 detentum
3204 1222 3258 1258 se
3280 1215 3511 1270 testetur,
3536 1208 3677 1274 quod

2072 1292 2241 1347 nullas
2269 1313 2299 1346 a
2324 1294 2464 1361 Rufo
2485 1293 2685 1349 litteras
2713 1298 3030 1366 recepisset;
3060 1297 3429 1369 ambigendum
3450 1314 3553 1351 non
3578 1309 3674 1367 est,

2070 1387 2193 1455 quin
2222 1386 2306 1439 ubi
2328 1388 2547 1441 redditre
2568 1400 2687 1442 sunt
2716 1391 2818 1459 ipsi
2847 1390 2971 1459 Rufi
2992 1392 3200 1455 littera',
3226 1392 3498 1461 confestim
3526 1401 3575 1445 et
3606 1393 3676 1445 ad

2071 1477 2377 1551 Perigenem
2396 1483 2612 1537 dilatam
2634 1485 2903 1555 paginam,
2929 1497 2973 1537 et
2990 1486 3056 1537 ad
3077 1482 3380 1538 Corinthios
3395 1503 3673 1553 responsa,

2067 1574 2299 1642 adeoque
2331 1591 2433 1627 una
2460 1592 2577 1628 cum
2605 1577 2831 1629 secunda
2856 1576 2925 1627 ad
2953 1575 3155 1645 Rufum
3191 1578 3439 1645 epistola,
3462 1580 3679 1635 miserit.

2072 1664 2357 1736 Utrumque
2384 1676 2502 1721 vero
2528 1669 3025 1736 prtcstitumindicat
3049 1669 3127 1721 his
3159 1669 3323 1723 verbis
3356 1684 3376 1724 :
3407 1669 3672 1726 Dedimus

354 1765 473 1802 nem
500 1751 802 1821 episcOpum
824 1762 1051 1805 nontam
1070 1755 1321 1826 accipere,
1354 1773 1508 1826 quam
1531 1760 1772 1825 retinere,
1800 1778 1855 1815 se
1874 1779 1964 1816 cu—
1997 1755 2041 1815 Β
2070 1757 2214 1812 hunc
2260 1759 2525 1835 Ecclesiae
2570 1760 2715 1813 illius
2754 1776 2878 1813 esse
2932 1759 3247 1829 pontiﬁcem
3280 1804 3293 1827 ,
3338 1761 3391 1815 in
3432 1776 3533 1831 qua
3579 1776 3678 1831 per

355 1858 477 1910 pere
502 1842 890 1913 signiﬁcabant.
924 1844 977 1898 Il
984 1845 1028 1899 is
1046 1846 1286 1914 precibus
1310 1850 1637 1910 subiecerant
1658 1855 1820 1906 totius
1844 1871 1966 1924 syn-

354 1933 443 1985 odi
502 1933 753 2000 Achaiw,
818 1951 934 2006 quae
991 1938 1191 2007 pridem
1252 1938 1563 2014 Perigenem
1620 1943 1963 2003 Patrensibus

352 2026 650 2099 episcopum
678 2030 976 2097 ordinarat,
1010 2048 1167 2100 super
1200 2036 1313 2103 ejus
1340 2037 1548 2090 nomine
1572 2038 1820 2105 scriptam
1854 2042 1967 2109 epi-

351 2120 619 2181 stolam,in
639 2137 743 2190 qua
764 2123 1105 2177 ordinationis
1125 2125 1265 2180 illius
1284 2135 1393 2179 tota
1412 2133 1759 2184 enarrabatur
1778 2133 1960 2198 series,

352 2228 415 2266 ac
450 2214 756 2268 nominatim
796 2228 1025 2272 sanctus
1075 2228 1132 2274 et
1175 2220 1413 2275 instituti
1462 2224 1653 2293 optimi
1699 2226 1963 2296 qualitate

353 2306 569 2377 pollens
591 2306 790 2380 (Epist.
827 2310 881 2374 4,
911 2328 965 2365 η.
997 2310 1054 2383 5)
1078 2314 1488 2384 praedicabatur.

1110 2407 1199 2465 III.

423 2494 478 2549 5.
503 2494 827 2567 Bonifacius,
842 2502 1067 2571 acceptis
1087 2501 1477 2561 Corinthiorum
1500 2508 1706 2575 litteris,
1726 2508 1961 2577 Septem-

354 2589 457 2643 bris
490 2589 556 2644 19
581 2589 665 2644 die
684 2592 919 2660 praedicti
944 2596 1072 2647 anni
1093 2594 1201 2654 419
1220 2640 1234 2661 ,
1259 2615 1435 2653 earum
1454 2602 1745 2668 exemﬂum
1761 2601 1829 2655 ad
1849 2601 1961 2655 Ru-

352 2682 463 2752 fum
494 2681 1009 2741 Thessalonicensem
1031 2690 1330 2765 episcOpum
1352 2693 1524 2756 misit,
1555 2692 1852 2747 Corinthios
1884 2695 1959 2747 sic

352 2776 463 2829 voti
489 2778 572 2831 sui
598 2794 751 2845 quam
774 2780 998 2849 primum
1024 2791 1284 2854 compotes
1310 2784 1426 2850 ﬁeri
1442 2788 1674 2854 cupiens,
1693 2795 1749 2838 ut
1772 2787 1825 2838 id
1847 2788 1960 2840 sine

353 2868 481 2939 Ruﬁ
510 2870 715 2937 litteris,
740 2888 855 2943 qute
875 2886 1287 2944 prteconceptam
1310 2878 1373 2929 de
1391 2876 1643 2947 Perigene
1662 2879 1957 2947 Opinionem

355 2964 757 3034 conﬁrmarent,
791 2967 1039 3037 perﬁcere
1084 2969 1326 3022 noluerit.
1374 2968 1480 3025 Sed
1518 2971 1608 3041 qui
1650 2970 1788 3042 Rufo
1838 2981 1959 3025 tunc

353 3058 603 3129 scripsit:
636 3058 901 3114 Nolumus
920 3056 1117 3131 (Epist.
1144 3063 1197 3129 5,
1234 3079 1287 3115 n.
1316 3062 1374 3134 4)
1411 3066 1741 3134 coepisc0po
1768 3074 1958 3121 nostro

2069 1851 2313 1920 singulos
2377 1852 2580 1919 gradus
2640 1854 2978 1921 praeteritam
3026 1868 3248 1923 quoque
3309 1854 3673 1925 transegisset

2068 1952 2283 1999 aetatem
2317 1944 2513 2013 (Epist.
2548 1947 2637 2010 15,
2660 1964 2711 1999 n.
2742 1946 2824 2017 2).
2855 1944 2953 2001 Ubi
2976 1948 3262 2000 notandum
3285 1948 3494 2001 verbum
3516 1948 3672 2002 dedi-

2067 2052 2211 2103 mus,
2241 2039 2379 2109 quod
2411 2040 2729 2108 praecipuam
2755 2040 3035 2109 quamdam
3066 2047 3371 2107 potestatem
3400 2050 3568 2093 sonat.
3602 2038 3673 2092 Et

2064 2131 2120 2184 id
2144 2132 2351 2201 quidem
2391 2138 2523 2186 adeo
2562 2134 2905 2186 necessarium
2948 2132 3236 2199 videbatur,
3269 2142 3326 2185 ut
3372 2149 3527 2203 quam
3578 2133 3669 2186 diu

2065 2224 2278 2278 deerant
2321 2226 2508 2278 littera:
2554 2226 2739 2297 quibus
2782 2225 3089 2292 Bonifacius
3122 2225 3433 2300 Perigenem
3472 2228 3670 2299 episco-

2066 2332 2189 2384 pum
2212 2316 2460 2370 constitui
2488 2318 2687 2387 juberet
2706 2360 2721 2382 ,
2773 2318 2839 2371 ad
2868 2318 3270 2388 plenitudinem
3294 2318 3669 2375 conﬁrmatio~

2066 2408 2151 2462 nis
2181 2409 2533 2479 episcopatus
2561 2411 2683 2479 ejus
2712 2408 2912 2480 aliquid
2941 2411 3188 2466 residere
3201 2411 3560 2482 judicaretur.

2827 2503 2914 2558 Vl.

2136 2597 2190 2651 6.
2226 2596 2343 2651 Una
2385 2597 2649 2669 Bonifacii
2680 2599 2899 2668 epistola
2936 2597 2970 2651 5
2996 2599 3150 2669 plura
3194 2600 3392 2654 indicat
3418 2601 3617 2672 scripta
3651 2648 3665 2672 ,

2061 2704 2179 2759 qua:
2208 2690 2275 2741 ad
2308 2705 2401 2743 nos
2437 2690 2647 2743 minime
2678 2699 3038 2758 pervenerunt.
3078 2688 3145 2743 In
3171 2707 3230 2743 ea
3257 2692 3450 2762 quippe
3482 2709 3675 2745 metuo-

2061 2791 2144 2834 rat
2175 2779 2481 2850 Bonifacius
2520 2780 2645 2849 Ruﬁ
2684 2780 3156 2836 Thessalonicensis
3196 2784 3444 2837 antistitis
3483 2784 3675 2853 episto-

2061 2872 2169 2927 lam
2188 2914 2202 2939 ,
2227 2890 2329 2943 qua
2354 2874 2525 2942 ipsum
2550 2873 2613 2925 de
2633 2874 2905 2927 nonnullis
2934 2874 3001 2927 ad
3036 2873 3392 2928 Ecclesiarum
3412 2874 3509 2928 sibi
3529 2891 3671 2928 com-

2062 2969 2341 3021 missarum
2372 2968 2601 3037 regimen
2634 2968 3002 3036 pertinentibus
3027 2967 3346 3022 consulebat.
3388 2967 3517 3021 Tum
3546 2968 3669 3021 huic

2062 3060 2190 3130 Ruﬁ
2209 3060 2582 3114 consultationi
2609 3059 2855 3114 debitum
2884 3060 3078 3132 (Epist.
3105 3062 3159 3126 5,
3179 3078 3233 3113 n.
3268 3060 3323 3131 1)
3355 3077 3454 3129 pro
3475 3073 3667 3114 causa-

356 3149 606 3221 Perigeni
649 3163 895 3208 nostram
930 3155 1181 3224 paginam
1227 3156 1504 3211 destinare
1556 3159 1708 3227 prius
1735 3204 1749 3225 ,
1797 3175 1958 3228 quam
1989 3137 2035 3200 C
2069 3172 2185 3210 rum
2218 3155 2589 3210 azstimatione
2616 3170 2938 3224 responsum
2958 3154 3161 3209 dedisse
3177 3171 3232 3208 se
3251 3163 3418 3222 notat,
3449 3154 3665 3209 consti-

355 3252 478 3299 tuas
499 3245 587 3317 (de
613 3246 693 3316 eo)
718 3247 1054 3318 accipiamus
1075 3249 1364 3318 epistolas,
1384 3250 1521 3304 idem
1544 3252 1722 3305 statim
1742 3253 1957 3324 adjicit:

357 3340 709 3395 Accelerabis
740 3356 873 3412 ergo
919 3341 973 3396 id
1021 3357 1183 3412 agere
1237 3352 1460 3412 prapter
1487 3344 1823 3399 desiderium
1866 3360 1962 3415 po-

354 3434 697 3488 stulantium.
746 3434 919 3504 Rufus
958 3446 1132 3489 autem
1180 3433 1445 3503 Bonifacii
1485 3436 1763 3491 desideriis
1794 3454 1851 3492 eo
1874 3454 1958 3492 ce-

357 3526 513 3580 lerius
532 3527 709 3599 paruit
740 3536 893 3597 atque
921 3525 1189 3592 libentius,
1217 3527 1356 3597 quod
1379 3543 1479 3581 non
1507 3529 1616 3581 alia
1644 3538 1772 3581 esset
1794 3530 1960 3597 ipsius

356 3629 507 3689 atque
557 3619 950 3675 Corinthiorum
989 3624 1052 3675 de
1100 3620 1355 3691 Perigene
1399 3624 1671 3675 sententia.
1714 3624 1866 3687 Quod
1914 3633 1961 3676 et

355 3710 662 3782 Bonifacius
684 3722 899 3767 testatur
927 3712 1008 3767 his
1030 3715 1223 3768 verbis:
1248 3715 1378 3771 Post
1402 3714 1669 3784 aliquanti
1695 3718 1961 3785 temporis

356 3807 592 3876 spatium
617 3805 815 3877 (Epist.
842 3806 933 3869 15,
959 3822 1013 3860 η.
1031 3806 1090 3876 2)
1118 3821 1287 3876 super
1316 3810 1420 3860 hoc
1444 3807 1691 3875 praedicti
1716 3810 1959 3879 episcopi

360 3902 532 3956 nostri
567 3900 739 3973 (Ruﬁ)
770 3916 892 3971 qua:
924 3900 1225 3970 praemissis
1266 3900 1558 3954 desideriis
1604 3890 1963 3956 convenirent

364 3995 485 4067 (hoc
525 4004 632 4057 est,
663 4010 781 4065 qua!
818 3993 1118 4066 Perigenem
1140 3995 1332 4047 honore
1368 3995 1466 4065 ipsi
1507 3995 1679 4047 delato
1714 3994 1963 4065 dignissi-

360 4086 965 4156 mumtestificarenlur),
991 4086 1195 4156 scripta
1220 4095 1511 4142 venerunt.
1528 4087 1757 4159 Sedjttec
1777 4087 1846 4139 ad
1870 4103 1963 4142 nos

360 4198 463 4236 non
492 4193 854 4254 pervenerunt.

1110 4275 1201 4332 IV.

428 4366 483 4421 4.
530 4367 722 4423 Statim
768 4376 821 4421 ut
851 4366 1157 4438 Bonifacius
1185 4368 1248 4420 de
1277 4367 1548 4437 Perigenis
1580 4369 1769 4422 merito
1807 4368 1965 4423 etiam

360 4460 485 4530 Ruﬁ
517 4463 805 4515 testimonio
839 4462 1026 4515 certior
1050 4462 1219 4531 factus
1244 4470 1346 4526 est,
1400 4460 1682 4513 secundam
1714 4460 1783 4513 ad
1815 4477 1962 4513 eum-

358 4556 475 4608 dem
512 4554 707 4625 Rufum
740 4555 948 4623 scripsit
988 4554 1283 4623 epistolam,
1326 4570 1429 4619 qua
1463 4570 1613 4606 suam
1654 4555 1701 4607 ei
1730 4554 1890 4607 vicem
1916 4567 1963 4608 et

358 4650 719 4703 auctoritatem
768 4648 835 4703 ad
879 4648 1184 4718 Perigenem
1232 4646 1623 4701 Corinthiorum
1662 4648 1964 4717 episcopum

361 4746 778 4799 constituendum
806 4744 1177 4799 demandabat.
1208 4742 1364 4797 Hanc
1391 4743 1682 4814 epistolam,
1710 4760 1869 4811 quant
1898 4744 1965 4796 ad

359 4839 552 4893 exitum
574 4838 698 4891 anni
716 4838 842 4904 419,
865 4847 958 4890 aut
977 4837 1044 4889 ad
1063 4836 1269 4889 initium
1287 4839 1413 4887 anni
1430 4834 1555 4899 420,
1578 4835 1763 4903 referri
1790 4851 1963 4888 rerum

361 4940 629 5003 gestarum
674 4933 830 4985 series
858 4931 1120 5002 postulat,
1162 4928 1329 4982 noluit
1374 4926 1678 4997 Bonifacius
1724 4927 1961 4993 mittere,

361 5026 484 5093 quin
517 5033 795 5078 convocato
830 5022 984 5077 Urbis
1022 5022 1161 5076 clero
1205 5020 1486 5091 praelecta,
1540 5020 1802 5075 universo
1845 5034 1968 5089 pre-

364 5118 610 5191 sbyterio
637 5118 835 5193 (Epist.
870 5118 960 5181 15,
989 5134 1042 5169 u.
1073 5114 1131 5187 ὅ)
1154 5112 1566 5186 complacuiuet.

1138 5208 1203 5263 V.

438 5308 492 5362 5.
530 5305 860 5375 Bonifacius,
904 5313 1019 5375 post
1060 5312 1328 5371 susceptas
1354 5300 1747 5357 Corinthiorum
1776 5317 1971 5372 preces,

365 5398 495 5470 quid
516 5415 716 5451 summo
735 5400 857 5467 jure
888 5406 1083 5467 posset,
1116 5395 1305 5465 quidve
1330 5394 1395 5448 ab
1422 5395 1537 5463 ipso
1567 5395 1788 5465 exigeret
1817 5394 1974 5449 disci-

367 5492 529 5563 plinae
557 5491 692 5543 ratio
737 5487 1081 5561 perpendens,
1138 5503 1255 5539 cum
1292 5496 1337 5539 et
1378 5485 1446 5537 ad
1477 5485 1775 5542 Corinthios
1815 5499 1860 5542 et
1904 5487 1972 5541 ad

375 5584 686 5655 Perigenem
722 5581 998 5635 rescribere
1020 5621 1033 5645 ,
1074 5594 1292 5648 eumque
1337 5579 1633 5650 episcopum
1660 5580 1978 5635 constituere

377 5672 523 5731 illico
558 5675 843 5747 potuisset,
870 5673 968 5726 hoc
994 5673 1092 5726 sibi
1115 5669 1459 5737 differendum
1490 5672 1659 5727 duxit.
1724 5673 1981 5739 Quocirca

383 5750 461 5820 lic
506 5782 565 5817 ea
608 5769 671 5817 tle
709 5772 763 5811 Ve
823 5765 1015 5825 Rufum
1062 5764 1398 5823 alloquitur:
1443 5764 1755 5819 Intellicerb
1804 5770 1981 5815 miti-in

1202 5904 1231 5929 ο

2065 3257 2222 3304 tuens
2260 3264 2323 3303 ea
2373 3248 2579 3303 debere
2624 3250 2855 3317 servari,
2899 3264 3019 3320 quae
3070 3250 3443 3304 ecclesiastica
3499 3249 3670 3320 exigit

2065 3342 2353 3413 disciplina
2377 3385 2391 3407 ,
2414 3342 2513 3397 hoc
2530 3352 2604 3396 est
2627 3360 2660 3395 a
2684 3344 2934 3397 canonica
2956 3359 3043 3397 seu
3068 3343 3353 3411 apostolica
3384 3342 3667 3407 traditione

2066 3452 2169 3488 non
2190 3435 2535 3489 recedendum
2565 3452 2697 3489 esse.
2739 3436 2913 3491 Simul
2943 3436 3109 3489 eidem
3142 3437 3468 3508 responsioni
3494 3435 3674 3505 plures

2063 3529 2317 3601 adjecisse
2342 3544 2398 3581 se
2428 3528 2574 3580 docet
2602 3528 2803 3581 litteras
2828 3568 2840 3588 ,
2874 3528 2943 3580 ad
2974 3527 3201 3580 diversos
3224 3528 3437 3581 Achaite
3468 3544 3529 3581 ac
3554 3526 3672 3582 Ma-

2065 3622 2294 3676 cedonia:
2318 3621 2582 3693 episc0pos
2608 3621 2733 3687 Ruﬁ
2764 3636 2922 3688 opera
2946 3621 3247 3684 mittendas,
3279 3621 3465 3691 quibus
3497 3636 3664 3690 quem

2065 3717 2337 3771 deberent
2363 3717 2637 3769 tramitem
2672 3713 2956 3767 custodire
2982 3713 3171 3782 (Num.
3197 3710 3254 3781 5)
3278 3712 3664 3783 prcescribebat.

2069 3806 2179 3861 Nec
2219 3816 2347 3859 tacet
2386 3806 2511 3874 quid
2560 3805 2885 3876 rescripserit
2924 3802 3131 3871 Rufus,
3173 3819 3353 3874 nempe
3394 3803 3671 3874 praedictas

2065 3901 2311 3973 epistolas
2342 3900 2409 3952 ad
2432 3900 2667 3969 singulos
2694 3898 2857 3965 fuisse
2887 3898 3148 3964 perlatas,
3179 3907 3225 3949 et
3263 3896 3669 3949 admonitionem

2065 3996 2211 4050 illius
2265 3994 2406 4061 apud
2452 3993 2726 4064 plerosque
2771 3992 3012 4061 quidem,
3061 4006 3122 4041 ac
3173 3990 3481 4043 nominatim
3526 3990 3668 4059 apud

2068 4088 2382 4160 Adelphium
2409 4096 2458 4141 et
2487 4086 2819 4157 Perigenem,
2848 4085 3093 4149 valuisse,
3116 4084 3207 4139 sed
3222 4083 3364 4150 apud
3386 4082 3669 4136 nonnullos

2066 4177 2323 4237 exstitisse
2356 4180 2691 4249 inefﬁcacem.
2728 4177 2793 4230 In
2826 4177 2926 4229 hac
2960 4176 3215 4229 relatione
3256 4176 3325 4228 ad
3369 4176 3668 4247 iujunctum

2070 4275 2306 4344 ofﬁcium
2346 4272 2532 4326 sedulo
2568 4270 2891 4342 implendum
2924 4268 3145 4321 animari
3180 4284 3236 4320 se
3266 4267 3464 4321 dicebat
3500 4267 3670 4337 Rufus

2067 4370 2261 4423 intuitu
2300 4367 2579 4421 beatissimi
2613 4363 2839 4433 apostoli
2881 4361 3046 4426 Petri,
3090 4376 3261 4433 quem,
3301 4360 3525 4430 qualiter
3560 4361 3672 4432 ipse

2067 4477 2255 4515 munus
2275 4476 2430 4513 suum
2460 4459 2645 4524 obiret,
2670 4456 2839 4510 oculis
2866 4464 3149 4507 cernentem
3180 4451 3558 4506 considerabat.

1990 4529 2045 4589 Β
2141 4556 2195 4609 7.
2243 4554 2443 4607 Mutua:
2490 4551 2598 4605 illa,-
2648 4548 2913 4619 Bonifacii
2957 4546 3182 4617 Ruﬁque
3235 4546 3497 4616 epistolas,
3554 4560 3673 4598 cum

2068 4651 2123 4703 in
2154 4665 2259 4701 una
2285 4646 2498 4717 epistola
2524 4645 2555 4697 5
2576 4652 3062 4700 commemorentur,
3097 4640 3331 4709 ejusdem
3350 4636 3585 4708 epistola;
3610 4637 3674 4704 ﬁ-

2066 4756 2183 4793 nem
2204 4740 2289 4801 iis,
2319 4754 2435 4807 qua:
2461 4732 2799 4795 antecedunt,
2833 4730 3139 4783 inconcinne
3170 4728 3417 4781 adsutum
3449 4744 3578 4783 esse.
3623 4737 3674 4780 et

2066 4834 2137 4886 ad
2191 4832 2504 4883 anteriorem
2556 4826 2829 4895 epistolam
2878 4822 3132 4885 pertinere
3181 4820 3345 4891 magis
3396 4835 3458 4871 ac
3510 4819 3676 4891 magis

2067 4926 2329 4979 evincunt.
2366 4920 2548 4990 Neque
2587 4918 2741 4972 aliter
2776 4916 3099 4971 sentiendum
3131 4916 3194 4969 de
3223 4925 3347 4968 nota
3388 4913 3633 4968 chronica
3660 4956 3676 4981 ,

2074 5034 2176 5086 qua
2210 5015 2392 5068 eadem
2420 5010 2642 5083 epistola
2668 5010 2952 5063 clauditur.
2996 5007 3127 5063 Cum
3155 5008 3291 5061 enint
3320 5016 3539 5077 quatuor
3558 5008 3674 5078 epi-

2078 5110 2237 5164 stolas
2273 5107 2547 5180 prtedictas
2583 5106 2781 5158 diverso
2820 5106 2953 5157 inter
2980 5120 3037 5157 se
3064 5113 3291 5173 tempore
3323 5104 3547 5173 scriptas
3570 5118 3680 5157 esse

2079 5204 2409 5273 manifestum
2447 5201 2548 5265 sit,
2580 5216 2681 5269 quo
2722 5209 2872 5269 pacto
2900 5214 2974 5254 ea:
3011 5214 3187 5253 omnes
3226 5213 3332 5251 non
3363 5197 3532 5250 dicam
3561 5203 3687 5250 ante

2082 5296 2433 5369 Septembrem
2460 5295 2584 5347 anni
2602 5294 2731 5361 419,
2747 5293 2838 5347 sed
2861 5302 2908 5346 et
2935 5301 3056 5345 ante
3079 5292 3206 5344 anni
3233 5290 3463 5359 ejusdem
3486 5287 3684 5341 exitum

2078 5392 2234 5446 scribi
2266 5388 2527 5461 potuerint
2556 5433 2569 5457 ,
2610 5388 2654 5441 si
2682 5388 2981 5440 historicum
3010 5385 3345 5438 consulamus
3368 5383 3631 5435 veritatem
3660 5421 3679 5449 ,

2078 5484 2220 5538 haud
2252 5485 2407 5551 facile
2441 5480 2800 5549 percipiemus.
2837 5477 2980 5533 Sane
3006 5478 3109 5529 veri
3140 5486 3214 5529 est
3236 5473 3407 5527 simile
3441 5474 3637 5545 Rufum
3661 5516 3677 5539 ,

2077 5578 2162 5631 ubi
2191 5575 2446 5647 Bonifacii
2474 5583 2763 5640 prceventus
2796 5581 2867 5624 est
2896 5569 3077 5621 litteris
3104 5611 3117 5635 ,
3158 5566 3341 5635 quibus
3382 5565 3563 5621 vicarii
3594 5580 3677 5619 se-

2086 5671 2165 5723 dis
2211 5667 2515 5739 apostolicaa
2546 5665 2776 5736 dignitas
2815 5663 2915 5731 ipsi
2951 5657 3381 5725 conﬁrmabatur,
3424 5670 3543 5713 tunc
3571 5659 3685 5731 pri-'-

2091 5773 2224 5811 mum
2253 5760 2530 5809 recitatum
2554 5768 2661 5807 esse
2688 5764 2745 5805 ut
2790 5753 3020 5803 eumdem
3052 5760 3237 5799 nonam
3266 5751 3579 5802 consideret.
