4096 6192
390 284 412 306 ⁹
467 285 571 344 ’187

1219 397 1330 452 VII.

545 496 597 550 8.
643 493 878 548 Vidimus
904 508 1064 564 supra
1088 530 1102 555 ,
1135 491 1282 563 epist.
1313 491 1380 558 ‘2,
1411 490 1566 560 Afros
1605 492 1674 545 ad
1716 491 2074 547 Ecclesiarum

471 588 823 652 orientalium,
859 585 1230 640 Alexandrina:
1257 587 1478 653 scilicet,
1511 586 1844 642 Antiocheam
1863 597 1911 642 et
1935 586 2073 641 Con-

470 681 975 749 stantinopolitante,
1024 678 1277 750 praesules
1321 678 1616 748 scripsisse,
1645 696 1748 749 quo
1778 679 1840 732 ab
1868 681 1942 733 eis
1971 697 2071 734 au—

470 774 699 830 thentico
737 772 968 827 Nica'na:
997 772 1186 842 synodi
1215 772 1534 839 exemplaria
1563 782 1812 841 peterent.
1842 771 1962 828 Soli
1993 788 2074 825 re-

471 869 738 941 scripsisse
764 869 1007 940 leguntur
1034 869 1290 923 antistites
1318 868 1706 922 Alexandrinus
1734 876 1782 922 et
1813 865 2076 922 Constan-

471 962 871 1034 tinopolitanus.
918 960 1130 1028 Scripta
1173 957 1270 1014 illa
1328 977 1444 1013 cum
1495 959 1784 1031 Dionysius
1840 959 2076 1031 Exiguus

472 1054 768 1109 collectioni
791 1070 923 1118 suat,
959 1064 1068 1106 tum
1098 1053 1212 1122 Afri
1241 1052 1419 1109 Codici
1449 1071 1566 1106 can.
1599 1052 1728 1106 eccl.
1766 1051 1910 1123 Afra,
1951 1068 2073 1121 cap.

475 1147 604 1214 153,
633 1147 736 1202 156
765 1159 811 1222 et
841 1148 963 1212 157,
985 1149 1332 1201 inseruerunt.
1356 1148 1425 1200 Et
1453 1147 1611 1217 hujus
1633 1147 1839 1217 quidem
1873 1146 2079 1200 Codicis

477 1241 639 1312 capiti
691 1241 793 1295 i55
832 1241 896 1294 iis
936 1241 1227 1312 prie/igitur
1271 1239 1358 1293 ltic
1393 1239 1575 1294 titulus
1621 1255 1639 1293 :
1681 1236 1954 1308 Incipiunt
1994 1254 2082 1293 re-

477 1335 678 1404 scripta
711 1333 780 1388 ad
811 1333 1105 1388 concilium
1128 1334 1444 1388 Africanum
1491 1333 1684 1404 Cyrilli
1719 1330 2084 1388 Alexandrini

477 1427 752 1496 episcOpi,
783 1425 877 1480 ubi
909 1425 1222 1481 authentico
1242 1425 1460 1480 concilii
1489 1423 1695 1478 Nicseni
1728 1423 1992 1478 translata
2013 1421 2083 1478 de

479 1519 695 1586 Graeco,
725 1518 1216 1588 perlnnoccntium
1238 1517 1614 1588 presbyterum
1643 1514 2082 1570 transmiserunt:

481 1629 601 1684 quae
629 1615 794 1668 etiam
825 1613 1074 1681 epistula:
1099 1627 1224 1667 cum
1256 1613 1448 1666 eodem
1477 1609 1712 1664 concilio
1735 1606 1956 1663 Nicmno
1989 1621 2084 1677 per

483 1719 846 1761 memoratum
868 1706 1256 1776 prmsbyterum
1279 1704 1656 1761 innocentium
1674 1716 1731 1760 et
1746 1701 2082 1768 Marcellum,

1261 275 1606 334 APPENDIX
1643 277 1736 333 AD
1787 278 2164 338 EPISTOLNS
2200 282 2256 335 8.
2297 275 2640 336 BONIFAC'II
2675 279 2716 344 i,
2761 278 2978 336 PAPE.

3675 277 3781 344 7s8

2094 401 2145 462 Α
2173 398 2242 454 ad
2272 397 2605 469 Bonifacium
2644 400 2958 453 transmissa
2981 411 3137 467 sunt,
3167 402 3454 458 etiamnum
3503 405 3559 459 in
3594 405 3785 462 (lodice

2181 493 2453 564 Africano,
2485 508 2602 562 cap.
2635 492 2739 548 155
2761 501 2809 545 et
2833 493 2958 558 156,
2983 505 3338 550 asservantur.

2681 597 2684 600 '
2910 585 3045 640 VIII.

2250 680 2339 736 i0.
2381 677 2533 733 Circa
2574 679 2769 732 exitum
2818 680 2942 733 anni
2989 678 3120 742 421,
3174 678 3487 736 Lutubensis
3534 681 3786 738 Ecclesia

2177 774 2345 828 clerus
2375 789 2435 828 ac
2469 771 2693 844 populus
2732 789 2910 844 preces
2939 772 3008 826 ad
3046 773 3382 846 Bonifacius
3411 790 3605 847 papam
3630 780 3788 834 mise-

2179 876 2320 932 runt,
2340 864 2528 937 quibus
2547 864 2611 917 de
2637 865 2882 920 Patroclo
2903 865 3196 922 Arelatensi
3217 869 3459 940 episcOpo
3483 872 3788 942 “postula-

2182 959 2324 1024 bant,
2348 960 2509 1031 quod,
2545 959 2810 1028 petitione
2841 973 2936 1012 sua
2963 969 3235 1026 cessante,
3271 978 3359 1016 seu
3382 979 3437 1017 se
3472 977 3578 1017 non
3606 974 3789 1035 peten-

2179 1054 2351 1121 tibus,
2406 1054 2458 1107 in
2508 1053 2687 1108 locum
2737 1052 3056 1108 decedentis
3095 1055 3339 1125 episcopi
3391 1057 3578 1112 nescio
3619 1069 3791 1126 quem

2184 1149 2237 1202 in
2261 1147 2439 1201 aliena
2478 1146 2768 1214 provincia
2796 1147 3170 1215 praetermisso
3196 1146 3624 1218 metropatitsno
3644 1163 3786 1203 eon-

2184 1250 2265 1293 tra
2308 1239 2527 1294 Patrum
2583 1238 2798 1307 regulas
2835 1237 3166 1293 ordinasset.
3221 1237 3363 1292 Hinc
3414 1240 3538 1293 data
3583 1241 3792 1294 occasio

2185 1331 2417 1402 epistolas
2452 1330 2520 1384 η
2551 1327 2812 1399 Bonifacii
2844 1329 3121 1384 Februarii
3151 1330 3186 1386 9
3212 1331 3297 1386 die
3327 1332 3456 1386 anni
3482 1331 3590 1387 “2
3615 1334 3792 1388 consi-

2185 1438 2375 1496 gnatm.

2933 1521 3025 1576 IX.

2263 1618 2350 1672 11.
2380 1615 2506 1670 Non
2533 1617 2699 1669 multo
2727 1622 2864 1684 post,
2895 1613 3202 1686 Bonifacius
3237 1615 3485 1679 Perrevii,
3518 1613 3791 1668 Pharsalii

2189 1727 2280 1763 seu
2305 1706 2728 1763 Thessalicorum
2758 1708 2985 1762 saltuum
3013 1708 3265 1777 episcopi,
3297 1706 3526 1761 libellum
3569 1708 3790 1778 accepit,

481 1800 874 1854 s'tbdiacontttn
911 1800 1166 1854 Ecclesiae
1191 1799 1663 1869 Carthaginensis,
1699 1806 1887 1850 sancto
1924 1795 2088 1848 Boni-
2119 1796 2168 1857 B
2195 1801 2246 1854 in
2276 1818 2376 1870 quo
2407 1800 2472 1852 de
2500 1800 2755 1870 episcopis
2790 1800 3073 1867 provincia
3115 1815 3224 1854 suae
3269 1799 3599 1870 querebatur,
3653 1799 3793 1864 quod

481 1892 650 1958 facio,
676 1893 934 1961 episcopo
957 1893 1216 1946 Ecclesia)
1244 1891 1529 1956 Romanae,
1550 1891 1651 1945 sub
1672 1890 1762 1944 die
1777 1904 1832 1942 γι
1852 1887 1961 1942 kal.
1989 1887 2088 1942 De-

483 1987 720 2042 cembris
748 1994 874 2040 sunt
902 1986 1146 2040 directze.
1179 1986 1349 2056 Capiti
1373 1995 1549 2039 autem
1579 1986 1680 2040 157
1709 1983 1818 2038 hazc
1851 1983 2086 2052 praemit-

487 2090 667 2134 tuntur
694 2096 710 2133 :
739 2079 1008 2149 Incipiunt
1039 2081 1374 2150 exemplaria
1403 2079 1622 2134 concilii
1646 2076 1849 2132 Nicmni
1881 2078 2087 2134 directa

487 2175 591 2229 sub
609 2174 699 2229 die
723 2190 772 2229 v1
804 2174 913 2228 kal.
951 2175 1263 2229 Decembris
1295 2185 1414 2243 post
1441 2174 1786 2229 consulatum
1815 2174 2091 2244 gloriosis-

490 2267 752 2322 simormn
795 2267 1188 2335 imperatorum
1223 2267 1447 2322 Iionorii
1483 2282 1556 2321 xtl
1595 2277 1647 2321 et
1678 2265 1973 2320 Theodosii
1997 2280 2091 2321 Vill

487 2359 689 2430 Augg.,
711 2359 990 2414 Bonifacio
1017 2360 1166 2414 urbis
1191 2359 1380 2414 Romus
1397 2360 1678 2429 episcopo.
1701 2357 1833 2412 Tum
1858 2359 2092 2429 sequitur

493 2449 702 2505 Nictcni
730 2453 940 2505 concilii
985 2452 1154 2521 ﬁdes,
1197 2454 1280 2505 cui
1317 2452 1428 2507 licet:
1467 2451 1743 2522 subjicitur
1781 2451 2093 2504 annotatio:

491 2543 630 2600 Huic
682 2547 933 2617 symbolo
978 2548 1102 2601 iidei
1151 2548 1315 2601 etiam
1375 2548 1709 2616 exemplaria
1763 2554 2092 2602 statutorum

493 2638 740 2706 ejusdem
763 2641 985 2694 concilii
1005 2637 1255 2694 Nicmni'a
1283 2641 1598 2695 memoratis
1629 2638 1983 2708 pontiﬁcibus
2007 2655 2095 2693 ειη-

494 2749 633 2788 nexa
664 2742 823 2799 sunt,
865 2733 1002 2788 sicut
1051 2735 1301 2804 superius
1354 2749 1451 2803 per
1481 2733 1664 2788 omnia
1699 2734 2050 2789 continentur
2077 2773 2092 2798 ,

495 2840 614 2894 qua:
643 2840 745 2879 nos
780 2823 867 2878 ltic
891 2827 1086 2879 iterum
1120 2825 1394 2880 conscribi
1424 2825 1793 2881 necessarium
1822 2841 1927 2880 non
1969 2839 2096 2880 esse

496 2918 854 2974 credidimus.
903 2917 1090 2972 Verum
1117 2929 1309 2972 statuta
1341 2918 1434 2972 illa
1464 2935 1555 2971 seu
1593 2933 1837 2984 canones,
1878 2933 2098 2988 quarunt

497 3028 655 3065 causa
685 3011 976 3065 Orientairs
1019 3009 1278 3063 Ecclesias
1310 3011 1409 3064 sibi
1435 3010 1777 3064 consulendos
1827 3010 1941 3079 Afri
1973 3025 2097 3064 cen-

495 3113 740 3163 suerunt,
778 3119 879 3154 non
915 3101 1066 3154 modo
1097 3103 1178 3154 ltic
1200 3113 1322 3155 sunt
1355 3101 1701 3172 prtutermissa
1727 3141 1742 3165 ,
1770 3101 1860 3153 sed
1889 3101 2044 3155 etiam
2075 3115 2102 3153 ο

2187 1893 2290 1962 ipsi
2315 1890 2519 1945 molesti
2545 1900 2728 1949 essent.
2749 1890 2879 1943 adeo
2901 1899 3088 1945 utemn
3106 1891 3344 1945 ecclesia
3364 1905 3459 1944 sua
3479 1889 3794 1960 pellendum

2189 1999 2311 2041 esse
2350 1981 2682 2037 crediderint
2711 1980 3003 2052 (Epist.l5,
3031 1989 3084 2034 n'.
3109 1981 3188 2052 3).
3215 1981 3349 2035 Tum
3379 1983 3422 2035 is
3443 1995 3579 2054 papa
3615 1995 3795 2036 causa

2191 2077 2349 2150 hujus
2377 2077 2721 2149 cognitionem
2754 2075 2894 2146 Rufo
2923 2077 3216 2142 committit,
3249 2077 3313 2129 ab
3336 2091 3495 2145 eoque
3517 2078 3794 2144 prcdictos

2192 2171 2460 2241 episcOpos
2489 2170 2562 2222 sic
2589 2169 2851 2226 conveniri
2877 2171 3040 2236 iubet,
3095 2180 3152 2222 ut
3211 2169 3517 2238 intelligant
3568 2167 3613 2221 si
3662 2166 3798 2236 quid

2193 2277 2223 2317 a
2267 2277 2326 2318 se
2380 2261 2576 2317 factum
2601 2271 2686 2316 est
2717 2270 2903 2316 contra
2953 2261 3426 2326 consuetudinem,
3483 2262 3629 2330 prius
3672 2274 3802 2316 esse

2195 2356 2542 2411 cessandum.
2574 2353 2704 2411 Cum
2734 2363 2906 2410 autem
2937 2371 3108 2410 causa
3144 2357 3302 2426 hujus
3340 2354 3573 2425 cognitio
3611 2353 3800 2408 Martii

2199 2451 2258 2503 11
2293 2449 2376 2502 die
2405 2449 2530 2502 anni
2562 2449 2671 2502 422
2697 2449 3110 2514 demandatasit,
3145 2447 3375 2502 I’errerii
3397 2447 3628 2503 libellum
3659 2450 3801 2503 circa

2196 2542 2431 2614 ejusdem
2461 2543 2586 2596 anni
2617 2542 2821 2596 initium
2845 2544 3090 2613 scriptum
3129 2559 3237 2597 esse
3292 2543 3434 2596 haud
3461 2553 3651 2596 temere
3675 2558 3800 2596 con-

2187 2639 2464 2706 jectemus.

2965 2729 3035 2784 Χ.

2272 2820 2358 2875 12.
2386 2823 2709 2892 Augustinus
2733 2822 3007 2893 quemdam
3057 2837 3084 2875 e
3115 2823 3313 2876 clericis
3360 2823 3472 2876 suis
3520 2822 3804 2877 Antonium

2198 2917 2405 2968 nomine
2447 2913 2858 2970 Fussalensibus
2925 2918 3224 2985 episcopum
3281 2923 3652 2987 praposucrat.
3696 2913 3806 2971 Sed

2200 3024 2316 3060 cum
2336 3005 2424 3061 ille
2442 3008 2653 3079 indigne
2678 3011 2886 3062 omnino
2915 3026 2968 3063 se
2997 3020 3216 3081 gereret,
3249 3019 3457 3077 coactus
3493 3022 3569 3064 est
3598 3010 3807 3081 Anglis;

2201 3101 2336 3154 tinus
2368 3118 2470 3154 una
2499 3118 2615 3155 cum
2641 3102 2761 3155 aliis
2781 3103 3035 3171 episcopis
3064 3103 3370 3156 sententiam
3389 3103 3632 3156 adversus
3655 3101 3806 3155 illum

495 3196 622 3247 locis
641 3196 815 3246 citatis
839 3195 1164 3247 exciderunt.
1195 3191 1363 3246 Porro
1395 3209 1458 3246 ex
1479 3193 1578 3245 hoc
1607 3193 1946 3263 inscriptione
1983 3208 2101 3258 per-
2127 3177 2174 3240 C
2207 3191 2374 3246 dicere
2403 3193 2674 3262 (August.,
2715 3211 2796 3264 ep.
2837 3200 2886 3255 ιε
2935 3197 3003 3247 ttd
3047 3193 3337 3262 Caelestim,
3367 3213 3418 3249 η.
3444 3196 3502 3263 6,
3534 3196 3616 3263 9).
3659 3193 3809 3249 Tulit

499 3291 739 3357 spicuum
767 3299 839 3341 est
859 3329 872 3349 ,
925 3285 1180 3357 Cyrillum
1213 3297 1258 3340 et
1289 3287 1513 3339 Atticum
1543 3302 1867 3356 nequaquam
1893 3286 1962 3339 ad
1990 3285 2100 3339 Bo-

503 3382 758 3450 nifacium
783 3425 796 3448 ,
829 3382 921 3433 sed
945 3381 1012 3432 ad
1037 3380 1192 3448 Afros
1225 3396 1356 3432 unos
1389 3380 1658 3450 scripsisse
1680 3419 1694 3442 ,
1724 3390 1772 3432 et
1803 3378 1960 3446 Afros
1989 3395 2104 3448 qua:

501 3459 718 3545 ab'ipst's
739 3485 1047 3540 acceperant
1069 3474 1290 3542 scripta,
1313 3473 1384 3528 26
1403 3471 1705 3526 Novembris
1725 3474 1808 3526 die
1823 3491 1947 3526 ann.
1968 3472 2099 3538 419,

503 3569 574 3621 ad
597 3567 932 3634 Bonifacium
955 3584 1147 3638 papam
1171 3584 1260 3637 per
1290 3565 1653 3620 Innocentium
1679 3567 2032 3636 presbyterum
2053 3577 2102 3621 et

511 3660 821 3713 Marcellum
854 3661 1230 3713 subdiaconum
1253 3661 1620 3713 transmisisse.

576 3751 629 3806 9.
666 3751 803 3805 Hinc
825 3749 974 3805 nulla
1005 3753 1136 3820 ﬁdes
1172 3751 1409 3805 habenda
1432 3752 1598 3805 codici
1625 3750 1928 3806 Colbertino
1959 3751 2103 3805 Lan-

503 3846 801 3917 gobardicis
832 3847 1019 3900 litteris
1051 3853 1270 3900 exn-rato
1289 3885 1303 3909 ,
1330 3845 1385 3898 in
1403 3861 1508 3916 quo
1540 3845 1811 3916 prtemissa
1841 3846 2106 3914 superiore

503 3939 722 4010 epistola
743 3938 779 3992 2
807 3938 1058 4008 Afrorum
1082 3938 1152 3991 ad
1180 3935 1532 4008 Bonifacium,
1560 3939 1834 4010 subjicitur
1863 3954 1880 3992 :
1914 3937 2108 4006 Incipit

503 4033 736 4101 epistola
786 4031 949 4086 Attici
992 4034 1236 4102 episcopi
1274 4031 1534 4086 Ecclesia:
1572 4031 1991 4100 Constantinop.
2037 4029 2104 4084 ad

503 4125 845 4179 Bonifacium
871 4125 1020 4179 urbis
1047 4125 1234 4178 Itonia}
1265 4125 1584 4195 episcopum
1617 4123 1742 4177 data
1771 4138 1893 4177 cum
1916 4138 2107 4178 exent—

504 4219 698 4289 plariis
721 4218 924 4274 Nicmni
955 4218 1200 4285 concilii,
1227 4219 1294 4272 de
1311 4215 1503 4272 Graeco
1528 4217 1581 4270 in
1605 4216 1804 4271 Latino
1825 4217 2108 4271 translatis

507 4335 540 4374 α
569 4318 1136 4389 beatissimisCyriIIo
1163 4327 1219 4372 et
1237 4314 2107 4386 AtticoepiscOpisAlexandrinta
2184 4366 2195 4382 ,

508 4422 566 4468 et
593 4411 1014 4481 ConstntinOp.
1058 4409 1351 4478 Ecclesim,
1381 4421 1435 4465 et
1461 4409 1685 4464 directis
1714 4424 1809 4479 per
1833 4409 2106 4464 inuocem

506 4505 646 4558 tium
691 4503 1073 4574 presbyterum
1117 4518 1279 4557 suum
1327 4509 1383 4557 et
1425 4501 1673 4556 Asellum
1705 4500 2106 4556 subdiaconum

2205 3288 2346 3340 omni
2371 3290 2728 3340 moderatione
2751 3290 2972 3358 plt‘nam.
3029 3287 3212 3359 Neque
3243 3299 3414 3343 tamen
3455 3291 3696 3360 judicatn
3723 3305 3804 3355 re,

2206 3383 2288 3434 cui
2313 3383 2534 3452 primum
2553 3383 2791 3436 assentiri
2815 3386 2951 3437 tisus
2974 3395 3068 3449 est,
3090 3388 3227 3438 stetit
3248 3385 3503 3440 Antonius
3530 3387 3658 3440 :setl
3684 3400 3806 3440 ver-

2206 3487 2322 3528 suta
2376 3478 2628 3530 Suasione
2671 3489 2916 3531 sanctum
2960 3493 3146 3534 senem
3201 3481 3484 3548 primatem
3539 3479 3809 3532 Numidia!

2205 3568 2582 3638 gravissimum
2615 3572 2787 3622 virum
2809 3571 2826 3637 (
2846 3567 3172 3623 Valentinum
3193 3571 3430 3624 uidelicet
3462 3570 3805 3625 Baianensem

2204 3661 2518 3730 episcopum,
2546 3662 2634 3729 qui
2654 3663 2913 3732 superiori
2943 3663 3175 3733 cpistola:
3197 3663 3234 3715 ‘2
3256 3663 3552 3733 subscribit)
3569 3663 3804 3729 induxit,

2207 3763 2263 3807 ttt
2295 3754 2468 3822 ipsum
2501 3754 2649 3808 velut
2707 3753 2852 3808 omni
2911 3755 3072 3809 modo
3117 3755 3444 3824 inculpatum
3495 3755 3809 3810 venerando

2209 3861 2360 3916 papa:
2402 3846 2678 3901 Buttiiacio
2727 3848 3156 3903 commendaret.
3192 3847 3242 3902 Η
3253 3850 3372 3919 ujus
3394 3851 3468 3902 rei
3503 3850 3673 3921 gratia
3698 3851 3809 3921 pri-

2209 3941 2358 3994 matis
2375 3942 2456 3994 sui
2481 3941 2753 4012 epist..lattt
2771 3951 3101 4008 consecutus,
3151 3959 3262 3996 eam
3294 3959 3401 3995 una
3442 3957 3558 3995 cum
3604 3941 3804 4006 libello,

2208 4033 2261 4086 in
2286 4049 2390 4103 quo
2416 4049 2532 4103 quas
2569 4033 2816 4088 adversus
2858 4051 2912 4088 se
2955 4044 3096 4107 gesta
3149 4047 3320 4100 erant,
3372 4053 3430 4089 eo
3479 4052 3578 4106 quo
3619 4035 3807 4089 libebat

2209 4125 2364 4178 modo
2385 4124 2682 4189 enarrabat,
2703 4126 2771 4177 ad
2815 4123 3145 4196 Bonifacium
3179 4129 3337 4180 ntisit.

2966 4218 3055 4273 XI.

2283 4314 2371 4370 13.
2406 4311 2612 4366 Exinde
2661 4312 2942 4366 rescribens
2984 4311 3286 4383 Bonifacius
3335 4315 3519 4368 saltem
3571 4314 3800 4386 printati,

2211 4409 2489 4463 Antonium.
2514 4409 2589 4462 sic
2611 4405 2852 4474 absoluit,
2875 4419 2929 4460 ut
2953 4407 3211 4476 pastorali
3237 4408 3491 4478 vigilique
3518 4407 3726 4462 cautela
3752 4407 3804 4459 in

2213 4501 2430 4572 epistola
2459 4517 2554 4554 sua
2578 4501 2642 4554 de
2674 4501 2782 4571 ipso
2811 4499 3025 4570 loquens
3052 4509 3262 4573 poneret
3291 4518 3350 4554 ac
3378 4502 3590 4555 diceret.
3638 4501 3693 4555 Si
3717 4513 3807 4553 ora

506 4566 776 4651 Ecclesiae
806 4566 1285 4665 Cartltaginensis,
1313 4603 1373 4649 ut
1401 4594 1660 4662 superius
1681 4593 1974 4648 recitatum
2000 4603 2103 4647 est.
2132 4566 2185 4627 Ῑ)
2211 4566 2392 4650 dinem
2420 4608 2602 4648 rerum
2633 4566 2790 4647 nobis
2813 4566 3324 4650 ﬁdeliter-indicavit
3351 4593 3622 4668 (August.,
3651 4595 3803 4661 ibid.,

506 4685 672 4742 Fides
716 4686 922 4742 Nictcni
958 4685 1182 4742 concilii
1218 4701 1343 4742 cum
1373 4685 1546 4740 titulis
1583 4701 1671 4739 xx.
1705 4684 1946 4754 Epistoia
1977 4700 2109 4740 vero

491 4780 583 4860 ita
613 4779 930 4835 continetur
970 4797 982 4833 :

578 4886 814 4950 Atticus,
841 4883 1140 4953 episcopus
1168 4882 1435 4939 Ecclesiae
1463 4881 2106 4952 Constantinopolitanae,

508 4993 699 5041 sancto
725 4985 879 5038 fratri
904 4984 1214 5051 Bonltaelu,
1237 4985 1396 5039 urbis
1419 4983 1606 5038 Romae
1634 4985 1918 5056 episcopo,
1953 4986 2106 5040 salu-

508 5091 642 5139 tem.
688 5083 848 5138 Edidi
888 5091 1128 5138 canones
1159 5089 1476 5139 Sanctorum
1510 5084 1730 5139 Patrum
1770 5085 2109 5156 ltiilograplts

505 5187 694 5251 manu,
726 5183 780 5238 et
813 5182 1157 5253 sabaei-imos
1180 5193 1208 5236 a
1241 5183 1347 5250 ine,
1379 5185 1572 5240 Amen.
1611 5185 1802 5242 (il-meti
1835 5186 2108 5242 elettienta

507 5279 821 5340 Iittemrutt'i
863 5285 1121 5340 numeros
1151 5287 1462 5356 Exprimere
1488 5331 1501 5353 ,
1532 5288 1714 5342 nullus
1754 5287 1844 5358 qui
1871 5282 2111 5345 lelillller

505 5387 594 5444 'vel
617 5388 794 5445 Graeci
838 5389 1112 5444 sermonis
1153 5387 1399 5445 nolitiam
1433 5388 1632 5456 habet,
1664 5381 1878 5460 ignorat
1904 5433 1918 5458 ,
1954 5387 2060 5448 cit.
2092 5433 2107 5460 ,

510 5489 608 5544 hoc
643 5498 717 5542 est
740 5532 754 5555 ,
806 5485 1112 5544 omittnnlur
1154 5481 1351 5560 reliqua
1396 5477 1544 5544 verba
1573 5493 1688 5563 ejus
1713 5481 1930 5562 scripti,
1967 5486 2107 5562 quod

508 5581 780 5644 Ftil‘tilaltt‘.
813 5592 966 5644 titulo
995 5590 1295 5662 insignitum
1325 5589 1378 5643 in
1408 5577 1644 5660 pluribus
1683 5592 1802 5646 aliis
1832 5592 1976 5647 libris
2001 5593 2104 5646 cir-

513 5692 819 5758 cumfertur.
868 5689 1017 5744 Unde
1055 5708 1108 5743 in
1137 5692 1230 5744 illo
1275 5692 1562 5762 exemplari
1595 5703 1811 5764 apparet
1850 5693 2106 5749 nonnulla

515 5793 769 5860 confusio.
797 5792 949 5845 Attici
979 5804 1149 5846 autem
1184 5803 1229 5847 et
1262 5791 1446 5863 Cyrilli
1469 5792 1537 5846 ad
1555 5781 1711 5866 Afros
1735 5801 1928 5868 scripta
1949 5841 1962 5867 ,
1987 5816 2102 5870 qua:

2212 4707 2266 4744 n.
2294 4689 2375 4760 9).
2411 4688 2517 4745 Sed
2554 4705 2618 4742 ne
2674 4687 2811 4740 hunc
2850 4694 3024 4742 rerum
3054 4690 3284 4742 ordinem
3314 4689 3505 4742 certius
3539 4689 3804 4755 edisceret,

2210 4799 2332 4837 mox
2356 4781 2695 4835 interveniens
2723 4781 2838 4834 vitae
2885 4781 3006 4850 finis
3048 4780 3330 4853 prohibuit.
3383 4780 3566 4851 Neque
3618 4782 3802 4833 mirum

2211 4875 2370 4930 tideri
2391 4874 2554 4940 debet,
2606 4871 3066 4944 prudentissimum
3125 4889 3317 4945 papam
3368 4873 3845 4927 commendatitiis.

2212 4969 2448 5040 primatis
2475 4969 2658 5022 litteris
2687 4975 2886 5020 tantum
2934 4967 3199 5034 detulisse,
3226 4982 3340 5019 cum
3371 4966 3424 5018 in
3439 4966 3662 5038 judiciis
3702 4965 3806 5034 epi-

2211 5078 2485 5134 sc0porum
2514 5060 2672 5130 (Vide
2704 5073 2880 5130 supra,
2906 5076 3028 5130 pag.
3063 5059 3190 5125 δεῖ,
3217 5059 3280 5124 Ο,
3310 5067 3358 5111 et
3391 5059 3520 5121 5'53,
3551 5056 3620 5127 Δ)
3674 5055 3803 5110 nihil

2213 5167 2398 5228 prteter
2417 5155 2777 5209 conscientiam
2798 5149 3197 5223 ntetrOpolitani,
3225 5151 3375 5220 cujus
3405 5152 3578 5204 locum
3610 5148 3802 5203 tenebat

2209 5248 2265 5300 in
2316 5247 2493 5317 Africa
2541 5246 2758 5316 primas,
2809 5243 2894 5314 agi
2939 5241 3169 5307 soleret;
3220 5258 3280 5294 ac
3313 5241 3616 5295 nominatim
3668 5255 3803 5293 anno

2213 5339 2343 5405 597,
2367 5339 2420 5391 in
2442 5336 2662 5392 concilio
2685 5334 3081 5406 Carthaginensi
3102 5350 3182 5402 nt,
3207 5351 3327 5388 can.
3363 5335 3414 5399 7,
3440 5332 3652 5388 Aurelio
3675 5347 3806 5401 prte-

2212 5434 2446 5501 loquente
2472 5431 2724 5487 sancitum
2753 5438 2914 5483 esset:
2951 5429 3208 5500 Quisquis
3233 5429 3613 5498 episcoporum
3651 5442 3805 5483 accu-

2207 5533 2379 5588 satur,
2411 5521 2477 5576 ad
2511 5522 2795 5590 primatem
2822 5519 3112 5588 provincia:
3132 5519 3302 5588 ipsius
3327 5534 3545 5575 causam
3575 5518 3808 5575 deierat.

2212 5615 2318 5672 Sed
2341 5632 2402 5670 ne
2428 5615 2542 5681 quis
2572 5613 2917 5686 Augustinum
2948 5614 3136 5683 culpet,
3168 5611 3305 5682 quod
3329 5613 3538 5666 Antonii
3543 5610 3806 5685 judicium

2210 5725 2314 5763 non
2341 5706 2642 5780 prtemonito
2669 5705 2890 5776 primate
2909 5720 3178 5777 aggressus
3206 5704 3294 5770 sit,
3341 5704 3623 5758 meminerit
3669 5702 3806 5756 istud

2210 5802 2361 5854 etiam
2393 5815 2423 5850 a
2450 5794 2842 5867 Carthaginertsi
2869 5811 2905 5851 ll
2945 5796 3184 5864 concilio,
3238 5812 3359 5850 can.
3418 5794 3508 5865 I0,
3556 5793 3805 5866 permitti,

2952 5951 2990 5982 9
