4096 6192
311 252 422 312 789
1272 241 1596 302 θεοκΕπΑ
1634 240 1731 300 EX
1770 240 1928 300 [HS

2008 240 2125 299 ιιιδ
2166 239 2224 299 S.
2271 237 2640 298 BONIFACII.
3511 233 3625 292 τω

309 377 370 424 ut
389 368 435 423 si
463 367 587 438 quis
609 365 897 435 episcopus
926 363 980 418 in
1004 370 1218 418 reatum
1241 359 1478 429 aliquem
1509 356 1826 423 incurrerit,
1858 365 1912 412 et
1940 361 1987 416 A
2017 356 2140 408 dant
2167 354 2324 408 modo
2351 354 2630 419 Antoniu,
2656 360 2838 424 utpote
2860 351 2918 405 in
2964 355 3076 424 ejus
3097 348 3360 406 territorio
3403 350 3623 420 ipsemet

306 458 474 516 fuerit
501 458 552 516 ei
581 456 748 514 nimia
775 456 1075 512 necessitas
1099 469 1214 508 non
1261 465 1424 523 posse
1466 451 1730 520 plurimos
1779 463 1908 504 con-
2017 458 2214 520 petente
2241 448 2514 520 episcopus
2539 447 2814 500 nouissime
2833 452 3058 499 creatus.
3088 443 3240 498 Unde
3258 451 3313 498 et
3338 440 3486 496 illius
3527 457 3622 495 no-

307 568 562 625 gregare,
597 567 664 606 ne
708 552 764 605 in
789 549 1022 606 crimine
1054 555 1359 613 remaneat,
1390 560 1419 599 a
1447 543 1737 598 duodecim
1792 542 1910 613 epi-
2018 559 2133 597 men
2157 556 2258 595 non
2281 541 2348 594 ad
2377 542 2672 610 primatem,
2703 536 2791 592 sed
2810 537 2877 590 ad
2909 537 3255 607 Augustinum
3280 532 3628 589 Fussalenses

305 649 491 718 scopis
517 646 788 700 audiatur.
812 643 893 698 Ad
916 645 1024 698 haec
1045 643 1340 714 Augustino
1359 640 1622 713 subjectus
1647 646 1760 692 erat
1777 652 1912 708 quo-
2021 636 2346 690 detulerunt.

312 753 3576 782 ww

526 876 1088 968 DECRETA
1165 880 1334 962 EX
1409 873 2008 961 EPISTOLIS
2085 875 2170 958 S.
2263 872 2853 960 BONIFACII
2928 875 2969 956 Ι
3045 875 3402 958 ΡΑΡῙΕ.

793 1153 1134 1210 Suntautem
1163 1153 1448 1224 desumpta
1493 1168 1555 1209 ex
1621 1151 1858 1210 decretis
1895 1150 2181 1216 Gratiani,
2227 1164 2284 1210 et
2317 1171 2384 1210 ex
2422 1157 2650 1211 vetustis
2675 1151 2952 1212 codicibus
2980 1154 3122 1211 aliis.

1103 1266 1141 1321 1.
2020 1263 2040 1336 (
2076 1264 2089 1316 I
2121 1263 2284 1319 Joau.
2330 1265 2462 1338 111).
2495 1266 2566 1324 Et
2613 1274 2738 1337 post
2789 1266 3065 1336 paululum
3111 1284 3124 1319 :
3171 1265 3353 1321 Omnis
3383 1267 3473 1337 qui
3516 1266 3626 1320 odit

469 1361 600 1415 Ante
627 1376 792 1414 annos
825 1359 1036 1430 triginta
1060 1361 1333 1430 presbyter
1351 1375 1453 1414 non
1484 1357 1768 1413 ordinetur.
2019 1355 2262 1426 fratrem,
2295 1358 2558 1413 homicida
2587 1369 2681 1414 est.
2719 1360 2820 1415 Et:
2854 1359 3013 1414 Scitis
3039 1360 3288 1430 quoniam
3317 1359 3484 1414 omnis
3526 1358 3626 1412 Ito-

385 1454 592 1524 Siquis
624 1451 845 1522 triginta
879 1453 1060 1506 aetatis
1091 1467 1203 1507 sua:
1237 1468 1342 1506 non
1374 1450 1685 1520 impleverit
1713 1463 1909 1513 annos,
2018 1450 2216 1504 micida
2269 1467 2369 1504 non
2417 1451 2567 1506 habet
2617 1453 2778 1505 vitam
2831 1461 3080 1506 wternam
3133 1455 3184 1505 in
3234 1467 3288 1504 se
3335 1461 3627 1506 manentem

312 1545 467 1602 nullo
493 1545 652 1600 modo
688 1543 976 1614 presbyter
1001 1542 1313 1610 ordinetur,
1343 1542 1560 1598 etiamsi
1583 1541 1738 1594 valde
1753 1539 1918 1594 sitdi-
2021 1545 2185 1616 (ibid.
2209 1545 2250 1614 ).
2280 1545 2416 1600 Ecce
2440 1544 2716 1599 homicida
2746 1559 2870 1600 esse
2901 1543 3259 1615 probabiliter
3288 1543 3627 1612 declaratur,

312 1634 1920 1710 gnus.EtipseDominustricesimoannobaptizatusest,et
1949 1708 1978 1710 Α
2021 1640 2168 1709 quia
2197 1638 2438 1694 fraterna
2481 1640 2744 1694 societate
2788 1637 3073 1693 dividitur.
3113 1637 3248 1692 Nam
3297 1637 3403 1693 etsi
3436 1652 3630 1694 manus

313 1731 396 1788 sic
422 1731 591 1800 capit
623 1729 846 1784 docere.
883 1727 1109 1798 Oportet
1136 1742 1274 1797 ergo
1302 1742 1426 1783 eum
1459 1729 1554 1799 qui
1584 1741 1914 1782 consecrau-
1946 1708 1994 1769 Β
2023 1747 2127 1787 non
2155 1740 2371 1788 moveat
2402 1729 2468 1786 ad
2499 1729 2857 1787 occidendum
2883 1774 2896 1798 ,
2934 1747 3038 1800 pro
3067 1745 3134 1786 eo
3160 1741 3341 1786 tamen
3378 1730 3504 1800 quia
3541 1730 3629 1784 ni-

311 1822 416 1880 dus
436 1831 523 1878 est
547 1863 562 1892 ,
599 1835 776 1892 usque
799 1819 865 1874 ad
900 1819 1042 1875 hanc
1065 1819 1367 1889 legitimam
1392 1828 1610 1874 aetatem
1641 1834 1752 1873 non
1780 1829 1914 1871 con-
2021 1823 2152 1877 titur
2199 1822 2267 1876 ad
2309 1821 2613 1877 nocendum
2638 1865 2651 1890 ,
2699 1821 2811 1892 jam
2857 1836 2886 1876 a
2922 1821 3030 1878 Deo
3069 1819 3346 1876 homicida
3377 1830 3618 1878 tenetur.

315 1914 543 1972 secrari.
577 1911 660 1968 Ex
689 1910 822 1969 Can.
853 1923 891 1965 ll
917 1909 1077 1966 Cone.
1115 1911 1356 1966 Neocm.
2020 1913 2167 1968 Vivit
2196 1913 2315 1977 ille,
2371 1921 2425 1968 et
2457 1913 2560 1969 iste
2588 1911 2702 1983 jam
2732 1912 3055 1969 interfector
3085 1913 3452 1971 convincitur.
3484 1913 3622 1970 Cum

1091 2026 1156 2081 ιι,
2019 2006 2188 2076 igitur
2216 2004 2302 2060 his
2333 2003 2622 2076 praeceptis
2678 2005 2737 2059 Β.
2782 2004 3086 2076 Apostolus
3133 2005 3337 2062 Paulus
3383 2021 3629 2062 consona

314 2121 537 2177 Priutati
568 2121 879 2190 deferuntur
910 2120 1119 2190 negotia
1149 2135 1264 2191 qua
1292 2117 1720 2189 metropolitanus
1749 2115 1916 2187 expli-

2022 2096 2413 2170 pratdicatione
2444 2095 2767 2164 concordet,
2798 2099 3028 2153 dicens:
3061 2095 3185 2152 Non
3215 2097 3418 2152 occidat
3447 2098 3531 2152 sol
3548 2116 3635 2152 su-

905 2189 1023 2267 caf-e
1049 2189 1333 2267 "animm.
2020 2209 2111 2264 per
2133 2192 2465 2247 iracundiam
2495 2199 2718 2247 vestram
2744 2209 2762 2259 ;
2789 2190 2854 2245 Et
2879 2237 2893 2259 ,
2931 2189 3113 2246 Nolite
3152 2189 3326 2246 locum
3355 2190 3484 2246 dare
3515 2191 3630 2246 dia-

387 2307 444 2363 Si
477 2309 620 2362 inter
639 2305 928 2378 episcopos
951 2304 1201 2374 ejusdem
1220 2301 1724 2359 conciliidubitatio
1741 2315 1918 2355 emer-
2021 2285 2141 2340 δοιο
2168 2288 2186 2356 (
2215 2284 2405 2356 Ερίιθδι
2442 2300 2495 2339 ιν
2517 2284 2572 2355 );
2602 2283 2790 2340 Nili“??-
2815 2293 2941 2338 Slllll
2967 2283 3129 2339 ηοῦῖε
3152 2283 3515 2378 quorumdam
3543 2299 3632 2339 5³·

317 2402 454 2459 εει-ξι
482 2401 551 2458 de
577 2377 958 2457 ecclesiasrlico
986 2399 1132 2470 iure,
1162 2406 1218 2454 ει
1246 2397 1314 2454 de
1346 2395 1474 2451 aliis
1504 2395 1741 2467 negotiis
1762 2440 1776 2465 ,
1809 2396 1921 2466 pri-
2021 2381 2305 2436 cerdotum
2334 2394 2580 2450 person-.r
2599 2379 2654 2433 in
2675 2387 2878 2434 tantam
2903 2377 3291 2434 Oi)Sl.ll|3l.i0lliS
3313 2377 3637 2435 elTerbuisse

317 2511 466 2553 mum
500 2496 957 2566 ,ηθιτοροιίιεηυε
988 2509 1180 2550 eorum
1208 2508 1331 2548 cum
1355 2494 1474 2548 aliis
1502 2489 1832 2563 quibusdam
1867 2487 1917 2542 in
2022 2474 2352 2530 discordiam
2383 2517 2396 2540 ,
2429 2483 2488 2529 ut
2526 2488 2633 2566 non
2663 2474 2842 2529 solum
2873 2473 3005 2566 illos
3033 2474 3102 2566 ab
3131 2474 3213 2529 ira
3241 2489 3470 2528 occasus
3501 2474 3634 2529 solis

317 2590 553 2646 concilio
602 2565 967 2645 considerans
995 2601 1110 2643 rem
1161 2585 1465 2656 dijudicet;
1515 2583 1645 2639 etsi
1694 2599 1801 2637 non
1831 2596 1922 2636 ac—
2025 2582 2132 2620 non
2164 2575 2419 2633 revocet.
2449 2565 2637 2621 sedne
2666 2581 2872 2620 annos“
2921 2565 3139 2637 quidcm
3172 2565 3638 2620 transactiolcm-

321 2682 563 2754 quiescat
615 2693 848 2753 utraque
878 2695 1009 2752 pars
1037 2677 1332 2749 judicatis,
1367 2685 1494 2732 tunc
1530 2674 1731 2748 primas
1777 2673 1924 2729 illius

2025 2658 2177 2729 poris
2207 2658 2270 2712 ad
2299 2658 2495 2712 bonum
2540 2657 2826 2712 charitatis
2858 2657 3124 2722 reclinet,
3159 2657 3361 2728 quippe
3402 2658 3460 2711 in
3489 2674 3629 2727 quo-

324 2749 561 2845 regionis
608 2749 774 2829 inter-
813 2749 963 2844 ipsos
1012 2768 1238 2826 audiat:
1274 2778 1330 2826 et
1357 2768 1500 2840 quod
1542 2766 1845 2823 canonibus
1871 2771 1927 2820 et

2026 2767 2148 2808 rum
2180 2750 2439 2808 cordibus
2491 2750 2634 2807 idem
2679 2751 2762 2806 sol
2801 2749 3026 2821 iustitiae
3054 2749 3305 2806 Chrisws
3335 2751 3630 2817 occubuit,

325 2839 538 2938 legibus
583 2839 1022 2921 consentaneum
1075 2863 1178 2930 sit,
1227 2860 1331 2917 hoc
1363 2839 1621 2915 diftiniat.
1661 2857 1727 2914 Et
1774 2857 1924 2912 nulla
2028 2858 2087 2902 ut
2118 2847 2184 2902 ad
2234 2847 2413 2938 lunten
2464 2839 2973 2938 charitatis'redire
3004 2845 3095 2938 vix
3129 2845 3387 2938 possint.
3422 2846 3630 2904 Horum

325 2933 453 3032 pars
479 2959 652 3014 valeat
680 2959 893 3014 calculo
923 2957 1043 3027 ejus
1071 2955 1471 3012 contradicere.
1507 2950 1600 3008 Est
1629 2962 1927 3023 excerptum
2031 2940 2196 3010 isillll‘
2226 2948 2280 2993 ει
2307 2937 2566 2992 Simili!!!“
2587 2933 3017 3032 $590533"in
3045 2933 3274 3032 ἷῐάῑῐξιῐη
3298 2933 3628 3001 οῢῐίιιίοηθες

325 3028 388 3107 ex
419 3050 624 3106 Novell.
653 3049 937 3105 Justiniani
971 3047 1091 3119 1‘23,
1119 3063 1236 3120 cap.
1264 3048 1351 3102 22.

2026 3033 2177 3104 juxta
2208 3031 2414 3102 antiqui
2438 3030 2661 3086 canonis
2677 3028 3088 3099 dilﬁuitionem,
3119 3029 3268 3084 nullo
3295 3031 3457 3085 modo
3486 3031 3631 3085 reci-

1078 3093 1213 3200 i",r
1952 3093 1997 3154 θ
2033 3124 2260 3195 ρίδηόεε
2287 3137 2410 3179 esse
2439 3136 2751 3178 censemus.
2788 3122 3048 3177 Personis
3081 3133 3261 3176 tamen
3314 3119 3637 3175 discordan-

405 3237 675 3310 Quidquid
705 3235 928 3292 Domino
971 3246 1337 3302 consecratur,
1384 3236 1454 3289 ad
1494 3237 1587 3307 jus
1634 3236 1856 3307 pertinet

2033 3217 2217 3283 tibus,
2272 3216 2326 3270 id
2369 3215 2589 3286 speciali
2637 3213 2965 3271 difﬁnitione
3026 3212 3399 3284 praecipimus,
3449 3222 3510 3266 ut
3541 3223 3635 3268 eos

979 3331 1284 3385 δαεεηιοιίδ,
1495 3304 1508 3307 ⁷
1635 3304 1642 3307 ’
2031 3314 2160 3363 ante
2188 3305 2564 3363 reconciliatio
2596 3321 2723 3363 vera
2755 3308 3028 3372 iunectat,
3059 3320 3221 3376 quam
3253 3304 3395 3360 ullus
3443 3316 3636 3359 eorum

401 3423 546 3481 Nulli
589 3423 754 3480 liceat
807 3425 1061 3494 ignorare
1102 3421 1247 3493 quod
1289 3437 1451 3476 omne
1502 3420 1648 3490 quod
1697 3416 1930 3474 Domino
2033 3399 2296 3494 δεεθξίετθ
2327 3398 2392 3453 δά
2423 3399 2595 3454 διιείΓο
2625 3397 2841 3494 Domini
2873 3397 3088 3494 ευάθξηι
3116 3396 3457 3494 νεξετθιῑθηι
3481 3409 3635 3452 com‘

333 3529 714 3582 consecratur,
755 3515 872 3571 δῖνα
905 3514 1068 3571 fuerit
1119 3515 1316 3582 immo,
1373 3514 1490 3568 sive
1545 3512 1780 3579 animal,
1812 3513 1930 3567 sive

2033 3493 2309 3547 munionis
2356 3500 2561 3547 sancta:
2593 3492 2860 3562 percipiat
2891 3509 2903 3545 :
2935 3491 3029 3545 sed
3062 3491 3340 3561 geminato
3387 3498 3635 3558 tempore

330 3625 462 3684 ager
483 3654 496 3677 ,
538 3611 622 3668 vel
651 3608 914 3682 quidqttid
949 3608 1107 3663 luerit
1137 3607 1304 3662 semel
1339 3611 1721 3661 consecratum
1749 3645 1765 3671 ,
1798 3619 1928 3657 san-

2036 3601 2132 3656 per
2165 3587 2536 3656 pmnitentiam
2561 3585 3022 3656 compensabant,
3063 3599 3173 3655 quo
3201 3582 3493 3640 discordiae
3517 3598 3631 3640 ser—

333 3676 490 3760 οῖυιηί
515 3705 620 3760 erit
649 3676 908 3772 50mm,
938 3710 1020 3758 ειι
1045 3701 1111 3756 ad
1157 3700 1248 3771 ius
1289 3700 1526 3771 ρει-ιίηει
1580 3695 1928 3754 sacerdotum
2037 3682 2270 3736 vierunt.
2297 3679 2451 3748 Quod
2480 3681 2523 3735 si
2553 3693 2693 3734 unus
2715 3693 2906 3735 eorum
2931 3721 2945 3745 ,
2971 3679 3077 3734 alio
3110 3684 3499 3733 contemnente
3519 3719 3534 3742 ,
3567 3676 3636 3732 ad

336 3798 543 3869 (Levii.
757 3795 987 3868 Propter
1027 3795 1168 3866 quod
1195 3793 1591 3851 inexcusabilis
1623 3791 1726 3848 ριιίι
1754 3792 1934 3849 omnis
2037 3776 2466 3833 StlliSfﬂCliOllclll
2498 3775 2781 3828 cbaritatis
2826 3771 3163 3838 cucurrerit,
3195 3785 3264 3826 ΘΧ
3292 3785 3360 3827 εο
3392 3779 3638 3870 tempore

335 3892 427 3962 qui
454 3906 572 3961 qua:
596 3905 628 3944 a
654 3863 888 3945 nomine
905 3900 962 3945 et
983 3863 1219 3945 ecclesia
1251 3887 1340 3942 cui
1366 3894 1705 3956 competunt,
1731 3886 1931 3952 aufert,

2034 3871 2147 3941 jam
2177 3869 2437 3940 paciﬁcus
2466 3873 2608 3924 intra
2643 3865 2948 3923 Ecclesiam
2977 3866 3306 3936 recipiatur,
3341 3878 3409 3920 ex
3435 3877 3544 3932 quo
3572 3863 3639 3920 ad

338 3959 520 4036 vastat
549 3990 604 4036 et
628 3981 836 4035 invida!
865 4025 878 4049 ,
912 3981 1000 4035 vel
1036 3981 1196 4049 eripit
1226 3999 1239 4033 ε
1272 3989 1326 4035 ει
1358 3994 1532 4048 usque
1563 3978 1630 4032 ad
1675 3977 1934 4033 emenda.
2038 3966 2384 4020 concordiam
2419 3964 2706 4018 leSIinasse
2737 3961 3119 4024 convincitur;
3150 3959 3420 4013 sententia
3457 3968 3637 4012 tamen

340 4075 577 4142 tionem,
622 4074 982 4144 ecclesiceque
1029 4072 1498 4137 satisfactionem,
1531 4082 1589 4127 ut
1636 4071 1935 4144 sacrilegus

2038 4060 2306 4130 superiori
2337 4067 2572 4126 servata,
2609 4065 2667 4112 ut
2714 4067 2935 4126 tempus
2967 4053 3114 4124 quod
3143 4054 3196 4107 in
3231 4053 3312 4107 ira
3341 4050 3637 4121 expendit,

339 4167 615 4236 iudicetur
646 4185 658 4219 :
694 4175 749 4220 et
774 4167 822 4220 si
868 4164 1164 4221 emendare
1193 4164 1463 4230 noluerit,
1496 4164 1942 4219 excommuniceo
2038 4154 2372 4225 geminatum
2395 4151 2732 4222 ρωηὶιθηιὶω
2761 4147 3141 4204 εθιὶδίεϐιίυηθ
3173 4146 3469 4220 μενεαινθι.

343 4269 448 4317 tur.
484 4259 580 4314 Est
625 4264 734 4330 fere
777 4269 942 4314 totum
982 4275 1044 4315 eo;
1083 4257 1174 4314 lib.
1209 4274 1260 4315 γι
1288 4256 1583 4327 Capitular.
1624 4273 1741 4328 cap.
1785 4255 1914 4312 405.
2797 4241 2886 4300 γι.

1107 4347 1194 4407 IV.
2045 4341 2106 4397 Si
2154 4342 2425 4412 episcopus
2455 4338 2703 4410 expulsus
2734 4353 2893 4391 ausus
2929 4336 3083 4406 fuerit
3123 4333 3325 4406 ingredi
3366 4331 3643 4386 civitatem.

416 4448 610 4505 Nullus
663 4449 956 4519 episcopus
979 4490 994 4515 ,
1030 4465 1206 4520 neque
1237 4463 1336 4519 pro
1385 4448 1532 4503 civili
1561 4489 1574 4512 ,
1632 4459 1810 4518 neque
1843 4463 1942 4518 pro
1968 4483 2023 4546 Β
2115 4436 2172 4491 Si
2199 4435 2494 4546 episcopus
2522 4432 2791 4546 expulsus
2830 4426 3184 4546 ausustuerit
3215 4423 3425 4530 ingredi
3450 4423 3646 4546 (civilia;

344 4543 616 4598 criminali
640 4557 806 4603 causa
833 4543 974 4612 apud
993 4541 1242 4613 quemvis
1261 4541 1526 4612 iudicem,
1557 4540 1680 4595 sive
1702 4516 1940 4607 civilem,
1969 4516 2023 4546 ν
2052 4540 2158 4585 tem
2178 4544 2280 4601 qua
2299 4529 2563 4600 expulsus
2587 4537 2690 4593 est,
2710 4525 2792 4580 vel
2817 4522 2969 4579 exire
2998 4522 3067 4576 de
3088 4521 3212 4613 loco
3233 4519 3286 4573 in
3314 4516 3649 4613 quodegere

347 4639 467 4692 sive
499 4635 795 4692 militarem
818 4679 834 4705 ,
868 4639 1234 4708 producatur,
1260 4638 1344 4692 vel
1372 4635 1714 4692 exhibentur.
1747 4637 1942 4707 Magis-

2045 4621 2229 4693 jussus
2254 4631 2337 4676 est
2360 4663 2373 4687 ,
2402 4621 2659 4691 jubemus
2684 4632 2808 4672 eum
2840 4617 2892 4670 in
2917 4612 3288 4674 monasterio,
3313 4610 3367 4664 in
3399 4609 3504 4662 alia
3533 4621 3653 4677 pro-

352 4739 523 4785 tratus
555 4731 701 4785 enim
727 4730 817 4800 qui
851 4730 955 4784 hoc
997 4729 1194 4800 jubere
1224 4743 1388 4784 ausus
1415 4729 1580 4784 fuerit
1612 4771 1625 4796 ,
1651 4730 1950 4785 amissione

2050 4715 2228 4770 vincia
2261 4713 2585 4776 constituto,
2620 4708 2786 4772 tradi,
2817 4717 2876 4761 ut
2906 4705 2995 4775 qui
3030 4706 3082 4757 in
3111 4700 3425 4757 sacerdotio
3457 4712 3651 4769 pecca-

345 4823 547 4894 cinguli
575 4799 1025 4879 condemnatione
1055 4825 1343 4894 plectetur.

2053 4809 2157 4876 vit,
2190 4805 2396 4878 degens
2428 4802 2754 4859 monasteria
2785 4799 3111 4868 corrigatur.

1117 4914 1180 4969 V.
2793 4913 2905 4969 γη.

497 5013 577 5069 De
599 5015 855 5086 episc0pis
883 5016 972 5086 qui
997 5013 1250 5086 fratribus
1277 5028 1461 5067 nocere
1489 5013 1805 5067 desiderant.
2474 5011 2553 5064 Ad
2583 5008 2944 5064 Eleutherium
2981 5004 3235 5059 comitem.

423 5105 578 5167 Sicut
598 5108 765 5161 omnis
787 5107 874 5178 qui
902 5105 1076 5177 diligit
1102 5109 1322 5175 fratrem
1351 5121 1502 5160 suum
1529 5147 1544 5172 ,
1573 5120 1639 5159 ea:
1667 5102 1778 5159 Deo
1800 5113 1954 5160 natus
2131 5107 2440 5180 lieqnisivit
2472 5114 2563 5160 tua
2593 5105 2680 5175 pia
2719 5101 2953 5159 intentio
2982 5099 3226 5170 qualiter
3259 5095 3572 5152 oblationes
3601 5101 3658 5148 et

354 5208 431 5253 est
462 5193 518 5271 (1
546 5198 709 5254 loan.
751 5199 864 5270 tv),
899 5200 971 5252 ita
1019 5209 1074 5254 et
1110 5198 1292 5253 omnis
1331 5199 1424 5268 qui
1456 5197 1569 5254 odit
1597 5199 1906 5268 proximum
1933 5239 1951 5265 ,
2058 5201 2290 5257 decimae
2345 5197 2597 5255 ﬁdelium
2645 5195 2884 5250 debeant
2926 5191 3265 5260 dispertiri..
3296 5189 3661 5246 Decessorum

354 5308 423 5350 ex
454 5291 673 5349 diabolo
721 5303 828 5349 est.
879 5293 1182 5348 Dilectione
1213 5292 1358 5349 enim
1399 5296 1513 5347 sola
1547 5293 1913 5348 discernimus
1936 5333 1952 5361 ,
2058 5295 2241 5362 itaque
2255 5299 2566 5346 nostrorum
2588 5295 2789 5343 statuta
2814 5281 3413 5356 sequentes,iubemus
3427 5278 3495 5332 de
3513 5275 3666 5330 deci-

354 5389 450 5462 qui
476 5406 540 5446 ex
571 5404 682 5460 quo
711 5388 932 5460 genitus
960 5386 1297 5458 approbetur
1320 5431 1332 5453 ,
1365 5387 1579 5442 dicente
1599 5385 1814 5441 Joanne
1839 5403 1850 5438 :
1886 5385 1952 5438 tu
2059 5384 2163 5439 mis
2192 5394 2246 5437 et
2267 5380 2638 5437 oblationibus
2657 5390 2896 5450 quatuor
2918 5376 3035 5432 fieri
3062 5375 3376 5445 portiones,
3408 5366 3672 5462 videlicet

362 5459 456 5535 Iioc
501 5459 765 5552 manifesti
807 5490 929 5536 sunt
961 5479 1057 5550 ﬁlii
1091 5477 1224 5546 Dei,
1274 5492 1320 5532 et
1360 5479 1458 5549 filii
1491 5479 1687 5532 diaboli
1719 5495 1732 5533 :
1789 5479 1958 5533 omnis
2060 5485 2118 5531 ut
2146 5475 2250 5531 sibi
2284 5476 2516 5544 primam
2543 5473 2834 5543 episcOpus
2867 5471 3102 5532 habeat,
3135 5462 3433 5520 secundam
3465 5459 3660 5552 Eccle-

364 5575 452 5644 qui
484 5592 586 5629 non
642 5550 768 5647 facit
801 5575 1104 5642 justitiam,
1146 5585 1193 5627 et
1247 5573 1335 5643 qui
1385 5590 1489 5626 non
1535 5573 1709 5642 diligit
1741 5574 1962 5643 fratrem
2061 5570 2156 5625 sim
2205 5569 2434 5635 tribuat,
2490 5568 2708 5622 tertiam
2768 5579 2900 5620 vero
2967 5557 3302 5632 pauperibus
3348 5550 3665 5647 concedat,

369 5683 542 5732 suum,
573 5684 676 5721 non
708 5677 779 5722 est
809 5685 874 5723 ex
904 5666 1010 5722 Deo
1036 5684 1055 5722 .·
1083 5667 1332 5739 quoniam
1361 5667 1468 5720 hwc
1497 5674 1571 5720 est
1603 5665 1958 5732 anuuntiatio,
2064 5661 2314 5735 quartam
2347 5671 2530 5717 autem
2558 5659 2776 5715 clericis
2811 5656 3032 5712 noverit
3064 5649 3432 5721 erogandam;
3468 5646 3535 5700 ita
3566 5643 3671 5739 sci-

369 5777 525 5832 quam
574 5760 638 5814 ab
703 5761 853 5816 initio
897 5737 1155 5827 audistis,
1210 5771 1262 5816 ut
1319 5760 1600 5833 diligamus
1652 5760 1962 5814 alterutrum
2070 5759 2195 5814 licet
2221 5768 2278 5812 ιιι
2312 5771 2410 5827 pro
2437 5768 2692 5826 persona,
2724 5761 2780 5809 et
2810 5753 2955 5819 loco,
2985 5757 3039 5804 ct
3075 5746 3270 5802 merito
3303 5743 3395 5797 ίὶίιῑ
3421 5739 3530 5797 illis
3559 5737 3674 5795 dir
