4206 6174
474 172 575 229 791
1423 174 1482 231 S.
1534 169 1981 229 GAUDENTIUS
2023 167 2394 227 EPISCOPUS
2439 168 2837 229 BRIXIANUS.
3516 124 3519 127 Ι
3670 174 3776 233 792

470 293 698 350 tributio
720 296 978 365 partium,
1003 294 1131 350 inde
1152 295 1207 349 in
1231 293 1529 364 majoribus
1545 293 1796 349 ecclesiis
1814 291 2071 363 militent,
2100 297 2155 355 Α
2180 291 2529 362 etmajorum
2572 291 3051 347 constitutionibus
3096 292 3339 348 diversas
3385 293 3457 349 sit
3484 292 3773 363 dignitates

467 390 588 444 sive
608 389 663 444 in
689 390 1000 446 civitatibus
1029 397 1086 444 et
1104 388 1249 444 villis
1280 387 1615 443 ministrent.
1648 387 1704 442 Si
1732 387 1881 443 enim
1910 387 2074 441 unius
2178 385 2400 452 sortita,
2433 395 2492 439 ut
2545 385 2668 440 aliae
2711 385 2961 441 dicantur
2990 387 3252 442 matrices
3306 387 3606 456 Ecclesiae,
3655 389 3775 445 alia:

472 480 741 538 Ecclesiae
770 482 871 535 filii
893 490 1053 547 sunt,
1086 492 1140 537 et
1163 497 1325 536 uuam
1357 490 1584 538 matrem
1625 481 1829 537 habent
1870 481 2074 537 Eccle—
2180 478 2497 533 matricibus
2536 479 2693 550 quasi
2727 479 2993 533 matribus
3017 478 3141 534 filiae
3172 479 3425 535 subditae.
3481 481 3614 547 Quae
3650 497 3771 537 cum

470 573 630 641 siam,
656 590 754 628 cur
783 588 889 628 non
913 589 1111 629 onmes
1139 575 1300 629 unius
1324 575 1517 631 matris
1540 574 1811 643 stipendia
1839 577 2076 631 sortian-
2176 572 2253 626 ita
2282 571 2396 625 sint
2417 612 2431 637 ,
2472 587 2570 625 cur
2602 586 2710 626 non
2741 586 2934 627 omnes
2974 571 3157 627 clerici
3188 572 3349 627 unius
3392 573 3588 627 matris
3616 572 3773 629 bonis

472 666 605 721 tur?
634 665 755 722 Una
783 675 959 723 mater
991 667 1241 723 Ecclesia
1271 669 1413 724 sicut
1431 685 1571 723 unus
1601 668 1866 724 Dominus
1891 677 1947 724 et
1972 684 2078 723 una
2177 664 2607 733 communicent,
2627 681 2765 736 quos
2793 674 3011 722 constat
3034 665 3196 721 unius
3226 668 3414 721 matris
3437 666 3651 722 filiabus
3673 666 3772 722 uti-

474 756 609 812 fides
650 766 701 812 et
744 774 909 811 unum
938 758 1237 830 baptisma,
1270 760 1401 817 licet
1440 761 1637 832 ubique
1662 762 1731 815 sit
1762 776 1858 829 per
1889 761 2080 816 orbem
2182 758 2306 814 liter
2347 758 2661 816 ministrare
2688 760 2712 816 ?

471 859 743 905 terrarum
770 852 960 908 diffusa
988 893 1002 917 ,
1040 853 1169 909 licet
1200 868 1295 923 pro
1340 854 1584 910 locorum
1621 853 2036 910 diversitatihus
2064 894 2079 919 ,

957 1093 1548 1178 EPISTOL/E
1623 1094 1712 1177 S.
1791 1091 2424 1179 BONIFACIO
2497 1096 2539 1177 Ι
2612 1095 3350 1198 ATTRIBUT/E,

1402 1252 1505 1314 ET
1550 1254 1952 1331 NUMQUAM
1996 1251 2212 1319 ANTE
2254 1256 2507 1320 MANSI
2542 1255 2837 1319 EDITJE.

1072 1541 1408 1598 EPISTOLA
1439 1541 1481 1597 Ι.
2192 1551 2307 1600 stus
2333 1544 2537 1612 arrisit,
2561 1548 2650 1616 qui
2679 1546 2931 1618 dignatus
2959 1558 3043 1605 est
3070 1555 3125 1603 et
3146 1548 3201 1603 in
3224 1562 3385 1602 unam
3417 1562 3674 1605 revocare
3703 1548 3786 1605 di-

710 1654 777 1693 an
810 1652 1007 1694 wsruu
1047 1651 1499 1693 nosonsnssussu
1548 1650 1860 1702 EPISCOPUM,
2191 1636 2377 1703 visas,
2434 1646 2492 1694 et
2532 1640 2702 1695 scissa
2734 1641 2972 1705 sarcire,
3024 1639 3170 1711 quod
3223 1638 3479 1696 fratribus
3536 1650 3593 1696 et
3637 1655 3786 1696 com-

912 1730 1010 1788 Cui
1042 1730 1263 1800 pallium
1303 1731 1626 1786 transmittit.
2192 1731 2533 1803 presbyteris
2564 1735 2915 1789 venientibus
2952 1734 3064 1790 cito
3094 1734 3327 1789 Dulcitio
3350 1779 3364 1802 ,
3396 1741 3450 1789 et
3479 1733 3664 1791 Felice
3688 1750 3791 1790 ne-

696 1825 1065 1882 Dilectissimo
1095 1825 1250 1880 fratri
1288 1825 1474 1887 Jus'ro.
1519 1824 1869 1881 Bomracws.
2117 1856 2165 1918 Β
2194 1837 2351 1879 cesse
2372 1834 2455 1879 est
2484 1825 2639 1880 vobis
2663 1826 2861 1881 melius
2892 1826 3201 1882 intimetur.
3234 1826 3369 1881 Data
3398 1842 3453 1883 vi
3485 1826 3595 1882 kal.
3643 1826 3789 1893 Maii,

557 1918 787 1975 Pallium
843 1933 942 1989 per
969 1918 1199 1972 latorem
1229 1918 1583 1987 praesentium
1625 1916 1951 1973 fraternitati
1983 1926 2088 1972 tua:
2120 1916 2153 1918 ⁷
2192 1916 2436 1975 Monasio
2458 1917 2523 1975 V.
2547 1917 2610 1975 C.
2636 1917 2801 1976 Cons.

482 2012 838 2083 benignitatis
870 2009 1064 2065 studiis
1089 2009 1310 2065 invitati
1352 2008 1687 2076 direximus,
1717 2010 2090 2065 concedentes

546 2054 838 2117 ζ””δ”,’.ἶ“.““’
870 2054 1315 2117 “Ῐ.““’Ῐῗν””ί”“”ῖ
1354 2054 1687 2117 ’Ϊ”“ῗ’ῗ”ῗ“”’
1720 2054 2089 2117 ννῖἶένῖέωῗ
2620 2054 2841 2113 Jowms
2873 2056 3119 2113 DOltNlCl
3157 2055 3325 2113 Mum

484 2105 650 2160 etiam
683 2103 780 2158 tibi
811 2103 1197 2159 ordinationes
1230 2103 1619 2171 episcoporum
1648 2146 1662 2171 ,
1716 2103 1967 2171 exigente
1997 2115 2094 2171 op-

486 2197 862 2267 portunitate,
891 2195 1113 2251 Domini
1153 2167 1523 2266 praeveniente
1564 2167 1967 2260 misericordia,
1999 2167 2094 2250 ce-
2443 2167 2503 2224 In
2530 2170 2869 2240 superiorem
2901 2170 3206 2241 Epis‘omm
3234 2169 3549 2228 Adnomﬁo'

486 2288 706 2345 lebrare
732 2306 745 2342 :
781 2289 852 2343 ita
875 2296 937 2342 ut
963 2286 1167 2343 Christi
1201 2287 1561 2358 Evangelium
1593 2287 1956 2357 plurimorum
1996 2303 2093 2343 an—
2268 2289 2395 2347 Haec
2410 2289 2663 2361 epistola,
2680 2307 2801 2361 quae
2823 2308 2969 2348 nunc
2991 2293 3229 2363 primum
3254 2303 3556 2364 comparet,
3572 2294 3801 2352 debetur

490 2383 833 2439 nuntiatione
861 2385 913 2438 in
941 2383 1198 2438 omnibus
1228 2382 1486 2455 gentibus
1507 2424 1522 2451 ,
1554 2396 1675 2453 quae
1702 2381 1935 2439 necdum
1964 2395 2095 2437 con-
2197 2384 2496 2439 eruditioni
2544 2393 2599 2440 et
2628 2385 2951 2442 humanitati
2998 2388 3058 2442 P.
3116 2388 3375 2445 Forbenii
3414 2388 3673 2457 Forster,
3707 2390 3799 2461 qui

485 2492 662 2535 versae
682 2486 839 2547 sunt,
864 2478 1154 2547 dilatetur,
1189 2487 1298 2533 etc.
2198 2477 2253 2530 iu
2286 2478 2656 2533 vetustissimo
2702 2478 3044 2551 Frisingensi
3089 2482 3278 2537 codice
3323 2482 3470 2536 illam
3512 2491 3700 2539 nactus
3729 2483 3799 2539 ad

1076 2569 1414 2627 EPISTOLA
1438 2570 1507 2625 ll.
2200 2577 2417 2622 nostras
2474 2568 2623 2624 misit
2646 2584 2843 2625 manus
2891 2572 2943 2626 in
2984 2572 3084 2626 hac
3130 2573 3455 2630 collectione
3510 2574 3799 2631 edendam.

491 2682 561 2723 an
591 2680 887 2723 srrscoruu
914 2681 985 2721 ετ
1015 2681 1381 2721 pnsssr'rsnos
1414 2679 1659 2722 VICARIOS
1689 2682 1722 2721 Α
1749 2679 1883 2721 rus
1908 2678 2098 2721 zosuto
2197 2661 2424 2717 Summo
2446 2662 2498 2716 in
2528 2663 2702 2732 pretio
2732 2662 3036 2719 habendam
3067 2664 3185 2722 fore
3220 2666 3291 2721 ab
3313 2667 3538 2725 eruditis
3564 2683 3800 2734 censeo;

711 2776 780 2816 an
823 2774 1128 2816 AFRICANAI
1157 2775 1396 2816 svnonuu
1425 2774 1704 2816 DIRECTOS.
2200 2771 2265 2811 ex
2303 2771 2367 2811 ea
2394 2756 2537 2811 enim
2568 2766 2786 2812 constat
2816 2758 3105 2815 dissidium
3155 2761 3285 2816 illud
3311 2800 3327 2828 ,
3356 2763 3500 2832 quod
3545 2772 3671 2820 ante
3702 2762 3803 2819 hos

438 2856 441 2857 ⁷
491 2852 819 2911 Βοκιηειυε
847 2852 1142 2923 episcopus
1169 2851 1443 2908 Fausruvo
1476 2853 1738 2923 episcopo
1764 2860 1819 2908 et
1846 2850 2102 2908 PHILIPPO
2202 2864 2374 2903 annos
2417 2848 2689 2905 Eeclesias
2732 2850 3032 2906 Romanam
3083 2861 3138 2908 et
3193 2854 3508 2911 Africanam
3552 2855 3698 2912 inter
3742 2871 3804 2913 se

934 2954 989 3001 et
1011 2950 1221 3002 Assuo
1250 2945 1605 3017 presbyteris.
2202 2943 2548 2998 commiserat
2577 2945 2676 2999 sub
2707 2944 2985 3002 Bonifacio
3015 2946 3162 3017 Papa
3192 2948 3464 3004 sublatum
3491 2948 3689 3017 fuisse;
3723 2960 3805 3004 at-

560 3041 882 3098 Dilectionis
910 3047 1105 3094 vestrae
1137 3038 1331 3108 pagina
1358 3045 1499 3093 teste
1526 3037 1881 3108 presbyterio
1907 3051 2103 3092 recen-
2202 3050 2309 3103 que
2358 3037 2501 3091 inter
2528 3036 2663 3092 duas
2688 3037 2810 3091 illas
2852 3039 3099 3109 insignes
3150 3040 3410 3095 ecclesias
3432 3042 3637 3112 optime
3680 3052 3802 3098 tan-

489 3142 644 3190 setur
674 3133 839 3189 etiam
872 3131 1198 3199 portitorum
1227 3128 1495 3183 relatione
1522 3129 1768 3183 noscetis
1792 3173 1806 3197 ,
1840 3137 2102 3199 quantum
2204 3126 2329 3184 dem
2355 3128 2705 3183 convenisse.
2739 3128 2796 3184 Id
2822 3145 2954 3184 vero
2977 3146 3087 3201 qua
3111 3130 3329 3187 tandem
3351 3134 3568 3188 ratione
3589 3134 3802 3190 accide-

493 3225 716 3297 gavisus
744 3232 829 3280 est
853 3222 1035 3278 omnis
1074 3220 1277 3276 chorus
1303 3220 1689 3285 fraternitatis,
1720 3229 1775 3275 et
1806 3221 2101 3275 exsultavit
2126 3247 2171 3310 Ο
2204 3219 2707 3290 rit,incompertum
2721 3220 3538 3294 mihiessefateor;quamquam
3556 3226 3805 3296 suspicor

493 3320 550 3374 in
584 3316 814 3372 Domino
841 3317 994 3371 turba
1017 3324 1360 3383 sanctorum,
1395 3324 1682 3386 postquam
1731 3315 1955 3371 auribus
1986 3317 2099 3371 suis
2206 3314 2495 3371 Africanos
2546 3314 2727 3385 potius
2780 3315 3012 3372 cessisse
3070 3316 3330 3373 Romanis
3387 3318 3442 3372 in
3503 3333 3665 3374 causa
3703 3333 3801 3389 ap-

493 3424 820 3481 suspensum
877 3409 971 3464 diu
1016 3409 1264 3464 nuntium
1312 3424 1479 3479 super
1506 3408 1876 3465 incolumitate
1907 3418 2102 3465 vestra:
2206 3406 2583 3476 pellationum,
2611 3422 2771 3477 quam
2796 3407 3074 3463 Romanos
3100 3408 3405 3475 Africanis;
3452 3424 3578 3464 nam
3609 3411 3804 3465 Itoma-

494 3502 777 3561 charitatis
800 3503 1033 3573 accepit.
1060 3501 1603 3563 Consonante’etiam
1625 3517 1760 3558 voce
1782 3502 1999 3556 laudata
2018 3510 2103 3558 est
2206 3501 2294 3554 nia
2330 3500 2570 3555 Ecclesia
2591 3501 2703 3570 juri
2736 3503 3005 3571 primatus
3027 3501 3112 3556 sui
3135 3502 3270 3557 adeo
3300 3503 3561 3558 tenaciter
3595 3503 3805 3558 insiste-

492 3598 775 3654 intellecta
823 3611 920 3667 per
969 3597 1171 3651 litteris
1219 3594 1366 3666 (sic)
1421 3596 1507 3649 sui
1550 3596 1743 3663 capitis
1788 3594 2101 3650 sollicitudo
2206 3595 2331 3663 bat,
2378 3605 2435 3649 ut
2473 3595 2679 3650 nemini
2735 3596 3051 3665 persuaderi
3108 3597 3271 3665 possit
3306 3598 3594 3668 quicquam
3619 3597 3686 3654 de
3710 3598 3802 3653 illo

494 3690 889 3748 membrorum.
920 3687 1091 3746 Vobis
1113 3688 1299 3760 igitur,
1325 3687 1689 3745 etdesideriis
1727 3688 1925 3743 vestris
1946 3686 2105 3743 Chri-
2208 3687 2484 3745 decedere
2526 3689 2767 3745 voluisse
2810 3691 2865 3745 in
2908 3690 3139 3762 gratiam
3176 3688 3588 3747 Africanorum.

509 3837 3786 3895 Μ

3563 3864 3783 3883 _

1759 3971 1929 4016 ANNO
1972 3972 2207 4019 DOMINI
2251 3974 2501 4020 CCCCXX
2512 4003 2525 4018 .

743 4118 1822 4295 SANCTUS
1954 4116 3543 4317 GAUDENTIUS,

1552 4381 1998 4467 BRIXIZE
2047 4380 2718 4474 EPISCOPUS.

2332 4592 2417 4600 ..μου

1711 4683 1929 4755 PRO
1942 4681 2320 4755 LEGOM
2331 4680 2584 4755 ENA.

1771 4813 2029 4877 (Biblioth.
2054 4813 2289 4865 Schaenn.
2310 4820 2428 4865 tom.
2452 4812 2520 4875 Ι.)

1972 4918 2323 4944 .—-———-‘

927 5056 956 5128 ς
994 5054 1041 5110 l.
1087 5052 1210 5109 Vita
1238 5053 1303 5110 S.
1353 5052 1660 5110 Gaudentii.
2120 5056 2174 5116 D
2198 5051 2374 5124 fragio
2395 5053 2625 5109 aliorum
2651 5055 3057 5128 episcoporum,
3088 5062 3174 5116 cui
3206 5077 3461 5134 magnum
3484 5081 3552 5122 ex
3578 5069 3801 5126 Ambro-

565 5150 749 5208 Patria
776 5147 1065 5205 Gaudentii
1097 5147 1302 5202 incerta
1349 5156 1457 5202 est.
1488 5146 1601 5203 Nisi
1646 5146 1934 5202 Brixianus
1964 5145 2086 5216 fuit,
2198 5145 2265 5199 sii
2330 5144 2752 5202 Mediolanensis
2810 5152 3140 5208 auctoritate
3194 5156 3406 5223 pondus
3476 5160 3795 5228 accedebat,

493 5253 645 5301 certe
688 5240 785 5297 diu
826 5240 1022 5296 Brixiae
1070 5237 1351 5294 Philastrii
1386 5240 1501 5310 jam
1543 5238 1881 5307 temporibus
1933 5237 2091 5307 vixit,
2196 5236 2396 5293 Brixia:
2417 5240 2707 5311 episcopus
2730 5241 2939 5299 electus
2963 5255 3063 5300 est.
3094 5246 3173 5303 Ac
3194 5247 3527 5307 Gaudentius
3552 5255 3794 5325 quidem,

492 5337 749 5392 alumnus
788 5335 907 5405 ejus
950 5341 1114 5404 atque
1156 5331 1525 5387 ecclesiastica
1570 5331 1860 5401 disciplina
1913 5330 1981 5385 ab
2026 5345 2094 5385 eo
2198 5331 2390 5385 nuntio
2420 5330 2524 5387 hoc
2565 5344 2813 5402 accepto,
2856 5336 2993 5391 nihil
3037 5338 3361 5396 intentatum
3401 5343 3642 5414 reliquit,
3691 5363 3799 5414 quo

488 5431 756 5486 imbutus.
790 5430 912 5498 Quo
946 5437 1198 5498 tempore
1240 5442 1497 5497 magnum
1521 5426 1625 5481 sibi
1654 5426 1797 5494 apud
1829 5425 2091 5495 pepulum
2201 5438 2341 5478 onus
2390 5423 2534 5479 istud
2584 5425 2910 5483 declinaret.
2962 5428 3070 5485 Sed
3132 5434 3454 5490 Ambrosius
3500 5438 3800 5509 cacterique

491 5531 549 5578 et
572 5523 804 5579 clericos
837 5522 1079 5578 favorem
1126 5519 1461 5576 conciliavit.
1496 5519 1708 5588 Quippe
1754 5519 1847 5587 qui
1877 5518 2007 5571 dum
2036 5518 2090 5573 in
2199 5519 2479 5575 antistites
2501 5531 2874 5588 sacramento,
2898 5538 3009 5594 quo
3030 5523 3268 5581 fortasse
3301 5528 3537 5585 Brixiani
3561 5533 3709 5588 cives
3738 5549 3798 5588 se

486 5613 768 5669 Orientem
815 5614 1095 5683 religionis
1136 5626 1300 5693 causa
1329 5625 1561 5681 peregre
1605 5608 1879 5678 profectus
1913 5618 2082 5677 esset,
2196 5609 2596 5680 obligaverant,
2624 5613 2836 5668 nullum
2856 5616 3016 5669 alium
3044 5617 3363 5687 episcopum
3390 5634 3450 5675 se
3472 5624 3798 5693 accepturi“

480 5698 778 5759 Philastrio
809 5698 1029 5759 interim
1061 5704 1301 5766 mortuo,
1334 5703 1537 5771 populo
1565 5699 1843 5771 flagitante
1886 5694 1943 5756 ei.
1975 5700 2087 5755 sttf-
2193 5702 2397 5755 astricti
2448 5698 2585 5758 tales
2615 5705 2681 5758 ad
2713 5706 2891 5775 ipsum
2938 5706 3199 5774 epistolas
3244 5723 3369 5765 cum
3399 5709 3673 5778 legatione
3708 5700 3795 5769 ci)
