4096 6192
314 269 420 327 ’195

1697 265 2235 325 PBOLEGOMENA.
2250 316 2259 337 ν,

3498 264 3606 322 794

311 383 458 439 vium
507 383 794 448 miserunt,
839 390 897 438 ut
938 381 1144 437 diutius
1186 381 1448 438 resistere
1500 381 1755 454 religioni
1805 382 1908 438 sibi
1935 384 1990 446 Α
2016 381 2159 438 Ilist.
2194 382 2347 438 Brix.
2381 393 2648 456 excerpta
2677 399 2876 457 nempe
2913 385 3183 442 Sermonis
3223 386 3287 439 de
3324 382 3609 438 Philastrio

313 474 562 543 duceret,
597 474 898 543 praesertim
931 488 1055 528 cum
1086 472 1155 527 ab
1184 473 1319 543 ipsis
1348 474 1623 545 episcopis
1651 473 1906 531 Orientao

313 567 481 633 libus,
514 567 618 622 nisi
654 564 889 621 reditum
922 566 989 621 ad
1024 565 1311 622 Brixianos
1338 567 1709 637 polliceretur,
1758 582 1908 622 com-

312 642 501 714 munio
528 666 717 728 negata
747 669 913 713 esset.
939 657 1159 713 Initium
1182 659 1530 728 episcopatus
1557 659 1676 728 ejus
1703 660 1907 728 pariter

314 767 375 808 ac
403 754 520 809 dies
566 753 890 809 emortualis
920 752 1351 823 pnedecessoris
1397 753 1519 822 ejus
1563 754 1717 808 latet.
1750 752 1907 807 Nulla

310 845 366 900 in
396 845 712 915 episcopatu
739 859 801 899 re
829 852 979 911 gesta
1021 844 1193 915 magis
1220 844 1499 909 inclaruit,
1525 859 1688 914 quam
1720 858 1910 899 susce-

313 948 406 1008 pta
431 952 533 1008 pro
561 936 770 992 Joanne
788 934 1184 1008 Chrysostomo
1209 936 1481 1007 legatione
1508 936 1577 992 ad
1611 937 1907 992 Arcadium

313 1029 726 1099 imperatorem,
756 1043 902 1083 anno
943 1026 1072 1096 405,
1105 1027 1333 1083 ᾹΞΞωίΙίο
1363 1038 1419 1084 et
1448 1028 1710 1102 Cythegio
1740 1030 1909 1085 comi-

314 1124 477 1179 tibus.
514 1124 647 1191 Quae
692 1122 944 1195 quamvis
992 1130 1192 1179 eventu
1240 1123 1404 1179 fuerit
1451 1123 1740 1193 destituta,
1774 1138 1909 1179 con-

313 1215 532 1272 stantize
565 1224 746 1272 tamen
778 1226 832 1270 et
861 1215 1324 1286 magnanimitatis
1364 1216 1528 1272 laude
1556 1232 1682 1271 eum
1714 1216 1910 1270 nobili-

316 1308 472 1375 tavit,
523 1318 688 1379 atque
737 1308 1161 1364 disertissimum
1212 1308 1312 1365 hac
1361 1310 1429 1365 de
1460 1326 1521 1366 re
1567 1310 1903 1380 praeconium

318 1399 490 1470 ipsius
553 1398 933 1472 Chrysostomi
1001 1402 1309 1458 testimonia
1361 1402 1628 1473 praebent.
1681 1402 1907 1470 Quando

318 1493 518 1549 obierit
548 1494 884 1550 Gaudentius
927 1510 1083 1566 aeque
1112 1498 1383 1552 incertum
1413 1505 1518 1564 est,
1552 1496 1677 1552 aliis
1702 1497 1770 1552 ad
1810 1512 1906 1553 an-

316 1601 448 1641 num
476 1584 603 1654 427,
629 1586 775 1653 aliis,
809 1586 865 1642 in
894 1588 1092 1656 quibus
1116 1588 1522 1656 Tillemontius,
1558 1589 1749 1659 majori
1784 1605 1910 1659 pro-

314 1678 592 1735 babilitate
622 1678 689 1734 ad
720 1695 923 1735 annum
954 1679 1061 1736 410
1092 1682 1299 1737 obitum
1332 1682 1450 1752 ejus
1480 1683 1864 1739 referentibus.

707 1772 735 1846 ᾗ
778 1773 842 1828 II.
885 1773 1099 1845 Scripta
1133 1774 1195 1831 S.
1240 1772 1506 1830 Doctoris.

380 1863 463 1919 Ad
491 1864 717 1935 genuina
747 1864 1042 1921 Gaudentii
1093 1867 1315 1937 scripta,
1362 1878 1565 1939 praeter
1618 1869 1904 1927 Paschales

311 1958 485 2013 decem
513 1974 774 2014 sermones
811 1975 929 2014 cum
970 1962 1275 2032 prcefatione
1300 1962 1366 2016 ad
1397 1962 1738 2031 Benivolum,
1768 1982 1903 2035 qua-

313 2060 431 2106 tuor
469 2052 539 2108 de
582 2052 817 2108 diversis
854 2054 1110 2123 capitulis
1152 2055 1437 2126 Evangelii
1476 2065 1531 2112 et
1578 2059 1793 2129 quintus
1832 2057 1903 2114 de

309 2142 635 2199 Macbabreis
660 2145 990 2216 martyribus
1020 2161 1085 2200 ex
1116 2147 1286 2217 ipsius
1307 2147 1597 2203 Gaudentii
1631 2150 1817 2204 verbis
1847 2150 1902 2204 in

308 2236 499 2292 eadem
530 2237 692 2293 Przel'.
727 2239 795 2292 ad
824 2238 1144 2295 Benivolum
1177 2256 1278 2311 pro
1319 2242 1465 2297 veris
1505 2253 1899 2313 agnoscuntur.

314 2328 551 2395 Quatuor
578 2329 692 2397 alii,
730 2346 929 2403 nempe
958 2332 1022 2385 de
1065 2332 1411 2388 Ordinatione
1439 2336 1543 2403 sui,
1592 2338 1655 2389 de
1681 2335 1905 2390 Dedica-

310 2419 452 2474 tione
499 2420 743 2491 basilicar,
805 2424 1045 2494 itemque
1087 2425 1156 2478 ad
1201 2424 1517 2481 Serminium
1572 2437 1621 2483 et
1672 2427 1902 2483 Paulum

308 2510 621 2581 Diaconum,
645 2516 736 2584 qui
764 2516 1100 2586 posteriores
1127 2518 1373 2587 epistolae
1394 2520 1574 2590 potius
1602 2535 1762 2590 quam
1788 2536 1904 2576 ser-

309 2620 499 2662 mones
526 2617 673 2672 sunt,
707 2623 829 2663 cum
862 2610 1172 2679 argumenti
1205 2617 1318 2666 tum
1342 2612 1612 2668 orationis
1643 2612 1899 2668 similitu-

309 2698 438 2754 dine
467 2699 759 2757 Gaudentii
790 2715 913 2757 esse
947 2701 1272 2772 probantur.
1304 2703 1422 2758 ‘His
1453 2705 1677 2774 insuper
1719 2705 1770 2758 in
1800 2706 1905 2760 Ga-

308 2790 479 2847 leardi
523 2792 763 2849 editione
805 2793 932 2849 addi
989 2793 1141 2849 vides
1188 2795 1316 2859 duo,
1346 2795 1409 2849 de
1438 2794 1598 2849 Petro
1643 2805 1690 2851 et
1728 2795 1903 2851 Paulo

309 2886 566 2955 alterum,
598 2887 828 2943 alterum
853 2886 920 2942 de
955 2887 1072 2943 Vita
1102 2897 1147 2943 et
1178 2886 1333 2944 Obitu
1362 2888 1668 2957 Philastrii,
1701 2889 1904 2961 prwde-

309 2981 527 3036 cessaris
552 2982 655 3037 sui.

384 3071 720 3129 Intercidisse
742 3074 1037 3131 nonnullos
1060 3075 1348 3131 Gaudentii
1374 3083 1656 3144 tractatus,
1682 3090 1749 3131 ex
1771 3075 1904 3144 ipsis

2009 476 2155 532 circa
2197 492 2397 532 annum
2452 476 2614 543 1500,
2661 486 2755 533 aut
2790 478 2952 548 paulo
2993 477 3187 533 serius.
3222 474 3431 531 Deinde
3462 474 3607 529 circa

2008 587 2206 627 annum
2235 572 2396 638 1551,
2430 572 2688 643 Aloysius
2718 572 3051 642 Lipomanus
3072 614 3089 639 ,
3124 569 3464 626 Veronensis
3492 567 3607 637 epi-

2008 680 2228 735 scepus,
2272 666 2499 736 protulit
2532 665 2834 721 Sermonem
2882 666 3151 735 integrum
3183 662 3247 717 de
3291 660 3601 726 Philastrio,

2012 757 2313 813 Sermonem
2341 758 2403 811 de
2432 755 2770 812 Dedicatione
2798 758 3044 823 basilicae,
3078 760 3321 820 itemque
3351 760 3607 822 excerpta

1970 865 1979 878 ’
2010 864 2078 904 ex
2123 848 2441 921 Prtefatione
2485 849 2555 903 ad
2584 848 2911 915 Benivolum,
2956 849 3007 903 in
3047 848 3184 903 Vitis
3207 846 3315 903 SS.
3350 857 3479 900 tom.
3513 843 3606 910 IV,

2011 960 2038 999 a
2074 959 2126 1013 p.
2162 943 2253 1009 52,
2288 944 2322 998 4
2353 944 2594 999 editionis
2630 943 2858 1012 Venetae,
2902 943 2993 998 ubi
3023 958 3076 1015 p.
3100 944 3126 997 1
3162 951 3216 998 et
3245 958 3297 1012 p.
3334 942 3403 997 15
3441 953 3606 1009 opera

2010 1036 2293 1094 Gaudentii
2320 1036 2555 1090 nondum
2580 1050 2778 1091 excusa
2804 1035 3076 1091 dicuntur.
3102 1033 3342 1090 Collecta
3372 1032 3605 1100 primum

2010 1128 2157 1184 edita
2186 1136 2313 1182 sunt
2328 1128 2382 1182 in
2404 1125 2930 1201 OrtltodoxOgraphis
2951 1126 3161 1197 (ἐνυηωὶ
3174 1139 3318 1179 anno
3338 1122 3497 1191 1569,
3514 1136 3607 1178 eo-

2011 1220 2242 1291 demque
2256 1220 2449 1275 ordine
2464 1235 2527 1275 ac
2542 1234 2768 1275 numero
2783 1221 2979 1289 stepius
2993 1218 3188 1274 deinde
3203 1218 3255 1272 in
3275 1214 3612 1271 Bibliothecis

2011 1312 2117 1369 PP.
2150 1313 2408 1382 repetita,
2462 1312 2675 1367 mendis
2702 1320 2885 1367 tamen
2932 1325 3157 1382 aspersa
3190 1306 3611 1380 quamplurimis

2011 1414 2066 1462 et
2107 1404 2319 1460 duobus
2349 1406 2593 1460 carentia
2639 1405 3018 1470 sermonibus,
3067 1403 3157 1472 qui
3209 1403 3262 1457 in
3311 1399 3607 1456 novissima

2011 1496 2231 1554 demum
2278 1512 2455 1566 eaque
2482 1497 2674 1567 prima,
2714 1512 2836 1567 qua:
2871 1488 3103 1552 seorslm
3138 1494 3339 1565 prodiit
3367 1500 3424 1549 et
3451 1505 3611 1547 accu—

2010 1599 2127 1645 rata
2159 1590 2270 1645 dici
2303 1591 2493 1659 possit,
2525 1589 2776 1645 Galeardi
2805 1589 3048 1645 editione
3078 1589 3209 1643 anni
3242 1586 3404 1652 1720,
3437 1584 3607 1641 additi

2011 1684 2380 1739 inveniuntur.
2414 1683 2676 1739 Eamdem
2702 1692 2887 1754 postea
2915 1682 2984 1738 ab
3013 1680 3222 1738 editore
3250 1688 3605 1736 retractatam

1936 1773 1983 1833 B
2009 1776 2323 1844 Quiriniana
2354 1776 2593 1846 Operum
2640 1776 3021 1831 Brixianorum
3055 1774 3447 1843 episcoporum
3479 1769 3607 1827 Col-

2012 1873 2179 1928 lectio
2208 1872 2439 1942 accepit.
2476 1872 2552 1927 De
2582 1870 2811 1940 singulis
2841 1868 3171 1940 singulatim.

2618 1979 2835 2020 SECULO
2873 1980 2942 2018 XV
2952 1979 2966 2016 I
2978 2003 2991 2015 .

2079 2059 2241 2116 1569.
2282 2058 2524 2124 Basilete,
2558 2075 2647 2126 ap.
2681 2055 2900 2111 Henric.
2931 2054 3091 2110 Petri.
3126 2055 3181 2108 in
3223 2052 3319 2123 fol.
3352 2049 3611 2108 Gauden-

2005 2155 2066 2210 tii
2101 2155 2341 2223 episcOpi
2391 2152 2688 2208 Brixiensis
2734 2160 2999 2207 tractatus
3037 2150 3090 2203 in
3144 2147 3502 2202 Monumentis
3536 2146 3603 2201 S.

2007 2247 2231 2301 Patrum
2280 2246 2831 2320 Orthodoxographis,
2875 2254 3007 2299 tom.
3058 2259 3134 2308 vr,
3182 2241 3603 2312 p.1795-1860.

2007 2340 2350 2397 Exhibentur
2374 2357 2481 2395 xvii
2511 2348 2763 2395 tractatus
2792 2354 2914 2394 cum
2947 2335 3372 2408 responsionibus
3394 2333 3608 2389 duabus

2007 2435 2075 2489 ad
2115 2434 2436 2491 Serminium
2480 2443 2534 2490 et
2563 2433 2791 2487 Paulum
2838 2432 3160 2498 Diaconum,
3202 2443 3305 2485 nec
3334 2443 3442 2484 non
3475 2442 3608 2498 pra:-

2006 2528 2137 2599 fatio
2168 2527 2414 2596 ejusdem
2444 2528 2512 2580 ad
2539 2525 2869 2580 Benivolum.

2080 2620 2243 2677 1575.
2291 2620 2534 2689 Parisiis,
2569 2622 2708 2692 apud
2740 2618 2906 2673 Mich.
2942 2616 3220 2683 Sonnium,
3254 2618 3307 2669 in
3334 2615 3430 2683 fol.
3466 2614 3611 2671 Gau-

2007 2712 2175 2769 dentii
2202 2713 2499 2768 Brixiensis
2521 2727 2809 2767 sermones
2838 2719 2895 2766 et
2923 2718 3208 2775 tractatus;
3243 2705 3456 2788 inBibl.
3486 2704 3606 2760 PP.

2006 2802 2300 2876 Bigneana,
2336 2814 2468 2859 tom.
2503 2803 2610 2859 VII.
3282 2860 3291 2863 _

2083 2894 2245 2951 1579.
2291 2892 2549 2957 Coloniw,
2593 2895 2647 2948 in
2698 2894 2797 2965 fol.
2842 2889 3133 2947 Gaudentii
3186 2889 3430 2961 episcopi
3459 2888 3609 2943 Brix.

2008 3001 2193 3043 sermo
2223 2988 2291 3043 de
2323 2987 2623 3042 Pliilastrio
2672 3001 2763 3056 ep.
2799 2984 2975 3049 Brix.;
3006 2983 3058 3038 in
3115 2982 3250 3037 Vitis
3293 2981 3611 3037 Sanctorum

2012 3079 2180 3148 Surii,
2217 3090 2348 3134 tom.
2380 3079 2473 3145 IV,
2504 3095 2535 3134 a
2568 3095 2696 3151 pag.
2728 3078 2858 3135 225.

309 3167 402 3239 qui
432 3175 729 3237 supersunt
765 3167 1050 3237 discimus,
1093 3178 1149 3222 ut
1189 3168 1490 3224 Galeurdus
1537 3169 1603 3223 ad
1645 3178 1804 3223 tract.
1838 3166 1903 3221 14
1934 3153 1981 3217 C
2084 3172 2247 3229 1589.
2292 3172 2637 3239 Parisiis....,
2669 3173 2719 3227 in
2752 3172 2849 3242 fol.
2881 3168 3176 3225 Gaudentii
3208 3167 3452 3239 episcopi
3482 3167 3610 3222 Bri-

311 3262 611 3326 anuotavit,
665 3262 754 3317 ubi
805 3263 968 3316 etiam
1000 3262 1180 3317 locum
1214 3278 1277 3317 ex
1324 3278 1491 3318 serm.
1527 3264 1558 3318 8
1599 3262 1777 3331 aﬂ'ert,
1811 3261 1903 3332 qui

310 3353 506 3423 siquis
551 3353 691 3408 alius
740 3353 959 3423 ingenio
1008 3352 1246 3408 hominis
1295 3354 1628 3410 declarando
1673 3354 1903 3409 inservit

310 3446 710 3516 Dupiuiumque
730 3464 761 3501 a
784 3448 1106 3503 temeritatis
1136 3448 1368 3501 crimine
1391 3447 1671 3503 vindicare
1696 3453 1897 3517 potest.

310 3539 684 3610 Disseruimus,
718 3551 773 3595 ut
810 3543 1139 3609 meministis,
1190 3542 1364 3611 inquit
1393 3540 1753 3605 Gaudentius,
1787 3557 1900 3593 om-

311 3653 427 3691 nent
454 3645 650 3692 textum
680 3636 914 3691 lectionis
944 3640 1081 3710 ejus,
1114 3651 1229 3706 quce
1270 3644 1551 3690 comantem
1581 3635 1820 3690 describit
1847 3636 1904 3689 in

312 3728 571 3786 Bethania
612 3730 919 3794 Dominum,
964 3730 1306 3801 explanantes
1348 3730 1658 3785 discubitum
1688 3729 1899 3797 Lazari,

306 3824 559 3877 rationem
585 3821 687 3877 loci
710 3834 755 3877 et
780 3823 1046 3893 temporis,
1075 3824 1302 3878 Martha:
1320 3824 1689 3891 ministerium,
1709 3823 1903 3876 sororis

308 3916 428 3987 ejus'
454 3916 769 3987 obsequium,
814 3918 1065 3988 unguenti
1107 3918 1370 3984 virtutem,
1420 3920 1772 3987 rationemque
1801 3918 1905 3971 cri-

308 4010 475 4074 nium,
507 4012 693 4078 quibus
726 4010 901 4067 Maria
933 4011 1157 4082 pretioso
1185 4018 1331 4083 myro
1364 4019 1545 4066 unctos
1586 4008 1777 4066 Christi
1804 4020 1903 4065 ter-

309 4104 377 4157 sit
405 4103 556 4175 pedes
576 4104 597 4157 !

379 4194 491 4250 Nec
520 4196 855 4266 supposititia
882 4195 1102 4264 desunt,
1137 4195 1434 4268 Rhymmus
1482 4195 1547 4250 de
1587 4194 1903 4260 Pbilastrio,

310 4288 443 4345 liber
463 4290 529 4344 de
554 4290 939 4362 Singularitate
970 4290 1288 4348 Clericorum
1316 4292 1553 4360 alioquin
1588 4292 1754 4346 modo
1782 4289 1905 4346 Ori-

309 4386 456 4456 geni,
499 4386 663 4441 modo
705 4386 977 4456 Cypriane
1035 4396 1129 4440 aut
1158 4386 1466 4457 Augustino
1521 4385 1778 4451 tributus,
1835 4385 1905 4438 ab

308 4478 609 4536 Oxouiensi
652 4487 832 4534 autem
875 4479 1132 4551 Cypriani
1164 4480 1376 4535 editore
1405 4478 1710 4534 Gaudentio
1739 4478 1908 4533 ascri-

2008 3267 2155 3321 xiani
2187 3268 2239 3321 in
2269 3267 2419 3321 varia
2449 3265 2745 3336 Scripturae
2778 3266 2897 3319 loca
2922 3278 3231 3331 sermones,
3264 3262 3382 3317 sive
3410 3271 3613 3317 tracta-

2010 3373 2096 3418 tus
2142 3362 2308 3429 varii;
2343 3362 2398 3418 in
2423 3360 2563 3416 Bibl.
2607 3360 2723 3415 PP.
2771 3360 2927 3432 Bign.
2962 3359 3047 3414 ed.
3095 3357 3343 3425 secunda,
3378 3365 3511 3412 tom.
3538 3354 3608 3422 Il,

2007 3457 2112 3512 col.
2144 3456 2251 3513 209
2292 3472 2413 3528 sqq.

2614 3564 2832 3606 SECULO
2852 3564 2981 3604 XVII.

2081 3641 2243 3697 1610.
2286 3639 2535 3705 Parisiis,
2578 3642 2628 3694 in
2668 3642 2764 3712 fol.
2818 3639 3108 3696 Gaudentii
3149 3639 3298 3692 Brix.
3351 3645 3514 3691 tract.
3554 3643 3611 3690 et

2009 3748 2294 3789 sermones
2324 3733 2561 3803 aliquot;
2594 3733 2647 3787 in
2679 3732 2818 3785 Bibl.
2850 3730 2997 3796 PP.,
3032 3740 3168 3785 tom.
3215 3730 3278 3784 II.

2082 3827 2241 3882 1618.
2288 3824 2542 3889 Coloniae,
2576 3826 2629 3878 in
2663 3824 2756 3895 tot.
2785 3823 3077 3879 Gaudentii
3102 3822 3253 3876 Brix.
3288 3835 3374 3889 ep.
3409 3826 3609 3873 tracta-

2010 3928 2097 3974 tus
2122 3918 2293 3989 aliqui
2322 3918 2374 3972 in
2401 3922 2551 3972 varia
2581 3917 2877 3986 Scriptura:
2909 3916 3026 3972 loca
3053 3931 3067 3981 ;
3107 3913 3163 3968 in
3193 3923 3339 3968 tomo
3367 3909 3433 3966 IV
3466 3908 3606 3963 Bibl.

2011 4009 2132 4065 PP.

2084 4105 2244 4161 1624.
2289 4104 2536 4171 Parisiis,
2556 4106 2609 4157 in
2632 4102 3030 4175 fol.Gaudentii
3060 4110 3219 4156 tract.
3248 4108 3303 4156 et
3325 4110 3608 4155 sermones

2011 4201 2218 4269 aliquot
2250 4200 2303 4255 in
2334 4198 2470 4253 Bibl.
2507 4197 2626 4252 PP.
2670 4208 2805 4252 tom.
2838 4196 2898 4264 II,
2930 4199 3033 4252 col.
3070 4199 3091 4251 1
3126 4212 3245 4266 sqq.
3294 4266 3295 4269 η

2086 4292 2483 4364 1644(1654).
2513 4291 2760 4356 Parisiis,
2783 4291 2923 4362 apud
2945 4301 3045 4344 tres
3070 4289 3413 4358 BibliOpolas,
3436 4288 3490 4341 in
3512 4287 3609 4357 fol.

2013 4383 2300 4441 Gaudentii
2332 4385 2501 4455 episc.
2531 4384 2680 4438 Brix.
2713 4383 2766 4436 in
2798 4382 2945 4436 varia
2986 4380 3291 4450 Scriptura:
3336 4380 3456 4433 loca
3498 4392 3614 4432 ser-

2014 4493 2210 4533 mones
2232 4479 2349 4533 sive
2368 4485 2654 4544 tractatus,
2679 4487 2812 4541 etc.;
2836 4476 2890 4532 in
2912 4485 3058 4532 tomo
3078 4472 3276 4530 IIBibl.
3304 4470 3425 4528 PP.
3449 4470 3605 4545 Bign.

308 4582 455 4645 ptus,
486 4588 817 4644 quamquam
840 4574 894 4628 in
926 4574 1068 4629 notis
1098 4573 1164 4628 ad
1193 4573 1351 4629 Beda:
1384 4584 1629 4644 tempora
1662 4582 1904 4628 revocat.
1936 4551 1990 4611 D
2012 4570 2101 4627 ed.
2139 4572 2351 4640 quintis.

306 4666 583 4724 Praaterea
632 4665 1005 4722 Commentarii
1050 4668 1105 4720 in
1155 4665 1496 4737 Symbolum,
1553 4665 1699 4735 quod
1745 4665 1906 4735 vulgo

307 4760 582 4816 Athanasii
632 4760 961 4830 appellatur,
1016 4769 1305 4815 auctorem
1356 4758 1726 4814 Gaudentium
1773 4756 1909 4812 facit

306 4854 456 4911 Elias
502 4854 871 4925 CaprequsI.
907 4872 966 4911 tu
1012 4856 1152 4911 Hist.
1206 4854 1384 4920 Brix.,
1416 4863 1472 4909 et
1517 4868 1582 4908 ex
1632 4852 1906 4921 Capreolo

307 4944 597 5017 Ughellus.
640 4945 796 5013 Quod
835 4962 960 5003 cum
1002 4960 1192 5001 errore
1222 4944 1513 4999 manifesto
1560 4944 1759 4998 factum
1810 4944 1902 5007 sit,

309 5047 423 5096 tum
454 5037 588 5093 nihil
614 5038 780 5094 etiam
809 5036 1078 5108 ejusmodi
1107 5034 1499 5091 Commentarii
1528 5034 1766 5097 exsistit,
1804 5032 1908 5089 nisi

310 5131 474 5199 forte,
505 5131 649 5202 quod
677 5134 964 5187 commode
998 5128 1271 5186 Galeardo
1296 5127 1588 5193 succurrit,
1621 5141 1720 5195 pro
1748 5123 1902 5179 Com-

307 5226 565 5280 mentario
588 5227 643 5279 in
666 5224 969 5295 Symbolum
1002 5222 1278 5277 Athanasii
1312 5219 1667 5290 intelligenda
1699 5219 1770 5273 sit
1799 5217 1909 5273 Ex-

307 5323 508 5392 positio
553 5322 731 5377 Ruﬁni
783 5323 837 5377 in
881 5322 1226 5394 Symbolum,
1268 5336 1390 5390 qua:
1427 5337 1453 5372 a
1498 5320 1683 5374 multis
1714 5319 1910 5373 Hiero-

311 5428 474 5485 nymo
501 5426 556 5470 et
576 5415 848 5487 Cypriane
882 5424 1087 5469 temere
1117 5413 1375 5482 ascripta,
1407 5410 1705 5483 aliquando
1733 5412 1897 5467 etiam

312 5503 617 5562 Gaudentio
650 5508 847 5564 tributa
895 5506 1081 5561 fuerit.

495 5596 523 5667 §
567 5596 655 5654 III.
697 5598 967 5654 Editiones
986 5598 1302 5667 scriptorum
1330 5597 1390 5653 S.
1421 5596 1726 5653 Gaudentii.

335 5739 361 5773 τε
383 5691 879 5774 Gaudentianorum
909 5694 1245 5764 scriptorum
1269 5694 1570 5762 specimen,
1602 5702 1660 5747 ut
1690 5692 1905 5763 pridem

314 5774 631 5843 bbsorvavit
652 5772 972 5853 Calcat-dus,
1000 5788 1204 5857 primus
1223 5786 1395 5844 edidit
1417 5785 1702 5857 Capreolus
1723 5787 1820 5844 lib.
1850 5800 1908 5842 ιιι

2083 4662 2244 4719 1662.
2291 4661 2535 4729 Parisiis,
2583 4680 2673 4732 ap.
2717 4662 2841 4715 Atil.
2891 4659 3114 4713 Bertier.
3160 4660 3213 4713 in
3245 4658 3340 4727 fol.
3374 4657 3432 4713 S.
3465 4655 3613 4712 Gauo

2010 4754 2182 4811 deutii
2216 4770 2306 4824 ep.
2338 4754 2491 4809 Brix.
2541 4767 2830 4809 sermones
2859 4752 3072 4821 aliquot
3121 4750 3178 4805 in
3227 4747 3425 4803 Franc.
3459 4747 3613 4803 Com-

2010 4846 2177 4916 beﬁsii
2204 4847 2344 4902 Bibl.
2374 4846 2494 4903 PP.
2530 4845 2959 4900 Concionatoria.

2086 4941 2249 4996 1677.
2292 4940 2557 5013 Lugduni,
2589 4940 2731 5011 apud
2777 4938 3108 5005 Anissonios,
3138 4938 3194 4991 in
3226 4935 3323 5009 fol.
3354 4934 3610 4991 Gauden-

2014 5035 2076 5090 tii
2106 5034 2263 5089 Brix.
2314 5049 2402 5103 ep.
2451 5044 2717 5089 tractatus
2752 5033 2805 5087 in
2838 5031 2988 5085 varia
3038 5031 3338 5103 Scriptura:
3367 5031 3511 5099 loca;
3559 5031 3613 5086 in

2014 5138 2164 5184 tomo
2187 5125 2230 5181 V
2254 5124 2403 5181 Max.
2436 5124 2575 5181 Bibl.
2613 5125 2733 5180 PP.
2780 5124 2883 5179 col.
2915 5124 3021 5180 942
3051 5138 3175 5194 sqq.

2589 5232 2808 5273 εδεουω
2838 5232 2983 5272 XVIII.

2086 5314 2247 5372 1720.
2294 5313 2499 5369 Patavii
2530 5313 2811 5368 excudebat
2857 5311 2973 5366 Jos.
3026 5311 3293 5378 Cominus,
3344 5310 3397 5362 in
3440 5308 3506 5363 4°
3545 5306 3603 5364 S.

2012 5409 2307 5468 Gaudentii
2354 5408 2551 5464 Brixiae
2596 5406 2840 5476 episcopi
2892 5420 3184 5461 sermones
3238 5404 3329 5472 qui
3390 5408 3614 5455 exstant

2011 5521 2159 5562 nunc
2214 5505 2451 5575 primum
2503 5503 2571 5557 ad
2620 5502 2783 5557 tidem
2844 5514 2980 5555 mss.
3025 5498 3187 5553 codd.
3242 5494 3509 5564 recogniti
3554 5501 3611 5547 et

2011 5597 2305 5654 emendati.
2342 5596 2718 5651 Accesserant
2743 5592 3022 5661 Ratnperti
3057 5601 3113 5646 et
3146 5585 3474 5643 Adelmanni
3508 5584 3609 5640 Ve-

2011 5691 2246 5747 nerabil.
2292 5690 2488 5745 Brixia:
2538 5690 2922 5756 episcOporum
2968 5681 3256 5752 opuscula.
3307 5681 3605 5735 Recensuit

2012 5801 2075 5841 ac
2094 5784 2250 5840 Notis
2274 5782 2569 5839 illustravit
2593 5779 2798 5835 Paulus
2819 5775 3117 5833 Galeardus
3138 5788 3338 5834 canon.
3363 5774 3629 5833 Brixiatit.
