4096 6192
454 225 561 287 793

1408 232 1468 289 S.
1510 231 1962 290 GAUDENTIUS
1999 232 2377 291 EPISGOPUS
2417 233 2816 292 BRIXIANUS.

3646 237 3755 295 τοο

525 351 777 421 Suscepit
823 348 1125 407 Galeardus
1172 348 1466 404 Gaudentii
1517 349 1718 404 edendi
1754 350 2045 405 consilium
2075 353 2125 413 Α,
2150 368 2217 408 ex
2244 353 2519 424 prioribus
2546 356 2598 409 in
2624 354 2819 411 melius
2844 353 3172 413 reformatae
3193 355 3403 413 dicens.
3440 355 3547 412 Sed
3575 356 3753 426 primo

452 460 623 503 suasu
672 459 735 499 ac
786 443 1029 513 impulsu
1060 442 1310 511 pracsulis
1342 440 1430 495 Jo.
1486 440 1683 495 Franc.
1744 442 2045 513 Barbadici,

456 553 652 597 recens
685 547 812 592 tunc
845 552 873 591 a
908 535 1211 590 Veronensi
1244 535 1565 605 episcopatu
1617 536 1681 590 ad
1731 536 2049 593 Brixianum

455 630 730 694 translati,
783 629 877 697 qni
921 637 976 683 et
1020 628 1215 698 Opibus
1267 640 1321 683 et
1376 628 1524 682 nulla
1571 644 1681 683 non
1728 644 1895 700 opera
1926 647 2047 686 eum

443 726 586 797 juvit
608 724 915 794 meritoque
942 722 1150 777 nomini
1176 736 1278 776 suo
1301 722 1630 792 inscriptum
1663 722 1818 778 vidit.
1850 723 2054 779 Nactus

452 835 587 874 vero
616 818 798 875 editor
826 818 1095 888 praeclara
1124 833 1191 871 ex
1224 816 1385 873 codd.
1422 832 1555 872 mss.
1588 818 1894 886 Vaticanis,
1929 820 2053 874 Flo—

386 928 389 933 ί
451 912 695 980 rentino,
747 911 1041 977 Urbinate,
1092 919 1146 964 et
1194 909 1467 964 Brixianis
1532 910 1781 966 subsidia
1832 911 2053 966 assiduo

455 1006 637 1062 studio
670 1005 1046 1061 emendationi
1077 1007 1319 1060 auctoris
1346 1003 1791 1074 depravatissimi
1822 1007 2053 1075 vacavit,

452 1100 528 1155 ita
577 1110 757 1154 tamen
790 1108 866 1164 ut,
928 1097 1263 1167 ubicumque
1294 1096 1503 1168 aliquid
1539 1098 1859 1153 innovatum
1885 1108 2053 1164 esset,

457 1196 525 1251 de’
560 1210 627 1249 eo
658 1195 923 1249 lectorem
956 1191 1303 1247 admoneret.
1328 1190 1383 1245 lu
1417 1191 1762 1246 variantibus
1804 1191 2059 1246 lectioni-

453 1288 558 1343 bus
584 1284 933 1355 apponendis
954 1293 1010 1338 et
1034 1283 1391 1338 recensendis
1416 1282 1732 1352 religiosior
1761 1297 1901 1351 pene
1923 1281 2055 1338 luit:

456 1380 724 1436 maluisse
773 1377 917 1432 enim
980 1377 1156 1446 inquit
1208 1376 1565 1431 sedulitatem
1603 1391 1754 1430 suam
1807 1377 2059 1431 delicatis

457 1471 772 1528 hominibus
798 1469 1020 1524 nimiam
1048 1478 1139 1521 aut
1170 1483 1451 1522 morosatn
1482 1466 1681 1531 videri,
1705 1483 1867 1537 quam
1895 1466 2056 1521 ﬁdem

457 1564 600 1634 apud
631 1563 911 1618 Studiosos
943 1569 999 1616 et
1037 1560 1228 1615 doctos
1274 1561 1513 1615 lectores
1548 1559 1867 1629 periclitari.
1928 1558 2058 1612 Ani-

454 1657 869 1711 madversiones
918 1655 1159 1709 rariores
1213 1653 1438 1722 adjecit,
1472 1654 1525 1707 in
1577 1654 1773 1722 quibus
1800 1668 1887 1717 ea,
1935 1668 2056 1722 qua:

457 1751 835 1805 locationibus
882 1749 1227 1804 illustrandis
1274 1748 1599 1815 inserviunt,
1645 1749 2058 1817 comparatione
2090 1755 2134 1812 B

457 1845 573 1901 fere
621 1847 865 1899 locorum
918 1844 1180 1899 similium
1235 1845 1377 1913 apud
1426 1844 1569 1897 alios
1619 1845 1925 1913 scriptores
1959 1857 2057 1897 oe-

461 1941 798 1996 curreutium
841 1948 1093 1993 constant
1124 1979 1138 2003 ,
1188 1938 1471 1992 nonnullae
1515 1952 1601 1992 res
1647 1937 2062 1992 ecclesiasticas

462 2035 763 2101 attingunt,
812 2041 1104 2101 utrumque
1146 2047 1319 2101 genus
1361 2031 1502 2083 haud
1555 2046 1765 2099 magnae
1812 2029 2063 2084 lectionis

460 2125 826 2180 eruditionem
854 2124 1055 2193 prodit.
1083 2124 1260 2177 Tanto
1284 2140 1414 2178 vero
1440 2124 1737 2193 insigniora
1791 2131 1918 2177 sunt
1942 2136 2064 2191 quin

464 2217 520 2271 in
554 2216 877 2285 praefatione
900 2215 967 2270 de
994 2216 1139 2282 Vita,
1173 2216 1471 2269 virtutibus
1492 2226 1543 2270 et
1577 2214 1760 2275 laude,
1790 2228 1895 2282 qua
1920 2212 2067 2282 apud

461 2310 702 2382 aequales
732 2321 786 2364 et
816 2320 1070 2379 posteros
1113 2310 1380 2363 claruerit
1414 2308 1775 2373 Gaudentius,
1822 2307 1891 2361 dc
1922 2306 2063 2361 scri-

461 2405 569 2476 ptis
599 2404 719 2473 ejns
750 2404 1007 2474 genuinis
1038 2401 1497 2473 etsnpposititiis,
1542 2415 1845 2470 eorumque
1878 2399 2066 2456 indole

466 2498 751 2553 disseruit.
800 2499 915 2564 Qua
958 2499 1251 2552 occasione
1284 2497 1349 2568 (ἓ
1384 2495 1460 2566 ll)
1507 2498 1749 2566 graviter
1793 2496 1957 2550 etiam
2009 2495 2062 2548 in

468 2592 790 2663 Dupinium,
826 2593 1087 2661 iniquius,
1130 2601 1189 2645 ut
1220 2591 1323 2662 ipsi
1354 2592 1527 2646 visum
1562 2600 1670 2655 est,
1714 2590 1781 2643 de
1810 2588 2066 2645 Gauden-

464 2687 545 2741 tio
587 2695 948 2750 statuentem,
986 2685 1284 2740 invehitur.
1330 2684 1621 2739 Postremo
1648 2683 1716 2737 de
1746 2680 1980 2737 consilio
2010 2689 2066 2736 et

466 2779 658 2833 ordine
687 2778 846 2847 hujus
872 2778 1151 2845 editionis,
1188 2778 1497 2847 superiores
1530 2777 1767 2831 breviter
1801 2774 2063 2845 perstrim

465 2886 619 2943 gens,
647 2872 880 2927 let-tores
909 2872 1188 2927 admonet.
1235 2871 1329 2924 llis
1368 2870 1619 2925 omnibus
1651 2869 1871 2936 insuper
1914 2866 2066 2921 testi-

469 2966 654 3021 monia
710 2965 777 3020 de
815 2964 1154 3033 Gaudentio,
1198 2980 1409 3020 necnon
1460 2966 1617 3018 index
1665 2964 1914 3017 locorum
1961 2961 2061 3017 SS.

466 3060 648 3115 addita
682 3070 829 3115 sunt.
857 3058 1057 3115 Rerum
1090 3076 1224 3115 vero
1250 3059 1413 3115 index
1436 3058 1790 3128 Rampcrtum
1823 3057 1982 3112 simul
2011 3060 2069 3110 et

468 3156 863 3212 Adehnannum
910 3154 1316 3218 complectitur.

542 3248 701 3302 1721.
745 3247 1064 3319 Hambttrgi,
1096 3248 1149 3300 in
1176 3247 1255 3301 8°.
1284 3246 1402 3300 Vita
1427 3246 1486 3302 S.
1515 3246 1796 3301 Philastrii
1823 3247 2062 3318 episcopi

474 3338 618 3393 Brix.
642 3355 737 3407 per
761 3338 818 3394 S.
836 3339 1199 3393 Gaudentium
1220 3340 1341 3403 eius
1360 3354 1738 3393 successorem
1755 3341 2067 3409 conscripta

470 3448 592 3501 qua:
606 3433 835 3485 habetur
852 3433 902 3485 in
921 3432 1061 3485 libro
1078 3442 1289 3485 vetusto
1305 3432 1543 3487 Sacrarii
1561 3433 1812 3488 ecclesia).
1830 3433 2072 3488 Brixien-

471 3523 569 3587 sis,
591 3537 783 3594 estque
800 3540 981 3578 sermo
1007 3524 1222 3579 habitus
1247 3525 1299 3579 in
1326 3527 1695 3580 anniversario
1716 3527 1801 3581 die
1821 3526 2071 3582 solemni-

475 3618 604 3671 tatis
632 3618 751 3685 ejus
780 3635 793 3671 :
840 3634 956 3670 cum
988 3617 1301 3684 Philoslrio,
1335 3619 1419 3674 ed.
1460 3637 1488 3671 α
1531 3618 1620 3673 .1υ.
1646 3621 1763 3674 Alb.
1797 3617 2066 3674 Fabricio.

547 3708 705 3763 1758.
750 3708 966 3775 Briziw,
1013 3726 1077 3763 ea:
1124 3720 1327 3780 typogr.
1360 3709 1453 3764 Jo.
1488 3709 1675 3765 Mai-ite
1717 3710 1983 3779 Rizzardi,
2015 3714 2070 3767 in

474 3800 572 3869 fol.
601 3801 658 3854 S.
691 3799 983 3856 Gaudentii
1030 3801 1226 3857 Brixia:
1264 3817 1351 3871 ep.
1385 3820 1668 3859 sermones
1695 3804 1788 3875 qui
1828 3813 2067 3872 exstant,

472 3893 537 3947 ad
572 3892 734 3948 ﬁdem
768 3908 897 3949 mss.
928 3895 1091 3950 codd.
1127 3897 1389 3967 recogniti
1418 3906 1473 3952 et
1502 3899 1808 3964 emendati;
1856 3898 1909 3953 iu
1950 3897 2073 3955 Col-

473 3984 693 4039 lectione
732 3985 846 4040 Vet.
889 3986 1009 4041 PP.
1054 3987 1202 4041 Briau
1248 3988 1500 4043 Ecclesiw
1553 3990 1898 4057 Quiriniana,
1941 4006 1969 4044 a
2018 4006 2070 4061 p.

482 4078 586 4133 185
618 4094 791 4149 usque
814 4080 881 4134 ad
911 4081 1038 4136 579.
1070 4080 1366 4135 Recensuit
1395 4082 1573 4135 denuo
1604 4094 1658 4137 et
1682 4083 1848 4136 Notas
1877 4062 2072 4138 sccun-

472 4169 553 4224 dis
576 4172 727 4226 curis
750 4180 935 4226 auctas
965 4172 1167 4243 adjecit
1195 4172 1397 4226 Paulus
1420 4172 1735 4242 Galeordns,
1763 4189 1887 4231 can.
1919 4175 2073 4230 Brix.

548 4265 689 4332 Quid
733 4282 894 4322 novat
939 4266 1101 4336 hujus
1140 4268 1404 4323 editionis
1434 4269 1725 4325 occasione
1750 4284 1779 4323 a
1807 4269 2075 4325 Galeardo

478 4360 778 4431 przestitum
810 4371 914 4427 est,
958 4362 1075 4431 ipse
1110 4361 1328 4431 quidem
1365 4363 1633 4417 modestia
1676 4364 1729 4417 in
1761 4364 1906 4419 Italis
1937 4366 2077 4420 scri-

476 4461 694 4522 ptorum
725 4452 1217 4508 ecclesiasticorum
1242 4454 1544 4510 editoribus
1572 4456 1917 4525 sequentium
1942 4464 2079 4512 tem-

2152 446 2334 501 statim
2396 446 2587 500 obtutu
2639 447 3013 517 unusquisque
3084 446 3249 504 facile
3308 447 3751 517 animadvertct,

2152 554 2315 610 quam
2345 555 2490 610 saepe
2520 540 2652 595 illud
2683 550 2736 596 et
2762 556 2923 608 quam
2974 542 3237 611 praeclare
3283 542 3487 597 factum
3517 543 3609 597 sit.
3640 544 3753 599 lm-

2152 634 2343 703 pritnis
2372 644 2553 690 autem
2576 635 2643 690 de
2673 636 2861 690 codice
2890 651 2998 690 non
3034 652 3244 706 magna
3270 637 3494 705 quidem
3524 638 3756 709 antiqui-

2154 728 2305 791 tatis,
2334 727 2428 782 sed
2457 729 2688 798 egregias
2714 728 2965 784 lectionis
2985 739 3041 785 et
3073 730 3553 785 emendationibus
3582 730 3753 786 Octa-

2155 821 2232 875 vii
2275 821 2601 891 Pantagatlii
2653 822 2804 878 Brix.
2845 838 3009 877 manu
3059 822 3318 891 ascriptis
3370 832 3600 892 repente
3645 824 3754 879 sibi

2157 913 2340 968 oblato
2381 913 2614 981 Iactatur,
2647 930 2713 969 ex
2746 930 2855 983 quo
2886 917 3174 971 innumera
3205 915 3313 971 sibi
3342 916 3593 972 restituta
3628 932 3758 974 esse

2157 1004 2413 1060 afﬁrmat.

2231 1096 2395 1152 1757.
2438 1098 2684 1167 Augusta:
2720 1098 3113 1154 Vindelicorum
3152 1109 3349 1167 sumpt.
3380 1098 3581 1174 Ignarii
3608 1102 3754 1156 Ada-

2158 1192 2230 1245 mi
2256 1199 2301 1245 et
2327 1189 2522 1246 Franc.
2555 1191 2681 1245 Ant.
2723 1191 2896 1248 Veith.
2929 1194 2984 1247 in
3012 1193 3071 1249 4°
3112 1193 3171 1249 S.
3212 1194 3505 1250 Gaudentii
3540 1196 3632 1250 Br.
3663 1211 3755 1265 ep.

2162 1268 2464 1351 sermones,
2494 1293 2599 1340 etc.
2640 1284 2819 1341 Editio
2845 1285 3106 1340 Patavina
3127 1286 3198 1341 ad
3216 1302 3451 1357 unguem
3475 1302 3754 1357 expressa.

2230 1378 2470 1446 Codices,
2502 1381 2593 1446 qui
2620 1376 2889 1434 Galeardo
2909 1380 3111 1435 auxilio
3143 1380 3386 1446 luerunt,
3417 1380 3613 1451 partim
3639 1382 3762 1437 uni-

2158 1485 2315 1526 versa
2339 1485 2503 1540 opera
2534 1486 2708 1539 usque
2735 1479 2850 1527 tum
2881 1471 3051 1538 edita,
3081 1474 3278 1543 partim
3303 1489 3474 1527 unum
3507 1474 3595 1528 vel
3624 1475 3761 1529 alte-

2161 1580 2281 1619 rum
2312 1578 2503 1620 recens
2544 1563 2854 1619 additurum
2886 1580 3206 1622 sermonum
3251 1566 3567 1635 singulatim
3610 1582 3764 1622 como

2162 1657 2561 1728 plectebantur.
2594 1657 2821 1712 Illorum
2844 1659 3069 1730 quinque
3090 1668 3269 1727 erant,
3294 1658 3486 1715 borum
3508 1671 3761 1731 quatuor.

2237 1752 2298 1805 1°
2340 1750 2553 1806 Codices
2598 1770 2722 1808 mss.
2754 1751 2895 1807 Bibl.
2927 1753 3200 1809 Vaticana
3227 1771 3283 1809 n.
3319 1754 3460 1810 H45
3510 1765 3565 1812 et
3590 1754 3757 1824 4580,

2166 1854 2395 1914 uterque
2430 1860 2791 1916 papyraeeus.

2234 1937 2296 1993 ‘20
2336 1936 2514 1993 Codex
2545 1955 2639 1991 ms.
2679 1936 3044 1993 Urbinatensis
3066 1938 3526 1994 membranaceus
3575 1956 3632 1996 ιι.
3664 1940 3763 2009 75,

2165 2032 2626 2101 elegantissimus,
2654 2031 2851 2086 litteris
2875 2030 3174 2086 initialibus
3198 2031 3359 2101 pictis
3386 2040 3443 2087 et
3464 2031 3762 2087 deauratis.

2237 2125 2508 2179 Caeterum
2545 2140 2652 2179 non
2686 2132 2959 2179 vetustate
3011 2125 3228 2195 quidem
3276 2134 3550 2195 prmtare
3595 2124 3768 2181 hosce

2166 2219 2408 2281 codices,
2452 2219 2709 2287 prmclara
2748 2229 2930 2274 tamen
2962 2218 3211 2287 plurimis
3248 2219 3300 2273 in
3334 2219 3473 2273 locis
3512 2219 3578 2273 ad
3621 2219 3767 2274 Gau-

2166 2312 2337 2367 dentii
2369 2311 2805 2366 emendationem
2852 2310 3170 2378 contulisse,
3203 2310 3507 2367 Galeardus
3553 2312 3767 2369 scribit.

2172 2405 2513 2475 Excerpendi
2546 2420 2758 2469 curam,
2790 2414 3083 2475 postquam
3116 2414 3363 2474 potestas
3391 2420 3419 2459 a
3460 2404 3517 2459 P.
3550 2404 3609 2461 S.
3644 2406 3768 2461 Cle-

2169 2507 2353 2553 mente
2385 2496 2453 2550 Xl
2487 2498 2625 2551 facta
2654 2507 2823 2560 esset,
2853 2496 3175 2551 Franciseus
3215 2496 3550 2551 Blanchinus
3577 2507 3632 2551 et
3658 2496 3768 2553 Ca-

2167 2594 2316 2647 rolus
2346 2590 2615 2661 Majellus,
2647 2592 2785 2646 Bibl.
2817 2591 2938 2646 Vat.
2973 2592 3290 2661 praefectus,
3340 2601 3569 2662 uterque
3594 2592 3657 2647 P.
3688 2591 3760 2647 M.

2168 2684 2236 2738 ah
2264 2684 2470 2739 honore
2502 2685 2641 2739 sacri
2664 2684 2902 2738 cubiculi
2927 2683 3328 2738 sustinuerant.

2239 2777 2293 2831 5°
2310 2778 2483 2832 Codex
2499 2794 2620 2832 mss.
2640 2775 2981 2831 Florentium
2998 2777 3592 2834 bibliotheca:S.MarCi
3608 2778 3769 2833 char-

2170 2886 2374 2937 tatteus,
2417 2870 2573 2940 cujus
2616 2871 2775 2927 Joan.
2818 2870 3167 2925 Mabillonius
3212 2872 3263 2924 in
3313 2870 3439 2925 Itin.
3492 2870 3761 2925 meminit.

2167 2965 2531 3019 Collatiouem
2560 2974 2851 3019 curaverat
2879 2974 3040 3031 atque
3071 2963 3345 3017 variantes
3385 2962 3651 3018 lectiones
3677 2962 3764 3017 di-

2168 3058 2398 3128 ligenter
2424 3071 2710 3127 excerptas
2750 3057 2947 3112 editori
2982 3058 3360 3111 transmiserat
3387 3056 3451 3111 P.
3499 3057 3759 3112 Albertus

2089 3144 2135 3207 C
2169 3150 2336 3213 Salvi,
2369 3150 2614 3217 ejusdem
2643 3148 3030 3203 MonasteriiS.
3064 3149 3229 3202 Marci
3262 3148 3563 3204 Florentiae
3586 3148 3765 3204 Prior.

2240 3240 2302 3294 4°
2346 3238 2522 3294 Codex
2548 3256 2645 3294 ms.
2692 3239 2891 3293 Octavii
2924 3238 3241 3310 Pantagathi
3283 3239 3549 3304 Brixiani,
3587 3241 3763 3310 magni

2170 3347 2288 3387 aevo
2310 3348 2408 3386 suo
2436 3336 2579 3388 inter
2596 3334 2895 3388 Litteratos
2920 3334 3157 3387 nominis
3177 3334 3279 3388 viri
3305 3335 3370 3404 (a
3388 3333 3428 3403 ).
3456 3334 3558 3403 Qui
3583 3350 3739 3406 quam
3756 3364 3770 3376 -

2170 3441 2331 3494 quain
2357 3440 2456 3480 nec
2478 3425 2593 3490 ipse
2616 3441 2824 3496 magum
2852 3428 3135 3480 vetustatis
3158 3434 3295 3489 erat,
3329 3436 3595 3493 attamen,
3624 3428 3768 3497 quod

2171 3528 2355 3572 contra
2382 3518 2623 3587 opinanti
2659 3517 2925 3573 Galeardo
2964 3518 3183 3583 accidit,
3227 3517 3501 3573 lectiones
3529 3520 3772 3587 Optimus

2172 3627 2199 3663 a
2228 3609 2610 3679 superioribus
2634 3609 3010 3678 discrepantes
3042 3609 3352 3680 frequentes
3376 3611 3768 3680 suppeditavit.

2172 3702 2443 3757 Praeterea
2474 3701 2793 3771 Pantagatlii
2831 3701 2978 3755 illius
3006 3717 3167 3755 manu
3202 3701 3402 3771 passim
3428 3701 3772 3757 emendatio-

2176 3812 2271 3852 nes
2302 3796 2532 3867 margini
2564 3808 2721 3850 erant
2770 3799 3045 3866 ascriptus,
3094 3796 3294 3865 quibus
3326 3795 3467 3850 haud
3497 3794 3772 3851 modicum

2174 3892 2365 3945 statuit
2410 3890 2643 3959 pretium
2677 3886 2878 3943 editor.

2247 3984 2303 4038 ὅθ
2344 3980 2521 4037 Codex
2547 3999 2643 4036 ms.
2682 3980 2909 4037 Urbinas
2939 3998 2993 4034 tt.
3024 3979 3149 4045 150,
3180 3980 3652 4036 membranaceus.

2248 4078 2304 4133 6°
2347 4076 2522 4131 Codex
2564 4094 2659 4130 ms.
2711 4075 2999 4129 Vaticanus
3029 4091 3083 4129 n.
3118 4073 3280 4139 1⁸255,
3322 4075 3779 4131 membranaceus

2177 4171 2399 4242 pariter.
2426 4170 2665 4238 Uterque
2696 4184 2763 4225 ex
2790 4168 2875 4223 his
2902 4167 3119 4223 duobus
3143 4167 3461 4222 Sermonem
3493 4166 3774 4223 Gaudmtii

2178 4269 2241 4322 de
2269 4264 2427 4319 Petro
2456 4274 2504 4320 et
2534 4263 2703 4317 Paulo
2734 4261 3126 4318 exhibentibus
3167 4259 3407 4316 Zenonis
3450 4262 3617 4317 etiam
3646 4260 3769 4316 Ser-

2179 4375 2369 4415 mones
2391 4356 2728 4413 eontinebat.

2251 4454 2312 4506 7°
2356 4450 2567 4505 Codices
2596 4464 2718 4501 mss.
2754 4445 2863 4501 duo
2908 4444 3148 4500 Brixiani
3179 4442 3611 4510 metnbranacei,
3643 4457 3780 4513 quo-

476 4559 671 4616 porum
702 4560 827 4598 raro
856 4545 1009 4599 obvia
1043 4545 1265 4610 indicat,
1298 4548 1577 4615 inspersas
1605 4563 1728 4604 esse
1772 4563 1941 4605 novas
1968 4550 2074 4606 huc
2102 4531 2155 4591 D
2180 4564 2300 4604 rum
2336 4545 2611 4613 antiquior
2640 4540 2862 4612 prrefert
2909 4549 3093 4594 notam
3124 4537 3316 4595 saeculi
3357 4553 3437 4602 xt,
3473 4538 3778 4593 Sermonem

474 4638 605 4694 illuc
635 4639 803 4694 textui
827 4640 1207 4697 Gaudentiano
1232 4642 1564 4709 notationes,
1591 4644 1885 4700 nonnullas
1906 4644 2069 4699 etiam

2182 4643 2246 4697 de
2284 4640 2399 4695 Vita
2428 4648 2476 4695 et
2507 4637 2665 4692 Obitu
2696 4635 2763 4691 Β.
2798 4634 3075 4690 Philastrii
3110 4633 3465 4689 exhibentes.

548 4764 573 4792 η
598 4756 930 4828 Coaevorunt
946 4756 1014 4812 de
1038 4771 1103 4811 eo
1133 4759 1439 4813 testimonia
1473 4758 1616 4813 haud
1645 4759 1989 4828 praetermisit
2022 4758 2344 4823 Galeardus,
2377 4768 2572 4826 nempe
2605 4754 2709 4828 Lit.
2740 4753 2895 4828 Creg.
2921 4752 3126 4808 Ciraldi
3154 4752 3287 4828 [ξω.
3320 4748 3359 4804 Ξ
3385 4749 3452 4806 de
3482 4749 3635 4806 Poet.
3667 4756 3779 4805 sum

475 4834 564 4881 aet.
591 4843 605 4891 ;
638 4828 857 4901 August.
889 4827 1094 4883 Thuani
1118 4829 1327 4885 Comm.
1362 4830 1429 4885 de
1452 4830 1571 4885 Vita
1604 4822 1700 4885 sua
1743 4832 1837 4887 lib.
1870 4832 1924 4898 l;
1970 4831 2227 4904 Onuphrti
2261 4822 2596 4883 Ponvinii'ad
2624 4827 2715 4882 lib.
2748 4822 3059 4891 Pastorum,
3092 4840 3144 4893 p.
3176 4822 3302 4915 ὂψ).

482 4951 613 4962 ____.
664 4952 669 4962 .
1800 4952 1807 4970 ,
2242 4954 2243 4957 η
2608 4952 2609 4955 η
2776 4950 2783 4965 ,
3052 4948 3065 4966 ,
3162 4946 3267 4965 ,,,,,
3320 4942 3739 4963 ,,,,..,,,..,..........

1142 5095 1988 5205 PIUEFATIO
2060 5100 2208 5204 P.
2287 5097 3095 5203 GALEARDI

1357 5273 1434 5334 IN
1482 5274 1867 5338 EDITIONE
1911 5277 2242 5341 OPERUM
2288 5278 2351 5339 S.
2402 5274 2867 5337 GAUDENTII.

546 5493 598 5546 1.
624 5490 985 5559 Gaudentius,
1013 5491 1215 5546 Brixiae
1234 5493 1667 5561 episcopus,sub
1695 5492 1859 5547 tinem
1890 5490 2073 5562 quarti

471 5585 659 5639 saeculi
690 5583 907 5649 ﬂoruit,
943 5599 1009 5639 eo
1038 5584 1255 5640 scilicet
1307 5595 1554 5653 tempore
1604 5600 1713 5654 quo
1760 5600 1926 5639 aurea
1976 5584 2078 5639 Ee-

474 5679 662 5733 clesia:
685 5688 819 5733 tetas
844 5678 1259 5751 Hieronymum,
1286 5679 1659 5742 Ambrosium,
1692 5679 2074 5749 Augustinum,

2182 5492 2463 5563 religionis
2492 5506 2658 5548 causa
2689 5504 2923 5561 peregre
2960 5487 3289 5559 profectum,
3343 5486 3639 5542 Philastrio
3669 5483 3789 5555 epi-

2185 5599 2351 5654 scopo
2394 5584 2501 5640 vita
2548 5583 2758 5649 functo,
2805 5583 3098 5637 Brixianus
3143 5580 3377 5651 populus
3410 5593 3787 5635 successorem

2188 5678 2474 5749 expetivit,
2500 5678 2799 5733 accedente
2823 5676 3084 5747 suﬂ'ragio
3112 5676 3517 5745 episcoporum,
3548 5678 3710 5743 atque
3735 5672 3790 5727 in

482 5770 731 5842 aliosque
747 5772 1783 5842 praestantissimosvirostulit.Eumin
1802 5773 2081 5831 Orientem
2190 5773 2381 5845 primis
2412 5771 2689 5830 Ambrosii
2723 5772 3149 5829 Mediolanensis
3188 5769 3485 5840 antistitis,
3526 5766 3683 5840 cujus
3726 5781 3794 5825 es
