4096 6192
335 313 438 371 797

1542 307 1916 365 PREFATIO
1953 306 2016 366 P.
2056 304 2428 362 GALEARDI.

3532 294 3640 361 τοι

332 439 660 500 tempestate
690 427 995 485 auctoritas
1025 438 1237 482 sentina
1280 433 1417 478 erat.
1443 421 1808 486 Gaudentius,
1840 435 1927 475 sa-
1958 424 2005 483 Α
2037 431 2220 490 pterea
2265 422 2436 477 utitur
2459 422 2714 494 apposite
2744 419 3014 475 Baronius
3041 415 3136 490 [ad
3183 421 3252 473 Α.
3282 417 3349 474 C.
3400 415 3532 485 516,
3581 431 3641 472 n.

331 524 559 580 cerdotii
587 521 828 592 pondere
859 520 1180 582 deterritus,
1228 517 1556 586 imperitiam
1596 522 1785 569 contra
1829 515 1930 569 ob-

332 618 586 684 tendere,
620 625 947 684 aetatemque
969 614 1316 666 inmaturam
1345 607 1537 677 carpit,
1562 616 1624 662 ut
1653 623 1710 662 se
1734 607 1803 660 ab
1833 606 1934 660 im-

333 711 496 781 positi
525 708 768 764 muneris
809 705 1029 762 sarcina
1074 701 1425 760 subduceret.
1459 699 1662 754 Verum
1697 700 1930 752 Ambro-

329 805 464 867 sius,
495 801 790 870 caeterique
835 798 1135 862 antistites,
1169 801 1512 849 sacramento
1544 790 1929 844 Brixianorum

330 896 577 952 adstricti
622 897 753 966 (quo
804 893 1037 948 fortasse
1075 905 1199 946 sese
1245 889 1659 957 obligaverunt,
1719 883 1930 937 nullum

334 989 500 1044 alium
547 988 864 1058 episcopum
929 995 1126 1053 printer
1177 981 1544 1039 Gaudentium
1611 987 1934 1048 accepturos

331 1082 472 1152 fore)
503 1078 817 1147 huiusmodi
846 1077 913 1132 ad
939 1091 1064 1132 eum
1091 1075 1300 1130 litteras
1327 1089 1432 1128 una
1478 1086 1602 1126 cum
1641 1069 1929 1124 Brixiano-

332 1189 452 1228 rum
491 1172 691 1226 civium
717 1171 994 1241 legatione
1031 1169 1324 1230 miserunt,
1365 1174 1423 1220 ut
1449 1179 1635 1218 earum
1666 1162 1935 1233 gravitate

332 1276 387 1321 et
411 1266 466 1320 vi
493 1262 1048 1336 periuotitlrientales
1061 1261 1302 1332 episcopi
1327 1259 1770 1314 communionem
1789 1255 1934 1312 Gauo

332 1355 517 1414 detttio
545 1356 903 1426 denegarem,
931 1354 1036 1410 nisi
1086 1355 1388 1410 rediturum
1433 1368 1514 1418 se,
1560 1362 1723 1422 atque
1753 1351 1931 1420 impe-

332 1460 453 1506 rata
474 1450 740 1505 iacturum
757 1449 1134 1520 polliceretur.
1159 1447 1350 1518 Itaque
1362 1445 1723 1513 Gaudentius,
1747 1445 1934 1499 redire

331 1543 664 1610 compulsus,
721 1541 994 1595 Brixianae
1047 1539 1313 1594 Ecclesia!
1371 1538 1616 1608 regimen
1667 1538 1927 1606 susccpit,

333 1650 439 1688 non
472 1635 592 1689 sine
623 1648 814 1704 magna
846 1633 1061 1688 virtutis
1105 1647 1168 1687 ac
1219 1630 1500 1686 modestia:
1556 1630 1749 1694 laude;
1806 1645 1930 1684 cum

332 1743 442 1781 non
465 1727 650 1794 (solum
681 1727 898 1782 absenti
937 1739 1002 1781 ac
1029 1725 1357 1796 repugnanti
1391 1724 1724 1794 episcopalis
1755 1724 1931 1793 digni-

2033 513 2127 580 M,
2159 514 2247 569 tibi
2275 515 2345 570 de
2374 515 2581 570 sanctis
2605 513 2677 569 40
2703 513 3044 585 martyribus
3068 525 3257 582 agens,
3303 509 3642 567 Gaudentiu-

2037 624 2164 662 uum
2190 622 2500 664 sermonem
2533 608 2737 662 laudat.
2782 607 3030 686 Meminit
3077 603 3322 674 ejusdem
3352 601 3420 658 ad
3460 605 3527 658 Δ.
3572 601 3640 659 ο.

2034 699 2160 762 387,
2187 718 2240 754 ιιι.
2278 702 2330 766 7,
2365 715 2428 756 ac
2450 711 2650 771 praeter
2677 700 2972 754 Baronium
3011 696 3426 768 Papebroclsius
3451 697 3506 751 in
3536 697 3646 752 Ae-

2037 794 2103 846 tis
2128 791 2226 848 SS.
2253 792 2450 857 Martii,
2483 803 2615 848 tom.
2649 791 2713 860 ll,
2749 807 2873 862 pag.
2908 791 3091 862 15h“.
3127 786 3182 857 7,
3225 787 3467 859 itemque
3499 788 3634 844 llth

2038 897 2226 942 nartus
2254 889 2307 942 in
2343 889 2496 941 Actis
2520 888 2842 958 Martyrum.

2105 981 2165 1035 4.
2202 981 2321 1050 Quo
2347 995 2490 1035 anno
2526 980 2869 1036 Gaudentius
2910 979 3290 1048 episcopatum
3337 975 3647 1048 susceperit

2034 1089 2141 1132 non
2175 1077 2307 1132 satis
2342 1077 2529 1147 liquet.
2564 1075 2794 1131 Videtur
2825 1073 2882 1130 id
2913 1073 3116 1130 factum
3155 1072 3328 1128 fuisse
3359 1075 3512 1128 circa
3543 1085 3648 1126 an-

2037 1187 2164 1228 num
2195 1172 2325 1240 887,
2353 1185 2512 1241 quam
2543 1171 2873 1225 sententiam
2905 1169 3254 1224 recentiores
3289 1165 3403 1222 fere
3446 1175 3648 1221 omnes

2039 1267 2288 1336 probant.
2326 1265 2552 1321 Vossius
2580 1278 2732 1327 sane,
2763 1277 2826 1318 ac
2849 1262 3123 1326 Labbeus,
3155 1259 3368 1317 Caveus
3396 1260 3553 1327 item,
3585 1267 3648 1318 et

2034 1360 2241 1416 Natalis
2269 1359 2600 1427 Alexander,
2654 1358 2708 1412 in
2762 1359 2906 1411 ltunc
2948 1369 3152 1410 annum
3186 1353 3401 1408 initium
3430 1353 3648 1424 episco-

2037 1462 2195 1523 patus
2224 1451 2522 1509 Gaudentii
2567 1447 2880 1506 conferunt.
2917 1445 3097 1503 Vossii
3142 1446 3306 1500 verba
3339 1445 3457 1500 haec
3485 1451 3637 1514 sunt,

2035 1546 2134 1604 lib.
2164 1561 2222 1600 Ill
2251 1545 2320 1600 de
2348 1544 2486 1599 liist.
2518 1542 2638 1598 Lat.
2672 1542 2747 1613 (c)
2775 1559 2788 1595 :
2830 1537 3156 1596 Gaudentius
3200 1538 3492 1594 Brixiensis
3533 1539 3647 1608 epi-

2034 1656 2218 1713 swpus
2241 1641 2500 1694 memerita
2525 1638 2755 1710 prodidit
2787 1636 2959 1691 Vitam
2980 1635 3044 1692 S.
3071 1633 3376 1701 Philastrii,
3412 1634 3492 1688 cui
3525 1647 3648 1689 suc-

2035 1745 2252 1790 cesserat
2281 1735 2332 1788 in
2360 1735 2673 1806 episcopatu.
2733 1730 2874 1787 Obiit
2919 1740 3092 1786 autem
3141 1729 3466 1784 Pliilastrists
3497 1741 3642 1786 anno

332 1828 416 1874 tas
439 1819 620 1874 delata
652 1818 834 1884 fuerit.
871 1834 1058 1872 verum
1078 1817 1265 1883 etiam.
1303 1816 1450 1886 quod
1481 1829 1662 1869 rarum
1703 1826 1809 1880 est.
1837 1831 1932 1870 εκ·
1962 1817 2009 1878 Β
2037 1829 2160 1892 587,
2189 1829 2322 1882 unde
2345 1826 2629 1881 Gaudentii
2652 1836 2778 1881 tetas
2829 1826 2955 1880 satis
2995 1833 3155 1894 patet.
3206 1822 3463 1879 Profecto
3494 1828 3540 1877 sl
3573 1822 3644 1880 de

331 1911 560 1981 pugnari
588 1926 649 1966 se
679 1927 784 1964 non
812 1910 971 1965 aliter
1004 1925 1196 1979 passus
1219 1911 1311 1977 sit,
1345 1923 1503 1979 quam
1538 1907 1932 1963 ecclesiasticis

331 2005 494 2058 minis
537 2004 843 2072 perculsus,
877 2012 949 2070 et,
999 2011 1058 2057 ut
1089 2003 1206 2074 ipse
1237 2005 1346 2070 ait,
1377 2001 1688 2057 auctoritate
1715 2012 1930 2056 sancto-

329 2116 444 2152 rttnt
470 2099 805 2170 prtesentium
833 2097 1162 2172 subjugatus.

397 2194 452 2247 2.
497 2194 621 2249 llaec
647 2195 830 2248 omnia
861 2195 930 2248 ab
963 2195 1080 2263 ipso
1109 2193 1416 2248 Gaudentio
1446 2192 1711 2248 discimus
1737 2193 1792 2246 in
1820 2208 1928 2246 ser-

328 2300 476 2340 mone
508 2288 569 2338 ite
597 2272 941 2340 Ortlinatione
966 2286 1068 2354 sui,
1105 2287 1196 2354 qui
1228 2285 1444 2341 habitus
1471 2296 1555 2340 est
1583 2300 1770 2340 coram
1799 2288 1927 2340 Am-

335 2378 521 2432 brosio
549 2377 938 2433 Mediolanensi
965 2378 1244 2444 antistite;
1283 2388 1444 2449 atque
1476 2379 1546 2432 ab
1574 2378 1768 2433 eodem
1809 2393 1931 2432 ser-

328 2485 489 2525 mone
521 2469 896 2524 testimonium
943 2469 1250 2541 desumpsit
1299 2470 1567 2525 Baronius
1607 2485 1732 2524 cum
1785 2469 1932 2526 Gau-

323 2565 490 2619 dentii
521 2566 849 2620 electionem
881 2575 1099 2620 enarrat
1128 2565 1196 2620 ad
1230 2568 1294 2619 A.
1351 2566 1413 2619 C.
1446 2564 1573 2629 386,
1619 2581 1676 2619 n.
1729 2567 1781 2631 7,
1836 2566 1925 2620 ubi

325 2666 502 2712 tamen
529 2673 752 2713 sensum
787 2658 1077 2714 verborum
1116 2657 1441 2724 Gaudentii,
1475 2667 1798 2711 sacramento
1826 2675 1928 2728 quo

326 2760 513 2804 temere
554 2768 639 2806 vos
672 2753 808 2822 ipsos
841 2751 1129 2824 obligastis,
1175 2753 1397 2816 astricti,
1447 2768 1555 2805 non
1589 2752 1806 2805 videtur
1838 2767 1926 2805 as-

323 2855 572 2913 secutus,
625 2845 752 2898 dunt
778 2835 1448 2915 cpiscbpisjusjurandun‘t
1477 2846 1749 2910 attribuit,
1784 2846 1926 2916 quod

324 2936 500 2990 fuerat
550 2937 770 2991 t-iviuut.
825 2938 1170 2993 Gaudentius
1211 2941 1358 2994 enim
1408 2945 1555 2993 cives
1605 2940 1926 3009 alloquitur,

326 3045 434 3082 nou
469 3030 781 3099 ειιίερορυε,
816 3040 874 3084 ut
907 3039 1053 3099 patet
1090 3045 1103 3085 ε
1139 3029 1214 3102 (τι)
1251 3031 1358 3086 Sed
1403 3032 1583 3086 beatus
1614 3042 1760 3102 pater
1804 3033 1928 3086 Ant-

324 3125 549 3189 brosius,
607 3126 875 3194 «laterique
927 3125 1207 3178 venerandi
1263 3126 1556 3189 antistites,
1603 3138 1928 3180 sacramento

321 3233 424 3287 quo
446 3226 630 3270 temere
661 3233 743 3269 ros
790 3217 928 3284 ipsos
972 3217 1261 3287 obligastis,
1314 3219 1538 3280 astricti,
1585 3217 1710 3272 tales
1739 3220 1806 3272 ad
1850 3237 1928 3273 me
1955 3208 2000 3271 C

324 3312 569 3381 epistolas
591 3329 705 3364 cum
737 3323 900 3365 vestra
933 3311 1190 3385 legatione
1223 3313 1491 3380 miserunt,
1523 3323 1576 3368 ut
1601 3316 1712 3368 sine
1737 3316 1927 3368 damno

323 3408 511 3460 anima:
537 3422 661 3460 mea:
689 3407 822 3460 ultra
851 3409 957 3474 iani
987 3405 1221 3459 resistere
1254 3423 1353 3459 non
1383 3408 1624 3460 valerent.
1659 3408 1839 3473 Quare
1868 3409 1929 3459 li-

325 3510 414 3552 cet
441 3498 823 3568 jusjurandum
859 3497 1147 3568 episcopos
1177 3501 1530 3567 compulisset
1569 3500 1633 3554 ad
1665 3515 1926 3553 revocan-

324 3595 450 3647 dum
484 3592 870 3656 Gaudentium,
891 3598 1070 3645 lumen
1097 3592 1260 3645 Verba
1288 3592 1378 3645 illa
1408 3591 1720 3656 Gaudentii,
1756 3610 1930 3645 sacra-

325 3695 493 3738 mento
521 3702 624 3755 quo
655 3695 843 3738 temere
871 3697 954 3736 t‘os
987 3683 1124 3752 ipsos
1156 3682 1445 3754 obligastis,
1483 3685 1631 3738 nullo
1677 3685 1835 3738 modo
1861 3686 1926 3740 ad

325 3778 634 3848 episcopos,
667 3776 762 3831 sed
796 3777 861 3829 ad
891 3776 1040 3830 cives
1073 3776 1456 3831 tantummodo
1485 3778 1816 3831 referuntur.

396 3871 448 3925 '5.
495 3871 628 3926 Dum
661 3871 712 3924 in
741 3869 966 3924 Oriente
991 3880 1306 3923 versaretur
1336 3869 1702 3934 Gaudentius,
1735 3885 1798 3924 ac
1826 3886 1923 3938 per

324 3961 689 4032 Cappadocia:
709 3961 878 4017 urbes
906 3959 1217 4017 Jerusalem
1244 3972 1523 4032 pergeret,
1553 3964 1604 4017 in
1640 3965 1755 4032 ipsa
1791 3979 1928 4033 pra:-

326 4057 486 4126 cipua
509 4056 871 4125 Cappadociae
899 4056 1034 4110 urbe
1057 4055 1334 4121 Czusarea,
1356 4072 1382 4108 a
1408 4056 1733 4124 quibusdam
1759 4057 1929 4110 sacris

326 4147 635 4218 virginibus
666 4147 854 4202 Basilii
886 4147 1142 4218 neptibus
1196 4148 1248 4201 iu
1294 4148 1637 4203 monasterio
1679 4149 1929 4220 degenti-

329 4241 435 4296 bus
462 4240 545 4310 (b)
574 4240 835 4310 reliquias
866 4250 1183 4296 sanctorum
1221 4237 1294 4294 ιο
1352 4249 1680 4312 martyrum,
1734 4243 1824 4311 qui
1875 4243 1928 4296 in

326 4333 586 4389 Armenia
616 4334 718 4388 sub
745 4333 959 4390 Licinio
1012 4334 1161 4404 passi
1215 4334 1458 4400 fuerant,
1504 4335 1736 4404 accepit,
1793 4350 1931 4406 quas

327 4426 457 4480 olim
484 4426 588 4481 sibi
621 4425 852 4480 traditas
877 4427 948 4480 ab
973 4426 1247 4481 avunculo
1287 4440 1387 4481 suo
1411 4427 1645 4492 Basilio,
1679 4427 1928 4498 ejusdem

326 4518 566 4575 civitatis
591 4519 849 4588 episcopo
871 4559 887 4584 ,
920 4521 1288 4574 testabantur.
1335 4520 1444 4576 Has
1489 4535 1598 4576 una
1628 4536 1753 4575 cum
1799 4524 1928 4580 aliis

327 4621 642 4666 sanctorum
702 4611 971 4681 reliquiis,
1032 4611 1264 4666 Joannis
1308 4612 1593 4682 Baptistm,
1653 4603 2006 4685 Andream!)

330 4703 576 4772 Thomas,
608 4719 672 4759 ac
693 4703 875 4765 Luc.e,
912 4704 1160 4759 Brixiatn
1195 4704 1486 4772 devectas,
1519 4707 1570 4760 in
1619 4709 1855 4762 ecclesia
1896 4721 1925 4762 a

328 4812 390 4854 se
419 4797 667 4854 dedicata
696 4798 994 4853 collocavit
1024 4798 1386 4859 Gaudentius.
1420 4799 1622 4856 additis
1659 4811 1926 4873 presteres

329 4891 501 4948 sacris
549 4892 783 4961 lipsanis
829 4891 1100 4958 Gervasii,
1155 4893 1410 4958 Protasii,
1467 4901 1634 4964 atque
1684 4895 1927 4960 Nazarii,

328 4985 570 5056 itemque
595 4985 1012 5042 Anaunensium
1037 4995 1359 5058 martyrum,
1385 4987 1636 5054 Sisinnii,
1663 4988 1927 5062 Martyrii,

329 5086 387 5133 et
415 5079 761 5144 Alexandri;
796 5079 1143 5148 laudatisque
1162 5093 1266 5149 pro
1282 5079 1549 5135 concione
1574 5081 1931 5152 martyribus,

329 5171 622 5228 ecclesiam
651 5173 827 5242 ipsam
873 5171 1154 5225 concilium
1181 5182 1478 5226 sanctorum
1510 5175 1932 5244 nuncupandam

330 5276 452 5318 esse
482 5264 758 5328 decrevit;
786 5273 843 5318 ut
875 5264 1144 5320 habemus
1169 5265 1220 5318 in
1245 5280 1480 5319 sermone
1501 5266 1566 5320 de
1597 5265 1935 5323 Dedicatione

330 5356 579 5414 basilicis.
627 5361 703 5414 Ex
756 5360 863 5414 lioc
907 5359 1181 5430 praclaro
1231 5359 1529 5416 Gsudentii
1583 5363 1725 5416 tacto
1774 5363 1936 5420 valde

332 5455 695 5509 confirmatur
714 5455 971 5524 antiquus
993 5453 1329 5523 reliquarum
1357 5455 1568 5523 cultus,
1603 5470 1778 5527 eoque
1807 5473 1936 5527 pro-

409 5678 485 5823 Ea)
529 5679 740 5748 Gaud.,
771 5689 931 5736 tract.
963 5680 1031 5736 de
1061 5679 1254 5735 Urtiin.
1286 5677 1393 5760 sui.

439 5751 491 5820 ὁ)
527 5749 739 5814 Gaud.,
771 5761 928 5806 tract.
972 5751 1041 5807 de
1090 5751 1226 5808 Ded.
1286 5751 1393 5806 baSI

439 5751 491 5820 ὁ)
527 5749 739 5814 Gaud.,
771 5761 928 5806 tract.
972 5751 1041 5807 de
1090 5751 1226 5808 Ded.
1286 5751 1480 5818 basil.,
1516 5767 1607 5805 cas
1638 5756 1936 5810 monasterii

335 5831 634 5880 sanctarum
674 5823 929 5894 virginum
957 5824 1293 5894 dignissimas
1328 5833 1518 5882 matres
1550 5825 1806 5897 appellat.

2034 1939 2179 1977 anno
2204 1923 2386 1978 obitus
2418 1920 2693 1976 Philastrii
2727 1925 3030 1984 constaret,
3073 1917 3221 1973 nulla
3245 1916 3315 1972 de
3341 1917 3499 1971 initio
3520 1915 3636 1986 epi-

2035 2021 2293 2085 scopatus
2317 2011 2614 2068 Gaudentii
2643 2019 2794 2067 esset
2820 2010 3084 2081 quaestio;
3119 2008 3266 2080 quod
3290 2019 3476 2065 autem
3511 2019 3646 2063 con-

2029 2111 2238 2181 jectura
2282 2110 2474 2164 saltem
2506 2106 2724 2176 assequi
2774 2117 3086 2176 pmsumus,
3128 2103 3235 2158 hoc
3279 2110 3396 2169 est,
3452 2100 3640 2157 Philae

2035 2204 2228 2261 strium
2259 2213 2377 2272 post
2405 2213 2608 2256 annum
2637 2201 2742 2255 584
2770 2197 2918 2254 diem
2943 2211 3100 2254 Suum
3129 2194 3354 2252 abiisse.
3377 2192 3510 2249 Nam
3529 2194 3642 2250 Au-

2033 2276 2300 2368 gustinus,
2334 2296 2421 2366 qui
2447 2294 2618 2349 Roma
2644 2289 3004 2347 Mediolanum
3026 2289 3176 2344 venit
3198 2301 3342 2342 anno
3371 2285 3500 2353 584,
3533 2285 3637 2340 ibid

2034 2405 2138 2459 que
2162 2397 2531 2445 commoratus
2549 2393 2632 2441 est
2654 2397 2828 2454 usque
2857 2384 2923 2438 ad
2954 2393 3159 2436 annum
3185 2381 3314 2444 587,
3348 2377 3638 2447 scribit(d)

2035 2498 2095 2538 se
2151 2481 2440 2537 Mediolani
2511 2478 2862 2533 Philastrium
2929 2475 3268 2530 Brixiensem
3326 2473 3644 2543 episcopum

2033 2575 2172 2643 apud
2195 2573 2538 2628 Ambrosium
2559 2570 2784 2625 vidisse.
2813 2570 2995 2637 Itaque
3009 2566 3122 2621 fieri
3151 2573 3351 2635 potest,
3369 2564 3632 2633 aliquem,

2033 2681 2097 2722 ac
2144 2667 2371 2722 fortasse
2421 2670 2756 2733 postremum
2807 2674 2870 2714 es
2927 2658 3012 2713 bis
3060 2658 3236 2712 tribus
3266 2657 3424 2712 annis
3455 2654 3628 2711 fuisse

2034 2759 2327 2816 Philastrio
2353 2755 2731 2820 emortualem,
2781 2767 2906 2808 cum
2957 2760 3111 2807 certe
3166 2758 3295 2805 ante
3353 2747 3632 2804 Ambrosii

2033 2855 2241 2911 obitum
2275 2853 2385 2922 (qui
2414 2867 2556 2904 anno
2578 2849 2682 2905 597
2713 2844 3045 2916 assignatur)
3076 2844 3418 2901 Gaudentius
3460 2843 3642 2899 factus

2033 2949 2199 3004 fuerit
2228 2946 2421 3000 Brixia:
2447 2945 2756 3012 episcopus.
2783 2940 2893 2994 Hoc
2915 2947 3100 2993 autem
3123 2937 3339 2992 videtur
3361 2934 3639 2990 accidisse

2036 3047 2220 3114 plures
2249 3050 2376 3096 ante
2406 3051 2581 3093 annos
2620 3051 2781 3106 quam
2815 3033 3136 3088 Ambrosius
3165 3029 3281 3100 ipse
3307 3028 3635 3095 decederet;

2035 3153 2156 3193 nam
2183 3136 2384 3206 saepius
2408 3135 2478 3189 de
2510 3147 2578 3188 eo
2609 3129 2775 3184 verba
2814 3127 2968 3191 facit,
2999 3141 3061 3180 ac
3095 3132 3428 3194 prtesentem
3470 3137 3644 3195 quan-

2034 3233 2213 3301 doque
2240 3227 2532 3297 compellat
2557 3236 2791 3279 sermone
2825 3220 2891 3274 de
2929 3218 3273 3273 Ordinatione
3301 3216 3403 3282 sui,
3445 3224 3500 3271 et
3528 3231 3638 3269 ser-

2034 3341 2185 3380 nione
2207 3329 2269 3380 de
2299 3322 2454 3376 Petro
2481 3331 2526 3374 et
2559 3318 2753 3383 Paulo,
2787 3329 3019 3386 quorum
3047 3313 3200 3384 prior
3235 3311 3462 3378 Brixiae,
3503 3311 3643 3366 alter

2035 3435 2166 3474 vero
2195 3415 2481 3472 Mediolani
2503 3429 2527 3466 a
2562 3408 2870 3467 Gaudentio
2901 3415 2986 3463 est
3021 3405 3262 3460 habitus.

2106 3515 2158 3567 2i.
2202 3512 2319 3566 Jam
2347 3523 2480 3563 vero
2515 3513 2718 3578 quanta
2769 3502 3035 3558 doctrinae
3079 3509 3242 3570 atque
3297 3497 3629 3568 eloquentia!

2035 3607 2195 3661 laude
2222 3605 2444 3659 ﬂoreret
2471 3601 2807 3656 Gaudentius
2840 3604 3050 3659 noster,
3102 3609 3169 3649 ex
3215 3605 3281 3648 eo
3329 3593 3638 3646 luculenter

2033 3699 2330 3768 Colligitur,
2356 3695 2499 3766 quod
2531 3693 2654 3762 ejus
2684 3701 2972 3746 sermones
2999 3687 3202 3757 passim
3233 3701 3260 3739 a
3291 3686 3522 3740 notariis
3545 3699 3641 3739 ex-

2033 3791 2143 3862 cipi
2173 3791 2435 3846 solerent.
2465 3785 2592 3842 dum
2631 3785 2748 3854 ipse
2777 3783 2843 3837 ad
2892 3781 3150 3852 populum
3186 3778 3348 3833 verba
3401 3777 3632 3833 faceret.

2031 3884 2310 3941 Solemnis
2331 3883 2476 3935 enim
2505 3895 2566 3935 ea
2604 3884 2930 3947 tempestate
2986 3887 3105 3928 mos
3154 3871 3278 3939 fuit,
3330 3880 3388 3924 ut
3439 3871 3483 3924 si
3515 3870 3640 3939 quis

2033 3975 2536 4034 ecclesiasticarum
2599 3980 2955 4026 tractatorum
3017 3965 3251 4022 dicendo
3319 3964 3638 4030 excelleret,

2033 4072 2154 4138 ejus
2183 4070 2476 4124 conciones
2523 4064 2789 4135 appositis
2837 4061 3090 4128 notariis,
3134 4059 3340 4126 scripto
3380 4057 3638 4114 celeriter

2034 4163 2448 4228 exciperentur;
2473 4156 2541 4210 de
2564 4165 2670 4224 quo
2695 4156 2849 4222 plura
2871 4150 3108 4204 diximus
3132 4147 3186 4201 in
3213 4145 3358 4200 notis
3375 4143 3631 4200 Gaudena

2033 4253 2194 4308 tinnis
2219 4247 2563 4305 Praefationis
2595 4245 2665 4300 ad
2708 4243 3028 4300 Bentrotsm.
3062 4241 3199 4294 iline
3229 4239 3372 4294 tituli
3416 4237 3498 4292 illi
3547 4251 3636 4293 se-

2034 4346 2140 4402 mel
2167 4355 2327 4415 atque
2355 4346 2551 4398 iterum
2580 4338 2978 4398 Gaudentianis
2994 4334 3346 4392 sermonibus
3375 4331 3629 4403 praiilxi:

2033 4436 2306 4509 Incipiunt
2350 4436 2552 4506 excepti
2581 4443 2832 4488 tractatus
2873 4431 2938 4486 de
2977 4429 3192 4483 diversis
3231 4424 3511 4498 capitulis:
3557 4433 3635 4492 et,

2034 4529 2311 4583 Tractatus
2332 4527 2565 4600 ejusdem
2592 4535 2833 4597 exceptus
2865 4525 2948 4578 die
2974 4521 3329 4577 Dedicationis
3365 4519 3635 4583 basilica;

2031 4631 2106 4686 et,
2129 4620 2320 4692 Incipit
2344 4630 2597 4675 tracturus
2614 4633 2760 4690 quem
2783 4619 2951 4690 primo
2973 4617 3058 4670 die
3079 4611 3425 4670 ordinationis
3445 4611 3635 4680 ipsius,

2032 4720 2375 4787 quorumdam
2389 4717 2576 4770 ciuium
2603 4714 2792 4767 notarii
2807 4718 3140 4782 exceperunt.
3164 4707 3393 4762 Moleste
3413 4704 3635 4775 quidem

2034 4810 2136 4863 hos
2167 4819 2484 4864 sermonum
2528 4817 2748 4862 suorum
2787 4814 3082 4875 exceptat-es
3123 4807 3191 4856 eo
3222 4811 3394 4868 usque
3429 4795 3640 4853 ferebat

2033 4903 2392 4968 Gaudentius,
2427 4909 2484 4956 ut
2523 4915 2644 4972 quin
2687 4899 2755 4954 ab
2797 4896 3104 4968 huiusmodi
3145 4892 3326 4964 operis
3364 4889 3637 4960 descripta

2033 4996 2273 5065 fuerant,
2299 5010 2395 5050 sua
2441 5001 2564 5050 ease
2609 4991 2962 5048 diffiteretur.
3013 4989 3105 5046 Sic
3144 4986 3290 5044 enim
3323 4986 3554 5055 ipsemet
3583 4983 3637 5038 in

2037 5089 2359 5161 Prwfatione
2402 5089 2470 5142 ad
2515 5085 2858 5141 Benivolam:
2892 5082 2970 5137 De
3001 5081 3108 5138 illis
3153 5093 3274 5136 vero
3311 5077 3638 5142 tractatibus,

2036 5183 2233 5252 inquit.
2267 5197 2396 5252 quos
2441 5181 2654 5234 notariis
2683 5181 2762 5251 (ut
2793 5175 3046 5248 comperi)
3098 5177 3317 5230 latenter
3363 5169 3640 5243 appositis,

2035 5276 2218 5347 procul
2247 5275 2405 5329 dubio
2450 5275 2786 5342 interruptos,
2836 5279 2881 5326 et
2919 5268 3251 5339 semiplenos,
3309 5266 3471 5318 otiosa
3515 5273 3644 5330 quo-

2037 5365 2278 5421 rumdam
2310 5365 2484 5421 studia
2515 5365 2758 5437 colligere
2796 5369 3260 5434 prtcsumpserunt,
3290 5356 3422 5411 nihil
3467 5353 3536 5406 ad
3563 5364 3644 5405 nte

2037 5461 2239 5515 attinet.
2275 5458 2399 5514 Mea
2416 5461 2536 5529 jam
2561 5475 2662 5514 non
2683 5469 2803 5514 sunt
2833 5473 2949 5527 qui:
2979 5464 3181 5512 constat
3220 5449 3474 5524 prwcipiti
3495 5447 3644 5502 exci-

2114 5687 2188 5759 (c)
2229 5688 2358 5760 Pag.
2390 5688 2518 5754 7“,
2552 5687 2706 5760 edllt.
2736 5683 2910 5757 Lugd.
2937 5683 3088 5748 _Bal.,
3132 5677 3296 5737 1651.

2115 5762 2199 5831 (ά)
2241 5759 2359 5818 Lib.
2391 5760 2459 5815 de
2486 5760 2662 5827 litem,
2699 5759 2818 5814 ittit.
