4206 6174
577 282 688 344 799

1522 284 1581 342 S.
1623 281 2066 342 GAUDENTIUS
2104 280 2478 342 EPISCOPUS
2516 284 2906 344 BRIXIANUS.

3751 271 3887 346 soo'

572 400 839 472 pientium
860 401 1191 472 festinatione
1218 416 1329 456 esse
1353 401 1666 472 conscripta.
1695 398 1898 456 Verum
1927 400 2174 470 quando—
2199 408 2255 469 Α
2278 402 2579 472 alumnum,
2619 412 2782 474 atque
2820 406 2888 459 ab
2913 403 3106 460 eodem
3139 405 3530 462 ecclesiasticis
3565 406 3849 478 disciplinis

574 509 682 566 que
699 496 862 551 etiam
887 493 1197 566 hujusmodi
1226 500 1487 550 tractatus
1507 494 1740 549 aliorum
1766 501 1956 563 rogatu
1983 507 2174 549 emen-

573 587 748 655 davit,
801 587 962 658 idque
1012 586 1316 656 praesertim
1366 585 1545 657 quoad
1610 592 1842 656 quatuor
1891 586 2176 641 breviores

573 691 838 740 tractatus
865 683 929 737 de
973 683 1188 738 diversis
1233 682 1476 752 capitulis
1528 680 1814 754 Evangelii,
1864 695 1929 736 ac
1978 680 2174 736 subse-

571 783 828 846 quentem
855 775 918 830 de
946 773 1264 829 Machabwis
1290 773 1604 844 martyribus
1635 773 1958 843 praestitisse
1986 788 2046 828 se
2071 772 2178 827 Be-

572 867 758 924 nivolo
796 875 1054 938 petente,
1096 865 1232 920 inibi
1261 875 1533 921 testatur:
1582 879 1753 935 quare
1799 880 1897 934 pro
1941 864 2177 920 sinceris

571 969 628 1019 et
655 957 1051 1016 Gaudentianis
1083 957 1390 1024 habendos,
1433 957 1572 1013 nihil
1621 967 1706 1013 est
1753 957 1899 1028 quod
1955 957 2177 1012 dubite-

571 1066 713 1107 mus.
747 1055 814 1107 Αι
839 1067 948 1123 quo
1002 1053 1176 1122 magis
1208 1053 1557 1122 perspicuum
1593 1051 1689 1106 ﬁat
1714 1066 1874 1121 quam
1913 1050 2179 1120 praeclare

569 1142 640 1200 de
663 1142 955 1200 Gaudentii
986 1144 1301 1214 eloquentia
1341 1158 1406 1198 ac
1453 1143 1731 1209 doctrina,
1779 1157 1847 1199 eo
1878 1143 2057 1198 adhuc
2086 1157 2180 1196 su-

573 1236 806 1308 perstite
833 1246 892 1294 et
932 1236 1216 1304 incolumi,
1263 1236 1515 1292 homines
1543 1236 1834 1303 sentirent,
1868 1245 2181 1306 quantaque

572 1341 721 1388 esset
741 1331 850 1402 jam
884 1340 996 1385 tum
1020 1329 1388 1387 Gaudentiani
1423 1331 1661 1386 nominis
1697 1331 2012 1394 celebritas,
2048 1345 2181 1400 ope-

573 1437 651 1478 rae
683 1423 914 1493 pretium
938 1423 1064 1488 erit,
1092 1423 1366 1493 integrum
1400 1422 1491 1478 hic
1533 1421 1716 1478 Ruﬁni
1757 1423 1937 1478 locum
1966 1421 2179 1481 descri-

573 1517 708 1575 bere
736 1518 791 1572 in
837 1517 1157 1590 Prwfatione
1185 1517 1253 1571 ad
1293 1514 1646 1571 Gaudentium
1692 1519 2010 1589 episcOpum,
2060 1531 2181 1586 qua:

573 1608 732 1668 libris
754 1609 1213 1680 Recognitionum
1238 1607 1565 1674 Clementis,
1597 1609 1666 1664 ab
1692 1609 1809 1679 ipso
1831 1607 2023 1664 Latine
2050 1623 2182 1664 con-

569 1703 765 1770 versis,
801 1702 1021 1773 praeﬁxa
1052 1711 1157 1758 est.
1191 1702 1370 1758 Locus
1411 1712 1497 1758 est
1529 1701 1846 1772 huiusmodi
1872 1719 1884 1754 :
1913 1700 2035 1756 Tibi
2059 1702 2178 1772 qui-

2277 493 2568 561 imbutum,
2620 503 2676 551 et
2720 494 3038 561 enutritum,
3096 495 3371 554 afﬁrmare
3427 506 3671 567 Oportet;
3719 499 3851 570 quod

2277 586 2494 656 quidem
2539 598 2877 656 postremum
2909 588 3256 645 Tillemontio
3286 589 3362 661 (α)
3397 590 3663 657 placuisse
3684 591 3847 647 video.

2349 681 2402 734 7.
2446 680 2640 736 Plures
2694 681 2846 738 fuere
2891 681 3184 738 Gaudentii
3231 697 3259 737 a
3306 695 3495 740 nostro
3549 693 3706 740 aetate
3755 700 3851 741 non

2279 774 2507 828 multum
2569 773 2747 829 dissiti
2784 818 2797 843 ,
2857 777 3207 846 episcopatus
3263 791 3493 832 munere
3548 792 3748 847 pares,
3797 794 3854 836 ac

2280 864 2507 934 proinde
2534 881 2656 920 cum
2684 881 2751 922 eo
2777 881 2886 920 non
2914 876 3120 923 temere
3150 867 3542 924 confundendi.
3575 869 3695 924 Fuit
3717 884 3855 926 nem-

2281 972 2372 1027 pe,
2410 955 2734 1015 Constantio
2769 961 3098 1032 imperante,
3130 961 3468 1018 Gaudentius
3511 964 3854 1021 Ariminensis

2283 1053 2510 1121 praesul,
2543 1053 2632 1124 qui
2654 1055 2787 1110 Acta
2815 1055 3184 1111 Ariminensis
3221 1057 3440 1112 concilii
3463 1058 3638 1112 soluta
3661 1059 3852 1130 synodo

2280 1144 2547 1212 rescidit,
2599 1156 2889 1216 proritcrea
2941 1163 2969 1202 a
3018 1149 3367 1205 Proconsulis
3400 1151 3664 1207 militibus
3695 1151 3857 1220 gladio

2281 1236 2594 1294 confossus.
2625 1240 2752 1296 Fuit
2775 1250 2830 1298 et
2857 1241 3198 1298 Gaudentius
3227 1243 3646 1300 Donatistarum
3675 1245 3860 1300 Talllll-

2281 1334 2540 1406 gadensis
2582 1336 2634 1390 in
2672 1336 2855 1392 Africa
2885 1337 3214 1407 episcopus,
3245 1339 3403 1408 cujus
3451 1339 3589 1394 duas
3619 1340 3859 1408 epistolas

2283 1427 2351 1483 ad
2391 1427 2683 1484 Dulcitium
2717 1429 3026 1497 tribunum,
3072 1431 3318 1500 itemque
3362 1431 3429 1486 ad
3468 1446 3530 1486 se
3563 1433 3860 1502 responsio-

2284 1537 2407 1577 nem
2429 1563 2444 1587 ,
2480 1523 2705 1578 totidem
2748 1523 2902 1579 libris
2942 1524 3252 1580 luculenter
3277 1523 3583 1581 confutavit
3621 1527 3860 1596 Augusti-

2284 1631 2408 1672 nus.
2439 1615 2560 1672 Fuit
2591 1617 2784 1672 eodem
2823 1618 2997 1674 ferme
3045 1629 3291 1689 tempore
3339 1633 3449 1690 quo
3480 1626 3667 1673 noster
3691 1663 3704 1687 ,
3735 1616 3864 1673 Gau-

2284 1709 2502 1766 dentius
2549 1711 2904 1768 Novariensis
2954 1717 3285 1782 episcopus,
3345 1711 3633 1782 Eporediae
3682 1721 3860 1776 ortus,

577 1796 716 1860 dem,
759 1793 1059 1864 Gaudenti,
1107 1805 1402 1850 nostrorum
1448 1795 1606 1849 decus
1651 1795 1853 1864 insigne
1893 1795 2184 1862 doctorum,

2294 1802 2519 1859 Eusebii
2571 1805 3288 1876 Vercellensisidiscipulus
3314 1848 3329 1873 ,
3365 1815 3528 1876 atque
3573 1805 3762 1881 exsilii
3786 1819 3864 1859 co-

578 1897 753 1944 tantus
775 1889 968 1960 ingenii
989 1890 1153 1960 vigor,
1175 1889 1332 1942 immo
1354 1898 1498 1942 tanta
1517 1888 1733 1956 spiritus
1754 1888 1926 1958 gratia
1947 1896 2041 1956 est,
2067 1896 2122 1942 ut
2142 1888 2187 1941 si

579 1981 704 2054 quid
733 1997 765 2034 a
797 1990 843 2035 te
862 1982 1016 2036 etiam
1037 1981 1331 2052 quotidiani
1359 1981 1546 2047 eloquii
1573 1996 1713 2033 more
1743 1979 1954 2048 dicitur,
1986 1981 2032 2034 si
2060 1980 2190 2050 quid

575 2073 632 2129 in
660 2074 877 2128 ecclesia
901 2073 1241 2139 declamatur,
1266 2073 1321 2126 id
1345 2072 1400 2125 in
1427 2072 1570 2126 libris
1597 2071 1796 2138 haberi,
1826 2081 1874 2125 et
1899 2072 1968 2124 ad
1995 2071 2189 2126 instru-

577 2168 803 2222 ctionem
841 2167 978 2220 tradi
1009 2168 1228 2237 posteris
1259 2167 1460 2220 debeat.
1505 2165 1669 2220 Vides
1699 2165 1788 2220 hic
1817 2180 1925 2220 non
1953 2165 2186 2221 obscure

578 2259 960 2316 adumbratam
988 2299 1003 2325 ,
1036 2267 1096 2312 ut
1133 2267 1288 2330 puto,
1320 2257 1827 2314 Gaudcnlianorum
1871 2272 2183 2313 sermonum

580 2355 992 2422 collectionem,
1013 2355 1125 2425 jam
1151 2365 1260 2410 tum
1291 2369 1390 2425 per
1413 2355 1678 2421 notarios,
1711 2369 1779 2410 eo
1799 2355 2182 2421 concionante,

581 2447 701 2505 ﬁeri
733 2457 991 2518 emptam.
1031 2448 1140 2504 Nec
1171 2448 1283 2504 ullo
1307 2449 1467 2503 modo
1489 2448 1871 2521 ambigendum
1897 2459 2002 2515 est,
2038 2449 2186 2504 Rufi-

580 2557 711 2598 num
734 2543 802 2598 de
827 2540 1135 2599 Gaudentio
1167 2549 1359 2597 nostro
1395 2542 1484 2597 hic
1514 2541 1688 2612 loqui,
1729 2543 1981 2611 quamvis
2009 2542 2187 2598 eccle-

581 2636 678 2691 sia:
719 2635 932 2690 titulum
977 2635 1426 2703 praetermiserit:
1469 2645 1621 2691 Certa
1669 2636 1817 2690 enim
1868 2649 2094 2705 prorsus
2132 2644 2189 2691 et

580 2728 882 2785 indubitata
907 2738 1036 2785 sunt
1061 2730 1263 2786 indicia
1290 2745 1412 2797 qum
1438 2729 1488 2784 id
1509 2729 1820 2797 ostendant,
1850 2744 2023 2799 eaque
2049 2728 2183 2784 infra

582 2837 710 2878 mox
733 2823 1094 2893 proferemus,
1127 2838 1250 2878 cum
1283 2822 1352 2879 de
1396 2833 1640 2893 tempore
1669 2821 1854 2878 obitus
1893 2822 2188 2879 Gaudentii

584 2914 744 2968 nobis
776 2913 1044 2984 agendum
1085 2916 1208 2971 erit.

657 3009 709 3064 6.
753 3009 832 3066 De
857 3011 1030 3080 patria
1056 3011 1349 3068 Gaudentii
1399 3012 1530 3083 quid
1580 3012 1714 3068 certi
1763 3011 2033 3069 afﬁrmem
2076 3028 2185 3069 non

581 3101 777 3159 habeo.
810 3104 1074 3160 Mansisse
1097 3120 1220 3160 eum
1253 3106 1476 3172 Brixiae,
1505 3117 1797 3178 antequam
1831 3109 1880 3162 iu
1905 3108 2184 3164 Orientem

583 3197 1046 3266 proﬁcisceretur,
1077 3207 1418 3268 compertum
1447 3209 1562 3264 est;
1589 3201 1665 3254 ait
1704 3200 1850 3256 enim
1875 3202 1928 3254 in
1953 3217 2187 3256 sermone
2211 3192 2259 3257 C

583 3288 650 3342 de
678 3287 1026 3344 Ordinatione
1054 3291 1139 3344 sui
1167 3307 1186 3343 :
1236 3290 1306 3346 Ut
1345 3292 1456 3346 sine
1485 3291 1677 3346 damno
1721 3294 1914 3348 animae
1943 3309 2072 3348 mea:
2101 3295 2188 3349 ul-

583 3390 665 3436 tra
681 3386 802 3454 jam
828 3383 1071 3437 resistere
1106 3400 1212 3438 non
1268 3385 1512 3452 valerem,
1571 3387 1656 3442 cui
1705 3391 1772 3441 ab
1829 3386 2188 3442 Orientalibus

579 3490 787 3544 quoque
810 3477 1090 3548 episcOpis,
1122 3477 1222 3532 nisi
1249 3493 1420 3532 meum
1447 3479 1515 3532 ad
1555 3493 1645 3534 vos
1685 3481 1917 3534 reditum
1968 3479 2191 3551 pollice-

581 3584 700 3633 rer,
760 3570 1012 3624 salutaris
1055 3572 1350 3625 communio
1402 3582 1699 3644 negaretur.
1752 3573 1981 3630 Reditus
2028 3589 2191 3643 porro
2260 3634 2268 3637 _

581 3672 676 3718 aut
697 3664 950 3733 patriam,
974 3673 1066 3719 aut
1085 3664 1280 3720 saltem
1303 3664 1637 3722 domicilium
1669 3667 1942 3738 designat.
1975 3667 2082 3723 Nec
2111 3667 2190 3723 fa-

574 3756 681 3811 cile
709 3755 904 3813 fuisset
923 3756 1263 3814 Gaudentius
1288 3777 1319 3813 a
1341 3759 1615 3814 Brixianis
1644 3761 1858 3816 civibus
1889 3771 1996 3815 tam
2026 3760 2194 3817 vehe-

585 3859 802 3905 menter
844 3849 913 3906 ad
945 3853 1324 3922 episcopatum
1357 3855 1652 3923 expetitus,
1704 3855 1796 3909 ubi
1839 3855 2034 3912 iisdem
2073 3855 2192 3910 exi-

581 3944 688 3998 mia
717 3944 836 4014 ejus
889 3943 1086 4010 virtus,
1132 3947 1216 4000 vel
1260 3957 1482 4016 propter
1529 3963 1880 4003 communem
1941 3948 2192 4018 patriam,

579 4035 663 4090 vel
694 4045 918 4105 propter
935 4036 1246 4092 diuturnam
1279 4039 1333 4094 in
1356 4041 1549 4095 eadem
1576 4041 1712 4096 urbe
1741 4041 2058 4108 stationem,
2087 4056 2194 4096 non

581 4126 778 4182 fuisset
809 4127 969 4195 plane
1003 4139 1318 4200 perspecta.
1345 4129 1413 4185 In
1443 4129 1766 4204 Praefatione
1789 4149 2007 4202 quoque
2031 4133 2195 4187 Beni-

590 4221 777 4276 VOlum
824 4222 1107 4293 alloquens
1143 4242 1156 4278 :
1202 4225 1382 4300 Sicut_
1391 4226 1777 4300 honoratorum
1805 4236 2000 4281 nostra:
2029 4227 2194 4296 urbis,

585 4312 790 4383 inquit,
823 4314 899 4368 ita
927 4315 1085 4369 etiam
1115 4297 1407 4372 Dominis-te
1431 4317 1620 4386 plebis,
1653 4316 1882 4372 Domino
1913 4329 2194 4385 annuente,

586 4408 950 4480 dignissimum
978 4420 1135 4483 caput
1163 4428 1214 4465 es
1248 4427 1267 4465 :
1296 4426 1466 4480 quare
1494 4412 1733 4466 Brixiam
1765 4411 1941 4466 urbem
1971 4422 2201 4467 nostram

593 4515 821 4564 vocans,
855 4503 1210 4574 ejusdemque
1239 4504 1526 4559 honoratos
1551 4505 1665 4574 (qui
1688 4505 1994 4575 praecipuus
2023 4505 2201 4576 digni-

2295 1910 2429 1950 mes.
2487 1895 2606 1951 Duo
2641 1905 2852 1951 tantum
2906 1897 3236 1963 Gaudentii,
3269 1898 3484 1954 scilicet
3527 1897 3864 1952 Ariminensis

2295 1995 2350 2042 et
2396 1985 2778 2055 Novariensis,
2832 1998 3211 2044 memorantur
3266 1989 3407 2060 apud
3467 1989 3862 2044 Volaterranum

2294 2079 2411 2148 (lib.
2446 2095 2533 2133 va
2561 2077 2847 2134 Comment.
2875 2098 2996 2152 pag.
3029 2081 3166 2148 476,
3201 2082 3325 2137 edit.
3350 2080 3615 2153 Gryph.),
3647 2080 3736 2135 ubi
3757 2079 3859 2134 Bri-

2295 2171 2512 2226 xianum
2536 2173 2790 2242 scriptis,
2818 2188 2882 2229 ac
2905 2175 3143 2228 nominis
3166 2173 3304 2228 fama
3335 2174 3544 2230 clarum
3562 2214 3577 2242 ,
3611 2173 3862 2228 incuriose

2293 2265 2456 2320 nimis
2487 2267 2881 2337 prastermittit.
2907 2268 3115 2323 Nomen
3147 2269 3276 2323 item
3305 2267 3597 2324 Gaudentii
3627 2266 3861 2336 frequens

2292 2359 2534 2414 occurrit
2581 2361 2634 2414 in
2683 2361 2953 2430 lapidibus
3001 2361 3300 2416 Brixianis.
3350 2359 3488 2415 Nam
3538 2359 3677 2428 apud
3710 2358 3857 2413 Octa-

2290 2453 2435 2507 vium
2468 2452 2742 2520 Rubeum,
2773 2453 3151 2509 Brixianarum
3177 2453 3607 2522 Inscriptionum
3628 2451 3860 2508 collecto-

2291 2559 2407 2599 rem
2439 2585 2453 2610 ,
2487 2559 2608 2616 pag.
2661 2545 2808 2615 246,
2869 2546 3101 2602 habetur
3154 2545 3450 2602 Cornelius
3503 2543 3857 2608 Gaudentius,

2290 2637 2587 2694 Corrector
2620 2638 2859 2696 Venetia:
2884 2683 2899 2708 ,
2933 2650 2989 2695 et
3021 2638 3238 2694 Histriae
3259 2683 3273 2708 ,
3306 2638 3388 2694 sic
3422 2656 3436 2692 :

2813 2793 2976 2834 (ΣοΒ
3037 2793 3368 2835 GAVDEN

2818 2866 2967 2905 τινε
3033 2866 3110 2904 VP
3139 2864 3274 2905 COD!
3309 2866 3390 2904 ET

2819 2937 2993 2978 COBR
3060 2937 3207 2976 VEN
3265 2937 3358 2975 ET

2813 3008 2985 3049 HIST
3049 3007 3347 3048 CVRAV'IT

2290 3134 2346 3184 et
2372 3142 2496 3198 pag.
2517 3125 2658 3196 296,
2689 3127 3024 3184 Gaudentius
3063 3127 3248 3184 Nusias
3280 3127 3549 3183 maritus:

2795 3280 3020 3321 NVSIAE
3078 3280 3357 3321 CONIVGI

2846 3353 3344 3393 SANCTISSIIAE

2711 3423 3237 3465 lNCOBlPARABILl
3275 3424 3445 3472 QVAE

2783 3475 2958 3534 vtxt'l‘
2998 3496 3145 3536 ANN.
3189 3497 3384 3535 χχιιι.

2760 3568 2817 3605 Ι.
2860 3566 2948 3606 γιι
2996 3567 3419 3608 ῦΑνυεΝτινε

2618 3638 2909 3678 ιιΑιιιτνε
2966 3639 3438 3680 ΒΕΝι-ιιιιειιειιτι
3481 3624 3557 3699 (b)

2297 3751 2404 3808 Sed
2439 3753 2730 3809 redeamus
2760 3753 2828 3807 ad
2860 3764 3126 3810 nostrum.

2377 3848 2431 3902 8.
2474 3847 2729 3903 Prieeunt
2762 3850 2982 3904 cmteris
3031 3850 3320 3906 Gaudentii
3375 3853 3717 3909 sermonibus
3762 3863 3870 3919 pas-

2299 3941 2486 3998 chales
2513 3941 2735 4006 decem;
2764 3958 2904 4012 quos
2937 3959 3045 3997 non
3087 3952 3214 3998 ante
3243 3960 3450 4000 annum
3507 3946 3607 4001 587
3653 3939 3873 3998 conscri-

2301 4044 2426 4105 ptos
2474 4035 2644 4092 fuisse
2686 4078 2702 4103 ,
2737 4047 2886 4092 recte
2918 4039 3198 4092 annotavit
3243 4037 3538 4109 Labbeus,
3573 4036 3645 4110 (ε)
3690 4051 3799 4092 cum
3821 4035 3869 4088 in

2301 4126 2625 4182 Praefatione
2655 4127 2975 4183 earumdem
3032 4131 3242 4184 mentio
3290 4130 3384 4185 ﬁat
3425 4132 3706 4186 turbarum
3753 4137 3870 4197 quas

2303 4220 2493 4276 Ariani
2543 4221 2595 4276 in
2626 4221 2763 4278 urbe
2791 4221 3184 4278 Mediolanensi
3227 4223 3499 4279 adversus
3544 4220 3869 4279 Ambrosium

2302 4316 2716 4371 concitaverunt
2747 4331 2890 4371 anno
2933 4315 3070 4383 586,
3106 4315 3334 4372 Justinus
3364 4317 3622 4389 Augustae
3657 4310 3871 4370 auctori-

2305 4416 2416 4463 tate
2442 4408 2591 4464 freti.
2639 4410 2752 4479 Ego
2790 4409 3010 4480 quidem
3042 4410 3324 4479 aliquanto
3347 4412 3525 4468 serius
3559 4410 3872 4478 conscriptos

2306 4513 2438 4572 puto
2464 4518 2479 4566 ;
2512 4500 2748 4557 fortasse
2779 4511 2903 4570 post
2927 4519 3132 4558 annum
3167 4503 3274 4559 590
3301 4545 3314 4569 ,
3347 4519 3413 4560 eo
3440 4504 3584 4575 quod
3618 4505 3668 4557 in
3699 4498 3870 4557 eadem

595 4591 724 4647 tatis
754 4593 890 4648 ordo
913 4594 1056 4666 erat)
1088 4595 1395 4664 appellans,
1431 4597 1661 4665 patriam
1699 4597 2104 4667 quodammodo
2126 4599 2205 4654 vi-
2234 4589 2288 4650 D
2311 4592 2673 4659 Praefatione,
2727 4593 2957 4663 loquens
2995 4593 3343 4651 Gaudentius
3392 4596 3460 4650 de
3508 4593 3871 4666 persecutione

591 4683 758 4741 detur
787 4687 1054 4753 profiteri.
1092 4687 1220 4742 Haec
1243 4697 1423 4743 tamen
1449 4689 1586 4746 levia
1620 4690 1869 4754 omnino,
1904 4699 1961 4746 et
1998 4692 2205 4746 incerta

592 4788 741 4833 sunt.
773 4777 905 4834 Nam
938 4789 997 4834 et
1038 4779 1226 4835 urbem
1255 4781 1307 4835 in
1358 4797 1464 4851 qua
1493 4782 1787 4853 episcopus
1815 4791 1954 4848 erat,
1975 4793 2206 4838 nostram

2311 4685 2402 4740 illa
2447 4685 2774 4741 Arianorum
2818 4685 3088 4742 adversus
3119 4687 3470 4742 Ambrosium
3502 4695 3644 4743 mola
3669 4731 3682 4753 ,
3710 4681 3874 4738 videa-

2310 4789 2397 4833 tur
2423 4789 2640 4846 tempus
2671 4778 2831 4847 paulo
2862 4779 3129 4833 remotius
3159 4778 3451 4847 designare
3478 4798 3492 4834 :
3526 4778 3706 4833 Nostri
3744 4787 3874 4828 nam-

598 4872 877 4940 appellare
905 4873 1103 4942 potuit,
1138 4883 1194 4929 et
1241 4875 1312 4930 ibi
1357 4875 1698 4933 domicilium
1751 4877 2032 4943 habuisse,
2083 4878 2210 4934 licet
2307 4888 2404 4943 que
2433 4870 2678 4942 temporis
2729 4869 2930 4943 Regina
2957 4869 3172 4925 Iezabel
3198 4917 3211 4938 ,
3245 4886 3366 4924 cum
3393 4871 3739 4925 beatissimum
3775 4878 3874 4936 per-

600 4961 782 5017 alieno
823 4965 941 5020 solo
971 4977 1149 5021 natus.
1187 4965 1252 5022 In
1291 4984 1524 5024 sermone
1553 4972 1614 5025 de
1646 4969 1959 5036 Philastrio,
1992 4980 2209 5040 postea-
2304 4975 2601 5038 sequeretur
2651 4964 3017 5034 Ambrosium,
3072 4973 3119 5018 te
3169 4981 3372 5037 quoque
3426 4981 3492 5020 es
3552 4968 3872 5018 TEIIPESTATB

595 5071 758 5128 quam
804 5063 1147 5116 enumeravit
1175 5062 1450 5119 Philastrii
1485 5065 1719 5130 labores,
1763 5066 1957 5134 quibus
1990 5065 2202 5120 Brixia-

598 5165 724 5205 nam
754 5151 1044 5208 ecclesiam
1075 5155 1414 5222 excoluerat,
1462 5172 1522 5212 se
1565 5172 1784 5228 quoque
1835 5168 2044 5227 partem
2086 5157 2204 5226 ejus

600 5247 786 5314 operis
815 5260 938 5302 esse
959 5247 1096 5304 dicit
1128 5267 1140 5303 :
1171 5249 1287 5322 Ego
1306 5260 1479 5305 autem
1507 5251 1722 5305 minima
1759 5255 1874 5324 ejus
1916 5267 2058 5320 pars.
2089 5249 2202 5305 Nisi

591 5335 767 5407 igitur
796 5338 964 5398 fuerit
995 5340 1340 5400 Gaudentius
1369 5345 1544 5415 patria
1574 5343 1892 5412 Brixianus,
1923 5343 2204 5398 Philastrii

678 5506 1088 5581 (a)_Mémoires
1108 5523 1246 5581 pour
1272 5508 1450 5564 l‘Hist.
1485 5507 1630 5564 Eccl.
1651 5548 1667 5576 ,
1702 5516 1834 5564 tom.
1857 5506 1906 5562 Χ
1930 5551 1945 5578 ,
1979 5521 2034 5578 p.
2065 5506 2192 5576 58l,

605 5576 743 5636 editi
766 5579 942 5636 Paris.

685 5649 784 5725 (b)_
803 5651 1096 5725 Postquam
1127 5653 1243 5725 haec
1266 5652 1543 5725 Patavinis
1563 5653 1710 5725 typis
1728 5651 2202 5725 vulgataluerant,

611 5715 786 5796 βεῄέυί
812 5721 867 5796 in
895 5715 1110 5796 Hiberia
1138 5719 1342 5796 salodii
1377 5721 1527 5796 apud.
1547 5715 2207 5796 Titsculanittttjuventus

605 5783 869 5853 Esl'lapls
915 5783 1006 5851 atii
1041 5783 1447 5858 inscriptionem
1502 5789 1752 5849 eamdem
1793 5787 2014 5848 evluihet
2047 5787 2210 5856 patilo

2313 5059 2625 5131 Magistratu
2673 5059 2932 5113 memoriae
2991 5058 3331 5130 (Beuivolum
3401 5059 3627 5122 scilicet)
3681 5052 3873 5108 oblitum

2309 5153 2556 5207 salutaris
2604 5152 2725 5219 ﬁdei
2777 5151 3068 5217 arbitrata,
3141 5163 3323 5205 contra
3370 5149 3649 5204 catholicas
3702 5145 3873 5198 dictare

2313 5244 2575 5300 Ecclesias
2598 5244 2958 5315 compellebat.
2990 5243 3201 5298 Deinde
3223 5259 3344 5299 cum
3395 5243 3586 5299 iisdem
3628 5231 3874 5310 paschali-

2311 5339 2447 5410 bus,
2481 5355 2619 5410 quos
2652 5353 2828 5409 nuper
2860 5339 2913 5392 in
2955 5337 3193 5392 ecclesia
3243 5336 3458 5393 habitos
3490 5335 3555 5391 ad
3586 5327 3872 5389 Benivolum

2301 5506 2492 5570 aliter,
2520 5506 2627 5561 hoc
2667 5505 2829 5560 modo
2853 5521 2867 5558 :
2899 5504 3250 5562 LORENIAE
3272 5504 3638 5562 VENVSTAE
3667 5492 3873 5570 CONVIY;

2303 5577 2373 5636 Gl
2405 5563 2902 5634 SANGTISSIMAE
2931 5576 3119 5645 QVAE
3162 5577 3348 5633 vum
3381 5576 3598 5632 annos
3642 5569 3798 5629 xxnt
3831 5563 3871 5621 tt

2309 5648 2444 5708 Vllll
2475 5647 2921 5707 GAVDENTIVS
2962 5648 3272 5705 MARITVS
3318 5646 3639 5704 BIZNEMEB

2386 5719 2458 5790 (c)
2501 5721 2576 5779 De
2604 5722 2724 5777 Scr.
2757 5721 2907 5777 Eccl.
2938 5753 2952 5788 ,
2989 5732 3122 5778 tom.
3154 5719 3205 5790 l,
3238 5728 3362 5792 pag.
3389 5722 3516 5779 338.
