4096 6192
281 259 383 317 801

1438 253 1807 320 ΡΒᾹΞΡΑΤῙΟ
1843 254 1906 317 Ρ.
1946 254 2319 318 GALEARDI.

3482 262 3595 322 80!

280 370 485 435 mittit,
515 375 749 441 quatuor
790 367 1077 425 breviores
1129 376 1396 427 tractatus
1423 372 1676 443 adjiciat,
1711 388 1774 429 ac
1803 373 1885 428 in-
1912 373 1968 436 Α
1993 375 2141 428 nolis
2158 376 2224 427 ad
2250 375 2651 439 Sozomenum,
2682 386 2791 446 qua
2806 371 3023 431 ratione
3053 374 3256 432 factum
3286 373 3388 444 sit,
3418 386 3480 432 ut
3503 394 3597 434 su-

280 478 446 532 snpcr
488 464 738 531 quintum
774 462 841 519 de
892 461 1215 517 Machabzeis
1262 466 1637 536 martyribus;
1672 467 1883 536 hosque

281 546 427 626 apud
464 555 717 610 eumdem
766 553 1086 611 Benivolum
1142 556 1273 610 olim
1325 571 1384 611 se
1429 558 1665 611 locutum
1712 558 1881 613 fuisse

282 648 591 719 perhibent,
629 648 705 720 (a)
736 649 871 702 satis
905 648 1121 719 prodit,
1153 663 1238 715 se,
1271 650 1592 719 priusquam
1626 650 1726 704 lius
1758 664 1882 718 pas—

279 743 466 798 chales
516 742 819 809 recitaret,
883 743 1053 797 multo
1098 753 1260 798 antea
1307 743 1362 798 in
1419 744 1772 814 episcopatus
1820 758 1883 798 ac

276 836 689 909 praedicationis
712 852 942 892 munere
965 852 1090 893 esse
1118 846 1418 893 versatum.
1444 838 1622 893 Porro
1645 838 1846 907 pascha
1862 869 1879 879 -

276 929 356 984 les
379 930 547 983 hosce
565 943 848 985 sermones
879 971 893 995 ,
929 929 1193 983 Benivolo
1225 941 1477 999 petente,
1522 945 1585 984 ac
1617 946 1757 1000 pene
1788 945 1883 985 co-

280 1034 477 1093 gente,
513 1022 579 1077 ad
612 1038 733 1077 eum
768 1023 944 1087 misit,
982 1022 1309 1078 Praelatione
1340 1022 1406 1078 ad
1441 1025 1618 1093 ipsum
1649 1023 1879 1078 Benivo-

280 1116 389 1171 lum
413 1114 708 1185 inscripta;
744 1114 971 1186 ejusque
998 1124 1190 1186 rogatu
1221 1115 1385 1170 etiam
1411 1116 1657 1185 quinque
1686 1115 1884 1171 subse-

281 1218 515 1280 quentes
561 1208 908 1277 paschalibus
938 1209 1221 1279 adiectos,
1258 1225 1394 1279 quos
1440 1225 1469 1264 a
1522 1209 1753 1264 notariis
1782 1225 1880 1265 ex-

282 1311 505 1373 ceptos,
539 1303 681 1358 idem
713 1303 1010 1358 Beuivolus
1034 1303 1349 1359 Gaudentio
1372 1302 1753 1359 emendandos
1776 1313 1885 1358 tra-

279 1397 531 1462 diderat,
583 1396 937 1461 emendavit;
968 1397 1043 1467 (b)
1089 1411 1203 1466 quo
1239 1396 1295 1451 ﬁt
1343 1405 1403 1450 ut
1451 1398 1762 1465 potiorem,
1814 1409 1880 1452 ac

278 1495 726 1562 majorem,quae
782 1489 850 1544 ad
904 1505 1009 1544 nos
1036 1490 1327 1560 pervenit,
1376 1489 1880 1546 Gaudentianorum

276 1600 597 1642 sermonum
639 1592 849 1653 partem
881 1582 1142 1637 Benivolo
1166 1583 1486 1637 debeamus.

348 1678 402 1732 9.
447 1676 768 1732 Benivolum
845 1674 1031 1742 hunc,
1085 1676 1181 1744 qui
1220 1674 1499 1729 Brixiana‘.
1544 1673 1699 1729 urbis
1746 1671 1883 1728 civis

1985 466 2227 535 pradicta
2264 468 2351 522 lex
2394 468 2447 521 in
2489 468 2740 523 codicem
2777 467 3224 523 Theodosianum
3258 469 3539 538 irrepserit
3571 513 3586 538 ,

1981 577 2102 630 quae
2154 562 2444 617 manifeste
2484 560 2703 617 Arianis
2736 562 2887 619 favet
2922 579 2937 628 ;
2990 562 3365 619 Gothofredus
3411 575 3594 620 autem

1982 664 2163 716 notat.
2194 654 2389 710 abesse
2413 653 2559 710 hanc
2586 656 2759 726 legem
2787 671 2816 709 a
2839 656 3039 712 Codice
3066 655 3361 711 Justiniani
3387 698 3402 721 ,
3432 658 3589 713 velut

1983 749 2373 819 improbatam.
2408 750 2582 805 Porro
2612 766 2812 805 munus
2843 750 2975 805 illud
3008 749 3253 824 Magistri
3299 754 3584 821 memerita,

1982 858 2093 911 quo
2121 842 2418 899 Benivolus
2458 843 2787 914 fungebatur
2810 887 2825 911 ,
2872 844 3205 914 praecipuum
3239 843 3407 899 fuisse
3437 884 3454 908 ,
3500 859 3588 898 os-

1986 936 2264 991 tendimus
2319 936 2374 990 in
2428 936 2580 991 notis
2624 935 3022 993 Gaudentianm
3070 935 3452 1000 Praefationis,
3500 934 3594 990 ubi

1983 1028 2146 1084 etiam
2183 1030 2336 1099 plura
2366 1028 2434 1083 de
2473 1028 2766 1084 Benivolo.
2796 1028 3134 1083 Memoriales
3160 1070 3173 1094 ,
3202 1037 3256 1083 et
3288 1030 3510 1099 Agentes
3536 1027 3591 1080 in

1982 1122 2172 1185 rebus,
2204 1121 2445 1190 palatina
2499 1120 2671 1176 fuisse
2721 1120 2935 1185 ofﬁcia,
2986 1122 3213 1177 memini
3264 1136 3351 1177 me
3400 1122 3585 1192 legere

1984 1212 2127 1281 apud
2160 1211 2515 1268 Ambrosium
2549 1214 2600 1267 in
2631 1214 2795 1283 epist.
2826 1212 2892 1267 ad
2935 1213 3310 1269 Mareellinam
3339 1232 3353 1268 :
3385 1212 3587 1269 Memo-

1981 1304 2076 1357 τίω
2102 1319 2263 1371 vero,
2292 1313 2347 1358 et
2379 1304 2712 1359 Memorialia
2740 1305 2938 1374 scripta
2966 1307 3312 1376 appellantur
3336 1318 3584 1363 veterum

1980 1396 2226 1451 historia:
2254 1396 2397 1466 apud
2449 1397 2753 1453 Arnobium
2802 1397 3023 1452 advers.
3084 1396 3249 1453 Gent.
3286 1398 3380 1455 lib.
3412 1415 3496 1467 vt,
3531 1407 3587 1455 et

1981 1488 2274 1544 Minucium
2302 1489 2534 1545 Felicem
2585 1491 2640 1545 in
2668 1490 2915 1545 Octavio.

2056 1581 2141 1637 10.
2195 1580 2465 1637 Caeterum
2522 1581 2890 1639 Gaudentiani
2949 1599 3268 1651 sermones,
3322 1586 3583 1655 pietatem

1983 1686 2093 1727 non
2126 1674 2305 1729 minus
2329 1720 2342 1741 ,
2377 1690 2539 1745 quam
2585 1674 2955 1731 eruditionem
2988 1678 3198 1747 spirant
3225 1694 3239 1743 ;
3271 1690 3586 1750 quantoque

276 1782 430 1836 erat,
454 1769 792 1827 Gaudentius
818 1766 1049 1822 summis
1094 1766 1347 1822 laudibus
1372 1774 1553 1822 ornat.
1593 1766 1727 1820 Nam
1764 1765 1877 1820 Me-
1907 1754 1956 1817 B
1984 1766 2107 1821 usui
2150 1767 2263 1821 sint
2302 1769 2369 1822 ad
2404 1767 2759 1823 muniendam
2803 1777 2860 1823 et
2899 1769 3277 1825 illustrandam
3324 1771 3586 1829 Ecclesiae

275 1864 483 1920 diolani
513 1864 656 1935 apud
696 1862 1139 1917 Valentinianum
1168 1860 1472 1930 Augustum
1502 1859 1747 1932 Magistri
1774 1876 1877 1912 nte-

277 1960 457 2013 moria:
479 1972 675 2012 munus
701 1972 827 2012 cum
858 1965 1177 2020 exerceret,
1208 1970 1237 2009 a
1263 1955 1479 2009 .lttstina
1508 1953 1876 2009 Valentiniani

276 2062 455 2107 matre
480 2050 825 2121 compulsus.
877 2050 1050 2119 legem
1099 2048 1311 2103 dictare
1361 2063 1467 2119 qua
1513 2046 1877 2103 Ariminensis

275 2144 490 2200 concilii
538 2142 674 2197 ﬁdes
701 2141 1162 2207 conﬁrmabatur,
1197 2156 1307 2195 non
1338 2141 1514 2195 solum
1559 2148 1879 2195 constanter

275 2241 508 2307 restitit,
555 2240 654 2296 sed
681 2243 843 2295 etiam
870 2247 1068 2308 sponte
1111 2254 1172 2293 se
1198 2239 1390 2294 aulicis
1424 2239 1726 2294 honoribus
1774 2240 1870 2293 ab-

277 2334 515 2403 dicavit,
543 2335 706 2407 magis
730 2336 957 2405 eligens,
988 2343 1045 2388 ut
1071 2342 1257 2390 noster
1299 2333 1505 2404 inquit,
1542 2333 1615 2407 (c)
1646 2336 1877 2403 privatus

278 2429 477 2494 vivere,
502 2446 655 2499 quam
693 2438 927 2482 mortuus
956 2429 1201 2483 militare.
1230 2427 1366 2482 Rem
1405 2435 1591 2481 narrat
1618 2432 1877 2487 Sozome-

276 2536 379 2576 nus
402 2521 499 2575 lib.
534 2536 604 2575 vn
632 2520 771 2574 llist.
799 2521 975 2588 Eccl.,
1006 2536 1055 2576 c.
1090 2522 1176 2586 15,
1200 2520 1265 2587 H,
1298 2520 1508 2575 Valesio
1535 2521 1872 2586 interprete:

277 2610 509 2679 Iustina,
541 2612 708 2666 accito
748 2611 1145 2683 Benivolo,qui
1190 2621 1311 2665 tunc
1360 2612 1565 2665 scriniis
1614 2612 1877 2665 memoria!

276 2708 621 2779 praesidebat,
651 2709 896 2778 prtecepit
928 2717 982 2759 ut
1025 2706 1298 2777 confestim
1327 2706 1493 2776 legem
1535 2704 1754 2759 dictaret
1775 2722 1878 2774 qua

280 2799 407 2868 ﬁdes
434 2800 486 2852 in
525 2799 848 2853 Arimineusi
880 2797 1101 2853 concilio
1124 2800 1249 2852 olim
1282 2799 1497 2851 recitata
1544 2798 1879 2865 confirmare-

277 2898 379 2944 tur.
412 2888 561 2955 Quod
608 2906 729 2943 cum
758 2889 845 2943 ille
872 2889 1040 2959 facere
1062 2899 1322 2943 recusaret
1353 2889 1486 2960 (erat
1516 2889 1654 2942 enim
1692 2888 1875 2942 catho-

280 2983 392 3037 lica:
416 2983 837 3054 communionis),
864 2999 977 3038 eum
1003 2986 1183 3055 regina
1214 2983 1416 3037 altioris
1444 2982 1637 3053 gradus
1665 2981 1873 3053 pollici-

283 3078 474 3131 tatione
522 3078 816 3133 demulcens
837 3119 852 3146 ,
894 3080 1043 3151 coepit
1072 3079 1289 3133 hortari.
1345 3077 1455 3131 Nec
1487 3088 1659 3131 tamen
1686 3079 1730 3131 ei
1760 3093 1876 3148 per-

1980 1859 2284 1915 doctrinam
2307 1902 2322 1927 ,
2352 1877 2417 1916 ex
2450 1877 2641 1916 eorum
2676 1862 2918 1918 lectione
2966 1862 3127 1917 facile
3158 1874 3328 1934 patet.
3362 1864 3498 1921 Nam
3532 1874 3588 1922 et

1981 1968 2150 2019 serm.
2180 1955 2215 2008 2
2246 1970 2511 2025 expresse
2561 1956 2878 2026 designatur
2909 1955 3197 2027 disciplina
3249 1959 3445 2014 Arcani
3472 1978 3486 2024 ;
3518 1968 3575 2015 et

1980 2046 2345 2102 Eucbaristiae
2371 2050 2695 2119 mysterium
2722 2058 2831 2104 tam
2856 2061 3019 2119 apte,
3051 2061 3157 2105 tam
3192 2053 3447 2121 copiose,
3473 2062 3584 2109 tam

1982 2139 2272 2209 perspicue
2320 2144 2647 2210 exponitur,
2693 2152 2751 2196 ut
2799 2144 2961 2213 plane
2994 2144 3206 2199 videam
3263 2162 3465 2216 paucos
3515 2163 3583 2205 ex

1980 2234 2220 2303 antiquis
2262 2234 2350 2303 qui
2380 2236 2626 2305 apposite
2659 2237 2835 2305 magis
2872 2236 2939 2291 ad
2983 2237 3317 2295 dirimendas
3361 2250 3584 2296 nostro-

1979 2342 2103 2382 rum
2137 2338 2440 2397 temporum
2491 2331 2893 2384 controversias
2917 2371 2934 2398 ,
2974 2331 3025 2385 in
3066 2332 3379 2402 hujusmodi
3423 2348 3583 2404 argu-

1979 2430 2167 2474 mento
2212 2420 2412 2475 versati
2458 2419 2683 2476 fuerint.
2716 2421 2809 2477 Usi
2834 2433 2966 2477 sunt
2997 2426 3319 2479 testimoniis
3362 2441 3428 2481 ex
3479 2426 3583 2484 hoc

1978 2529 2231 2570 sermone
2263 2514 2601 2585 depromptis
2627 2558 2640 2580 ,
2690 2517 2757 2571 ad
2802 2519 3129 2575 asserendas
3152 2521 3437 2576 catholicae
3481 2523 3584 2578 Ec-

1978 2607 2163 2662 clesim
2191 2610 2487 2676 veritates,
2524 2610 2766 2666 Joannes
2819 2612 3132 2682 Stephanus
3189 2616 3490 2685 Durantns,
3525 2619 3580 2674 in

1978 2700 2133 2756 libris
2164 2702 2231 2756 de
2262 2702 2479 2756 Ritibus
2510 2703 2772 2757 Ecclesiae
2802 2704 3119 2771 catholicae,
3149 2705 3333 2761 Romae
3361 2710 3578 2766 excusis

1980 2793 2033 2847 in
2059 2793 2439 2865 Typographia
2457 2794 2743 2861 Vaticana,
2762 2796 2892 2851 1591
2916 2812 2931 2862 ;
2955 2796 3263 2853 Ludovicus
3293 2800 3410 2854 Bail
3433 2801 3579 2856 Aba-

1978 2884 2187 2939 villaaus
2210 2924 2226 2949 ,
2263 2885 2315 2938 in
2347 2885 2685 2941 Bibliotheca
2713 2885 3177 2945 Cuncionatorum
3218 2890 3368 2946 edita
3417 2892 3575 2948 Pari-

1979 2978 2106 3045 siis,
2141 2979 2282 3048 apud
2331 2980 2596 3036 Joannem
2628 2981 2696 3035 de
2726 2980 2775 3034 la
2804 2981 2995 3051 Caille,
3040 2982 3207 3049 1660';
3241 2984 3530 3041 Ferrarius
3557 3026 3573 3052 ,

1979 3071 2047 3127 de
2088 3072 2212 3126 Ritu
2267 3071 2559 3128 Sacrarum
2610 3073 2878 3131 Ecclesia:
2924 3075 3260 3131 Concionum
3290 3093 3304 3143 ;
3335 3077 3577 3134 Joannes

281 3170 501 3225 suadere
542 3173 729 3237 potuit.
762 3172 905 3225 Nam
931 3174 1207 3227 Benivolus
1238 3173 1526 3227 detractum
1564 3172 1662 3226 sibi
1694 3174 1878 3244 cingu-
1906 3144 1952 3207 (ἶ
1984 3164 2276 3219 cardinalis
2298 3165 2482 3229 Bona.
2515 3165 2712 3236 aliique
2753 3182 2861 3222 non
2894 3170 3050 3237 pauci
3083 3184 3153 3224 ex
3184 3172 3417 3236 nostris,
3454 3172 3546 3242 qui
3576 3203 3580 3207 ~

285 3262 392 3317 lum
412 3274 531 3317 ante
554 3266 707 3334 pedes
735 3267 925 3340 regina:
951 3267 1176 3336 abjecit;
1206 3284 1299 3322 nec
1325 3277 1625 3338 praesentem
1647 3267 1877 3337 dignita-

282 3362 413 3423 tem,
446 3373 537 3411 nec
568 3358 729 3411 ullam
774 3360 932 3412 aliam
978 3361 1227 3430 majorem
1255 3404 1268 3425 ,
1300 3376 1396 3431 pro
1444 3359 1672 3413 mercede
1692 3360 1878 3429 impie-

286 3453 405 3505 tatis
427 3493 442 3516 ,
472 3468 527 3505 se
552 3452 679 3506 uelle
718 3454 977 3522 suscipere
1007 3454 1293 3524 afﬁrmans.
1326 3453 1597 3508 Eximiam
1630 3454 1878 3509 Benivoli

283 3546 651 3599 constantiam
678 3586 694 3611 ,
724 3554 887 3615 atque
932 3545 1099 3600 animi
1154 3546 1579 3617 magnitudinem
1608 3590 1622 3615 ,
1656 3546 1878 3602 laudant

284 3647 485 3707 praeter
545 3636 949 3707 Sozomenumi,
998 3637 1399 3693 Ecclesiasticac
1446 3639 1698 3694 Historiae
1738 3640 1876 3694 scri-

284 3736 470 3798 ptores
499 3728 829 3795 Ruﬁnus,ac
854 3730 1215 3800 Nicephorus.
1244 3732 1315 3785 At
1336 3731 1509 3803 legem
1540 3732 1683 3786 illam
1713 3748 1878 3800 quam

284 3818 580 3876 Benivolus
628 3822 837 3878 dictare
898 3824 1113 3889 renuit,
1159 3824 1365 3879 inventi
1396 3826 1637 3896 suntqui
1675 3826 1883 3883 scribe-

286 3922 431 3967 rent.
464 3912 654 3967 Exstat
678 3927 858 3970 autem
886 3916 938 3969 in
970 3914 1175 3971 Codice
1199 3916 1611 3984 Theodosiano,
1637 3918 1732 3974 lib.
1758 3935 1878 3987 xvi,

290 4004 376 4060 tit.
427 4005 491 4059 de
522 4003 657 4060 Fide
709 4004 1005 4075 Catholica,
1042 4008 1127 4062 his
1160 4008 1346 4063 verbis
1380 4028 1393 4064 :
1449 4009 1646 4065 Damus
1677 4012 1880 4081 copiam

290 4098 572 4171 colligendi
602 4102 683 4153 Itis
718 4101 809 4170 qui
838 4101 1118 4155 secundum
1143 4119 1205 4156 ea
1235 4104 1458 4157 sentiunt
1489 4119 1604 4175 qua:
1634 4105 1882 4176 tempori-

290 4191 381 4245 bus
412 4192 543 4245 diva:
574 4193 832 4246 memoriae
860 4192 1163 4258 Constanti,
1199 4194 1557 4249 sacerdotibus
1590 4198 1883 4250 convocatis

290 4300 356 4338 ea:
383 4284 525 4337 omni
570 4285 688 4339 orbe
712 4285 949 4340 Romano
972 4327 986 4351 ,
1042 4287 1375 4355 expositaque
1422 4287 1526 4355 ﬁde
1555 4287 1616 4340 ab
1648 4288 1729 4342 Itis
1755 4288 1886 4357 ipsis

290 4380 379 4450 qui
427 4379 699 4433 dissentire
725 4389 1044 4444 noscuntur,
1093 4379 1410 4433 Ariminensi
1454 4381 1706 4447 concilio,
1750 4380 1887 4436 Con-

290 4469 754 4543 stantinOpolitano
785 4471 937 4525 etiam
976 4472 1313 4540 conﬁrmata,
1350 4472 1403 4525 in
1430 4482 1681 4526 wternum
1732 4491 1883 4527 man-

1980 3257 2082 3311 bus
2130 3256 2509 3313 Gaudentiaua
2546 3260 2747 3329 scripta
2792 3262 3077 3327 evolvere,
3130 3276 3313 3330 operte
3341 3265 3581 3333 pretium

1980 3347 2099 3402 fuit.
2152 3350 2484 3405 Prmelarum
2537 3360 2623 3406 est
2674 3362 2944 3419 prmterea
2995 3352 3285 3409 Gaudentii
3334 3355 3581 3412 testimo-

1981 3441 2131 3495 nium
2153 3440 2220 3495 de
2244 3441 2507 3512 Reliquiis
2530 3485 2543 3509 ,
2570 3454 2623 3497 ct
2644 3442 2998 3499 luvocatione
3027 3445 3353 3501 Sanctorum
3377 3464 3391 3513 ;
3415 3464 3577 3519 quam

1981 3531 2291 3587 luculenter
2312 3536 2509 3587 astruit
2538 3535 2592 3587 in
2612 3551 2847 3589 sermone
2870 3536 2934 3591 de
2958 3536 3297 3593 Dedicatione
3329 3541 3578 3611 basilicis,

1980 3627 2035 3681 in
2063 3644 2296 3682 sermone
2324 3629 2387 3681 de
2416 3626 2575 3681 Petro
2604 3640 2652 3684 et
2681 3628 2858 3684 Paulo
2882 3674 2896 3697 ,
2941 3641 2994 3685 et
3022 3633 3075 3685 in
3099 3650 3333 3688 sermone
3363 3635 3427 3689 de
3461 3636 3585 3691 Vita

1982 3729 2028 3773 et
2055 3718 2211 3772 Obitu
2237 3718 2519 3774 Philastrii
2541 3720 2939 3792 prwdecessoris
2964 3724 3068 3778 sui.
3097 3724 3250 3780 Hunc
3268 3741 3578 3782 sermonem

1982 3813 2218 3867 atterens
2251 3812 2456 3867 Alanus
2474 3815 2676 3885 Anglus
2699 3814 2963 3871 adversus
2994 3817 3250 3874 Historiae
3272 3819 3579 3877 Ecclesias-

1987 3908 2106 3963 ticze
2136 3918 2575 3979 oppugnatores,
2608 3908 2739 3963 dial.
2772 3911 2836 3977 5,
2860 3925 2987 3980 cap.
3013 3910 3048 3964 4
3071 3953 3088 3980 ,
3121 3928 3245 3983 pag.
3280 3914 3410 3979 519,
3440 3915 3578 3970 edit.

1984 4000 2349 4056 Plantinianm
2384 4001 2561 4068 1566,
2619 4000 2986 4058 Gaudentium
3030 4015 3279 4061 nostrum
3330 4020 3588 4065 recenset

1986 4095 2128 4149 inter
2161 4094 2284 4149 illos
2318 4094 2511 4148 Patres
2559 4108 2699 4163 quos
2749 4094 3249 4167 Magdeburgenses
3270 4102 3583 4170 prmtermi-

1986 4202 2111 4242 sere
2130 4230 2144 4253 ,
2170 4186 2372 4257 quique
2397 4187 2538 4239 intra
2569 4185 2779 4255 primos
2802 4188 3129 4258 quingentos
3156 4206 3186 4243 a
3212 4189 3434 4247 Christo
3456 4201 3585 4248 nato

1987 4294 2191 4346 annos,
2222 4272 2501 4349 scripsere
2527 4279 2595 4335 de
2626 4280 2730 4336 ﬁde
2764 4282 2955 4350 prima:
2987 4282 3247 4339 Ecclesiae
3267 4328 3280 4353 ,
3317 4286 3370 4340 in
3414 4303 3586 4343 causa

1988 4372 2057 4428 de
2104 4372 2366 4443 Reliquiis
2406 4384 2462 4429 et
2514 4373 2865 4431 luvocatione
2919 4374 3272 4434 Sanctorum.
3330 4380 3584 4437 Tractatu

1993 4481 2141 4520 nono
2198 4465 2573 4536 incorruptam
2636 4468 2826 4524 Matris
2887 4469 2986 4524 Dei
3042 4471 3415 4543 virginitatem
3472 4477 3589 4531 elo-

291 4580 446 4630 sura,
471 4564 677 4619 decreta
704 4572 843 4617 sunt.
875 4562 1224 4619 Conveniemli
1253 4566 1412 4619 etiam
1432 4565 1617 4636 quibus
1629 4566 1888 4636 jussintus
1914 4533 1970 4595 Β
1994 4572 2224 4633 quenter
2265 4578 2328 4618 ac
2358 4562 2602 4618 studiose
2643 4572 2989 4635 propugnat;
3051 4574 3108 4620 et
3153 4576 3389 4622 tractatu
3437 4582 3588 4625 octa-

296 4668 528 4727 patescat
576 4660 881 4713 arbitrium:
910 4660 1121 4713 scitaris
1148 4659 1230 4713 his
1272 4660 1362 4730 qui
1393 4659 1491 4713 sibi
1523 4669 1722 4713 tantum
1753 4661 1893 4714 exis-

297 4751 481 4804 timant
508 4752 788 4824 colligendi
829 4752 1037 4821 copiam
1063 4751 1411 4805 contribulem
1436 4791 1450 4815 ,
1481 4755 1623 4821 quod
1643 4753 1688 4806 si
1710 4752 1892 4805 turbu-

296 4842 492 4896 lentum
513 4844 786 4914 quippiam
820 4852 1000 4897 contra
1024 4854 1216 4897 nostra:
1247 4843 1643 4913 tranquillitatis
1664 4859 1895 4913 praecep-

299 4944 407 4990 tum
448 4936 749 5005 faciendum
799 4952 909 4991 esse
957 4935 1352 5005 temptaverint,
1381 4944 1436 4988 ut
1479 4936 1752 4989 seditionis
1798 4952 1897 4989 au-

297 5036 463 5082 ctores
482 5070 496 5095 ,
512 5030 754 5099 pacisque
783 5029 1003 5083 turbata:
1031 5027 1278 5083 Ecclesiw
1300 5024 1381 5098 (tl)
1412 5027 1566 5081 etiam
1586 5029 1892 5099 majestatis,

301 5122 469 5190 capite
488 5138 550 5175 ac
568 5123 821 5195 sanguine
847 5124 951 5177 sint
990 5121 1250 5192 supplicia
1288 5122 1489 5175 luituri.
1540 5120 1786 5175 Manente
1814 5122 1894 5175 ni-

305 5210 585 5269 hilominus
635 5232 722 5271 eos
750 5216 1008 5288 supplicio
1046 5216 1135 5286 qui
1190 5222 1369 5268 contra
1412 5214 1547 5267 lianc
1595 5214 1897 5283 dispositio-

302 5322 419 5360 nem
481 5317 714 5363 nostram
759 5308 1055 5379 obreptit'e,
1121 5318 1210 5360 aut
1268 5308 1542 5373 clanculo,
1601 5308 1895 5379 supplicare

303 5401 683 5467 temptaverint.
736 5398 853 5453 Dat.
911 5415 945 5453 x
985 5399 1154 5452 kalen.
1190 5395 1383 5465 Febr.,
1437 5398 1580 5453 Med.
1652 5399 1895 5455 Honorio

306 5488 428 5544 ΝΒ.
460 5490 529 5546 Ρ.
561 5502 611 5547 et
638 5492 837 5547 Evodio
879 5489 1025 5548 Cass.
1056 5490 1252 5561 (386.).
1285 5489 1511 5546 Miratur
1539 5490 1796 5548 Valesius
1838 5492 1894 5548 in

379 5631 460 5710 (a)
501 5633 644 5710 Quos
672 5638 811 5710 apud
839 5647 887 5693 te
914 5638 1038 5694 olim
1060 5638 1223 5708 fuisse
1239 5652 1319 5691 me
1340 5636 1569 5693 locutum
1587 5638 1892 5710 prodidisti.

308 5705 489 5761 Gaud.
516 5707 568 5759 in
600 5705 760 5761 Praef.
785 5710 851 5765 ad
883 5705 1072 5767 Beniv.

380 5750 1227 5853 ῥῖέίώίᾶῖίοπὶδῖᾟίῶηἱωη
1250 5783 1392 5855 cogis
1408 5823 1423 5852 ,
1446 5750 1723 5840 remittam.
1752 5783 1899 5841 Gau-

1994 4672 2060 4711 vo
2091 4697 2106 4722 ,
2158 4657 2406 4727 quamvis
2455 4666 2713 4726 parentes
2754 4657 3027 4727 imperare
3079 4658 3208 4713 ﬁliis
3268 4672 3590 4733 perpetuam

1994 4748 2388 4804 continentiam
2438 4758 2625 4815 vetet,
2672 4756 2914 4803 attamen
2967 4748 3333 4819 virginitatem
3386 4755 3594 4824 nuptiis

1995 4841 2157 4897 docet
2181 4857 2303 4897 esse
2334 4841 2640 4896 meliorem.
2674 4840 2930 4897 Tractatu
2952 4842 3143 4911 quinto
3192 4844 3339 4899 circa
3388 4845 3549 4903 ﬁnem
3577 4890 3594 4918 ,

1994 4933 2257 4989 notabilis
2304 4933 2462 4987 valde
2511 4940 2597 4987 est
2628 4932 2781 4988 locus
2824 4932 2889 4987 de
2938 4932 3160 5005 baculo,
3194 4935 3286 4991 ubi
3339 4938 3593 4997 baculum

2000 5025 2319 5094 apostolicis
2347 5025 2726 5081 sacerdotibus
2748 5067 2763 5091 ,
2796 5025 2848 5081 id
2887 5037 2972 5082 est
3009 5028 3286 5099 episcopis
3320 5074 3336 5100 ,
3369 5033 3434 5087 ad
3469 5034 3599 5092 sub-

2002 5118 2240 5174 ditorum
2295 5119 2701 5188 corrcptionem
2775 5119 3037 5175 tributum
3114 5137 3239 5180 esse
3305 5125 3597 5196 signiﬁcat.

2004 5209 2142 5265 llinc
2191 5209 2407 5265 videtur
2454 5208 2637 5279 parari
2668 5223 2831 5279 posse
2878 5211 3184 5269 subsidium
3218 5217 3449 5285 antiquo
3480 5220 3603 5273 usui

2005 5306 2205 5373 baculi,
2236 5305 2306 5361 de
2346 5320 2454 5375 quo
2499 5304 2745 5360 Isidorus
2792 5304 2892 5362 lib.
2928 5323 2965 5363 tt
3014 5308 3083 5365 de
3114 5309 3207 5364 ΜΓ.
3238 5310 3417 5374 Eccl..
3460 5327 3511 5367 c.
3544 5314 3599 5369 5.

2000 5399 2144 5455 Sane
2169 5398 2379 5469 antiqui
2410 5396 2635 5469 Egypti
2665 5397 2915 5455 Monachi
2944 5400 3196 5473 baculum
3228 5402 3518 5471 ferebant,
3544 5414 3606 5459 ut

2003 5508 2069 5549 ex
2085 5492 2347 5549 Cassiano
2371 5497 2523 5561 patet
2550 5489 2644 5546 lib.
2678 5505 2694 5544 ι
2722 5489 2791 5547 de
2817 5489 3431 5562 Instit.Caanobiorum,
3460 5509 3511 5551 c.
3537 5495 3601 5553 9:

2005 5638 2155 5696 dent.
2181 5638 2235 5693 in
2261 5635 2426 5693 Praef.
2458 5635 2524 5690 ad
2547 5634 2684 5691 Ben.

2104 5710 2154 5765 ci
2196 5708 2424 5764 Ibidem.

2104 5728 2130 5765 c
2196 5710 2424 5764 Ibidem.

2080 5710 2167 5853 i2)
2207 5780 2297 5836 Al.
2323 5821 2337 5848 ,
2370 5787 2422 5834 et
2442 5778 2580 5835 tresis
2606 5776 2782 5833 etiam.
2817 5773 3084 5833 Valesius.
