4096 6192
549 276 664 349 ωε

1517 271 1578 330 S.
1617 261 2066 330 GAUDE‘N'I'IUS
2107 258 2480 321 EPISGOPUS
2520 248 2917 319 BNXIANUS.

3738 239 3824 314 sol

552 403 710 472 cujus
733 396 956 472 gestatio
977 437 993 462 ,
1025 387 1577 465 inquit,'spiritaliter
1625 395 1798 441 monet
1821 425 1836 451 ,
1889 397 2155 453 nunquam
2185 384 2237 442 Α
2262 396 2367 453 qua
2399 391 2666 451 quantum
2710 381 2776 436 ad
2807 376 3103 436 Gaudentii
3145 373 3359 432 laudem
3392 371 3653 442 accedat,
3690 388 3828 431 nemo

559 494 744 552 debere
776 490 1054 558 eos,iuter
1108 495 1182 540 tot
1237 483 1554 539 oblatrantes
1584 480 1826 535 uitiorum
1875 492 2063 541 canes,
2118 481 2167 526 et

554 585 842 645 invisibiles
890 582 1244 652 nequitiamm
1293 575 1612 649 spiritalium
1661 572 1846 626 bestias
1881 609 1896 635 ,
1945 569 2168 622 inermes

2271 489 2380 529 non
2413 473 2578 528 videt.

2348 569 2435 622 12.
2468 566 2727 621 Prmclari
2759 573 2890 620 sunt
2944 562 3174 618 laudunv
3209 559 3348 615 tituli
3393 558 3594 630 quibus
3629 554 3834 634 Chryso-

559 678 816 735 inredere.
860 675 934 730 At
960 651 1186 746 longum
1234 679 1384 726 esset
1415 669 1498 724 ire
1548 680 1645 736 per
1689 662 1908 734 singula
1941 678 1957 716 ς
1999 672 2172 728 quare
2271 667 2485 712 stomus
2513 660 2631 727 ipse
2662 656 2762 712 hos
2789 657 3079 726 episcopos
3107 661 3361 716 exornat,
3393 659 3458 704 ut
3486 657 3635 722 patet
3653 664 3713 704 ex
3741 651 3838 718 ejus

563 769 846 831 sull'ecerit
865 809 881 836 ,
913 782 1123 822 summa
1151 762 1402 836 quaedam
1433 775 1618 816 rerum
1646 759 1830 827 capita
1859 753 2132 809 delibasse
2153 791 2167 813 ,

561 864 769 936 quibus
818 859 1124 932 perspectis
1182 858 1356 912 lector
1399 854 1473 908 de
1500 851 1742 906 utilitate
1784 863 1850 902 ac
1897 851 2177 900 momento

561 935 1075 1012 Caudentianorum
1109 962 1427 1004 sermonum
1485 942 1646 998 facile
1675 939 1930 1010 judicare
1976 935 2173 1006 pOssil.

642 1049 734 1104 ll.
779 1045 916 1102 Cum
958 1054 1140 1098 autem
1183 1038 1567 1098 Gaudentiano
1607 1049 1751 1101 arvo,
1795 1044 1991 1101 nempe
2029 1027 2179 1081 circa

569 1143 638 1199 Δ.
668 1139 731 1196 C.
762 1139 869 1196 465
891 1181 906 1204 ,
940 1151 1154 1208 magnae
1195 1140 1380 1189 essent
1409 1132 1460 1184 in
1497 1128 1718 1184 Oriente
1746 1123 1868 1179 lites
1893 1163 1909 1187 ,
1937 1136 2006 1176 eo
2031 1116 2179 1188 quod

570 1236 814 1294 Joannes
841 1232 1297 1300 Chrysostomus,
1339 1241 1370 1280 e
1398 1217 2006 1288 Constantinopolitaua
2049 1210 2182 1266 sede

573 1329 935 1393 exturbatus,
981 1324 1174 1396 pulsus
1213 1322 1406 1377 fuisset
1435 1320 1486 1373 in
1528 1314 1822 1378 exsilium;
1863 1305 2185 1378 congregati

574 1423 746 1480 Italia
777 1418 1022 1492 episcOpi
1056 1417 1160 1472 sub
1189 1412 1516 1470 lnnocentio
1542 1409 1596 1474 Ι,
1627 1408 1696 1462 ab
1727 1403 1975 1461 Honorio
2006 1401 2182 1468 [Inpe-

577 1524 787 1580 ratore,
818 1514 1190 1581 impetrarunt
1215 1518 1274 1560 ut
1303 1506 1572 1561 scriberet
1604 1498 1843 1555 Arcadio
1873 1494 2024 1549 fratri
2053 1507 2184 1552 suo,

580 1608 865 1680 postulans
895 1600 1308 1660 Thessalonica:
1336 1598 1632 1655 concilium
1663 1593 1803 1657 ﬁeri,
1836 1605 1945 1660 quo
1977 1585 2190 1641 facilius

580 1710 808 1772 possent
841 1713 942 1768 pro
980 1694 1269 1750 sarcienda
1307 1690 1572 1747 Ecclesiae
1603 1701 1764 1759 pace,
1802 1697 1909 1737 una
1941 1691 2191 1749 utrmque

2275 751 2522 820 epistolis
2549 752 2616 803 ad
2643 753 2916 820 episwpos
2939 750 3028 820 qui
3054 764 3118 802 ea:
3146 746 3429 800 Occidente
3456 752 3691 798 venerant
3714 741 3805 799 l56
3828 784 3839 809 ,

2280 842 2408 909 157,
2443 843 2570 910 158,
2606 841 2743 909 159,
2775 841 3036 896 editionis
3068 839 3361 894 Frontonis
3391 835 3576 891 θυείρί
3613 833 3769 900 1656,
3795 835 3842 890 in

2280 937 2477 1008 quibus
2521 933 2978 1005 prteclarissimum
3013 945 3192 984 eorum
3235 927 3438 992 zelum,
3487 927 3740 996 animique
3763 943 3841 997 pro

2282 1029 2514 1083 ueritatis
2554 1027 2856 1098 defensione
2905 1025 3264 1086 alacritatem,
3321 1021 3458 1076 alibi
3509 1021 3759 1084 stadium,
3808 1031 3846 1074 et

2281 1113 2744 1192 promptitudinent
2773 1134 2927 1189 quam
2954 1117 3022 1170 ad
3054 1115 3409 1170 Ecclesiarum
3438 1115 3734 1168 detrimenta
3757 1129 3848 1167 sar-

2281 1213 2469 1269 ciendo
2497 1215 2885 1286 prwstiterant;
2927 1212 3133 1279 ﬁrmam
3163 1210 3320 1262 etiam
3355 1224 3420 1260 ac
3445 1207 3691 1260 sinceram
3729 1205 3852 1258 bene-

2281 1309 2583 1371 volentiam,
2632 1307 3010 1378 fortitudinem,
3044 1304 3205 1358 animi
3253 1303 3622 1365 constantiam,
3667 1317 3721 1354 ac
3747 1299 3852 1354 tole-

2287 1403 2535 1466 rantiam,
2568 1401 2691 1454 alibi
2725 1414 2859 1453 vero
2887 1398 3171 1470 diligentia
3198 1395 3635 1467 magnitudinem,
3665 1392 3854 1466 uigilan-

2285 1496 2439 1555 tium,
2461 1507 2664 1555 curam,
2705 1507 2766 1544 ac
2796 1490 3206 1544 sollicitudinem
3229 1479 3522 1559 praedicat:
3539 1485 3646 1542 Sed
3672 1485 3855 1541 steteris

2293 1586 2541 1641 laudibus
2564 1585 2878 1653 praeclarius
2899 1585 3124 1637 omnino
3142 1591 3224 1637 est
3247 1581 3623 1636 testimonium
3642 1578 3856 1647 ejusdem

2289 1679 2675 1751 Cbrysostomi
2715 1678 2785 1731 de
2827 1675 3140 1731 Gaudentio
3185 1682 3414 1742 nostro,
3457 1687 3620 1744 quem
3661 1670 3857 1726 fortasse

580 1764 767 1864 partes
790 1831 806 1857 ,
843 1764 858 1768 —
881 1789 1127 1844 Orientis
1177 1785 1609 1852 Occidentisqne
1648 1778 1963 1835 convenire.
2010 1771 2195 1842 Legati
2224 1775 2568 1844 B'dignitate
2604 1773 2934 1842 prmeipuum
2983 1770 3130 1824 inter
3166 1771 3460 1839 episcopos
3501 1769 3593 1838 qni
3621 1764 3860 1834 legatione

581 1899 749 1957 porro
777 1925 791 1947 ,
832 1884 924 1953 qui
959 1881 1025 1936 ad
1065 1879 1361 1936 Arcadium
1409 1875 1915 1946 proﬁciscerentur,
1945 1867 2147 1923 delecti
2177 1907 2190 1929 ,

583 1989 724 2035 teste
755 1976 1124 2043 Palladio(a),
1150 1974 1325 2029 sancti
1349 1973 1450 2026 viri
1479 1969 1762 2032 (Emilius,
1795 1963 2116 2036 Cythegius,
2141 1969 2195 2015 et

583 2073 950 2130 Gaudentius.
977 2070 1062 2133 lli,
1094 2068 1340 2136 acceptis
1361 2080 1470 2121 una
1495 2078 1621 2118 cum
1654 2059 2060 2121 Valentiniano,
2089 2055 2192 2108 Bo-

586 2164 900 2233 nifacioque
963 2159 1323 2231 presbyteris,
1385 2154 1744 2226 Imperatoris
1801 2149 2027 2204 llonorii
2063 2165 2096 2214 ,ν
2143 2156 2199 2200 et

588 2256 753 2326 Papa
778 2252 1109 2319 innocentii,
1137 2251 1424 2317 Italiaeque
1450 2247 1865 2316 episcoporum,
1895 2235 2198 2294 Chromatii

590 2348 986 2420 Aquileiensis,
1021 2355 1080 2401 et
1113 2343 1336 2399 Venerii
1377 2339 1837 2402 Mediolanensis,
1873 2349 1936 2390 ac
1965 2333 2201 2402 reliquo-

591 2459 715 2499 rum
756 2441 1147 2512 episcoporum
1175 2434 1460 2506 epistolis,
1503 2446 1721 2487 necnon
1781 2424 2202 2483 commonitorio

590 2533 815 2590 concilii
877 2533 1047 2585 totius
1108 2526 1476 2592 Occidentis,
1539 2520 1958 2579 conditionibus
2028 2514 2204 2587 publi-

591 2628 673 2684 cis
697 2669 712 2693 ,
737 2621 1277 2692 Constantirwpolim
1306 2632 1661 2674 concessere.
1694 2615 1894 2671 Verum
1920 2621 1998 2667 tot
2027 2611 2201 2675 curis,

595 2729 864 2788 tantoque
919 2717 1112 2771 labore
1159 2722 1417 2783 suscepta
1463 2711 1703 2780 legatio,
1734 2705 2013 2762 infelicem
2046 2703 2204 2774 plane

604 2815 817 2870 exitum
898 2809 1135 2874 habuit;
1209 2821 1339 2862 nam
1405 2820 1530 2860 ctam
1600 2801 1848 2872 episc0pi
1915 2800 1982 2852 ab
2051 2797 2203 2850 Italia

592 2905 863 2979 proiecti,
918 2905 1144 2958 ineunte
1191 2915 1320 2955 vere
1370 2901 1433 2952 Α.
1491 2896 1633 2964 406,
1683 2894 1751 2949 ad
1793 2891 2028 2949 Graeciaa
2079 2903 2205 2944 oras

595 2998 978 3069 appulissent,
1035 2993 1270 3049 Athenis
1313 3006 1348 3045 -ι
1399 2989 1620 3044 tribuno
1672 2987 1909 3041 militum
1955 2997 2208 3053 compre-

597 3089 780 3159 hensi,
805 3089 1156 3158 navibuSque
1184 3085 1422 3155 impositi
1454 3092 1603 3148 sunt,
1638 3097 1701 3135 ac
1731 3077 2202 3147 Constantinopo-

2294 1868 2390 1921 ilta
2421 1866 2800 1934 fungebantur,
2836 1863 3082 1917 indicare
3107 1861 3327 1915 videtur
3349 1901 3363 1924 ,
3397 1859 3530 1913 dum
3564 1857 3681 1927 ejus
3716 1853 3860 1908 solius

2295 1958 2502 2013 nomini
2530 1957 2694 2011 aliam
2722 1957 3014 2025 epistolam
3048 1953 3320 2009 inscribit.
3351 1952 3454 2006 Est
3485 1950 3603 2005 haec
3625 1948 3742 2012 184,
3765 1960 3862 2017 qua:

2295 2051 2376 2106 sic
2407 2050 2594 2115 habet,
2627 2048 2823 2104 eodem
2859 2047 3140 2102 Frontone
3166 2046 3370 2099 Ducteo
3398 2045 3702 2111 interprete
3733 2056 3744 2093 :

2637 2141 2954 2198 GAUDENTIO
2992 2141 3229 2212 episcopo
3265 2137 3558 2192 BBIKIANO.

2374 2237 2527 2291 Nihil
2555 2252 2646 2291 nos
2663 2237 2788 2290 latet
2815 2250 2988 2288 rerum
3017 2245 3249 2296 tuarum,
3274 2231 3363 2284 sed
3382 2242 3646 2299 tamquam
3673 2238 3863 2294 presen-

2301 2342 2373 2385 ιω
2403 2331 2558 2402 probe
2583 2331 2816 2384 novimus
2843 2329 3070 2380 studium
3101 2336 3267 2388 tuum,
3297 2324 3629 2396 vigilantiam
3655 2363 3668 2385 ,
3707 2335 3861 2380 curas,

2301 2426 2503 2477 labores
2531 2439 2660 2493 quos
2702 2437 2793 2493 pro
2821 2422 3030 2474 veritate
3069 2419 3381 2488 suscepisti;
3423 2417 3630 2486 tibique
3672 2414 3864 2482 ingentes

2303 2517 2498 2588 gratias
2538 2515 2759 2585 agimus,
2805 2528 2966 2583 neque
2992 2511 3319 2576 mediocrem,
3365 2509 3418 2561 in
3467 2517 3612 2561 tanta
3665 2504 3863 2571 degentes

2303 2609 2598 2674 solitudine,
2641 2606 3047 2661 consolationem
3085 2603 3354 2656 haurimus
3395 2615 3465 2654 ea:
3489 2609 3592 2652 tua:
3633 2590 3866 2649 charitatit

2306 2705 2514 2770 ardore,
2561 2719 2622 2755 ac
2650 2702 2946 2754 sinceritate
2967 2715 2988 2765 ;
3016 2700 3168 2769 cujus
3198 2697 3324 2750 dum
3349 2693 3439 2748 llic
3469 2691 3744 2764 periculum
3767 2685 3867 2755 {scio

2309 2814 2442 2861 ntus,
2473 2797 2586 2849 istic
2613 2811 2815 2865 quoque
2845 2795 3095 2864 integram
3137 2789 3286 2844 illam
3313 2789 3486 2859 vigere
3531 2782 3866 2854 cognovimus;

2308 2907 2399 2943 nec
2427 2890 2536 2943 ullo
2569 2889 2724 2942 modo
2759 2897 2850 2941 aut
2881 2887 3123 2957 temporis
3168 2883 3540 2948 diuturnitate,
3579 2887 3662 2932 aut
3703 2872 3867 2929 itineris

2310 2985 2648 3057 longitudine,
2697 2981 3022 3035 debilitatam
3068 2980 3245 3050 fuisse.
3294 2978 3408 3044 Quo
3447 2975 3656 3029 nomine
3689 2966 3868 3023 multant

2311 3078 2401 3130 tibi
2440 3077 2664 3149 gratiam
2693 3074 2941 3128 habemus
2960 3114 2974 3138 ,
3019 3082 3164 3138 teque
3201 3071 3480 3123 hortamur
3503 3079 3557 3121 ut
3585 3066 3640 3119 in
3669 3060 3868 3115 instituto

592 3185 688 3240 lim
711 3183 908 3239 delati.
945 3181 1024 3236 Eo
1054 3195 1180 3235 cum
1213 3153 1636 3248 pervenissent,
1670 3174 1810 3229 urbe
1833 3171 2046 3227 exclusi
2071 3211 2084 3236 ,
2120 3179 2200 3223 at-
2227 3171 2272 3234 C
2306 3188 2511 3244 pergas,
2531 3179 2576 3223 et
2603 3170 2738 3223 idem
2761 3185 2959 3240 semper
2979 3168 3207 3221 studium
3237 3182 3345 3237 pra,
3371 3173 3420 3218 te
3450 3166 3604 3236 feram
3633 3159 3744 3213 Non
3762 3153 3870 3209 enim

599 3291 706 3347 que
733 3251 816 3328 ad,
830 3274 1095 3344 oppidum
1118 3271 1369 3326 Thracia:
1397 3269 1487 3323 cui
1512 3267 1722 3338 Athyra
1753 3279 1970 3329 nomen,
2004 3265 2056 3316 in
2080 3276 2205 3317 cus-

605 3370 812 3424 todiam
865 3367 1126 3436 conjecti,
1181 3363 1512 3420 incredibile
1567 3370 1652 3416 est
1699 3368 1831 3430 quot
1879 3357 2207 3428 quantisque

605 3462 765 3517 malis
801 3461 982 3516 vexati
1021 3459 1257 3523 fuerint,
1289 3465 1604 3528 quantaque
1643 3467 1738 3510 eos
1775 3452 2017 3524 perferre
2045 3467 2209 3522 opor-

607 3556 800 3622 tuerit,
827 3562 892 3608 ut
915 3552 1182 3607 traditum
1215 3549 1321 3605 sibi
1346 3564 1545 3604 munus
1573 3563 1637 3604 ea
1665 3564 1768 3618 qua
1803 3563 1896 3617 par
1938 3554 2059 3601 erat
2077 3561 2210 3601 con-

603 3650 802 3703 stantia
829 3687 846 3714 ,
881 3655 1189 3701 tuerentur.
1235 3644 1369 3699 Nam
1401 3653 1456 3699 et
1489 3659 1586 3713 per
1615 3642 1943 3696 calumniam
1978 3641 2084 3696 illis
2111 3641 2212 3695 ob-

603 3740 813 3811 jectum
845 3750 964 3805 est,
999 3738 1142 3810 quod
1175 3737 1448 3792 ditionem
1490 3736 1729 3791 alienam
1775 3734 1918 3789 ultra
1953 3735 2214 3789 terminos

605 3849 735 3890 suos
764 3833 1071 3898 turbarent,
1100 3841 1156 3886 et
1187 3845 1312 3885 cum
1344 3829 1645 3885 Orientalis
1675 3827 1892 3898 imperii
1927 3834 2214 3882 contume-

609 3929 682 3985 lia
715 3928 792 3984 ibi
823 3928 1105 3984 adessent.
1142 3925 1349 3981 Deinde
1388 3924 1623 3980 seorsim
1655 3923 1883 3993 quisque
1926 3923 1980 3976 in
2024 3929 2213 3976 custo—

616 4023 741 4079 dias
767 4024 968 4076 inclusi
991 4062 1006 4087 ,
1039 4035 1102 4075 ac
1129 4021 1296 4086 torti,
1328 4028 1386 4073 et
1424 4018 1678 4088 plurimis
1708 4016 1968 4070 aerumnis
1996 4015 2172 4070 aﬂ‘emi
2202 4054 2218 4078 ,

607 4127 670 4172 ut
690 4113 948 4169 mandata
987 4128 1054 4168 ac
1083 4113 1350 4182 epistolas
1379 4111 1715 4180 proferrent.
1740 4107 1876 4163 Cum
1907 4123 2040 4164 vero
2071 4107 2217 4161 nulla

609 4208 692 4263 vis
714 4221 906 4262 eorum
925 4207 1169 4261 animum
1193 4203 1494 4273 frangeret,
1521 4203 1718 4256 litterae
1735 4201 1802 4255 iis
1825 4216 1956 4269 quas
1985 4202 2051 4255 ab
2063 4200 2220 4255 Occi-

615 4299 783 4358 dente
825 4299 1175 4363 detulerant,
1227 4311 1476 4366 quasque
1532 4305 1734 4364 praeter
1785 4295 2176 4365 Imperatorem
2207 4335 2221 4358 ,

616 4393 826 4450 nemini
867 4391 964 4446 ulli
997 4406 1058 4446 se
1089 4388 1408 4445 reddituros
1434 4387 1811 4452 afﬁrmabant,
1837 4402 1933 4457 per
1969 4389 2078 4442 vim
2112 4399 2226 4441 ere-

613 4497 742 4559 ptas.
778 4483 1067 4541 Blanditiis
1112 4483 1355 4546 demum,
1389 4490 1556 4550 atque
1587 4495 1722 4535 auro
1750 4481 1968 4542 veritati,
1996 4491 2057 4534 ut
2097 4493 2223 4533 cum

2306 3268 2514 3338 ignoras
2541 3277 2664 3335 quot
2691 3263 3049 3318 Ecclesiarum
3076 3263 3217 3317 satus
3244 3277 3379 3315 nunc
3415 3268 3629 3330 agatur,
3677 3262 3720 3307 et
3745 3259 3872 3320 quam

2307 3359 2548 3413 eximium
2576 3360 2808 3430 futurum
2838 3359 2904 3411 sit
2943 3357 3039 3410 hoc
3064 3363 3200 3410 recte
3229 3356 3443 3425 factum.
3483 3351 3610 3406 Haec
3644 3349 3785 3420 igitur
3806 3353 3872 3392 τοι

2308 3455 2498 3526 gitans,
2525 3451 2734 3505 domine
2763 3452 2832 3504 mi
2858 3449 3281 3503 reverendissime
3332 3463 3395 3499 ac
3427 3437 3812 3515 religiosissime,
3831 3430 3872 3482 in

2309 3548 2488 3601 eodem
2510 3547 2684 3600 studio
2701 3559 3022 3617 perseverare
3051 3543 3305 3614 dignare;
3333 3541 3406 3595 sic
3433 3536 3666 3606 mimﬁet
3689 3539 3758 3596 ut,
3783 3525 3873 3580 επί-

2313 3641 2425 3712 guis
2451 3637 2713 3693 laboribus
2733 3637 3036 3704 ea'antlatis,
3061 3633 3375 3689 immortalia
3405 3634 3547 3687 vobis
3565 3644 3659 3702 pro
3678 3625 3751 3679 Itis
3768 3631 3876 3692 ρτωυ

2315 3731 2468 3784 claris
2495 3729 2884 3792 certaminibus,
2912 3728 2967 3781 in
2997 3727 3124 3781 caelo
3153 3727 3366 3798 pueritia
3387 3721 3695 3779 recondutis.

2385 3820 2613 3877 Constat
2661 3836 2727 3876 ex
2759 3820 2861 3874 hac
2887 3821 3120 3889 epistola
3149 3861 3164 3887 ,
3196 3827 3462 3888 quantum
3518 3809 3794 3884 diligentia
3827 3809 3878 3857 at

2318 3915 2484 3970 studii
2565 3914 2906 3971 Gaudentius
2972 3913 3040 3968 ad
3095 3911 3463 3969 sublevandas
3541 3896 3878 3980 Cltrysostomi

2318 4023 2592 4063 turumnas
2619 4007 2921 4062 contulerit
2947 4023 2961 4070 ;
3014 4016 3383 4078 quantamque
3407 4005 3630 4060 "laudem
3655 4015 3719 4055 ex
3749 3993 3879 4062 hujus

2322 4100 2611 4170 legationis
2651 4099 2961 4166 laboribus,
3009 4113 3108 4168 pro
3147 4096 3437 4152 sarcienda
3483 4090 3738 4150 Ecclesia:
3771 4091 3880 4154 pate

2321 4195 2541 4251 fortiter
2570 4204 2881 4266 susceptae,
2917 4195 3115 4249 merito
3160 4200 3491 4248 consecutus
3537 4191 3624 4244 sit.
3661 4173 3880 4250 Quamvis

2321 4301 2503 4345 autem
2542 4289 2683 4360 apud
2707 4298 2924 4344 veteres
2947 4287 3447 4343 ecclesiasticarum
3474 4296 3655 4339 rerum
3681 4273 3878 4342 scripto-

2323 4396 2414 4436 res
2439 4421 2454 4448 ,
2501 4391 2730 4450 excepto
2760 4379 2986 4434 AEmilio
3021 4393 3183 4450 quem
3210 4379 3658 4434 Beneventanum
3684 4369 3879 4424 vocant.

2327 4475 2542 4529 steteris
2569 4473 2846 4543 episcopis
2871 4474 2962 4544 qui
2990 4473 3249 4544 legationi
3278 4471 3414 4527 huic
3444 4466 3784 4541 praefuerunt,
3803 4452 3882 4509 mi-

618 4553 806 4636 dttico
833 4575 926 4646 qui
955 4574 1184 4631 Joannis
1210 4572 1588 4645 Chrysostomi
1613 4571 1804 4626 sedem
1827 4579 2222 4640 occupaverat,
2253 4554 2303 4615 Ῑ)
2331 4569 2479 4623 nime
2505 4567 2655 4622 sedis
2685 4567 2874 4622 titulus
2904 4577 3244 4638 apponatur;
3273 4581 3437 4622 nemo
3466 4574 3648 4621 tamen
3669 4553 3881 4615 Gauden'

618 4668 1114 4728 communicarent.
1166 4666 1274 4723 Sed
1317 4666 1468 4722 enim
1501 4681 1626 4721 cum
1671 4665 2103 4734 promissionem
2148 4665 2225 4719 illi

619 4765 861 4829 nullam,
909 4773 1004 4818 aut
1045 4759 1421 4816 conditionem
1449 4758 1554 4813 sibi
1590 4757 1834 4812 oblatam
1878 4757 2229 4826 reciperent,

621 4868 816 4913 contra
847 4870 978 4912 vero
1011 4853 1249 4910 reditum
1281 4851 1348 4908 ad
1395 4851 1702 4905 Romanam
1752 4849 1942 4903 urbem
1974 4848 2231 4918 precibus

621 4957 898 5018 peterent,
923 4945 1250 5004 Valerianus
1267 4943 1502 5014 quidam
1527 4941 1594 4996 ad
1620 4941 1763 4996 male
1786 4939 2060 5012 agendum
2089 4949 2228 4994 stre-

622 5055 802 5108 nuus,
838 5039 1124 5096 immundo
1159 5053 1296 5106 eos,
1321 5047 1383 5094 et
1409 5045 1685 5094 vetustate
1727 5034 1979 5106 squalido
2010 5035 2227 5106 navigio

625 5135 978 5198 cetumissos,
1002 5134 1242 5189 exitium
1265 5147 1473 5202 nempe
1499 5131 1581 5187 eis
1611 5140 1853 5198 struens,
1886 5131 2112 5186 Romam
2141 5146 2228 5186 re-

629 5230 773 5287 verti
811 5228 999 5300 jussit.
1047 5226 1152 5293 Illi,
1191 5241 1410 5282 summo
1437 5242 1563 5281 enm
1587 5227 1839 5296 periculo
1869 5225 2189 5297 navigantes
2213 5268 2229 5294 ,

627 5336 774 5394 aegre
824 5320 1183 5390 Lampsacum
1216 5317 1564 5388 appulerunt.
1617 5317 1770 5384 lude,
1825 5320 1953 5374 navi
1998 5327 2230 5383 mutata,

623 5425 865 5489 quatuor
909 5413 1196 5470 mensibus
1232 5412 1443 5482 elapsis
1479 5411 1705 5465 Romam
1747 5421 2053 5480 pervenere
2077 5453 2092 5476 ,
2139 5411 2234 5466 ubi

621 5508 956 5580 singillatim
1007 5505 1332 5562 Innocentio
1352 5502 1521 5573 Papa:
1557 5517 1679 5573 qum
1713 5504 1858 5574 ipsis
1884 5505 2197 5559 occiderant
2222 5546 2236 5571 ,

629 5602 1043 5658 renuntiarunt.
1082 5599 1208 5654 llu-c
1236 5613 1450 5654 summa
1483 5595 1634 5651 illius
1661 5595 1953 5668 legationis
1986 5597 2088 5652 fuit
2111 5638 2126 5665 ,
2169 5614 2236 5656 ex

2322 4662 2462 4716 tium
2495 4661 2639 4716 hunc
2673 4662 2984 4717 Brixianam
3031 4675 3158 4718 esse
3193 4662 3318 4731 jure
3341 4661 3403 4715 in
3435 4659 3654 4715 dubium
3677 4649 3878 4708 revocet.

2331 4754 2420 4809 ubi
2469 4763 2582 4808 tam
2635 4755 2978 4811 luculentum
3027 4761 3210 4811 exstat
3249 4752 3629 4827 Chrysostomi
3675 4741 3880 4802 testimo-

2325 4849 2501 4904 nium.
2533 4848 2674 4904 Α’ὶὶὺὶ
2715 4851 2877 4905 etiam
2917 4848 3207 4906 Gaudentli
3244 4847 3463 4904 labores
3503 4843 3649 4901 idem
3683 4833 3881 4904 Chryso-

2331 4951 2543 4996 stomus
2567 4941 2869 5012 praedicare
2890 4941 3108 4998 videtur
3135 4943 3187 4996 in
3217 4939 3450 5012 epistola
3475 4937 3606 5005 160,
3635 4932 3698 4988 ad
3722 4927 3880 5000 episco-

2331 5053 2458 5108 pum
2486 5039 2576 5109 qui
2598 5038 2660 5092 ab
2703 5037 2979 5092 Occidente
3004 5045 3209 5092 venerat
3233 5052 3252 5102 ;
3279 5033 3441 5090 valde
3465 5033 3611 5090 enim
3642 5021 3763 5082 mihi
3787 5025 3882 5086 l"°‘

2329 5130 2518 5186 babile
2559 5131 2620 5184 ﬁt
2644 5172 2659 5197 ,
2701 5129 2844 5184 hanc
2874 5145 3096 5200 quoque
3135 5128 3423 5199 epistolam
3467 5127 3535 5182 ad
3559 5110 3879 5202 Gaudentium

2331 5233 2580 5279 nostrum
2611 5224 2912 5291 pertinere,
2937 5223 2994 5277 in
3025 5238 3127 5293 qua
3153 5221 3390 5277 sudores
3418 5233 3513 5276 eos
3561 5231 3682 5286 quos
3705 5217 3746 5264 et
3772 5205 3878 5293 d0"?

2335 5327 2382 5371 et
2407 5319 2464 5372 in
2491 5326 2597 5371 tam
2620 5315 2778 5389 longa
2806 5291 3218 5387 peregrinatione
3241 5333 3333 5388 pro
3361 5313 3608 5369 Ecclesia:
3646 5291 3878 5362 commodis

2331 5409 2599 5475 subierat,
2625 5417 3062 5464 con‘iniemorare
3084 5408 3283 5480 pergit.
3310 5408 3568 5464 Fortasse
3587 5414 3682 5460 nec
3704 5399 3881 5470 promi"

2335 5505 2442 5559 tior
2466 5503 2775 5560 Gaudentio
2799 5513 3008 5568 nostro,
3042 5509 3143 5558 uec
3164 5503 3344 5573 aptior
3368 5497 3628 5572 legationi
3645 5490 3766 5550 ‘hulc
3788 5491 3880 5573 sit?

2337 5595 2607 5667 t-ipiendae
2656 5595 2921 5654 destinari
2969 5570 3229 5667 poterat}
3267 5570 3483 5668 “me
3526 5592 3622 5665 qui
3673 5583 3794 5644 diss
3839 5570 3880 5623 in

704 5809 786 5880 (a)
818 5809 1022 5866 Pallad.
1051 5851 1065 5876 ,
1094 5807 1162 5864 de
1190 5807 1299 5864 ﬁt.
1327 5805 1391 5862 8.
1421 5803 1578 5860 δοθῇ.
1603 5800 1833 5874 Chrys.,
1868 5811 1989 5873 cap.
2010 5802 2076 5858 4.
2097 5799 2314 5859 ‘Eadem
2338 5799 2506 5856 tradit
2528 5798 2825 5870 Nicephor.
2852 5800 2893 5856 l.
2922 5811 3042 5866 xm,
3069 5815 3119 5856 c.
3149 5797 3242 5858 33.
