4096 6192
247 338 356 401 1109

249 544 478 616 ερὶδεορὸ
506 544 569 597 de
591 542 710 597 Vita
723 553 772 598 et
802 542 959 596 Obitu
985 543 1117 596 beati
1143 541 1416 599 Philastrii
1441 545 1686 616 episcOpi,
1713 559 1850 615 pra:-

252 637 532 689 decessoris
556 637 656 688 sui.
686 634 874 688 Exstat
899 644 1081 689 autem
1113 635 1181 690 de
1216 639 1316 690 hoc
1345 651 1547 690 sermo:
1572 650 1603 690 e
1630 636 1853 704 praecla-

250 745 371 784 rmn
403 728 766 785 tesdmouium
793 728 1095 799 Ramperti,
1125 728 1321 783 Brixia:
1349 743 1492 784 n0tto
1515 728 1718 782 swculo
1740 728 1854 796 epi-

250 823 428 893 scopi,
453 822 543 893 qui
571 821 689 892 ejus
715 821 894 876 locum
920 821 1126 892 profert
1159 822 1212 876 in
1237 837 1471 876 sermone
1515 820 1578 873 de
1605 818 1856 872 Transla-

254 916 392 969 tione
419 915 554 970 beati
598 912 872 968 Philastrii
904 956 916 978 ,
946 930 1068 981 cap.
1111 913 1176 979 5,
1210 913 1296 968 his
1325 914 1508 967 verbis
1543 931 1554 965 :
1597 910 1773 965 Veluti
1802 912 1854 964 in

253 1007 395 1061 edito
419 1022 652 1060 sermone
671 1023 703 1059 a
727 1007 946 1069 prtesule
974 1005 1288 1073 Gaudentio,
1313 1006 1430 1059 vitae
1460 1005 1649 1058 scilicet
1672 1003 1857 1056 beatis-

255 1099 373 1154 simi
426 1098 704 1152 Philastrii
767 1099 1029 1168 pontiﬁcis
1082 1098 1302 1170 legitur,
1355 1097 1513 1166 fuisse
1553 1112 1668 1150 eum
1718 1095 1857 1149 onmi

254 1191 414 1255 aetati,
442 1200 489 1245 et
511 1189 818 1255 conditioni,
846 1199 893 1243 et
922 1190 1087 1253 sexui,
1114 1189 1364 1259 stupenda
1389 1188 1698 1259 benignitate
1718 1203 1857 1240 com-

255 1299 478 1338 munem.
514 1282 746 1337 Proinde
776 1282 1005 1336 miratus
1034 1281 1258 1336 omnino
1305 1297 1424 1335 sum
1455 1321 1470 1344 ,
1518 1279 1855 1333 Ludovicum

258 1375 426 1431 Ellies
465 1374 751 1445 aniuiutu
782 1373 996 1429 Gallum
1019 1415 1035 1440 ,
1069 1372 1422 1427 Bthliotltecte
1459 1371 1856 1425 Ecclesiasticm

259 1469 627 1537 scriptorem,
678 1467 1039 1536 quaestionem
1073 1464 1141 1519 de
1196 1467 1298 1518 hoc
1347 1477 1600 1518 sermone
1639 1477 1858 1516 movere

257 1559 564 1616 Gaudentio
594 1561 862 1630 potuisse.
886 1559 1030 1613 Alibi
1061 1560 1226 1614 etiam
1259 1557 1589 1626 Rampertus
1611 1555 1855 1626 ejusdem

259 1651 530 1708 sermonis
560 1653 886 1706 auctoritate
917 1651 1085 1705 utitur
1111 1692 1124 1715 ,
1177 1666 1371 1720 nempe
1401 1665 1518 1719 cap.
1555 1649 1608 1713 9,
1645 1663 1709 1702 ac
1741 1657 1859 1715 post

258 1743 621 1814 Bampertum
651 1752 875 1798 utuntur
905 1744 1170 1798 Baronius
1190 1785 1204 1809 ,
1233 1744 1435 1798 Alanus
1466 1742 1694 1812 Anglus,
1720 1740 1862 1795 Lab-

1437 339 1812 400 PBA'JFATIO
1852 338 1914 396 Ρ.
1943 335 1956 349 ’
1971 335 2348 395 ϐΛιΕΔΙὶῡΙ.

249 451 353 507 hac
383 453 664 521 praemissa
709 449 1115 520 inscriptione:
1160 456 1343 508 Sermo
1385 454 1517 507 beati
1566 453 1848 508 Gaudentii
1878 459 1928 517 Α

3445 340 3552 396 810

2024 451 2116 506 ao.
2159 450 2239 506 Ad
2280 449 2569 506 Gaudentil
2603 431 2940 521 suppositltia
2991 451 3186 506 referri
3216 452 3344 506 item
3375 461 3557 522 potest

1954 543 2184 599 celebris
2211 544 2336 596 liber
2365 543 2428 596 de
2459 543 2840 614 Singularitate
2862 543 3178 598 Clericornm
3203 585 3216 604 ,
3243 543 3406 598 modo
3437 544 3558 598 Oti-

1955 635 2114 704 geui,
2149 634 2308 687 modo
2330 633 2632 704 Cypriano,
2686 642 2780 688 aut
2825 633 3133 703 Augustino
3169 635 3434 699 tributus;
3466 636 3556 704 qui

1957 744 2078 784 cum
2110 727 2392 794 hucusque
2417 735 2626 782 certum
2654 735 2934 782 auctorem
2960 742 3068 781 non
3096 734 3386 797 agnoscat,
3418 729 3562 781 inter

1956 820 2215 885 adeSpOta
2255 819 2455 888 scripta
2490 836 2517 870 a
2552 819 2792 874 Deherra
2839 819 3214 874 numerandus
3245 817 3561 874 erat.llunc

1957 909 2260 966 Gaudentio
2303 909 2556 963 Brixiano
2610 910 2847 964 adscribi
2887 925 3047 980 posse
3077 910 3289 964 censuit
3316 908 3557 964 Joannes

1958 1001 2206 1057 Fellusin
2227 1000 2544 1071 Prtefatione
2565 1002 2628 1055 ad
2657 1018 2914 1072 nuperam
2932 1002 3189 1072 Cypriani
3211 1002 3507 1058 editionem
3541 1020 3554 1056 :

1961 1094 2037 1150 De
2055 1096 2430 1168 Singularitate
2451 1093 2764 1149 Clericorum
2785 1137 2798 1159 ,
2825 1095 3031 1165 inquit,
3057 1096 3361 1167 apusculum
3388 1096 3556 1149 locum

1959 1191 2183 1262 aliquem
2214 1189 2400 1244 habent
2421 1233 2435 1256 ,
2461 1206 2520 1243 ea
2542 1188 2650 1260 lege
2673 1231 2689 1257 ,
2712 1191 2758 1244 si
2783 1201 2872 1244 unt
2898 1189 3163 1259 Origenes,
3197 1200 3287 1244 aut
3311 1189 3562 1245 Gauden-

1960 1283 2066 1336 tius
2098 1282 2379 1336 Brisianus
2398 1328 2410 1350 ,
2442 1292 2534 1336 aut
2556 1285 2694 1336 alius
2717 1284 2903 1352 aliquis
2924 1284 3061 1335 circa
3082 1283 3324 1336 sa'culum
3344 1282 3560 1336 millesi-

1961 1378 2355 1446 ntumsz'riptor,
2381 1392 2482 1445 quo
2505 1385 2730 1444 tempore
2756 1377 2818 1427 lis
2846 1375 2942 1427 ista
2961 1376 3011 1427 in
3041 1374 3314 1428 Occidente
3342 1377 3480 1429 mani
3485 1393 3562 1427 me

1960 1468 2180 1540 fervebat
2205 1509 2219 1535 ,
2264 1486 2357 1540 pro
2397 1487 2491 1523 suo
2541 1485 2818 1539 agnoscere
2858 1468 3161 1522 sustineant.
3212 1469 3280 1522 At
3310 1469 3560 1537 quisnam

1963 1561 2063 1614 istc
2091 1561 2227 1613 circa
2255 1565 2500 1615 swculum
2533 1561 2860 1613 millesimum
2905 1561 3162 1628 scriptor?
3193 1560 3360 1616 Plane
3406 1562 3561 1632 igno-

1963 1658 2095 1704 ttun.
2130 1649 2274 1704 Idem
2311 1651 2494 1705 Fellus
2517 1651 2716 1705 deinde
2742 1653 2792 1704 iu
2823 1652 2965 1705 notis
2994 1650 3059 1704 ad
3094 1667 3214 1704 eum
3249 1660 3561 1718 tractatum,

1963 1753 2241 1798 auctorem
2273 1745 2338 1798 ad
2373 1744 2536 1798 Beda:
2575 1752 2815 1813 tempora
2847 1789 2859 1806 ,
2895 1743 2944 1797 id
2975 1752 3060 1798 est
3087 1744 3153 1797 ad
3186 1745 3444 1799 saeculum
3469 1761 3565 1800 oc-

257 1835 414 1902 beus,
450 1835 688 1900 Vossius,
733 1835 942 1890 Caveus
966 1875 980 1900 ,
1033 1836 1238 1905 aliique
1285 1836 1660 1896 recentiores;
1711 1831 1856 1900 quod
1887 1844 1934 1904 ιι
1964 1842 2140 1889 tavum
2172 1875 2186 1897 ,
2222 1844 2482 1901 revocat,
2517 1837 2598 1889 his
2629 1836 2814 1890 verbis
2845 1853 2856 1886 :
2897 1834 3110 1890 Videtur
3131 1837 3266 1889 circa
3287 1836 3442 1892 Beda?
3471 1855 3568 1910 po-

260 1943 382 1984 cum
411 1927 901 1982 animadverte-rem
928 1942 956 1980 a
987 1927 1340 1981 Bibliotheca:
1366 1926 1587 1981 Patrum
1611 1924 1870 1978 collecto-

260 2021 414 2077 ribus
463 2038 568 2076 non
621 2020 787 2076 fuisse
833 2021 964 2074 satis
993 2021 1341 2074 observatum
1375 2020 1545 2092 (hunc
1571 2019 1715 2074 enim
1745 2033 1864 2073 ser-

262 2131 480 2170 monem
521 2111 1014 2184 przeterutiserant)
1061 2129 1182 2167 cutu
1215 2112 1418 2167 idcirco
1463 2111 1628 2166 veluti
1683 2109 1864 2165 since-

261 2225 380 2264 rum
411 2249 426 2271 ,
477 2223 540 2263 ac
580 2207 882 2277 legitimum
913 2204 1206 2260 Gautlentii
1252 2219 1390 2274 opus
1414 2244 1430 2269 ,
1463 2203 1676 2258 ca-teris
1725 2202 1867 2257 Gau-

265 2299 540 2355 dentianis
562 2297 912 2352 set-monibus
942 2311 1240 2350 accensere
1264 2336 1279 2360 ,
1305 2310 1482 2349 meum
1512 2309 1634 2349 esse
1657 2293 1808 2347 duxi.

344 2391 431 2445 19.
474 2392 651 2460 Atque
680 2391 798 2444 haec
826 2389 1044 2457 quidem
1094 2402 1222 2442 sunt
1259 2385 1544 2442 Gaudentii
1586 2385 1820 2456 genuina
1849 2425 1864 2449 ,

268 2499 391 2554 quas
411 2493 666 2548 exstant;
716 2497 843 2536 nam
875 2493 929 2536 et
980 2481 1330 2536 intercidisse
1363 2495 1468 2535 non
1511 2495 1680 2550 pauca
1716 2489 1870 2532 nota-

268 2576 446 2630 vimus
467 2574 532 2629 ad
563 2584 720 2629 tract.
758 2572 842 2628 M.
875 2572 1032 2629 Nunc
1064 2577 1131 2628 de
1168 2572 1529 2642 supposititiis
1556 2572 1759 2626 dicam.
1793 2574 1870 2626 Ac

269 2667 449 2736 primo
495 2668 737 2720 occurrit
802 2665 1216 2719 Commentarius
1263 2666 1316 2717 in
1366 2663 1671 2734 Symbolum
1728 2663 1871 2734 quod

269 2761 430 2829 vulgo
457 2760 733 2813 Athanasii
778 2760 1126 2830 appellatur;
1185 2758 1491 2828 hujusmodi
1534 2759 1678 2814 enim
1705 2759 1870 2813 Com-

269 2850 522 2907 mental'ii
555 2853 683 2906 licet
721 2853 947 2904 omnino
975 2893 988 2916 ,
1029 2851 1172 2920 quod
1214 2851 1379 2905 sciam
1408 2892 1422 2915 ,
1465 2851 1600 2904 nihil
1648 2859 1872 2917 exstet,

271 2939 631 2997 Gaudentium
661 2950 942 2997 auctorem
965 2941 1173 2997 faciunt
1193 2942 1340 2996 Elias
1355 2941 1674 3011 Capreolns,
1706 2943 1799 2996 lib.
1816 2958 1874 2997 Ill

271 3031 414 3087 Hist.
449 3033 623 3100 Brix.,
675 3042 732 3086 et
776 3048 845 3086 cx
898 3031 1165 3108 Gapreolo
1214 3032 1508 3104 Ughellus,
1539 3031 1758 3104 aliique.
1807 3035 1877 3088 At

270 3125 406 3181 falsa
452 3130 810 3197 persuasione
843 3127 1103 3196 deceptos
1157 3125 1446 3182 mamieste
1496 3127 1706 3196 liquet;
1753 3142 1873 3180 cmn

1966 1927 2163 1998 pularis
2193 1930 2356 1982 nostri
2377 1941 2606 2000 tempora
2631 1969 2647 1996 ,
2679 1930 2887 1999 quando
2909 1934 2972 1984 de
2999 1929 3236 1984 rtzlibatu
3265 1934 3567 1986 clericorum

1968 2021 2192 2074 maxime
2207 2021 2448 2090 fervebat,
2473 2031 2752 2092 prtesertnn
2775 2023 2826 2074 in
2859 2021 3162 2089 Occidente,
3193 2029 3566 2093 controrersia,

1968 2113 2289 2180 conscriptus
2314 2112 2476 2177 liber,
2519 2114 2601 2165 cui
2648 2111 2839 2165 steculo
2878 2113 3150 2184 respondet
3194 2132 3225 2167 a
3263 2116 3572 2170 reuelatione

1968 2203 2292 2272 desumptum
2334 2214 2713 2274 argumentum.
2749 2204 3060 2258 Desideravi
3112 2205 3398 2273 profecto,
3447 2222 3568 2262 cum

1970 2295 2023 2348 in
2055 2293 2172 2349 haac
2205 2293 2521 2348 incidissem
2550 2335 2564 2359 ,
2614 2293 2759 2348 docti
2793 2294 2895 2348 viri
2936 2295 3200 2364 judicium
3231 2312 3244 2361 ;
3296 2313 3418 2351 nam
3449 2314 3572 2368 qua:

1970 2373 2222 2454 umquam
2250 2393 2376 2440 nota
2397 2393 2500 2452 est,
2533 2401 2719 2456 quazso
2747 2428 2760 2450 ,
2791 2403 2909 2455 qua:
2940 2387 3263 2456 Opusculum
3295 2387 3424 2442 illud
3446 2387 3568 2440 util-

1974 2480 2156 2534 lesimo
2178 2479 2368 2534 swculo
2395 2478 2691 2548 (decimum
2723 2480 2911 2533 dicere
2937 2478 3238 2550 voluit)aut
3265 2479 3422 2535 Beda:
3439 2492 3570 2535 tem-

1972 2571 2179 2641 poribus
2193 2571 2537 2624 tribuendqu
2556 2570 2791 2625 indicet?
2808 2571 2888 2624 Ab
2901 2572 3158 2640 episcopo
3176 2577 3567 2642 conscriptum,

1974 2663 2065 2716 ubi
2094 2664 2230 2717 forte
2267 2663 2479 2718 videret
2526 2679 2722 2730 nemo,
2774 2666 2977 2716 notavit
3021 2665 3276 2718 Erasmus
3307 2665 3381 2736 (b)
3409 2682 3473 2720 ex
3507 2669 3575 2721 iis

1973 2751 2301 2826 verbis'quze
2332 2770 2523 2811 auctor
2543 2758 2728 2826 operis
2748 2756 2967 2826 apponit
2989 2776 3000 2810 :
3024 2755 3096 2828 (ε)
3130 2755 3228 2811 Vos
3249 2767 3441 2825 autem,
3476 2760 3574 2827 ﬁlii

1975 2851 2286 2911 charissimi,
2315 2865 2417 2902 non
2445 2859 2647 2905 tantum
2676 2850 3030 2914 persuasione,
3055 2851 3143 2901 sed
3173 2861 3424 2920 potestate
3459 2868 3579 2904 con-

1975 2947 2140 2997 venio.
2178 2943 2376 2998 Verum
2409 2958 2531 3012 qua:
2573 2943 2628 2996 iu
2663 2943 2766 2997 hoc
2793 2958 2965 3012 opere
2994 2942 3063 2997 de
3091 2946 3354 3014 martyrio
3383 2944 3573 3012 diSpU-

1979 3045 2161 3092 tantur
2185 3036 2265 3109 (ά)
2295 3037 2442 3090 nullo
2465 3035 2627 3089 modo
2662 3036 2822 3090 Beda:
2870 3037 3234 3104 temporibus,
3274 3035 3443 3090 immo
3477 3053 3576 3092 nec

1978 3128 2289 3194 Gaudentii,
2335 3145 2436 3182 nec
2461 3127 2746 3198 Augustini
2791 3143 2908 3182 (nvo
2955 3129 3254 3183 convenire
3308 3139 3574 3198 possunt;

271 3219 586 3292 Symbolum
643 3221 773 3275 illud
802 3262 817 3286 ,
853 3219 1003 3292 quod
1044 3221 1193 3275 circa
1234 3223 1396 3274 linem
1425 3222 1596 3290 quinti
1627 3220 1811 3274 saeculi
1841 3237 1869 3273 a
1898 3229 1944 3292 ρ
1977 3221 2194 3291 quando
2217 3237 2431 3290 nempe,
2457 3236 2592 3290 pace
2616 3220 2875 3274 Ecclesia:
2897 3219 3044 3286 data,
3069 3220 3177 3290 jam
3204 3237 3310 3274 non
3342 3223 3577 3290 amplius

272 3313 470 3384 Vigilio
497 3314 762 3385 Eapsensi
796 3355 808 3380 ,
843 3326 936 3369 aut
979 3314 1084 3369 alio
1106 3317 1360 3385 quopiam
1390 3315 1664 3385 Scriptore
1685 3315 1873 3369 condi-

273 3416 385 3464 tum
411 3423 536 3465 esse
561 3452 576 3475 ,
621 3419 836 3464 consul
870 3410 1014 3464 inter
1045 3411 1290 3466 eruditos
1317 3451 1333 3476 ,
1368 3411 1593 3465 minime
1621 3409 1873 3465 Gauden-

273 3499 350 3553 tio
393 3500 698 3556 innotuisse
738 3499 976 3570 potuerit
1003 3542 1016 3562 ,
1065 3501 1155 3570 qui
1196 3509 1392 3570 quarto
1445 3501 1646 3554 saeculo
1696 3501 1869 3565 vixit,

275 3601 370 3645 aut
421 3591 509 3646 vix
561 3590 780 3646 demum
833 3591 986 3646 initia
1042 3593 1216 3662 quinti
1268 3593 1453 3648 Steculi
1511 3593 1665 3647 vidit.
1719 3593 1873 3646 Hunc

273 3684 600 3740 eorumdem
667 3683 1013 3754 Scriptorum
1076 3700 1322 3740 errorem
1401 3685 1762 3754 t-xpunximus
1819 3685 1870 3738 in

273 3779 720 3834 annotationibus
746 3781 810 3834 ad
837 3777 1152 3848 Ugltellum,
1179 3780 1255 3851 (a)
1281 3796 1377 3835 nec
1407 3778 1682 3850 quomodo
1706 3779 1872 3833 falsus

271 3889 462 3928 rumor
489 3874 793 3928 obtinuerit
819 3872 979 3927 video
999 3914 1012 3933 .
1043 3873 1146 3928 nisi
1195 3873 1334 3927 forte
1365 3889 1462 3942 pro
1491 3871 1873 3927 Commentario

273 3966 326 4019 in
382 3965 684 4036 Symbolum
736 3964 1050 4029 Athanasii,
1098 3964 1454 4032 intelligenda
1485 3968 1555 4018 sit
1601 3965 1874 4034 expositio

273 4057 454 4112 Ruliui
497 4058 550 4113 in
591 4057 909 4129 Symbolum
943 4098 958 4122 ,
993 4072 1114 4126 qua:
1158 4072 1187 4110 a
1231 4057 1415 4110 multis
1463 4056 1794 4128 llieronymo
1821 4064 1876 4111 et

271 4147 545 4220 Cypriane
569 4158 774 4204 temere
794 4149 1066 4218 adscripta
1086 4190 1103 4216 ,
1125 4147 1420 4216 aliquando
1432 4148 1593 4204 etiam
1621 4149 1875 4204 Gauden-

275 4240 352 4295 tio
380 4241 637 4296 Brisiauo
670 4241 871 4296 tributa
901 4241 1086 4296 fuerit.
1119 4241 1268 4297 Inter
1292 4242 1579 4298 Gaudentii
1630 4244 1878 4312 supposi-

273 4335 392 4389 titia
424 4345 745 4392 numeratur
766 4334 963 4390 deinde
982 4333 1274 4405 Rhymmus
1291 4336 1354 4390 de
1380 4335 1688 4402 Philastrio,
1712 4351 1870 4406 quem

275 4427 570 4496 aliquando
619 4425 984 4483 Gaudentium
1033 4437 1313 4483 auctorem
1371 4442 1483 4498 prae
1530 4443 1591 4483 se
1637 4429 1869 4495 tulisse,

279 4529 508 4575 testatur
531 4521 688 4577 nobis
721 4521 1051 4591 Rampertus
1081 4523 1134 4575 in
1159 4537 1395 4576 sermone
1423 4522 1486 4575 de
1511 4521 1874 4576 Translatione

1975 3313 2230 3385 frequens
2269 3315 2495 3368 suberat
2526 3314 2769 3384 martyrii
2808 3316 3042 3368 occasio.
3092 3314 3277 3383 Itaque
3303 3331 3424 3370 mea
3453 3316 3578 3386 qui-

1973 3405 2097 3462 dem
2120 3405 2394 3460 sententia
2416 3447 2429 3465 .
2457 3404 2672 3460 libellus
2701 3406 2805 3459 iste
2854 3406 2937 3460 vel
2969 3405 3034 3459 ad
3065 3405 3314 3476 Origenis
3335 3448 3350 3470 ,
3397 3408 3479 3462 vel
3510 3410 3576 3463 ad

1972 3498 2227 3571 Cypriani
2279 3510 2524 3568 tempora
2569 3498 2910 3553 refert-udus.
2969 3499 3113 3554 Vidit
3178 3501 3366 3568 procul
3410 3500 3579 3556 dubio

1976 3590 2112 3645 Fetli
2158 3591 2366 3660 lapsum
2420 3589 2744 3645 Guillelmus
2794 3589 3048 3657 Caveus,
3121 3591 3248 3644 dum
3320 3591 3577 3663 Cypriani

1975 3684 2151 3755 Opera
2185 3698 2478 3739 recensens
2505 3724 2519 3748 ,
2577 3683 2724 3736 illius
2771 3684 3096 3738 sententiam
3127 3684 3196 3738 de
3247 3685 3407 3753 hujus
3445 3704 3578 3755 opu-

1978 3776 2115 3831 sculi
2147 3785 2368 3829 auctorc
2405 3783 2670 3828 enarrat:
2711 3774 2782 3842 (e)
2827 3774 3127 3828 Doctissimi
3181 3776 3361 3847 (Cavei
3412 3779 3576 3832 verba

1977 3865 2122 3938 sunt)
2135 3867 2376 3920 editionis
2401 3863 2711 3918 Oxoniensis
2735 3876 3018 3929 curatores,
3033 3864 3170 3916 circa
3199 3862 3355 3918 B.da:
3378 3875 3576 3920 aetatem

1975 3957 2222 4027 scriptum
2251 3973 2356 4010 esse
2401 3954 2737 4008 arbitrantur.
2789 3954 2894 4009 Sed
2922 3993 2938 4019 ,
2983 3962 3040 4006 ut
3063 3953 3313 4010 hOmines
3343 3971 3532 4012 Sumus
3557 4000 3572 4024 ,

1978 4049 2170 4118 puduit
2196 4046 2632 4118 reprehendere,
2667 4047 2916 4116 quamvis
2946 4047 3106 4116 paulo
3136 4055 3292 4102 antea
3323 4091 3336 4115 ,
3371 4049 3578 4106 scilicet

1979 4143 2034 4197 in
2064 4141 2321 4213 Origene,
2355 4139 2428 4212 (f)
2462 4140 2631 4196 libelli
2660 4140 2821 4210 hujus
2867 4149 3170 4206 auctorem,
3206 4158 3310 4195 non
3352 4152 3580 4196 contem-

1979 4235 2160 4288 nenda:
2196 4234 2480 4297 vetustatis,
2508 4231 2814 4302 Hieronymi
2844 4230 3026 4286 saltent
3051 4248 3159 4286 (evo
3209 4250 3312 4287 non
3361 4235 3576 4305 inferio-

1977 4344 2102 4392 rem,
2131 4327 2465 4396 prouuntiet.
2512 4324 2778 4380 Czt-terum
2822 4325 3038 4381 libellus
3079 4326 3172 4381 ille
3197 4327 3328 4381 nihil
3355 4329 3580 4382 omnino

1975 4419 2216 4474 continet
2244 4419 2389 4489 quod
2417 4419 2807 4474 controversias
2845 4418 2917 4474 de
2965 4418 3221 4474 cmlibatu
3255 4419 3580 4475 clericorum

1977 4513 2149 4581 aptari
2222 4511 2436 4581 possit,
2491 4515 2743 4579 quamvis
2798 4510 3116 4565 eorutndem
3187 4527 3309 4565 cum
3369 4514 3584 4566 feminis

276 4609 570 4666 Ριιίιαδιι-ἤ,
609 4612 806 4667 verum
833 4614 1008 4684 διγιηε
1034 4623 1224 4681 aperte
1252 4655 1264 4679 ,
1312 4627 1377 4668 ac
1423 4612 1632 4668 Latium
1674 4605 1873 4683 lingua;
1901 4620 1954 4680 Ι)
1979 4602 2391 4658 contubernium
2409 4645 2423 4669 ,
2447 4615 2513 4655 ac
2536 4601 2957 4680 fauiiliaritateni
2990 4602 3279 4670 redarguat
3304 4617 3318 4666 ;
3343 4601 3429 4655 cui
3453 4617 3579 4671 pro-

274 4704 448 4767 color,
477 4705 543 4759 ad
597 4709 850 4775 sequiora
887 4717 1128 4776 tempora
1157 4707 1467 4776 pertinent;
1528 4723 1626 4761 nec
1666 4706 1872 4777 aliquid

275 4795 334 4851 in
364 4811 431 4850 eo
462 4797 716 4868 rhythmo
747 4798 1186 4853 Gaudentianum
1235 4799 1472 4864 videtur,
1510 4812 1709 4870 praeter
1746 4816 1874 4856 seu—

280 4889 479 4944 lentias
508 4906 644 4959 quas
667 4891 911 4962 rhythmi
940 4906 1133 4947 auctor
1161 4907 1190 4946 a
1234 4892 1541 4947 Gaudentio
1564 4894 1616 4946 in
1642 4910 1876 4948 sermone

277 4979 342 5034 de
369 4977 656 5032 PItiIastrio
696 4993 973 5035 mutuatus
998 4994 1077 5036 est
1111 4998 1124 5046 ;
1152 4998 1320 5052 quare
1339 5023 1355 5048 ,
1389 4983 1681 5038 accedente
1707 4985 1872 5038 etiam

279 5069 448 5139 ipsius
487 5069 767 5141 Raruperti
798 5073 1006 5128 calculo
1033 5118 1046 5142 ,
1077 5073 1309 5128 libenter
1358 5073 1672 5144 rhythnmtu
1719 5075 1872 5129 illum

277 5162 584 5219 Gaudentio
635 5165 1086 5235 adjudicavimus.
1141 5166 1278 5222 Vide
1324 5182 1488 5237 porro
1516 5182 1580 5222 ea
1625 5183 1747 5238 qua:
1796 5168 1876 5220 fu-

277 5259 392 5312 sius
441 5257 653 5328 prwl‘ati
697 5272 885 5313 sumus
916 5260 984 5314 ad
1016 5261 1268 5316 eumdem
1297 5261 1610 5332 rhythmum
1642 5261 1694 5316 in
1725 5259 1875 5315 calce

276 5363 593 5406 sermonum
611 5348 927 5406 Gaudentii.

354 5530 433 5600 (a)
459 5531 618 5587 Tom.
646 5530 738 5599 ιν,
759 5530 893 5586 edit.
927 5529 1065 5585 Ven.
1108 5529 1217 5585 col.
1248 5527 1375 5584 59.8.

281 5601 427 5726 1
465 5601 608 5724 Edisti.
657 5602 861 5660 Veneta
909 5601 1173 5676 Cypriani
1211 5616 1332 5657 cum
1380 5600 1598 5656 scholiis
1647 5600 1881 5666 Erasmi,

435 5687 533 5726 ,11.
603 5710 617 5723 .

435 5687 533 5729 ,11.
561 5687 617 5724 δ.

284 5740 626 5870 “smilion.
671 5741 978 5803 Amstelod.
1020 5745 1282 5818 Cypriani
1336 5744 1511 5808 1700,
1561 5759 1684 5816 pag.
1744 5744 1890 5811 151,

531 5904 809 5968 Ρηιιοι..
863 5909 1008 5968 XX.

1983 4695 2125 4750 fecto
2169 4703 2489 4766 argumento
2532 4708 2837 4763 congruum
2881 4702 3158 4747 auctorem
3207 4709 3454 4762 quaarere
3476 4709 3578 4748 sae-

1982 4789 2106 4843 culo
2125 4789 2337 4842 decimo
2361 4785 2582 4840 minime
2604 4784 2910 4854 oportebat.
2935 4786 3077 4840 Sane
3099 4785 3411 4854 Cyprianus
3437 4788 3572 4856 ipse,

1985 4880 2066 4950 (α)
2095 4880 2296 4949 aliique
2325 4893 2388 4932 ea
2428 4885 2588 4931 aetate
2620 4875 2828 4937 Patres,
2864 4877 3063 4946 swpius
3110 4877 3162 4930 in
3192 4877 3382 4932 eodem
3414 4894 3576 4947 argu—

1982 4983 2168 5029 mento
2191 4975 2391 5028 versati
2437 4978 2592 5035 sunt,
2623 4984 2969 5038 canonesque
2997 4970 3362 5025 Com-ilimutn
3398 4974 3580 5026 multis

1981 5078 2232 5138 egerunt,
2263 5074 2351 5131 ut,
2383 5065 2561 5119 ablata
2597 5062 2905 5133 hujusmotli
2931 5065 3281 5131 corruptione
3321 5081 3444 5136 qua:
3478 5067 3579 5121 Ec-

1981 5163 2164 5218 clesia:
2189 5174 2368 5215 mores
2399 5158 2641 5214 fmdabat
2664 5201 2677 5224 ,
2713 5159 2922 5229 integra
2951 5169 3266 5214 servaretur
3291 5160 3578 5214 ecclesias-

1982 5259 2082 5314 tica
2107 5255 2413 5325 disciplina.

2053 5351 2147 5406 21.
2179 5349 2310 5404 llzec
2333 5348 2401 5405 de
2426 5347 2714 5405 Gaudentii
2730 5347 2946 5418 scriptis
2969 5356 3078 5403 tam
3106 5347 3355 5419 genuinis
3383 5389 3397 5413 ,
3423 5363 3582 5417 quam

2054 5528 2139 5598 (tt)
2171 5526 2416 5598 lbid.,p.
2453 5523 2574 5594 150,
2599 5525 2708 5598 col.
2742 5523 2798 5578 2.

2059 5595 2130 5671 (ε)
2162 5599 2300 5654 Hist.
2325 5597 2494 5652 litter.
2521 5611 2632 5671 sec.
2660 5597 2695 5651 5
2717 5636 2734 5664 ,
2769 5609 2892 5665 pag.
2923 5595 3012 5651 80.

2061 5667 2140 5743 (fl
2174 5671 2335 5743 Πύθι’
2369 5683 2489 5743 pag.
2521 5667 2609 5743 (tu.

2069 5735 2146 5814 (ῤ’)
2177 5741 2350 5812 Epist.
2372 5735 2609 5806 't,'edit.
2645 5738 2880 5794 Amslel.
2916 5735 3070 5792 1700.

3075 5901 3153 5964 ‘26
