4096 6192
632 293 736 366 84.4

1569 294 1627 352 s.
1671 293 2119 362 astusartth
2156 290 2538 362 eruimus
2571 286 2976 368 BRIXIANUS.

3815 291 3903 362 M3

621 408 1321 482 supposititiis.Nihilenim
1343 410 1542 465 morari
1566 427 1667 465 nos
1693 410 1859 466 debet
1879 426 2085 474 anceps
2099 410 2231 466 Bar—
2255 412 2312 474 Α
2334 411 2529 467 durum
2575 427 2656 480 sc,
2701 424 2866 482 atque
2891 409 3169 466 infensum
3205 409 3455 479 prtebuit,
3487 417 3549 470 ut
3575 410 3624 466 si
3653 409 3789 480 quis.
3817 413 3904 466 ini-

629 502 725 557 thii
755 501 1119 558 teetimonium
1149 543 1164 568 ,
1191 518 1297 570 quo
1325 501 1693 556 Gaudentium
1726 518 1829 557 una
1861 518 1983 559 cum
2011 503 2229 558 Euche-

625 593 710 650 rio
735 635 751 660 ,
789 593 1041 656 Maximo.
1075 592 1316 648 Ctesario
1342 635 1357 659 ,
1388 593 1617 663 aliisque
1655 593 1966 668 hujusmodi
1997 595 2231 663 scripto-

622 686 806 750 ribus,
836 701 1001 740 unum
1027 692 1190 756 atque
1220 684 1474 744 eumdem
1523 687 1626 742 sub
1655 686 1889 741 diversis
1919 686 2227 741 numinibus

622 786 898 834 auctorem
930 792 1074 848 esse,
1107 793 1174 834 ex
1195 779 1535 850 argumenti.
1563 790 1654 834 aut
1686 780 1816 852 styli
1847 779 2223 845 similitudine,

619 871 886 941 suspicari
915 871 1149 928 videtur.
1207 871 1298 926 Sic
1335 872 1430 926 ille
1474 871 1567 928 lib.
1601 887 1711 930 sui
1756 870 1989 928 Advers.
2035 871 2220 926 c.18:

621 963 775 1020 Illud
803 967 865 1022 de
908 965 989 1021 Itis
1013 964 1205 1018 talibus
1227 965 1574 1036 scriptoribus
1619 981 1826 1021 monere
1852 981 1963 1026 non
1987 979 2226 1034 supersc—

621 1059 741 1126 dco,
774 1067 880 1110 tam
902 1073 1010 1110 non
1039 1073 1162 1110 raro
1190 1057 1325 1110 inter
1351 1073 1404 1109 se
1429 1057 1626 1111 similes
1655 1073 1766 1112 esse
1801 1073 2068 1114 sermones
2095 1069 2225 1126 quos

626 1149 940 1216 Valeriani,
975 1148 1226 1205 Eucherii
1252 1194 1265 1219 ,
1319 1149 1542 1206 Maximi
1567 1193 1583 1218 ,
1611 1152 1862 1220 Censorii,
1894 1151 2186 1208 Gaudentii
2207 1192 2221 1217 ,

616 1241 804 1315 Eligii,
831 1251 878 1295 et
906 1243 1128 1297 aliorum
1159 1242 1347 1298 talium
1379 1243 1670 1298 nominibus
1711 1246 2029 1316 perscriptas
2059 1244 2222 1297 [tabe-—

617 1353 753 1402 mus,
786 1346 841 1389 ut
877 1353 1065 1408 magna
1096 1337 1423 1408 suspiciosit,
1455 1338 1729 1409 velstylum
1767 1339 2028 1401 maiorum
2057 1338 2224 1391 miuo-

615 1444 694 1483 res
725 1426 995 1482 cernulatos
1021 1445 1149 1494 esse,
1181 1427 1254 1482 vel
1287 1446 1568 1501 paucorum
1618 1431 1926 1500 scriptorum
1963 1429 2220 1501 operibus,

613 1521 836 1582 diversos
857 1539 888 1574 a
909 1519 1134 1577 librariis
1143 1537 1240 1592 pro
1265 1521 1435 1590 furore
1461 1519 1697 1576 locorum
1725 1521 1906 1580 titulos
1929 1538 2035 1574 esse
2055 1521 2224 1593 impo-

609 1616 755 1670 sitos.
805 1613 947 1683 Quid
994 1613 1099 1668 sibi
1155 1614 1280 1668 velit
1330 1614 1586 1670 Barthius
1639 1631 1748 1670 non
1797 1613 2064 1684 intelligo.
2113 1615 2223 1669 Aut

605 1708 752 1769 enim
783 1706 1096 1764 Gaudentio
1128 1706 1359 1762 aliorum
1385 1722 1671 1761 sermones
1702 1706 1942 1762 tribuere
1971 1706 2106 1770 vult,
2134 1714 2226 1759 aut

2337 504 2485 559 nime
2535 505 2675 559 lecto
2724 503 3075 568 Gaudentio,
3123 503 3416 573 Dupiniutu
3464 503 3664 568 adeat,
3708 503 3905 571 ejusque

2332 595 2491 652 dictis
2541 597 2706 653 ﬁdem
2758 597 3036 668 adjungat,
3089 595 3455 653 Gaudentium
3501 597 3683 666 ipsum
3733 596 3908 650 nullius

2331 688 2596 743 momenti
2627 689 2950 760 scriptorem
2980 699 3206 746 censeat
3239 699 3478 760 Oportet,
3513 690 3674 761 cujus
3702 688 3908 760 proinde

2332 777 2554 834 lectioni
2596 780 2641 834 si
2681 781 2804 850 quis
2847 780 2988 836 forte
3031 781 3250 840 tradere
3279 796 3341 838 se
3373 781 3539 850 velit,
3571 781 3755 837 oleum
3795 796 3908 836 sane

2327 880 2381 926 et
2411 887 2635 941 cperam
2663 873 2876 942 perdat.
2907 874 3081 930 Porro
3113 882 3171 930 ut
3201 873 3395 930 lectori
3424 876 3647 944 penitus
3675 889 3908 942 comper-

2322 971 2442 1024 tum
2487 964 2562 1018 sit
2608 980 2772 1035 quam
2815 981 2923 1020 non
2963 982 3178 1038 aequant
3214 966 3482 1036 Dupinius
3519 966 3598 1022 de
3625 966 3911 1022 Gaudentio

2327 1057 2658 1113 sententiam
2713 1058 2936 1123 tulerit,
2985 1060 3148 1114 liceat
3187 1058 3284 1118 hic
3315 1058 3452 1114 mihi
3495 1059 3674 1132 ipsius
3709 1057 3910 1128 Dttpitni

2323 1148 2529 1206 .Gallica
2561 1150 2726 1207 verba
2757 1150 2977 1214 all'erre,
3013 1151 3219 1221 quibus
3252 1151 3576 1224 perSpcetis,
3614 1153 3785 1208 lector
3810 1154 3911 1220 ipse

2327 1242 2430 1296 huc
2472 1242 2540 1298 de
2591 1259 2668 1310 re,
2721 1244 2867 1314 quod
2909 1243 3111 1310 justum
3156 1244 3344 1315 fuerit,
3382 1252 3615 1300 statuet.
3647 1245 3725 1298 De
3757 1246 3909 1310 primo

2326 1335 2617 1389 Gattdentii
2659 1349 2913 1391 sermone
2958 1337 3071 1391 inec
3117 1336 3281 1391 habet
3310 1336 3382 1408 (b)
3420 1353 3432 1389 :
3465 1336 3520 1390 ll
3565 1338 3910 1391 commencele

2326 1427 2551 1494 prcmier
2595 1427 2658 1480 de
2699 1443 2785 1481 ces
2814 1444 3047 1482 sermons
3076 1445 3172 1500 par
3202 1444 3303 1482 une
3331 1430 3515 1499 pensée
3545 1428 3636 1498 qui
3660 1446 3693 1482 α
3719 1427 3830 1498 plus
3855 1430 3910 1482 de

2324 1515 2555 1572 subtilité
2593 1535 2692 1586 que
2735 1518 2798 1574 de
2841 1519 3082 1588 solidité,
3127 1535 3260 1591 pom;
3313 1519 3498 1576 reudre
3544 1520 3724 1574 raison
3773 1521 3829 1572 de
3863 1537 3909 1574 cc

2323 1613 2478 1680 qu‘ou
2508 1609 2707 1666 celebre
2734 1611 2790 1667 la
2817 1613 2989 1684 prique
3016 1629 3083 1666 au
3110 1614 3417 1684 priutemps,
3443 1613 3600 1680 αρτ-ἐι
3628 1613 3677 1672 le
3700 1613 3907 1666 incuruis

2317 1712 2483 1774 .lemps
2521 1704 2584 1757 de
2625 1701 2947 1770 l‘automme,
2997 1704 3050 1758 la
3090 1706 3304 1776 rigueur
3346 1703 3411 1758 de
3445 1703 3659 1769 l’ltirer,
3700 1713 3744 1757 et
3777 1713 3906 1758 arant

604 1799 730 1864 aliis
755 1798 1194 1866 Gaudettu:ittos.
1225 1799 1282 1855 Si
1315 1799 1550 1868 primum
1571 1842 1584 1865 ,
1622 1815 1730 1854 non
1758 1799 1914 1854 Video
1940 1815 2100 1867 quam
2133 1798 2218 1851 l‘a-
2252 1799 2296 1860 Β
2323 1794 2552 1849 l‘ardeur
2581 1795 2646 1849 de
2665 1796 2801 1850 l’été.
2836 1795 2989 1864 C’est,
3027 1797 3193 1859 dit-il.
3215 1813 3347 1869 pour
3366 1808 3600 1853 morttrer
3623 1813 3725 1868 quc
3747 1795 3906 1852 λέξειε-

612 1895 715 1952 cile
740 1895 957 1950 caeteris
981 1909 1244 1948 suasurus
1276 1892 1345 1945 sit
1372 1910 1384 1944 :
1419 1893 1548 1946 mihi
1569 1902 1724 1947 certe
1757 1907 1868 1948 non
1895 1892 2212 1959 persuadet.

607 1985 743 2044 Nam
773 1995 832 2044 ut
860 1985 1154 2056 aliquando
1176 1984 1370 2044 similis
1400 1983 1540 2038 forte
1572 1985 1725 2039 locus
1756 1985 1809 2038 in
1833 1983 2027 2040 eodem
2047 1999 2213 2055 argu-

607 2089 794 2136 mento
831 2093 862 2132 a
911 2077 1124 2131 duobus
1172 2077 1532 2144 scriptoribus
1576 2086 1871 2147 usurpatas
1911 2088 2214 2144 occurrat,

606 2187 716 2226 non
748 2171 870 2225 ideo
899 2170 1081 2224 statim
1124 2185 1265 2224 unus
1294 2179 1458 2239 atque
1506 2168 1650 2224 idem
1702 2169 1986 2237 utriusque
2033 2169 2216 2238 operis

599 2275 794 2332 auctor
825 2263 994 2318 fuisse
1022 2263 1331 2318 censendus
1379 2271 1486 2318 est.
1513 2262 1656 2316 Nihil
1687 2263 1832 2322 enim
1873 2261 2215 2332 frequenth

606 2369 769 2426 quam
794 2364 854 2412 ut
902 2354 1142 2423 scriptor
1185 2353 1456 2424 quispiam
1487 2355 1718 2409 alterum
1744 2353 1997 2422 ejusdem
2047 2369 2213 2422 argu-

607 2448 776 2503 menti
826 2448 1150 2517 scriptorem
1195 2446 1438 2513 imitari,
1481 2446 1712 2516 ejusque
1743 2446 2046 2510 sententias
2089 2447 2216 2502 toti—

603 2540 728 2596 dem
783 2541 1110 2609 quandoque
1157 2538 1337 2594 verbis
1382 2540 1593 2598 referre
1624 2540 1824 2596 soleat.
1873 2541 1946 2596 At
1996 2554 2128 2596 vero
2165 2539 2215 2594 si

605 2631 898 2688 Gaudentii
926 2629 1222 2685 Sermones
1252 2631 1478 2686 alterius
1516 2631 1802 2699 scriptoris
1847 2645 1970 2686 esse
1998 2671 2012 2697 ,
2045 2632 2213 2701 signi-

605 2725 778 2790 ﬁcare
819 2723 990 2794 voluit
1028 2722 1286 2776 Barthius
1315 2763 1328 2787 ,
1361 2723 1585 2777 omnino
1613 2723 1833 2780 doctum
1866 2725 2042 2779 virum
2069 2724 2215 2780 desi-

605 2819 789 2888 puisse
839 2817 1084 2884 Oper-tuit
1109 2857 1126 2883 ,
1169 2832 1292 2872 cum
1335 2817 1455 2872 luce
1479 2819 1719 2873 clariora
1753 2820 1862 2880 sint
1907 2819 2110 2882 indicia
2153 2822 2210 2875 in

603 2909 832 2980 singulis
857 2908 969 2964 lere
992 2907 1389 2965 Gaudentianis
1417 2912 1792 2977 sermonibus,
1816 2928 1941 2982 qua:
1956 2912 2213 2970 Gauden-

607 3001 738 3060 tium
778 3014 1097 3058 sermonum
1141 2999 1374 3054 istorum
1427 3001 1726 3070 genuinum
1777 3018 2079 3071 serumque
2117 3018 2214 3058 au-

603 3103 810 3148 ctorem
838 3091 1153 3147 ostendant.
1171 3091 1300 3154 lltec
1325 3091 1646 3162 singillatim
1674 3109 2209 3164 enumerareruperr

2321 1885 2517 1945 Christ.
2539 1888 2630 1956 qui
2669 1899 2744 1942 est
2771 1890 2819 1942 le
2861 1888 3032 1943 Soleil
3062 1889 3126 1944 de
3147 1892 3360 1959 justice,
3389 1891 3589 1960 dissipe
3618 1906 3714 1959 par
3741 1907 3816 1943 ses
3839 1893 3907 1942 lit-

2317 1980 2502 2038 miéres
2533 1983 2606 2035 les
2642 1980 2876 2038 tenebras
2905 1981 2971 2043 de
2999 1983 3214 2036 l’erreur
3236 1984 3326 2038 des
3356 1982 3528 2053 Juifs,
3569 1993 3619 2038 et
3647 1983 3839 2036 emollit
3861 1981 3904 2036 la

2319 2071 2496 2126 dureté
2542 2073 2632 2126 des
2675 2089 2844 2128 clears
2885 2073 2980 2130 des
3025 2077 3232 2144 paieus.
3277 2091 3342 2132 ea
3386 2077 3674 2144 préoenaut
3717 2090 3807 2143 par
3841 2089 3904 2128 set

2318 2179 2509 2235 rayous
2537 2162 2763 2220 l’ardeur
2785 2165 2860 2220 du
2884 2166 2973 2235 [ett
3001 2165 3070 2218 du
3095 2168 3227 2237 jour
3251 2165 3323 2222 du
3343 2167 3642 2238 jugement.
3677 2164 3706 2218 Ι
3712 2166 3730 2218 ι
3753 2169 3902 2238 ajoute

2317 2274 2415 2326 que
2445 2257 2494 2311 le
2519 2261 2704 2312 mande
2729 2269 2890 2331 agant
2921 2260 3003 2316 été
3025 2260 3139 2313 crée‘
3159 2275 3227 2314 au
3255 2261 3566 2331 printcmps,
3591 2259 3632 2312 il
3649 2259 3902 2329 etaitjttste

2317 2353 2444 2421 qu’il
2483 2352 2562 2422 [ut
2600 2353 2788 2421 réparé
2825 2353 2958 2406 datis
3001 2356 3052 2408 la
3092 2353 3252 2410 méme
3276 2353 3477 2414 saisolt.
3516 2352 3710 2416 Utrum
3743 2366 3898 2422 repre-

2313 2442 2645 2508 hendendus
2686 2446 2755 2504 sit
2801 2446 2905 2500 hoc
2947 2446 3069 2501 loco
3110 2446 3467 2508 Gaudentius.
3521 2463 3627 2506 nec
3669 2461 3766 2517 ego
3789 2445 3896 2500 satis

2313 2536 2572 2606 dispicio,
2622 2553 2720 2594 nec
2767 2537 3039 2608 quispiam
3083 2538 3318 2602 fet-tasse
3353 2539 3501 2603 alius
3537 2541 3680 2596 alter
3709 2537 3892 2594 viderit.

2316 2628 2539 2688 Scilicet
2564 2645 2672 2684 non
2703 2630 2958 2688 omnibus
2983 2629 3174 2692 datum
3199 2639 3284 2686 est
3311 2631 3530 2702 lynceis
3556 2631 3767 2701 aninii
3795 2645 3895 2684 ocu-

2317 2719 2384 2776 lis
2421 2722 2520 2774 uti.
2563 2723 2632 2774 At
2673 2723 2817 2776 enim
2860 2721 2908 2778 si
2951 2733 3106 2788 aptas
3150 2733 3457 2793 temporum
3504 2725 3744 2778 rationes
3771 2736 3891 2790 quae-

2314 2828 2461 2880 rere,
2508 2813 2706 2878 auibus
2749 2814 3028 2870 Doutinica
3077 2815 3334 2886 mysteria
3371 2825 3536 2885 gesta
3576 2825 3728 2878 sunt,
3757 2813 3794 2867 si
3822 2827 3890 2868 re-

2316 2920 2434 2960 rum
2480 2905 2895 2968 convenientias
2939 2905 3217 2962 subtiliter
3244 2907 3608 2975 investigare,
3639 2903 3887 2962 alieniali-

2311 2999 2536 3060 snrdum
2578 2999 2848 3065 videatur,
2882 3001 2932 3062 is
2960 3001 3343 3070 antiquitatem
3375 3016 3603 3062 omnem
3634 3001 3736 3058 sibi
3770 3006 3888 3068 post-

2315 3090 2513 3146 halteat
2549 3107 2786 3150 necesse
2828 3103 2913 3152 est
2939 3133 2956 3158 ,
3003 3102 3170 3163 atque
3211 3093 3610 3160 Ambrosium,
3653 3093 3885 3160 Hierony-

604 3199 835 3240 vacuum
859 3183 1001 3244 duco
1023 3226 1038 3251 ,
1071 3199 1194 3238 cum
1224 3199 1286 3239 ea
1331 3185 1609 3240 studiosus
1641 3187 1814 3240 lector
1851 3202 1960 3248 non
2009 3204 2210 3258 magno
2231 3189 2281 3260 ς
2315 3199 2485 3258 "tum,
2527 3185 2915 3254 Augustinum,
2965 3185 3224 3252 levitatis.
3264 3197 3318 3246 et
3362 3185 3727 3246 inﬁcetiarum
3758 3197 3885 3238 accu-

603 3277 826 3344 ncgotio
851 3277 1021 3346 possit
1049 3276 1531 3344 animadvertere;
1559 3284 1659 3334 nec
1676 3278 1956 3342 Barthium
1977 3280 2046 3336 de
2059 3279 2206 3335 Gau-

601 3369 791 3426 dentio
824 3377 1013 3424 nostro
1059 3369 1374 3436 loquentem
1427 3381 1533 3426 tam
1586 3372 1828 3442 graviter
1874 3373 2203 3440 aberrasse,

600 3460 763 3516 alicui
795 3460 991 3514 mirum
1039 3460 1150 3524 sit,
1189 3475 1313 3516 cum
1351 3461 1516 3518 fuerit
1537 3462 1618 3516 vir
1654 3463 1853 3524 doctus
1895 3465 2118 3520 nimium
2151 3467 2203 3522 in

595 3551 894 3624 judicando
943 3566 1225 3622 praeceps,
1280 3565 1620 3624 quapropter
1669 3554 1892 3614 Criticus
1945 3559 2203 3612 minorum

597 3644 996 3718 gentiumaudit
1021 3661 1048 3697 τι
1077 3643 1733 3720 Cotelerio(a).0ccnrrit
1761 3648 1922 3704 etiam
1953 3650 2202 3720 quadam

601 3738 809 3794 Octavii
839 3737 1013 3800 liuhei
1046 3740 1282 3794 narratio
1311 3783 1328 3807 Α,
1367 3741 1418 3793 in
1458 3739 1579 3795 Vita
1610 3741 1718 3802 SS.
1755 3740 2000 3801 Faustini
2027 3753 2072 3795 et
2101 3742 2202 3800 ,Ιο-

599 3834 734 3901 ritis,
764 3847 894 3903 pag.
941 3830 1033 3896 40,
1065 3849 1170 3902 qua
1201 3833 1245 3886 is
1265 3874 1280 3899 ,
1313 3832 1620 3890 Gaudentio
1651 3844 1822 3902 teste,
1855 3835 2205 3909 porphyreti-

597 3942 717 3984 cam
745 3924 1034 3995 quamdam
1081 3925 1238 3980 nobis
1265 3942 1458 3982 urnam
1501 3936 1776 3988 memorat
1800 3968 1815 3995 ,
1857 3929 1915 3988 in
1953 3946 2061 4000 qua
2103 3931 2204 3986 ali-

597 4016 820 4086 quando
870 4024 1189 4071 sanctorum
1239 4019 1558 4076 earumdem
1611 4029 1914 4091 martyrum
1967 4037 2200 4092 corpora

587 4103 829 4176 iacuisse
862 4106 1068 4162 refert:
1101 4116 1158 4162 at
1195 4109 1532 4164 Gaudentius
1583 4127 1850 4182 nusquam
1889 4113 2198 4184 huiusmodi

600 4197 803 4271 aliquid
830 4241 845 4264 ,
877 4199 1025 4270 quod
1055 4201 1225 4260 sciam
1253 4241 1271 4266 ,
1299 4201 1519 4270 scriptis
1543 4204 1778 4272 prodidit
1801 4221 1819 4269 ;
1851 4215 2086 4276 suntque
2113 4207 2200 4264 hat

591 4307 768 4362 gerrze
787 4307 956 4354 merae
985 4337 998 4360 ,
1027 4308 1090 4348 ac
1119 4308 1296 4363 nugas,
1317 4311 1455 4364 quas
1479 4294 1698 4354 Rubeus
1723 4313 1752 4352 e
1783 4300 1926 4369 vulgi
1949 4301 2196 4370 quisqui-

592 4383 677 4440 liis
705 4383 958 4454 collegit,
987 4393 1148 4454 atque
1165 4394 1224 4442 ut
1244 4386 1480 4457 aliquam
1511 4388 1575 4443 iis
1591 4389 1753 4446 tidem
1783 4391 1981 4450 faceret
2011 4433 2026 4460 ,
2052 4395 2198 4450 Gau-

592 4475 784 4532 dentio
832 4477 1136 4546 supposuit.
1187 4477 1370 4548 Itaque
1416 4479 1607 4538 iisdem
1652 4494 1749 4540 aut
1803 4486 2192 4552 recensendis,

2311 3283 2412 3330 set.
2445 3274 2556 3334 Nec
2588 3276 2632 3328 si
2665 3275 2792 3345 quid
2844 3278 3063 3346 ingenio
3102 3278 3350 3347 permisit
3379 3277 3739 3342 Gaudentius,
3766 3273 3884 3330 Clui-

2309 3375 2446 3426 Mum
2473 3367 2688 3436 iustitia:
2714 3367 2894 3423 Solem
2931 3370 3248 3438 appellans,
3291 3381 3456 3440 atque
3501 3371 3571 3430 ad
3613 3363 3884 3442 huiusmodi

2312 3457 2603 3528 imaginem
2655 3461 2831 3516 varias
2883 3470 3186 3531 temporum
3235 3463 3384 3526 vices
3428 3465 3748 3527 conferens,
3786 3459 3882 3513 ideo

2309 3567 2500 3624 parum
2524 3553 2699 3608 solide
2726 3553 2938 3616 locutus
2963 3565 3077 3622 est;
3107 3571 3256 3625 natu,
3287 3568 3347 3610 ut
3377 3558 3498 3627 ipse
3527 3556 3780 3624 Dupinins
3808 3566 3882 3605 no-

2309 3645 2439 3699 tavit
2460 3687 2473 3709 ,
2509 3645 2693 3704 statim
2721 3646 2912 3702 subdit
2939 3649 3205 3718 aptiorem
3239 3649 3321 3708 ri-i
3348 3651 3619 3708 rationem
3645 3650 3796 3722 paulo
3819 3649 3882 3700 itt-

2304 3736 2410 3806 fra,
2441 3737 2538 3794 ubi
2566 3738 2643 3792 ait
2674 3737 2744 3809 (c)
2776 3756 2788 3792 :
2821 3736 2869 3795 F
2874 3738 2998 3794 ilius
3028 3757 3149 3810 ergo
3179 3739 3296 3806 Dei,
3321 3759 3423 3810 per
3452 3759 3606 3812 quem
3625 3746 3761 3814 facta
3783 3746 3880 3793 sunt

2305 3829 2479 3883 omnia
2509 3830 2686 3884 eodem
2713 3829 2817 3898 die,
2851 3831 3131 3903 eodemque
3157 3841 3401 3904 tempore,
3427 3845 3741 3906 prostratum
3756 3847 3878 3887 nunt-

2300 3924 2427 3980 dum
2457 3926 2672 3994 propria
2702 3926 3076 3982 resurrectione
3103 3927 3402 3996 resuscitat,
3431 3945 3536 3995 quo
3563 3946 3681 3986 eum
3708 3941 3876 3982 creare—

2301 4028 2382 4076 rat
2411 4035 2475 4074 ea;
2505 4018 2693 4088 nihilo,
2723 4029 2776 4074 ut
2812 4021 2988 4074 omnia
3014 4024 3424 4091 reformarentur
3447 4023 3504 4084 in
3529 4022 3752 4085 Christo,
3781 4034 3874 4086 qur

2299 4109 2356 4168 in
2397 4110 2537 4166 cwlis
2579 4121 2718 4174 sunt,
2760 4121 2807 4166 et
2835 4128 2952 4182 qua!
2977 4112 3029 4176 in
3059 4125 3196 4168 terra
3223 4123 3363 4174 sunt.
3397 4113 3528 4178 υωυ
3555 4124 3729 4174 autem
3755 4113 3871 4168 Gau-

2301 4200 2470 4258 dentii
2514 4204 2811 4271 sententia,
2853 4219 2956 4273 qua
2997 4207 3258 4266 mundum
3304 4223 3472 4266 verno
3507 4219 3737 4278 tempore
3763 4221 3866 4264 cott-

2299 4294 2472 4354 ditutn
2515 4295 2789 4362 allirtnat,
2833 4297 3071 4367 Graecis,
3119 4307 3179 4356 et
3222 4300 3460 4368 Latinis,
3491 4317 3555 4365 ea
3584 4304 3865 4370 tempestate

2299 4390 2604 4444 communis
2650 4397 2765 4444 erat
2793 4430 2808 4456 ,
2843 4397 2901 4444 ut
2943 4391 3355 4454 observavimus
3401 4394 3453 4458 in
3481 4395 3628 4457 notis
3654 4393 3715 4448 ad
3745 4391 3861 4445 hunc

2298 4478 2584 4536 Gaudentii
2615 4481 2817 4538 locum.

586 4578 680 4628 aut
711 4566 1046 4634 t‘el'elleudis,
1081 4569 1289 4626 diuttus
1315 4571 1606 4630 immorari
1642 4576 1819 4646 piget;
1843 4593 2045 4647 quare,
2073 4579 2191 4636 nu-
2217 4583 2277 4650 Β
2369 4572 2458 4634 25.
2498 4575 2680 4642 Pergit
2723 4574 2921 4634 deinde
2949 4576 3218 4644 Dupinius
3241 4579 3312 4636 de
3338 4581 3581 4640 secundo
3611 4570 3854 4637 Gaudetttt'i

582 4660 690 4718 beo
715 4661 964 4730 dimisso,
1001 4664 1066 4726 all
1096 4664 1206 4724 alia
1238 4674 1605 4724 transeamus.
2294 4677 2551 4720 sermone
2593 4665 2737 4734 loqui
2784 4665 2836 4721 in
2878 4664 3025 4722 hunc
3067 4669 3287 4732 modum
3335 4688 3348 4723 :
3391 4671 3556 4742 Aprés
3590 4671 3724 4724 avoir
3746 4661 3855 4721 siuti

2291 4757 2530 4828 expliqué
2571 4757 2996 4814 tres-clairement
3037 4761 3086 4816 le
3122 4762 3345 4832 mystére
3383 4766 3447 4818 de
3488 4757 3844 4820 l’Eucharistic'.

2287 4846 2329 4901 il
2367 4847 2513 4917 parle
2552 4849 2642 4904 des
2672 4850 3010 4920 dispositions
3052 4852 3184 4910 dans
3226 4853 3502 4924 lesquelles
3541 4873 3607 4911 on
3631 4853 3733 4910 doit
3763 4850 3846 4904 ἐινι

2287 4957 2418 5010 pour
2438 4941 2540 4996 s'en
2563 4946 2868 5014 oppr-ociter.
2897 4945 2950 5002 ll
2970 4947 3042 5001 les
3060 4959 3236 5006 trouve
3255 4959 3426 5007 toutes
3447 4953 3660 5023 [igurées
3683 4963 3766 5020 par
3785 4944 3841 4997 ια

2284 5034 2597 5090 cérémouies
2615 5055 2735 5094 avec
2749 5040 3020 5111 Iesquelles
3037 5044 3108 5100 les
3128 5041 3272 5115 Juifs
3296 5048 3621 5118 mangeaient
3633 5043 3838 5111 fagum

2278 5126 2477 5192 pascal.
2511 5127 2650 5186 Mais
2678 5132 2715 5186 il
2737 5131 2836 5186 tire
2865 5150 2946 5187 ces
2965 5150 3318 5194 convenances
3341 5138 3408 5193 de
3428 5139 3473 5192 si
3502 5137 3626 5204 loin,
3651 5149 3736 5203 que
3752 5131 3833 5184 l‘ott

2273 5221 2444 5274 aurait
2483 5221 2548 5276 de
2591 5221 2644 5276 la
2685 5226 2835 5296 peine
2867 5228 2903 5280 ὰ
2943 5227 3015 5282 les
3051 5245 3368 5299 remot-quer.
3401 5230 3506 5290 Car
3537 5231 3625 5302 qui
3657 5220 3831 5282 croirat't

2270 5327 2368 5380 quc
2408 5312 2458 5366 la
2500 5318 2727 5371 cciuture
2767 5319 2832 5372 de
2863 5338 2990 5386 peau
3027 5339 3146 5377 avec
3174 5323 3397 5393 loquella
3425 5327 3500 5384 les
3521 5324 3826 5384 landum“

2269 5404 2577 5472 ceiguuirnt,
2625 5411 2699 5461 ait
2743 5412 2822 5464 éré
2869 5413 2920 5464 la
2967 5415 3130 5484 ﬁgure
3186 5417 3249 5470 de
3293 5418 3344 5470 la
3389 5416 3730 5487 morti/icalt'on
3756 5408 3819 5461 dis

2263 5494 2437 5551 vices?
2480 5499 2581 5564 Qui
2619 5503 2858 5572 pourrait
2891 5505 3102 5564 deoiner
3139 5525 3238 5579 que
3267 5512 3444 5579 quand
3468 5511 3513 5565 il
3537 5520 3606 5566 est
3625 5499 3815 5577 defest

585 4797 612 4868 ς
642 4797 710 4852 ll.
749 4796 1019 4854 Iudicium
1063 4803 1248 4872 nuperi
1277 4803 1545 4873 scriptoris
1573 4805 1638 4858 dc
1667 4804 1962 4863 Gaudentio
1990 4826 2183 4881 expen-

1304 4895 1468 4949 ditur.

646 5001 737 5060 2'2.
783 5003 929 5059 Inter
969 5008 1402 5079 quampluritnos
1448 5009 1609 5082 hujus
1653 5017 1828 5070 (etatis
1876 5018 2176 5090 scriptores

574 5095 664 5164 qui
695 5095 1084 5152 ecclesiasticae
1113 5099 1359 5154 historiae
1387 5103 1580 5158 studiis
1607 5108 1878 5178 egregiam
1910 5123 2176 5177 navarnnt

569 5201 820 5256 operam,
867 5189 1205 5258 praecipuum
1245 5193 1347 5246 sibi
1383 5193 1560 5250 locum
1597 5197 1835 5256 vindicat
1865 5203 2170 5266 Ludovicus

567 5279 738 5334 Ellies
787 5279 1071 5347 Dapinius.
1114 5283 1468 5341 Bibliothecte
1514 5290 1912 5358 Ecclesiastica:
1952 5309 2162 5367 auctor,

561 5387 720 5440 quam
763 5371 878 5440 ἱυεὶ
925 5373 1127 5438 Suillio,
1175 5389 1238 5427 ac.
1279 5377 1545 5436 diuturno
1587 5382 1774 5440 labore
1814 5389 2068 5445 confecit.
2112 5393 2162 5448 ls

557 5462 686 5517 dum
718 5463 1010 5518 Gaudentii
1043 5465 1242 5535 scripta
1278 5481 1613 5537 recenseret,
1645 5474 1780 5530 adeo
1812 5478 1938 5537 huic
1965 5497 2158 5546 nostro

551 5626 698 5752 ωξςι)
989 5625 1358 5756 3ἱ1691έεινηιιιιη
1405 5631 1457 5685 in
1487 5630 1590 5687 PP.
1623 5634 1843 5706 Apost,
1889 5656 2014 5712 pag.
2057 5643 2148 5710 75,

619 5764 697 5836 (b)
731 5764 1213 5837 Dupin.’Biblioth.
1243 5772 1390 5829 Eccl.
1411 5817 1425 5844 ,
1459 5776 1611 5833 siecl.
1647 5793 1699 5848 v,
1735 5790 1874 5850 part.
1909 5797 1966 5838 t:
1997 5782 2144 5839 Gau-

2260 5653 2438 5721 dence,
2459 5659 2648 5727 évéque
2669 5663 2734 5716 de
2753 5663 2961 5719 Bresse.

2328 5728 2401 5796 (ε)
2431 5729 2609 5792 Ττια,
2643 5734 2696 5800 Ι,
2729 5751 2853 5808 pag.
2883 5737 2976 5792 κ.

3959 4811 3963 4947 (
