4096 6192
558 283 666 340 813

1488 272 1543 325 Β.
1585 260 2032 327 GAUDENTlUb‘
2072 258 2449 321 EPISCOPUS
2490 255 2885 317 BRIXIANUS.
3739 244 3829 304 8M

552 403 746 449 vestras
784 392 987 444 animas
1016 386 1339 441 conservatis.
1369 380 1593 442 Deinde,
1624 378 1903 433 nonnullis
1926 374 2151 443 interje-
2175 376 2226 436 Α
2256 374 2348 428 bus
2374 390 2433 427 ac
2460 372 2703 427 modestis
2730 381 2919 425 terram
2960 374 3193 421 sanctam
3248 361 3505 437 possidere
3529 366 3645 437 jam
3683 377 3828 428 caepe-

554 488 658 543 ctis
693 502 705 539 :
738 485 966 546 Servate,
995 479 1256 552 neophyti,
1280 484 1634 530 ornamentum
1663 473 1845 546 gratia:
1864 470 2111 523 salutaris
2136 482 2154 521 :

550 579 710 635 sobrii
736 586 891 631 estote
916 592 1006 647 per
1027 574 1220 639 omnia,
1245 588 1305 625 ne
1326 569 1460 623 illud
1486 566 1723 620 inebriati
1752 564 1981 635 perdatis
2007 578 2023 613 :
2050 560 2154 614 sol-

549 671 677 726 liciti
697 669 957 722 convenite
973 666 1039 719 ad
1060 663 1326 719 ecclesiam
1352 659 1727 724 :orationibus,
1742 656 1969 726 hymnis,
2009 652 2152 724 psal-

548 764 645 816 mis
680 770 726 815 et
752 759 959 813 canticis
980 754 1339 824 spiritualibus
1362 751 1628 805 nobiscum
1654 746 1926 820 vigilanter
1955 746 2156 797 incum—

548 857 671 911 bite.
712 852 836 907 llaec
870 852 973 905 sint
1006 850 1097 903 otii
1128 848 1279 902 vestri
1328 842 1722 917 apera;quibus
1765 840 1991 895 debitum
2040 837 2155 890 red-

550 948 725 1003 dentes
746 943 949 999 Christo
972 941 1195 994 Domino
1215 939 1548 1011 famulatum,
1564 933 1848 989 mercedem
1874 933 1989 985 vita:
2008 938 2156 984 teter-

549 1057 631 1094 na:
652 1038 893 1107 consequi
921 1037 982 1088 ab
1018 1036 1128 1105 ipso
1151 1032 1380 1103 possitis.
1412 1029 1530 1084 Sitit
1553 1028 1712 1099 igitur
1742 1024 1969 1078 convivia
1990 1030 2155 1074 vestra

547 1132 742 1199 sobria,
772 1140 914 1183 casta
958 1124 1187 1179 cubilia:
1217 1125 1281 1178 sit
1312 1122 1573 1175 modestus
1604 1120 1829 1185 animus,
1854 1131 2019 1170 sermo
2042 1114 2157 1183 pla-

547 1225 720 1288 sidus,
762 1222 900 1275 mitis
948 1222 1197 1274 incessus.
1256 1215 1493 1269 llocciue
1541 1212 1673 1265 illud
1724 1220 1807 1265 est
1835 1209 2072 1272 aridum,
2105 1215 2160 1261 et

547 1318 712 1372 inane
744 1312 958 1369 dicendi
1002 1324 1194 1381 genus,
1238 1307 1501 1361 doctrinzu
1530 1318 1756 1373 prorsus
1784 1314 1945 1369 atque
1991 1314 2157 1353 orna-

550 1408 722 1463 menti
759 1407 928 1460 totius
975 1416 1183 1469 expers
1222 1399 1335 1469 (a)?
1363 1398 1548 1452 Tract.
1579 1396 1631 1459 7,
1662 1404 1724 1449 ut
1744 1393 1920 1462 legem
1950 1391 2019 1444 de
2050 1404 2157 1443 non

548 1497 891 1555 comedendo
943 1494 1268 1549 fertiientato
1321 1506 1351 1544 a
1402 1488 1637 1544 Saevitia:
1665 1494 1816 1550 nota,
1848 1485 1919 1537 ob
1965 1481 2158 1535 mortis

553 1606 767 1662 poenam
816 1586 1262 1643 inobedientibus
1291 1581 1654 1651 pr0positani,
1685 1585 1908 1631 excuset
1932 1590 1947 1627 ;
1976 1574 2158 1643 Sifer-

550 1694 837 1741 mentatum
865 1680 1251 1750 ﬁerijussisset,
1270 1677 1464 1741 inquit,
1490 1672 1759 1744 diligentia
1790 1670 1899 1723 illic
1924 1685 2157 1723 necessa-

2258 465 2381 519 rint.
2409 465 2473 520 Et
2498 472 2654 518 tract.
2698 463 2772 526 5,
2805 454 3284 513 animadvertenda
3324 456 3557 509 maxime
3598 462 3681 507 est
3724 466 3833 519 pars

2258 558 2349 612 illa
2382 574 2500 627 qua:
2551 556 2746 624 incipit
2775 571 2786 606 :
2839 552 2951 606 Nec
2986 550 3121 605 illud
3171 550 3392 604 otiosum
3424 557 3602 621 putes;
3635 545 3719 599 tibi
3742 554 3834 598 tam

2259 652 2564 706 luciilenter
2594 649 2836 719 disputat
2875 646 2940 701 de
2981 646 3237 699 libertate
3275 642 3480 697 arbitrii
3510 682 3523 704 ,
3556 648 3618 693 ut
3636 640 3839 708 elegan.

2260 743 2363 796 tius
2403 742 2538 796 nihil
2604 750 2697 794 aut
2747 738 2961 793 doctius
3010 736 3128 791 iieri
3182 736 3381 803 po.~sit.
3424 732 3479 785 In
3531 730 3843 785 Prtel'atione

2257 847 2437 888 autem
2462 842 2608 887 totus
2640 832 2728 885 ille
2760 831 2913 884 locus
2953 827 3026 901 (c)
3056 845 3068 881 :
3106 827 3455 881 Pietatisvero
3474 825 3697 878 cultores
3720 822 3843 893 quod

2257 924 2519 979 interdum
2544 924 2622 978 vel
2642 923 2876 993 corporis
2906 920 3195 978 doloribus.
3230 918 3308 972 vel
3327 918 3481 971 variis
3511 915 3846 971 tribulationi-

2261 1018 2353 1072 bus
2396 1018 2743 1087 af/Iictantur,
2780 1014 2970 1084 triplex
3009 1028 3120 1067 esse
3168 1012 3303 1064 ratio
3350 1008 3613 1061 invenitur
3642 1024 3662 1060 :
3690 1006 3848 1076 prima

2259 1109 2612 1173 correctionis,
2640 1108 2865 1160 secunda
2900 1104 3250 1177 purgationis,
3304 1102 3451 1154 tertia
3498 1097 3847 1172 probationis:

2260 1201 2400 1256 adeo
2441 1199 2761 1269 eloquenter
2798 1212 2861 1251 ac
2890 1196 3052 1251 docte
3092 1194 3417 1263 explanatius
3447 1199 3574 1254 est,
3606 1201 3664 1243 ut
3700 1188 3847 1257 plane

2261 1295 2314 1348 in
2343 1309 2408 1348 eo
2433 1307 2661 1362 regnare
2693 1290 3036 1346 Gaudentius
3064 1329 3079 1352 ,
3122 1297 3284 1355 atque
3328 1283 3476 1341 omni
3508 1280 3670 1336 laude
3704 1294 3853 1347 supe-

2260 1384 2374 1439 rior
2393 1398 2515 1438 esse
2532 1383 2803 1437 videatur.
2824 1381 2918 1437 Sic
2936 1379 3099 1449 paulo
3123 1378 3261 1431 inira
3289 1375 3345 1443 (d
3360 1380 3399 1445 )2
3420 1373 3747 1429 Probationis
3763 1372 3852 1443 igi-

2261 1488 2344 1532 tur
2374 1478 2545 1548 gratia
2572 1476 2822 1546 miriﬁcus
2865 1473 2987 1538 Job,
3014 1471 3136 1529 Jobi
3167 1470 3452 1524 historiam
3491 1467 3745 1538 pluribus
3769 1479 3848 1518 re-

2262 1588 2380 1626 rum
2410 1617 2424 1638 ,
2458 1586 2521 1625 ac
2547 1570 2841 1625 verborum
2863 1566 3204 1622 ornamentis
3228 1562 3532 1625 describit;
3557 1574 3728 1631 quare
3752 1555 3854 1612 nul-

2261 1665 2345 1719 lus
2375 1664 2599 1719 omnino
2624 1677 2746 1719 eSse
2773 1671 2955 1733 potest
2980 1671 3087 1714 tam
3129 1672 3314 1714 crassa
3344 1656 3582 1710 Minerva
3612 1697 3626 1720 ,
3650 1661 3852 1719 tamque

547 1781 629 1834 ria
672 1781 862 1851 fuerat,
888 1792 950 1829 ne
1003 1774 1195 1826 deesset
1228 1786 1243 1823 :
1277 1768 1415 1840 quod
1441 1768 1631 1837 jussit,
1662 1764 1872 1818 desidia:
1925 1770 2021 1828 est,
2050 1776 2154 1813 non
2188 1763 2229 1820 Β
2258 1758 2439 1813 hebeti
2469 1772 2665 1821 sensu,
2696 1758 2740 1811 si
2774 1772 2939 1811 unum
2968 1754 3213 1823 excipias
3242 1752 3532 1820 Dupinium
3561 1788 3577 1815 ,
3610 1748 3702 1818 qui
3723 1745 3853 1802 Gau-

549 1872 761 1926 laboris.
799 1866 1181 1937 Negligentiam
1203 1860 1374 1934 jubet,
1422 1867 1473 1912 ut
1500 1858 1843 1912 obedientiam
1874 1853 2081 1925 probet;
2108 1862 2154 1906 et

551 1981 655 2019 non
682 1964 756 2017 vis
788 1970 842 2015 ut
871 1963 1078 2014 damnet
1115 1955 1263 2010 illam
1285 1954 1509 2007 animam
1533 1966 1647 2021 quae
1667 1948 1989 2020 diligentiam
2017 1962 2156 1998 com-

550 2058 836 2113 modaverit
894 2064 949 2107 ut
1003 2052 1330 2107 contemnat?
1359 2048 1541 2102 Tract.
1576 2048 1663 2110 ll,
1698 2046 1975 2113 explicans
2024 2039 2154 2094 illud

551 2151 749 2208 Joattn.
778 2163 874 2214 vn,
901 2144 1080 2200 Nolite
1118 2142 1402 2197 secundum
1446 2140 1628 2209 faciem
1652 2137 1908 2205 judicare,
1940 2134 2018 2188 sic
2047 2132 2158 2186 dis-

554 2246 688 2301 serit
721 2262 733 2297 :
761 2240 1025 2297 Generalis
1070 2240 1171 2291 ista
1199 2234 1451 2289 sententia
1479 2242 1575 2296 est,
1600 2229 1878 2284 retinenda:
1900 2227 2156 2298 wquitatis

552 2337 823 2407 magistra,
852 2332 1084 2387 omnibus
1112 2337 1300 2405 posita,
1332 2326 1507 2378 multis
1544 2332 1688 2390 nota,
1720 2321 1899 2392 paucis
1948 2319 2154 2373 dilecta.

556 2428 871 2498 Prtecipitur
896 2426 1030 2478 enim
1060 2439 1123 2475 ne
1146 2420 1301 2490 hujus
1326 2416 1503 2472 steculi
1530 2414 1743 2467 divitum
1776 2412 2003 2482 personis
2026 2410 2159 2461 adu-

553 2525 736 2590 lantes,
770 2517 1093 2587 iniquissimo
1128 2512 1333 2586 judicio
1364 2514 1625 2581 faveamus
1656 2505 1970 2570 incredulis;
1993 2513 2039 2556 et
2061 2504 2158 2556 im-

550 2621 688 2690 pios,
720 2614 1227 2681 crudeles,rapaces,
1256 2605 1572 2667 luxuriosos,
1596 2600 1911 2663 inhonestos,
1939 2613 2041 2649 non
2068 2613 2157 2649 so-

551 2713 661 2765 lum
677 2706 862 2761 timido
888 2703 1091 2758 silentio
1118 2698 1425 2757 nutriamus,
1448 2710 1624 2749 verum
1646 2694 1801 2745 etiam
1825 2689 1962 2743 omni
1988 2702 2158 2758 repre-

553 2801 802 2856 hensione
848 2796 1058 2867 dignos,
1090 2789 1302 2861 injustis
1348 2786 1590 2841 laudibus
1640 2782 1977 2855 prtedicemus
2010 2794 2027 2831 :
2056 2776 2153 2845 vel,

554 2893 694 2967 quod
722 2902 799 2948 est
846 2890 985 2944 omni
1026 2887 1252 2958 foeditate
1301 2882 1610 2954 deformius,
1637 2879 1814 2949 turpia
1842 2874 1991 2928 lucra
2028 2890 2156 2942 cap—

554 2996 744 3051 tantes,
778 2985 965 3037 aliena:
993 2980 1227 3047 pecunia:
1253 2973 1551 3030 notabiliter
1574 2973 1879 3032 serviamus,
1910 2967 2156 3021 christia-

555 3096 635 3135 na:
663 3077 916 3133 libertatis
948 3073 1115 3127 obliti.
1152 3070 1289 3137 Num
1340 3083 1474 3122 sane
1504 3063 1789 3120 Gaudentii
1837 3060 2010 3114 oratio
2042 3074 2157 3112 om-

558 3172 719 3226 nibus
762 3166 1103 3224 ornamentis
1133 3177 1197 3216 ac
1246 3159 1542 3214 luminibus
1598 3155 1783 3209 caret?
1831 3168 1897 3206 an
1952 3166 2084 3205 vero
2127 3165 2157 3204 e

557 3272 745 3318 contra
778 3258 1091 3328 splendore,
1125 3266 1313 3316 succo,
1352 3251 1602 3304 ubertate
1634 3242 1941 3299 redundat?
1980 3243 2158 3312 Atque

559 3356 679 3411 hsce
716 3353 901 3406 omnia
948 3349 1116 3404 etiam
1163 3344 1395 3412 Dupinio
1445 3339 1606 3396 obvia
1649 3348 1831 3406 erant,
1866 3335 2158 3405 exquibus

562 3463 688 3502 cum
713 3440 1004 3500 Gaudentii
1037 3438 1367 3501 doctrinam,
1400 3445 1511 3488 tum
1543 3431 1907 3501 eloquentiam
1934 3470 1948 3494 ,
1994 3438 2049 3484 et
2075 3430 2159 3484 in-

560 3538 778 3609 genium
811 3535 1121 3605 perspicere
1164 3536 1405 3598 pcterat,
1457 3524 1561 3579 nisi
1618 3539 1846 3592 pravum
1875 3523 2159 3586 animum,

566 3638 622 3685 et
648 3626 919 3682 infensum
939 3664 955 3691 ,
984 3622 1051 3676 ad
1076 3636 1201 3677 eum
1232 3616 1518 3686 legendum
1544 3614 1841 3668 attulisset.
1863 3612 2161 3666 Tillemon-

564 3726 671 3779 tius
702 3720 942 3792 quidem,
975 3717 1068 3787 qui
1097 3714 1191 3769 tali
1217 3712 1408 3767 morbo
1440 3710 1664 3764 minime
1704 3706 1987 3763 laborabat
2012 3750 2025 3773 ,
2055 3706 2159 3759 ali-

562 3828 648 3873 ter
673 3817 744 3871 de
767 3810 1077 3870 Gaudentio
1106 3807 1355 3871 censuit,
1386 3804 1544 3872 cujus
1585 3801 1751 3857 verba
1782 3842 1795 3865 ,
1839 3810 1897 3854 ut
1943 3798 2158 3854 Gallum

564 3909 718 3966 Gallo
764 3919 1034 3975 opponam
1054 3946 1069 3968 ,
1097 3901 1184 3954 hic
1216 3899 1448 3953 libenter
1487 3895 1740 3949 describo
1768 3890 1844 3964 (b)
1871 3909 1883 3945 :
1924 3891 2161 3960 Quoique

564 4022 659 4059 son
680 4002 811 4072 style
842 3994 1157 4069 (Gaudentii
1204 3991 1423 4061 nempe)
1473 3989 1707 4058 paruisse
1756 4002 1899 4039 assez
1942 3984 2161 4056 simple,

567 4093 871 4149 néunmoins
915 4088 954 4142 il
1001 4105 1033 4139 a
1077 4087 1140 4140 de
1165 4085 1439 4153 l'élégance
1460 4124 1474 4147 ,
1507 4092 1553 4136 et
1599 4082 1701 4135 l’on
1730 4098 1764 4151 y
1790 4083 1890 4133 voit
1920 4097 1988 4131 un
2017 4078 2163 4150 genie

568 4190 673 4255 fort
694 4185 836 4237 dona:
856 4223 869 4247 ,
900 4190 947 4234 et
977 4195 1039 4234 en
1086 4177 1243 4231 meme
1264 4188 1422 4246 temps
1452 4176 1554 4244 fort
1581 4171 1835 4241 agréable.
1871 4169 2007 4223 Mais
2035 4185 2167 4239 pour

568 4279 615 4332 le
660 4276 785 4346 fond
814 4274 902 4327 des
932 4273 1130 4336 choses,
1163 4269 1215 4323 la
1245 4268 1478 4321 doctrine
1525 4275 1572 4318 et
1614 4264 1685 4319 les
1729 4262 2061 4318 instructions
2101 4278 2162 4314 en

571 4383 686 4425 sont
709 4356 1034 4425 excellentes.

639 4463 731 4517 25.
765 4462 833 4513 At
885 4470 1173 4528 pergamus
1228 4454 1407 4508 adhuc
1455 4465 1748 4520 parumper
1800 4447 2163 4505 Gaudentium

569 4554 782 4612 audire.
816 4551 985 4607 Nemo
1008 4549 1149 4604 enim
1182 4547 1301 4615 ipso
1330 4552 1553 4599 strenue
1580 4544 1751 4613 magis
1786 4542 1901 4611 ejus
1943 4556 2162 4595 causam

567 4656 773 4703 tuetur.
803 4643 987 4698 Tract.
1019 4640 1073 4708 5,
1098 4638 1164 4693 ad
1196 4638 1315 4701 iin.,
1350 4637 1417 4691 de
1443 4634 1794 4705 correptione
1824 4632 2164 4687 subditorum

569 4739 809 4811 loquitur
834 4737 885 4789 in
917 4733 1063 4788 hunc
1091 4730 1311 4785 modum
1343 4745 1354 4781 :
1394 4728 1545 4794 Quod
1575 4728 1619 4780 si
1646 4727 1798 4794 lupus
1836 4725 2034 4778 desinat
2063 4740 2168 4777 esse

573 4834 758 4901 lupus,
789 4837 835 4883 et
870 4842 988 4881 cum
1018 4839 1153 4895 agno
1196 4830 1439 4892 pascatur
1461 4862 1475 4885 ,
1510 4828 1563 4873 ut
1593 4821 1667 4873 ait
1702 4816 1966 4889 Propheta
1995 4834 2013 4882 ;
2044 4825 2091 4870 et
2122 4820 2166 4871 si

571 4926 651 4976 leo
671 4963 685 4985 ,
717 4920 952 4973 desinens
976 4931 1083 4970 esse
1110 4916 1189 4967 leo
1210 4956 1223 4979 ,
1256 4928 1372 4965 cum
1398 4910 1522 4964 bove
1546 4909 1822 4964 manducet
1851 4906 2051 4978 paleas;
2074 4910 2166 4962 ba-

566 5014 687 5069 culo
716 5026 845 5082 opus
867 5024 970 5062 nou
998 5014 1088 5060 est.
1121 5004 1182 5060 Si
1208 5004 1341 5057 enini
1359 5003 1602 5072 feralium
1632 5017 1829 5055 morum
1856 5001 2085 5070 nequitia
2110 5000 2163 5053 in

568 5088 765 5161 tantam
792 5108 1018 5155 vertatur
1046 5096 1517 5163 mansuetudinem,
1540 5104 1593 5147 ut
1624 5110 1742 5147 cum
1774 5094 1987 5147 oviculis
2016 5094 2167 5145 inno-

568 5198 818 5262 centibus,
863 5211 925 5248 ac
954 5192 1163 5246 mundis
1210 5187 1403 5243 Christi
1452 5189 1699 5260 operariis
1720 5228 1733 5251 ,
1766 5187 1883 5240 vitae
1914 5184 2164 5255 pabulum

569 5295 713 5349 mites
739 5296 1005 5362 quwrant,
1039 5295 1087 5338 et
1120 5283 1327 5354 capiant
1354 5298 1373 5347 ;
1405 5282 1595 5334 dicitur
1622 5298 1654 5332 a
1696 5280 1899 5335 Christo
1946 5287 2157 5351 aposto-

566 5390 678 5443 licis
705 5385 987 5456 quibusque
1013 5378 1361 5433 sacerdotibus
1388 5418 1402 5440 ,
1436 5385 1487 5429 ut
1519 5392 1679 5446 neque
1710 5375 1916 5428 buculos
1948 5392 2156 5447 correp-

567 5482 765 5534 tionum
792 5478 993 5545 portent
1040 5470 1096 5523 in
1121 5468 1221 5534 via,
1255 5466 1463 5536 quando
1490 5467 1545 5518 in
1573 5463 1844 5533 discipulis
1875 5462 2156 5517 obedienti-

641 5611 717 5683 (a)
748 5610 871 5683 Son_
890 5605 1121 5683 style_esl
1148 5602 1391 5683 simpleet
1406 5598 1629 5683 neglige.
1663 5596 1761 5653 Ses
1782 5613 2013 5652 sermons
2036 5608 2157 5653 sont

565 5671 710 5745 secs,
729 5671 966 5740 steriles}
997 5673 1063 5729 ils
1084 5674 1386 5745 instruis-ent
1400 5671 1521 5745 tres
1535 5686 1655 5739 peu.

638 5738 711 5824 (ti)
743 5738 1004 5804 Métnoire
1029 5760 1166 5813 pour
1188 5742 1365 5797 l‘ﬂiSt.
1398 5742 1548 5797 Eccl.
1582 5751 1715 5795 tom.
1751 5738 1821 5807 Χ,
1852 5755 1973 5811 pag.
2020 5741 2147 5797 586.

2190 4507 2244 4569 D

2258 1851 2534 1904 dentianac
2559 1851 2825 1903 orationis
2854 1847 3247 1918 eloquentiam,
3272 1854 3330 1901 et
3356 1846 3465 1899 vim
3494 1857 3605 1897 non
3637 1840 3850 1896 sentiat.

2258 1942 2369 1998 Sed
2395 1943 2594 1996 frustra
2630 1944 2730 1995 sim
2766 1942 3041 2010 proiecto,
3070 1939 3114 1993 si
3149 1938 3331 1992 omnia
3365 1948 3661 1992 recensere
3680 1933 3850 1995 velini;

2258 2049 2359 2089 nec
2385 2049 2517 2089 sane
2564 2032 2907 2089 Gaudentius
2950 2032 3198 2102 longiore
3242 2030 3446 2099 indiget
3498 2027 3849 2091 defensione,

2258 2128 2401 2199 apud
2448 2142 2544 2182 eos
2594 2130 2833 2182 maxime
2880 2127 3077 2195 quibus
3104 2123 3469 2181 Gaudentiani
3493 2135 3780 2176 sermones
3804 2119 3851 2173 in

2237 2221 2512 2293 vnianibus
2533 2229 2679 2273 sunt.
2709 2221 2894 2287 Itaque
2911 2218 2976 2271 ad
3004 2220 3103 2271 hos
3129 2216 3390 2272 lectorem
3419 2214 3665 2281 remitto,
3696 2221 3772 2275 ut,
3794 2210 3851 2264 iis

2261 2312 2597 2382 pervolutis,
2657 2312 2726 2365 de
2791 2311 3096 2379 Dupiniana
3173 2306 3661 2378 reprehensione,
3718 2300 3848 2374 quod

2261 2420 2474 2477 aequum
2506 2405 2802 2470 videbitur,
2830 2402 3061 2474 iudicet.

2262 2563 2290 2633 ς
2332 2562 2419 2617 Ill.
2464 2562 2541 2616 De
2573 2562 2788 2616 consilio
2834 2570 2881 2615 et
2910 2560 3090 2615 ordine
3119 2558 3363 2615 editionis
3414 2557 3690 2613 Patavinis
3734 2552 3852 2610 anni

2977 2652 3138 2708 1720.

2329 2790 2416 2845 26.
2464 2790 2651 2845 Plures
2684 2790 2839 2845 fuere
2862 2798 2985 2858 post
3011 2787 3422 2861 typographiam
3457 2788 3737 2843 inventam
3764 2798 3848 2839 uso

2259 2898 2366 2953 que
2396 2884 2449 2937 in
2478 2882 2616 2937 hanc
2655 2882 2799 2937 diem
2841 2881 3140 2937 Gaudentii
3168 2882 3441 2937 editiones
3473 2922 3489 2947 ,
3515 2896 3749 2950 quarum
3778 2889 3847 2931 ta-

2258 2989 2381 3028 men
2416 2974 2558 3028 nulla
2588 2984 2839 3028 accurata
2867 3015 2882 3036 ,
2915 2985 3008 3028 aut
3050 2974 3260 3042 integra
3286 3012 3301 3040 ,
3335 2973 3605 3028 hactenus
3628 2973 3733 3028 dici
3762 2986 3849 3041 p0-

2258 3066 2378 3118 tuit.
2412 3065 2917 3119 Gaudentianorum
2950 3080 3265 3120 sermonum
3310 3068 3595 3135 specimen
3644 3065 3846 3136 primus

2186 3132 2231 3197 C
2263 3156 2430 3211 edidit
2467 3158 2617 3211 Elias
2640 3159 2963 3225 Capreolus,
2990 3158 3091 3212 lib.
3136 3173 3192 3212 ιιι
3222 3132 3362 3213 Hist.
3394 3157 3569 3225 Brix.,
3607 3132 3849 3225 excerpta

2262 3262 2457 3316 nempe
2497 3248 2748 3301 sermonis
2775 3249 2838 3302 de
2885 3246 3179 3302 Philastrio
3210 3289 3225 3315 ,
3259 3251 3404 3304 circa
3444 3263 3655 3303 annum
3687 3249 3845 3311 1500,

2261 3347 2356 3394 aut
2386 3340 2551 3408 paulo
2575 3339 2827 3410 amplius.
2854 3340 3063 3395 Deinde
3083 3341 3227 3395 circa
3249 3356 3451 3395 annum
3476 3340 3621 3396 1554
3651 3382 3666 3406 ,
3692 3340 3847 3409 Aloy-

2261 3431 2376 3485 sius
2399 3430 2753 3500 Lipomanus,
2772 3431 3107 3499 Veronensis
3139 3433 3430 3502 episcopus
3454 3475 3469 3499 ,
3502 3434 3733 3502 protulit
3751 3447 3848 3486 ser-

2263 3538 2465 3576 monem
2494 3524 2769 3592 integrum
2819 3523 2884 3576 de
2926 3521 3216 3578 Philastrio
3242 3566 3256 3591 ,
3290 3541 3579 3578 sermonem
3610 3525 3675 3579 de
3702 3522 3851 3577 Dedi-

2263 3618 2464 3669 catione
2488 3615 2719 3669 basilica:
2738 3658 2753 3681 ,
2785 3616 3025 3686 itemque
3048 3629 3303 3686 excerpta
3333 3633 3399 3671 ex
3435 3616 3760 3690 Prtefatione
3784 3614 3847 3669 ad

2262 3705 2600 3775 Beuivolum,
2647 3708 2699 3762 in
2730 3707 2870 3762 Vitis
2900 3699 3022 3775 SS.,
3054 3719 3186 3763 tom.
3223 3708 3289 3763 IV
3322 3709 3583 3766 editionis
3615 3712 3846 3776 Venetae,

2263 3800 2374 3867 ubi,
2405 3802 2583 3870 pag.i
2630 3810 2686 3856 et
2739 3815 2860 3871 pag.
2896 3802 2964 3857 15
2990 3844 3005 3868 ,
3048 3802 3225 3871 Opera
3270 3802 3562 3858 Gaudentii
3620 3804 3848 3861 nondum

2264 3909 2464 3949 excusa
2488 3893 2761 3949 dicuntur.
2793 3893 3001 3948 Prodiit
3024 3904 3212 3964 postea
3242 3896 3566 3962 ann01555,
3593 3898 3846 3959 Basilus,

2265 3985 2407 4055 apud
2439 3986 2728 4040 llenricuin
2777 3985 2995 4041 Petrum
3045 3985 3261 4041 duobus
3292 3987 3455 4042 tomis
3494 4004 3642 4057 onus
3670 3987 3850 4044 inseri-

2266 4090 2414 4148 ptum
2443 4077 2980 4151 Ortltodoazographa,
3006 4079 3102 4133 sed
3132 4081 3185 4133 in
3224 4094 3292 4135 eo
3331 4080 3549 4151 quidem
3573 4078 3850 4139 Gaudentii

2266 4181 2443 4227 exstat
2476 4172 2645 4237 nihil;
2678 4172 2730 4225 in
2775 4173 2946 4226 altera
2971 4186 3101 4228 vero
3140 4172 3389 4242 ejusdem
3413 4176 3599 4245 operis
3629 4178 3845 4245 impres—

2266 4264 2425 4319 sione
2453 4308 2466 4333 ,
2499 4264 2679 4320 denuo
2713 4265 2764 4319 in
2805 4264 2997 4320 eadem
3041 4266 3178 4319 urbe
3211 4266 3459 4335 pluribus
3490 4270 3658 4325 tomis
3703 4274 3846 4322 aucta

2267 4370 2413 4410 anno
2442 4355 2605 4421 1569,
2635 4355 2865 4421 tom.VI,
2895 4356 2989 4411 fol.
3016 4355 3179 4417 1799,
3210 4358 3476 4413 habentur
3496 4356 3846 4416 Gaudentiani

2269 4462 2557 4502 sermones
2583 4488 2599 4513 ,
2631 4447 2822 4502 eodem
2853 4446 3045 4502 ordine
3069 4490 3084 4513 ,
3131 4463 3194 4504 ac
3221 4465 3451 4505 numero
3476 4494 3490 4518 ,
3522 4468 3633 4521 quo
3661 4452 3846 4519 saepius

2271 4541 2488 4609 repetiti
2518 4549 2698 4607 postea
2728 4547 2855 4594 sunt
2878 4539 2934 4594 in
2968 4540 3323 4597 Bibliothecis
3365 4542 3492 4609 PP.;
3520 4562 3689 4614 quare
3717 4544 3845 4599 hanc

2270 4635 2498 4701 primam
2516 4631 3198 4690 fuiSSeGaudentianorum
3224 4652 3540 4693 sermonum
3564 4641 3844 4697 editionem

2270 4723 2400 4778 satis
2430 4724 2784 4794 probabiliter
2814 4734 2963 4794 puto.

2339 4817 2428 4869 27.
2461 4817 2784 4871 Prodieruut
2816 4817 3160 4887 postmodum
3188 4820 3353 4875 variae
3372 4821 3721 4881 Bibliotheca
3748 4821 3838 4877 PP.

2270 4908 2538 4964 editiones
2566 4952 2580 4975 ,
2632 4919 2753 4978 post
2806 4912 3033 4979 primam
3081 4910 3446 4970 Parisiensem
3489 4931 3632 4971 anno
3663 4915 3842 4972 i576a

2274 5001 2575 5070 Margarino
2603 5000 2821 5071 Bigntco
2852 5012 3219 5069 procuratam.
3249 5003 3306 5059 In
3340 5006 3403 5060 iis
3429 5008 3677 5065 omnibus
3700 5020 3843 5064 excu-

2268 5109 2362 5148 sus
2386 5109 2604 5163 semper
2624 5093 3091 5161 estGaudentius;
3127 5097 3222 5151 sed
3250 5108 3307 5152 ut
3332 5098 3499 5155 fatum
3530 5111 3615 5156 est
3643 5113 3841 5171 magna-

2269 5203 2387 5241 rum
2415 5187 2721 5255 hujusniodi
2750 5187 3129 5242 Collectionum
3159 5230 3173 5253 ,
3206 5192 3455 5246 scatebat
3484 5195 3679 5261 passim
3702 5206 3838 5246 men—

2268 5277 2355 5331 dis
2386 5292 2492 5332 non
2522 5277 2758 5332 minimis
2787 5319 2801 5343 ,
2826 5294 2947 5347 quae
2993 5281 3257 5337 medicam
3305 5297 3525 5339 manum
3567 5291 3836 5356 exspecta-

2269 5370 2395 5425 bant
2424 5388 2434 5423 :
2461 5386 2523 5424 ac
2550 5380 2808 5439 praeterea
2842 5372 3054 5427 duobus
3084 5374 3437 5431 sermonibus
3458 5379 3694 5445 carebat,
3725 5373 3833 5445 qui,

2266 5475 2513 5520 extorres
2549 5463 2712 5531 facti,
2743 5463 2955 5536 longius
3001 5481 3031 5521 a
3075 5478 3302 5535 parente
3345 5483 3445 5525 suo
3485 5471 3833 5541 vagabantur;

2331 5598 2409 5743 fc)
2443 5599 2601 5654 Praei.
2630 5600 2699 5655 ad
2726 5600 2920 5658 Beniv.

2356 5674 2412 5741 ά)
2445 5671 2673 5728 Ibidem.

2356 5671 2412 5741 ά)
2445 5671 2673 5728 Ibidem.
