4096 6192
338 343 443 400 817

1521 346 1890 403 ΡΒιΕΡΑΤΙΟ
1929 349 1988 403 Ρ.
2033 347 2408 406 GALEARDI.

3525 352 3635 408 818

335 474 500 514 sermo
531 472 728 530 nempe
767 427 1031 513 degPetro
1059 467 1106 513 et
1140 458 1343 525 Paulo,
1374 469 1420 513 et
1443 475 1613 514 sermo
1644 460 1707 515 de
1743 459 1864 515 Vita
1885 472 1932 517 et
1959 460 2015 524 Α
2036 461 2094 517 S.
2128 461 2292 518 Marci
2331 463 2628 519 Florentiae
2670 463 2845 534 prior.
2873 464 3012 519 Cum
3043 463 3164 520 istis
3190 473 3422 536 quatuor
3459 465 3635 520 Codd.

336 551 495 607 Obitu
525 551 655 606 beati
681 550 984 606 Philastn'i.
1013 550 1199 620 Itaque
1227 552 1456 606 omnino
1486 566 1672 622 operte
1697 555 1930 622 pretium

329 659 446 704 erat
471 663 668 703 novam
691 647 978 703 Gaudentii
1010 647 1304 702 editionem
1342 647 1598 718 aggredi;
1633 663 1754 701 cum
1790 663 1931 717 pra:-

328 747 478 795 terea
507 779 524 804 ,
555 739 698 809 quod
719 740 887 794 sciam
914 781 930 806 ,
956 755 1255 806 numquam
1280 742 1508 794 seorsim
1534 739 1710 794 editus
1734 739 1925 797 fuisset

325 841 487 902 atque
517 833 585 886 ad
627 833 874 903 ingentes
901 834 1025 886 illas
1047 832 1400 888 Bibliotherae
1431 832 1535 888 PP.
1570 834 1926 889 collectiones

323 924 638 980 tractandas
658 925 811 994 pauci
843 925 1135 980 admodum
1159 925 1487 981 accederent
1513 967 1529 992 ,
1559 942 1750 997 magna
1794 943 1924 997 ope-

324 1016 398 1071 ris
421 1018 567 1072 mole
595 1016 866 1072 deterriti.
905 1021 1034 1072 Itum
1065 1035 1131 1072 eo
1154 1023 1206 1072 in
1226 1019 1350 1073 loco
1381 1036 1468 1075 res
1490 1028 1656 1083 esset.
1688 1035 1752 1074 ac
1783 1020 1921 1075 male

321 1124 354 1164 a
379 1110 732 1182 typOgraphis
765 1122 1023 1180 acceptus
1041 1111 1252 1182 jaceret
1276 1127 1415 1182 pene
1437 1114 1491 1166 in
1521 1114 1761 1183 tenebris
1783 1112 1921 1169 Gau-

321 1201 540 1256 dentius
570 1211 788 1273 noster,
820 1203 1017 1257 accidit
1050 1216 1471 1273 perOpportune,
1502 1214 1663 1274 atque
1686 1249 1701 1273 ,
1743 1214 1802 1259 ut
1844 1207 1916 1259 ita

319 1293 495 1348 dicam
520 1333 536 1358 ,
570 1307 695 1349 cum
745 1294 906 1348 bonis
943 1294 1258 1362 ominibus,
1305 1305 1365 1349 ut
1403 1312 1548 1350 anno
1592 1295 1728 1350 1714
1777 1313 1916 1366 prte-

318 1387 688 1444 stantiSsimus
710 1399 872 1460 atque
901 1391 1312 1446 immortalitate
1337 1389 1689 1461 dignissimus
1713 1391 1912 1460 praesul

310 1479 558 1536 Joannes
596 1481 920 1537 Franciseus
964 1481 1296 1538 Barbadicus
1322 1524 1338 1546 ,
1387 1501 1416 1536 a
1450 1483 1757 1539 Veronensi
1790 1485 1911 1552 epi-

310 1583 532 1644 scopatu
565 1573 630 1628 ad
659 1573 969 1628 Brixianqu
996 1585 1144 1630 esset
1169 1577 1488 1639 translatus,
1514 1577 1604 1648 qui
1633 1577 1814 1631 Statim
1843 1578 1910 1634 ab

309 1666 446 1721 inito
474 1669 737 1723 Brixiana:
763 1668 1023 1723 Ecclesia:
1053 1670 1318 1740 regimine
1345 1711 1360 1736 ,
1386 1671 1676 1725 consilium
1709 1671 1908 1726 edendi

308 1759 602 1815 Gaudentii
631 1771 828 1828 Sponte
867 1775 966 1816 sua
993 1763 1158 1831 cepit.
1183 1761 1354 1832 Hujus
1385 1765 1581 1818 summi
1629 1765 1730 1818 viri
1775 1779 1904 1834 erga

2035 556 2221 611 collati
2261 567 2385 612 sunt
2417 559 2628 627 priores
2657 559 3051 614 decemnovem
3098 557 3390 616 Gaudentii
3430 569 3631 615 tracta-

2035 655 2160 712 tus,
2199 651 2436 718 itemque
2471 650 2726 704 Prtefatio
2769 650 2832 704 ad
2878 651 3240 719 Bt-nivolum;
3284 652 3349 705 ad
3392 668 3625 720 quorum

2033 741 2238 810 pariter
2279 752 2601 798 tractatuum
2648 743 3093 799 emendationem
3140 745 3472 799 eontttlimus
3514 754 3629 798 tres

2029 833 2303 890 editiones
2338 835 2686 890 Bibliothecze
2713 838 2841 906 PP.,
2873 854 3067 906 nempe
3094 837 3463 891 Parisiensem
3493 834 3626 891 anni

2028 927 2205 994 15δ9,
2244 928 2631 983 Crloniensem
2682 930 2821 985 1618
2847 974 2862 998 ,
2899 940 2952 986 et
2997 929 3421 1000 Lugdunensem
3458 927 3622 983 1677.

2026 1019 2213 1074 Sermo
2244 1022 2308 1072 de
2332 1019 2492 1073 Petro
2530 1030 2576 1074 et
2612 1020 2786 1076 Paulo
2813 1066 2826 1089 ,
2873 1023 2964 1092 qui
2999 1023 3050 1074 in
3087 1021 3367 1090 prmdit-tis
3396 1029 3630 1089 quatuor

2023 1111 2198 1167 Codd.
2240 1129 2372 1167 mss.
2407 1115 2632 1168 tuinime
2672 1115 2925 1181 habetur,
2973 1118 3207 1171 collatus
3240 1126 3327 1170 est
3358 1132 3480 1171 cum
3515 1117 3625 1171 alio

2023 1205 2284 1261 Urbinate
2329 1207 2746 1262 membratim-eo
2790 1207 2932 1272 150,
2986 1223 3050 1262 ac
3097 1208 3362 1263 Vaticano
3420 1209 3626 1278 pariter

2021 1299 2442 1354 membranaceo
2489 1299 2644 1354 1255.
2676 1299 2922 1366 Uterque
2969 1316 3032 1356 ex
3086 1301 3169 1356 his
3200 1301 3414 1356 duobus
3445 1300 3623 1355 Codd.

2017 1391 2265 1447 eontiuet
2294 1407 2578 1446 sermones
2611 1397 2774 1446 etiam
2807 1392 3049 1447 Zenonis
3072 1393 3316 1463 episcopi
3341 1393 3621 1448 Veronen-

2016 1485 2124 1549 sis;
2160 1500 2458 1553 eorumque
2489 1495 2622 1538 aetas
2653 1486 2871 1539 videtur
2896 1487 3212 1556 pertingere
3238 1485 3304 1538 ad
3349 1487 3620 1555 quingen-

2016 1583 2100 1629 tos
2127 1591 2318 1628 annos.
2354 1575 2562 1628 Prmter
2591 1575 2730 1629 duos
2759 1577 2892 1630 istos
2918 1575 3172 1641 Codices,
3208 1576 3290 1629 usi
3324 1590 3518 1629 sumus
3547 1574 3615 1629 ad

2012 1669 2367 1722 collationem
2414 1668 2682 1722 Sermonis
2738 1669 2802 1723 de
2847 1668 3013 1723 Petro
3069 1677 3116 1722 et
3171 1667 3343 1722 Paulo
3392 1667 3614 1738 antiqua

2012 1760 2144 1816 item
2183 1761 2385 1815 Veneta
2411 1760 2647 1816 editione
2670 1777 2988 1816 sermonum
3021 1761 3196 1816 sancti
3227 1760 3462 1814 Zenonis
3496 1759 3614 1827 epi-

305 1853 604 1908 editiouem
651 1852 816 1919 hanc,
847 1868 876 1906 a
904 1854 1062 1908 nobis
1094 1854 1265 1924 ipsius
1292 1855 1448 1925 jussu
1486 1856 1691 1910 lubenti
1718 1857 1903 1915 animo
1936 1852 1983 1912 B
2011 1853 2164 1921 scepi
2196 1853 2533 1907 Veronensis
2564 1855 2691 1907 anni
2725 1854 2884 1921 1508,
2927 1856 2977 1908 in
3007 1870 3113 1924 qua
3144 1869 3328 1909 sermo
3366 1853 3454 1908 hic
3497 1855 3611 1923 pri-

304 1953 612 2015 susceptain
642 1988 657 2013 ,
684 1945 953 2000 beneﬁcia
977 1961 1378 2003 conuumerare
1404 1948 1448 2002 si
1475 1949 1660 2014 velim,
1694 1951 1900 2004 nullum

303 2039 546 2109 profecto
583 2038 799 2094 dicendi
841 2039 1004 2094 tinem
1049 2038 1286 2106 faciam;
1336 2055 1460 2094 nam
1500 2052 1554 2095 et
1593 2057 1759 2111 opera
1790 2084 1805 2109 ,
1847 2053 1902 2098 et

300 2135 496 2202 opibus
519 2131 712 2202 juvare
745 2147 1038 2203 numquam
1075 2133 1330 2202 destitit,
1375 2137 1679 2206 prmsertim
1726 2145 1785 2189 ut
1807 2152 1899 2190 va-

299 2223 508 2278 riantes
555 2237 692 2280 mss.
742 2224 916 2279 Codd.
977 2225 1246 2281 lectiones
1294 2227 1454 2281 nobis
1509 2237 1894 2298 suppeterent;

295 2329 618 2384 summoque
635 2315 802 2370 animi
833 2315 1014 2371 studio
1040 2361 1054 2385 ,
1087 2317 1413 2388 ubicumque
1433 2334 1569 2389 opus
1599 2330 1781 2386 esset,
1808 2336 1898 2392 pa-

293 2418 445 2464 ratus
473 2424 688 2478 semper
711 2408 809 2464 fuit
838 2412 1221 2465 auctoritatem
1251 2427 1402 2465 suam
1426 2455 1440 2479 ,
1489 2423 1653 2482 atque
1682 2414 1892 2480 oflicia,

292 2501 523 2571 benigne
545 2502 884 2573 impendere.
917 2504 1057 2570 Quin
1086 2512 1144 2559 et
1165 2504 1486 2560 industriam
1511 2511 1754 2561 nostram
1784 2523 1892 2563 non

291 2594 460 2649 semel
512 2595 818 2650 humaniter
855 2595 1132 2662 excitare,
1170 2608 1228 2650 ut
1259 2600 1594 2667 proliositum
1668 2614 1893 2668 urgere-

290 2702 434 2755 mus,
469 2697 524 2742 et
550 2689 733 2756 operis
764 2687 933 2758 ipsius
959 2688 1256 2758 specimina
1285 2689 1438 2742 rudia
1471 2688 1669 2755 adhuc,
1701 2701 1755 2745 et
1785 2690 1888 2744 im-

287 2781 487 2851 polita,
523 2781 753 2834 suismet
792 2780 967 2836 oculis
1018 2796 1340 2850 percurrere
1373 2799 1386 2834 :
1431 2782 1648 2837 demum
1697 2782 1890 2837 editio-

287 2885 410 2925 nem
435 2874 604 2940 ipsam
625 2871 764 2926 tueri
787 2882 1124 2936 constanter,
1143 2887 1205 2926 ac
1231 2871 1419 2927 fovere
1440 2874 1588 2928 nullo
1606 2877 1767 2929 modo
1780 2892 1891 2930 um-

286 2973 450 3025 quam
484 2958 1174 3029 intermisit,quoadusque
1208 2961 1257 3012 iu
1293 2960 1466 3014 lucem
1490 2961 1751 3028 prodiret;
1777 2963 1890 3016 col-

287 3049 414 3103 latis
431 3051 595 3104 etiam
619 3051 920 3105 liberaliter
940 3053 1189 3121 pecuniis
1207 3053 1272 3106 ad
1298 3063 1552 3122 typorum
1585 3056 1884 3124 impensas.

356 3142 451 3200 28.
494 3142 567 3199 Ut
603 3151 786 3198 autem
842 3145 1015 3200 lector
1073 3147 1211 3200 sciat
1271 3147 1472 3216 quibus
1519 3149 1780 3204 subsrdiis
1817 3149 1885 3204 ad

2006 1963 2153 2000 mum
2173 1945 2394 2015 prodiit,
2416 1945 2648 1999 minime
2672 1945 3020 2000 dissimulato
3045 1945 3334 2000 Gaudentii
3360 1945 3605 2011 nomine,

2003 2049 2064 2092 ut
2090 2040 2140 2091 in
2178 2039 2320 2092 notis
2357 2037 2422 2091 ad
2461 2037 2714 2092 eumdem
2760 2051 3067 2092 sermonem
3122 2037 3452 2091 monuimus.
3501 2035 3608 2090 l’ro

2003 2145 2242 2184 sermone
2271 2136 2452 2181 autem
2483 2127 2546 2181 de
2587 2125 2704 2179 Vita
2744 2135 2792 2180 et
2825 2127 2982 2180 Obitu
3012 2126 3152 2180 beati
3175 2124 3480 2192 Philostrii,
3514 2139 3610 2178 va-

2002 2223 2206 2278 riantes
2238 2221 2397 2275 nobis
2435 2220 2699 2274 lectiones
2741 2218 3163 2288 suppeditarunt
3203 2218 3313 2271 duo
3359 2217 3604 2272 Brixiani

2000 2318 2176 2373 Codd.
2207 2316 2612 2371 membranacei
2639 2357 2654 2381 ,
2687 2329 2918 2385 quorum
2948 2313 3228 2382 antiquior
3256 2311 3474 2381 prafert
3506 2327 3606 2365 no-

2002 2419 2109 2464 tam
2143 2409 2325 2463 saeculi
2351 2424 2443 2474 xi;
2479 2408 2738 2462 acbinatn
2770 2407 2994 2475 insuper
3021 2405 3320 2459 editionem
3341 2403 3604 2457 adhibui-

1999 2519 2144 2568 mus,
2171 2517 2367 2571 nempe
2399 2501 2656 2556 Venetam
2684 2499 2970 2568 Lipomani
3004 2499 3178 2562 1554,
3212 2507 3267 2551 et
3297 2496 3598 2552 Colonien-

1999 2609 2113 2649 sem
2147 2594 2292 2649 Surii
2325 2592 2465 2647 1579
2488 2634 2501 2653 ,
2535 2607 2565 2644 a
2597 2591 2792 2660 quibus
2821 2591 2874 2643 in
2910 2589 3045 2643 Vitis
3069 2587 3171 2643 SS.
3205 2588 3462 2657 vulgatus
3484 2588 3601 2642 fue-

1996 2697 2101 2744 rat.
2154 2689 2289 2741 Cum
2331 2697 2598 2754 praeterea
2647 2684 2845 2737 scirem
2890 2689 3114 2736 exstare
3146 2681 3201 2734 in
3232 2680 3599 2735 Ambrosiana

1997 2781 2388 2837 Mediolauensi
2435 2777 2772 2833 Bibliotheca
2819 2777 3048 2846 primam
3093 2778 3190 2842 (ut
3222 2791 3326 2845 ego
3376 2774 3596 2844 quidem

1995 2877 2159 2947 puto)
2191 2873 2478 2930 Gaudentii
2519 2872 2846 2937 editionem,
2879 2884 3001 2940 qua:
3031 2869 3231 2938 prodiit
3253 2883 3397 2922 anno
3431 2870 3593 2936 1509,

1995 2972 2048 3025 in
2091 2964 2649 3036 Orthodoxographis
2694 2964 2797 3018 PP.
2825 3005 2840 3030 ,
2889 2963 3006 3032 ejus
3052 2978 3275 3031 quoque
3313 2962 3594 3016 variantes

1994 3063 2263 3117 lectiones
2321 3061 2564 3128 priorum
2637 3058 3034 3110 decemnovem
3088 3055 3593 3110 Gaudentianorum

1991 3164 2340 3217 tractatuum,
2366 3152 2457 3222 qui
2490 3153 2542 3205 in
2568 3166 2630 3204 ea
2663 3153 2776 3204 cusi
2809 3161 2930 3203 sunt
2964 3163 3067 3201 una
3099 3163 3225 3202 cum
3254 3147 3589 3203 Praefatioue

286 3233 426 3290 hanc
464 3236 766 3292 editionem
795 3237 1088 3306 parandam
1121 3239 1202 3293 usi
1235 3241 1409 3293 simus
1438 3284 1452 3308 ,
1485 3253 1686 3309 praesto
1717 3243 1874 3297 nobis
1901 3236 1946 3298 C
1979 3252 2045 3304 ad
2079 3248 2432 3312 Benivolum,
2486 3242 2791 3312 descriptas
2824 3241 2987 3296 habui
3031 3256 3060 3294 a
3098 3241 3167 3296 cl.
3207 3240 3449 3309 .losepho
3477 3242 3588 3295 An-

283 3330 504 3386 fuerunt
540 3348 611 3386 ex
650 3332 908 3387 Vaticana
949 3333 1288 3390 Bibliotheca
1328 3336 1659 3391 eollationes
1715 3338 1876 3391 trium

283 3440 419 3479 mss.
452 3423 664 3480 Codd.:
702 3441 898 3496 nempe
932 3425 1321 3482 Vaticauorum
1365 3429 1598 3484 duorum
1644 3429 1784 3485 1245
1826 3439 1881 3484 et

278 3516 453 3586 4580,
495 3534 726 3588 quorum
769 3530 1004 3591 uterque
1053 3536 1434 3591 papyraceus;
1477 3524 1724 3592 itemque
1764 3524 1878 3578 ele—

278 3613 582 3683 gantissimi
613 3613 892 3670 Urbiuatis
924 3617 1329 3670 membranacei
1356 3615 1425 3670 75
1449 3659 1465 3682 ,
1509 3617 1666 3686 cujus
1690 3618 1874 3672 initia-

279 3707 356 3760 les
381 3707 579 3762 litterae
607 3708 820 3777 pictura
852 3717 907 3762 et
936 3709 1408 3764 auroconvestitae
1437 3718 1586 3764 sunt.
1617 3711 1876 3778 Quamvis

276 3795 446 3853 Codd.
480 3797 568 3852 isti
600 3815 707 3854 non
730 3815 940 3869 magna:
967 3799 1074 3854 sint
1104 3801 1474 3871 antiquitatis,
1510 3803 1768 3857 eximiam
1794 3809 1876 3856 ta-

276 3904 401 3943 men
456 3890 618 3943 nobis
662 3905 819 3960 opem
871 3891 1123 3961 plurimis
1173 3892 1228 3946 in
1273 3893 1409 3946 locis
1455 3893 1521 3946 ad
1577 3893 1872 3948 Gaudentii

276 3985 719 4041 emendationem
778 3987 1164 4054 Contuleruut,
1215 3996 1273 4040 tit
1310 3988 1512 4056 passim
1565 3989 1874 4056 legentibus

274 4077 620 4132 manifestum
659 4080 784 4133 erit.
823 4079 1022 4132 Eorum
1056 4091 1111 4132 ut
1147 4079 1424 4133 vari-antes
1468 4081 1733 4134 lectiones
1765 4081 1870 4136 mi-

275 4182 407 4221 noro
437 4169 689 4237 negotio,
718 4183 781 4222 ac
810 4170 1113 4238 promptius
1139 4179 1590 4240 excerperentur,
1628 4179 1870 4239 potesta-

273 4273 380 4314 tetn
406 4259 558 4326 fecit,
593 4262 750 4315 venia
776 4263 940 4315 etiam
974 4261 1098 4316 data
1124 4273 1180 4314 ut
1202 4277 1232 4316 e
1253 4262 1508 4316 Vatit-ana
1533 4263 1869 4318 Bibliotheca

272 4351 504 4408 COdICCS
539 4354 640 4421 ipsi
671 4353 737 4408 ad
781 4354 1047 4408 Palatium
1099 4354 1380 4420 Quirinale
1413 4354 1700 4411 transferri
1746 4371 1870 4425 pos-

274 4455 424 4513 sent,
460 4462 558 4514 pro
589 4461 685 4500 sua
731 4446 906 4500 eﬂusa
943 4445 995 4499 in
1033 4461 1228 4500 omnes
1262 4447 1556 4502 clementia
1599 4463 1661 4502 ac
1712 4448 1870 4502 beni-

271 4542 473 4610 guitate
505 4539 604 4595 SS.
640 4540 703 4593 D.
740 4538 802 4594 N.
839 4540 1096 4594 Clemens
1126 4538 1194 4593 XI
1222 4581 1237 4604 ,
1273 4543 1514 4610 pontifex
1549 4541 1816 4595 Maximus
1848 4584 1864 4608 ,

1984 3341 2136 3397 tonio
2153 3337 2322 3394 Saxio
2345 3336 2594 3404 ejusdem
2619 3333 2979 3386 Bibliotheca:
3013 3331 3288 3400 praefecto,
3316 3330 3588 3386 eruditio-

1982 3435 2067 3490 nis
2107 3433 2321 3489 eximim
2344 3475 2358 3499 ,
2391 3445 2455 3484 ac
2485 3442 2715 3483 summa:
2739 3426 3102 3479 humanitatis
3129 3425 3251 3480 viro
3281 3440 3296 3488 ;
3331 3423 3427 3478 sed
3458 3438 3584 3478 eum

1982 3529 2099 3582 haec
2152 3523 2325 3579 editio
2377 3520 2689 3576 consentire
2731 3519 2848 3572 tere
2883 3520 3112 3571 omnino
3163 3515 3420 3571 videatur
3465 3530 3587 3570 cum

1983 3616 2198 3671 mendis
2239 3615 2473 3668 aliarum
2505 3609 2808 3665 editionum
2839 3652 2854 3678 ,
2911 3609 3036 3663 ideo
3064 3608 3249 3662 nullus
3279 3608 3439 3662 nobis
3465 3608 3588 3678 ejus

1981 3723 2109 3764 usus
2139 3706 2258 3760 fuit.

2052 3799 2147 3854 29.
2192 3796 2340 3852 Ordo
2379 3793 2886 3850 Gaudentianorum
2929 3803 3282 3857 sermonum,
3325 3791 3443 3844 sive
3473 3798 3588 3844 tra-

1979 3901 2250 3956 ctatuum,
2285 3889 2428 3943 idem
2459 3885 2598 3953 apud
2647 3899 2748 3939 nos
2775 3893 3029 3938 servatus
3075 3890 3196 3948 est,
3239 3883 3330 3950 qui
3382 3882 3434 3934 in
3459 3882 3585 3937 aliis

1979 3999 2198 4054 quoque
2236 3979 2570 4036 editionibus
2605 3979 2868 4031 occurrit.
2896 3973 3032 4028 Nam
3064 3988 3232 4026 sermo
3261 3972 3324 4025 de
3355 3972 3582 4025 Ordina-

1978 4078 2120 4130 tione
2151 4077 2254 4138 sui,
2284 4075 2375 4143 qui
2413 4073 2560 4141 prior
2587 4069 2798 4124 caeteris
2823 4083 2851 4120 a
2881 4066 3193 4121 Gaudentio
3217 4073 3300 4118 est
3333 4064 3578 4128 habitus,

1976 4171 2188 4239 primus
2219 4181 2437 4237 quoque
2467 4164 2660 4218 ordine
2691 4177 2815 4216 esse
2846 4159 3152 4222 debuerat;
3184 4157 3280 4211 sed
3321 4154 3580 4224 Prwfatio

1975 4261 2331 4333 paschalibus
2363 4256 2654 4328 praeposita
2688 4255 2789 4309 hos
2821 4254 3040 4322 priores
3068 4251 3219 4315 fecit,
3247 4251 3430 4320 inqua
3450 4252 3579 4320 quia

1977 4356 2180 4410 mentio
2211 4363 2297 4407 est
2322 4352 2390 4404 de
2419 4359 2647 4421 quatuor
2671 4345 3020 4417 sequentibus,
3065 4355 3117 4398 et
3140 4345 3324 4413 quinto
3365 4345 3432 4395 de
3455 4342 3576 4397 Ma-

1975 4447 2198 4500 chabreis
2229 4442 2542 4514 martyribus
2567 4457 2584 4493 :
2612 4440 2739 4493 ideo
2783 4440 2836 4492 in
2871 4439 2971 4491 hac
3000 4436 3244 4491 editione
3271 4451 3398 4488 eutn
3432 4435 3582 4488 ordi-

1975 4557 2098 4596 nem
2131 4539 2410 4594 tenuimus
2432 4552 2594 4604 quem
2627 4532 2967 4590 Gaudentius
3005 4532 3124 4600 ipse
3165 4529 3219 4582 in
3248 4527 3578 4583 Prtel'atione

269 4648 376 4702 quo
407 4635 654 4698 sedente,
686 4646 748 4687 ac
767 4631 995 4702 sospite,
1022 4649 1314 4702 numquam
1343 4635 1499 4688 boote
1522 4635 1721 4688 littera:
1749 4636 1866 4690 sine
1896 4613 1944 4672 Ῑ)
1975 4637 2130 4691 nobis
2161 4633 2372 4695 statuit,
2405 4639 2567 4700 atque
2593 4629 2645 4682 in
2680 4627 2802 4681 aliis
2825 4623 3167 4678 editionibus
3195 4632 3447 4692 receptus
3469 4628 3576 4676 est.

273 4725 450 4794 pretio
487 4736 667 4779 erunt.
700 4725 1047 4793 Excerpcndi
1079 4734 1260 4781 autem
1293 4727 1398 4780 sibi
1441 4743 1630 4782 curam
1675 4729 1865 4782 huma-

270 4817 414 4873 niter
444 4826 814 4886 susceperunt
847 4816 1182 4882 clarissimi,
1231 4828 1395 4888 atque
1423 4819 1728 4875 doctissimi
1762 4821 1861 4874 viri

268 4911 598 4968 Franciscus
634 4911 998 4975 Blauchinus,
1033 4922 1087 4967 et
1111 4911 1345 4968 Carolus
1379 4914 1625 4982 Majellus
1653 4914 1860 4968 Biblio-

269 5006 439 5062 thec:e
474 5007 746 5062 Vaticana:
786 5010 1082 5079 praifectus
1108 5052 1124 5075 ,
1173 5023 1405 5078 uterque
1458 5009 1706 5077 ejusdem
1755 5009 1856 5064 SS.

269 5098 330 5154 D.
359 5098 424 5153 N.
457 5099 764 5156 Clementis
797 5117 948 5170 papaa
971 5102 1066 5170 XI,
1096 5104 1163 5157 ab
1191 5101 1399 5154 honore
1427 5102 1569 5155 sacri
1594 5100 1858 5166 cubiculi;
1883 5120 1885 5122 ·

267 5207 498 5264 quorum
531 5193 758 5262 proinde
789 5193 987 5248 ofﬁciis
1017 5194 1357 5248 immortales
1377 5195 1583 5264 gratias
1615 5208 1700 5245 me
1722 5207 1866 5246 sem-

268 5301 362 5353 per
395 5286 727 5351 habiturum,
764 5284 868 5341 hoc
895 5286 1018 5338 loco
1049 5286 1290 5341 libenter
1316 5287 1599 5354 proﬁteor.
1619 5283 1866 5339 Accessit

266 5381 440 5436 tribus
485 5382 637 5436 hisce
673 5379 848 5434 Codd.
898 5393 1032 5434 mss.
1075 5380 1216 5434 alter
1255 5379 1603 5434 Florentinus
1643 5378 1863 5433 charta-

265 5485 398 5526 ceus
429 5472 784 5527 Bibliotheca:
814 5473 872 5525 S.
907 5471 1108 5537 Marci,
1149 5473 1306 5538 cujus
1353 5473 1681 5526 meminerat
1710 5486 1862 5524 sum-

267 5577 388 5616 mus
434 5564 517 5616 vir
557 5563 802 5619 Joannes
851 5563 1200 5618 Mabilloiiius
1263 5562 1318 5616 in
1376 5563 1579 5617 Itinere
1635 5564 1860 5629 Italici),

267 5669 393 5724 pag.
453 5653 596 5718 178;
639 5656 910 5726 bujusque
960 5657 1238 5711 variantes
1281 5655 1549 5710 lectiones
1604 5664 1862 5710 accurate

265 5746 659 5804 describendas
681 5790 694 5814 ,
728 5758 892 5818 atque
922 5750 988 5804 ad
1024 5764 1125 5803 nos
1154 5747 1452 5803 mittendas
1475 5748 1688 5802 curavit
1713 5746 1858 5801 adm.

263 5856 380 5897 rev.
433 5837 597 5894 Pater
653 5837 912 5892 Albertus
979 5838 1179 5907 Salvi,
1230 5839 1477 5910 ejusdem
1543 5837 1864 5894 Mouasterii

1970 4726 2386 4784 Gaudentianos
2425 4734 2710 4775 sermones
2764 4718 3127 4784 subsequitur
3176 4712 3454 4783 rhythmus
3508 4713 3575 4766 de

1978 4819 2301 4884 Philustrio,
2341 4816 2409 4870 de
2449 4831 2557 4884 quo
2601 4812 2828 4866 consule
2861 4825 2922 4864 ea
2967 4825 3090 4878 quae
3120 4808 3360 4862 diximus
3391 4808 3445 4861 in
3477 4806 3574 4862 ad-

1992 4910 2271 4965 nooitione
2300 4907 2477 4962 eadem
2503 4905 2760 4976 rhythmo
2783 4904 3075 4972 przeposita
3109 4904 3163 4955 in
3190 4901 3338 4955 calce
3361 4915 3571 4956 sermo.

1993 5021 2098 5058 tum
2132 5001 2442 5058 Gaudentii.

2045 5097 2135 5152 50.
2156 5096 2338 5149 Visum
2365 5103 2449 5146 est
2466 5090 2666 5146 deinde
2680 5089 3057 5158 Bampertum.
3082 5096 3246 5158 atque
3269 5087 3567 5144 Adelman-

1968 5206 2133 5256 num,
2172 5187 2481 5244 Gaudentio
2526 5184 2827 5254 adjungere
2866 5183 3110 5250 ejusdem
3146 5180 3407 5236 Ecclesiae
3452 5181 3571 5251 epi-

1965 5279 2449 5350 scopos,doctrina
2475 5291 2581 5332 non
2607 5277 2788 5330 minus
2804 5290 2962 5343 quam
2982 5275 3187 5343 pietate
3208 5271 3562 5341 conspicuos.

1963 5376 2141 5444 Atque
2167 5372 2486 5427 Adelmauni
2521 5371 2768 5438 profecto
2789 5369 3054 5437 integram
3080 5367 3368 5436 epistolam
3399 5361 3569 5416 dandi

1970 5483 2079 5523 non
2111 5465 2321 5520 modica
2357 5479 2448 5519 me
2481 5461 2806 5517 incendebat
2832 5459 3052 5528 cupido,
3096 5472 3166 5512 ne
3191 5456 3368 5510 dicam
3403 5468 3568 5520 spes;

1973 5575 2137 5630 quam
2171 5568 2352 5611 tamen
2381 5556 2610 5611 omnino
2653 5553 2852 5606 frustra
2895 5551 3084 5603 animo
3115 5551 3435 5613 conceptam
3480 5543 3574 5599 vix

1971 5654 2188 5709 demum
2215 5666 2357 5720 aegre
2388 5647 2559 5712 sensi,
2593 5661 2717 5701 cum
2743 5658 2934 5698 omnes
2961 5649 3190 5696 conatus
3222 5646 3441 5692 nostros
3474 5651 3568 5692 ce-

1971 5745 2104 5800 dere
2133 5745 2406 5798 incassum
2430 5739 2562 5792 vidi.
2589 5737 2920 5804 Bampertus
2943 5747 3076 5786 vero
3101 5745 3207 5784 non
3238 5745 3346 5783 uno
3373 5729 3424 5783 in
3446 5727 3571 5784 loco

1973 5856 2002 5895 ι
2029 5839 2240 5907 magnis
2273 5831 2757 5905 plagis_couvaluit
2794 5843 2930 5896 quas
2959 5833 3280 5895 acceperat,
3309 5831 3471 5891 atque
3508 5821 3566 5879 itt'
