4096 6192
448 253 553 308 3’25

1407 263 1466 316 S.
1510 260 1956 318 GAUDENTIUS
1997 260 2372 319 EI'lSGOPUS
2417 260 2812 318 BlllXIANUS.

3642 257 3752 313 8:25

449 385 555 422 non
616 369 888 424 modicum
937 374 1140 428 laboris
1167 377 1270 429 mei
1305 376 1540 431 fructum
1575 377 1884 447 percepisse
1931 383 2042 430 sta-
2069 387 2323 451 Astrum
2375 377 2683 434 sedulitatis
2731 387 2785 432 et
2833 374 3200 432 observantiae
3249 391 3386 432 meae
3433 374 3750 434 testimonio

449 467 601 515 tuam
637 478 650 513 :
691 461 775 516 sin
809 463 1013 532 minus,
1059 481 1202 521 novo
1242 467 1344 523 hoc
1376 484 1502 540 erga
1531 469 1894 526 Gaudentium
1945 487 2044 526 no-

2150 479 2441 526 Contentus
2473 485 2588 525 ero.

462 577 3133 608 ____________________________________

1257 687 1962 772 TESTIMONIA
2034 687 2195 772 DE
2269 687 3010 772 GAUDENTIO.

467 909 470 912 ’
527 931 590 987 S.
619 929 850 986 Ioannes
882 931 1333 1002 Chrysostzepist.
1369 931 1495 997 I84,
1526 931 1649 985 edit.
1686 928 1971 984 Frontonis

921 1001 1124 1066 Ducwi,
1159 1001 1380 1055 Parisiis
1419 1003 1577 1057 l036.

525 1097 842 1152 GAUDENTIO
873 1109 1120 1150 EPISCOPO
1163 1095 1439 1148 BRIXIANO.
1475 1093 1617 1148 Nihil
1655 1109 1753 1148 nos
1787 1095 1913 1149 latet
1955 1109 2046 1149 re-

452 1205 575 1244 rum
597 1198 836 1255 tuarmn,
859 1189 952 1241 sed
981 1197 1255 1256 tunqnam
1287 1195 1584 1255 prmsetites
1607 1186 1774 1256 probe
1798 1188 2050 1254 novimus

449 1282 691 1336 Studium
721 1289 895 1350 tuum,
929 1280 1292 1351 vigilantiam,
1327 1295 1513 1344 curas,
1545 1281 1761 1334 labores
1789 1296 1925 1351 quos
1950 1297 2049 1350 pro

451 1375 686 1430 veritate
709 1373 1005 1440 suscepisti
1030 1390 1043 1436 ;
1077 1373 1287 1442 tibique
1310 1372 1561 1443 ingentes
1585 1375 1788 1442 gratias
1816 1377 2047 1445 agimus,

452 1481 635 1536 neque
663 1465 997 1519 mediocrem
1028 1466 1082 1518 in
1112 1472 1258 1518 tanta
1289 1465 1551 1534 degentes
1585 1466 1884 1521 solitudine
1914 1482 2048 1521 eon-

453 1559 782 1614 Solationem
837 1558 1116 1613 haurimus
1142 1573 1207 1612 ex
1261 1565 1366 1610 tua:
1397 1556 1678 1610 charitatis
1734 1557 1955 1624 ardore,
1987 1576 2051 1615 ac

451 1655 807 1719 sinceritate;
837 1657 990 1724 cujus
1024 1653 1151 1708 dum
1187 1653 1274 1706 hic
1305 1651 1612 1723 perimtluut
1648 1649 1900 1719 fecimus,
1929 1653 2050 1709 istic

451 1765 671 1822 quoque
699 1751 966 1820 integram
1001 1751 1148 1805 illam
1183 1751 1366 1820 vigere
1389 1749 1768 1820 cognovimus,
1803 1763 1901 1803 nec
1937 1748 2050 1802 ullo

452 1844 616 1897 modo
647 1853 741 1897 aut.
770 1845 1033 1913 temporis
1062 1845 1445 1908 diuturnitate,
1491 1850 1585 1896 aut
1617 1842 1832 1896 itineris
1861 1841 2050 1911 longi-

454 1935 660 2004 tudine,
688 1935 1026 1989 debilitatam
1058 1935 1246 1989 luisse.

533 2025 806 2080 Palladius
839 2027 964 2079 dial.
1002 2026 1066 2079 de
1102 2025 1218 2096 Vita
1247 2026 1308 2082 S.
1337 2025 1498 2079 Joan.
1535 2025 1744 2096 Chrys,
1773 2041 1889 2095 cap.
1920 2025 1975 2088 4,

713 2099 837 2151 edit.
872 2097 1096 2150 Emerici
1127 2095 1346 2165 Bigetii,
1377 2096 1602 2150 Parisiis
1637 2095 1796 2152 1680.

526 2190 660 2244 Cum
687 2190 849 2258 igitur
878 2198 1100 2244 sanctus
1128 2189 1384 2244 [Emilius
1406 2189 1704 2244 Beneventi
1733 2192 2047 2258 episcomts,

456 2292 510 2338 et
541 2283 860 2354 Cythegius,
891 2292 945 2336 et
975 2282 1342 2345 GAUDENTIL‘S,
1373 2298 1480 2335 una
1522 2297 1641 2336 cum
1673 2282 2058 2335 Valentiniano

455 2385 509 2429 et
539 2376 815 2430 Bonil'acio
847 2377 1209 2446 presbyteris,
1243 2374 1586 2440 accepissent
1625 2375 1831 2429 litteras
1877 2375 2051 2442 impe-

456 2469 653 2522 ratoris
681 2467 928 2532 Honorii,
953 2466 1276 2528 Innocentii,
1305 2475 1360 2520 et
1387 2464 1642 2520 Italorum
1670 2466 2049 2536 episcoporum

457 2559 761 2616 Cltromatii
795 2561 1178 2630 Aquileiensis,
1224 2567 1278 2614 et
1323 2557 1542 2613 Venerii
1602 2556 2050 2622 Mediolanensis,

457 2661 620 2723 atque
671 2652 942 2716 aliorum,
1003 2665 1106 2705 nec
1155 2665 1262 2703 non
1307 2649 1796 2703 Commonitorium
1848 2649 2053 2720 Synodi

460 2746 623 2799 totius
649 2743 988 2811 Occidentis,
1022 2743 1237 2813 publica
1271 2742 1556 2797 evectione
1593 2743 2052 2812 Constantinopo-

457 2837 551 2891 lim
583 2837 808 2906 profecti
840 2844 986 2890 sunt.

558 2929 786 2999 Ruﬁnus
807 2929 862 2982 in
895 2927 1059 2996 Praef.
1095 2928 1163 2981 ad
1190 2927 1476 2999 versionem
1505 2925 1757 2980 librorum
1789 2926 1956 2980 Reco-

937 2999 1233 3070 gnitionum
1262 2997 1559 3052 Clementis.

529 3091 648 3147 Tibi
672 3092 918 3161 quidem,
949 3089 1254 3158 GAUDBN‘I'I,
1287 3098 1602 3144 nostrorum
1647 3089 1816 3144 decus
1847 3089 2060 3160 insigne

459 3185 771 3250 doctorum,
803 3176 983 3239 tantus
1013 3185 1216 3254 ingenii
1250 3183 1422 3251 vigor,
1455 3184 1622 3236 immo
1664 3191 1810 3237 tanta
1838 3184 2061 3253 spiritus

460 3281 634 3351 gratia
671 3289 776 3345 est,
809 3287 865 3333 ut
908 3278 956 3333 si
986 3278 1116 3347 quid
1149 3294 1180 3332 a
1220 3286 1273 3330 te
1321 3277 1482 3330 etiam
1523 3275 1826 3346 quotidiani
1859 3277 2062 3346 eloquii

463 3384 617 3424 more
647 3369 869 3434 dicitur,
907 3369 955 3423 si
987 3368 1118 3436 quid
1148 3369 1198 3422 in
1246 3367 1483 3422 ecclesia
1512 3369 1874 3432 declamatur,
1922 3368 1976 3423 id
2005 3369 2061 3422 in

467 3463 628 3520 libris
671 3462 886 3530 haberi,
939 3470 994 3518 et
1042 3461 1112 3516 ad
1163 3459 1585 3516 instructionem
1638 3461 1777 3515 tradi
1825 3462 2060 3530 posteris

467 3555 688 3612 debeat.

823 3649 1168 3721 Martyrolog.
1203 3650 1359 3704 Rom.
1387 3651 1460 3705 25
1491 3649 1674 3704 Octob.

536 3744 740 3800 Brixia:
786 3744 980 3798 natalis
1022 3743 1517 3798 satlcliGAUDI-JNTII
1563 3740 1829 3812 episcopi,
1873 3739 2064 3795 erudi-

466 3837 636 3904 tione,
657 3844 712 3890 et
733 3837 1020 3890 sanctitate
1040 3835 1349 3904 censpicui.

504 3926 820 3997 Rantpertus
841 3929 895 3980 in
917 3925 1086 3982 Serm.
1117 3926 1183 3980 de
1206 3925 1475 3980 Translat.
1498 3925 1798 3991 Philastrii,
1829 3943 1944 3994 cap.
1971 3929 2024 3982 5.

544 4017 722 4073 Veluti
775 4018 826 4071 in
873 4017 1337 4072 edito-Sermone
1366 4035 1396 4072 a
1430 4019 1664 4086 przesule
1719 4017 2060 4086 GAUDBN‘I‘IO,

466 4109 593 4164 vita:
620 4109 834 4163 scilicet
861 4108 1159 4163 beatissimi
1194 4109 1468 4163 Pltilastrii
1514 4111 1810 4179 pontificis,
1847 4113 2062 4182 legitur.

1045 4201 1250 4255 Ibidem
1278 4220 1398 4274 cap.
1435 4202 1488 4258 9.

543 4292 711 4362 Cujus
741 4293 868 4347 vitae
893 4334 907 4358 ,
957 4293 1371 4362 sanctitatisque
1397 4308 1523 4348 eum
1565 4296 1744 4364 sapuit
1772 4296 2066 4366 episcopus

473 4381 856 4451 Gau'ueurtus,
889 4399 1176 4440 successor
1227 4399 1388 4452 suos,
1419 4387 1506 4454 qui
1550 4401 1650 4455 per
1693 4389 2064 4458 quatordecim

470 4492 670 4544 annos,
712 4477 902 4530 forsan
935 4485 992 4531 et
1018 4477 1164 4546 plus,
1191 4475 1339 4530 diem
1370 4477 1635 4532 transitus
1665 4479 1787 4547 ejits
1814 4478 2065 4535 feriatum

469 4569 723 4635 ducebat,
755 4569 955 4640 popqu
985 4569 1260 4637 siquidem
1288 4569 1358 4624 de
1386 4583 1454 4623 eo
1485 4584 1793 4626 sermonem
1819 4570 2066 4627 faciens?

473 4661 806 4736 Nicephorus
825 4659 1074 4736 Callistus
1103 4661 1194 4716 lib.
1217 4677 1312 4717 xm
1331 4660 1534 4736 Hister.
1564 4662 1801 4736 Eccles._,
1831 4681 1945 4736 cap.
1973 4666 2065 4732 53,

578 4731 702 4790 edit.
738 4733 916 4789 Pam.
944 4734 1104 4802 1650,
1131 4750 1192 4788 ea:
1221 4750 1416 4789 recens.
1448 4731 1734 4789 Frontonis
1765 4731 1964 4790 Duciei.

542 4829 766 4899 Insuper
824 4829 1018 4900 synodi
1065 4829 1311 4895 decreto,
1359 4845 1482 4900 quae
1531 4829 1760 4885 Joannis
1796 4845 1958 4886 causa
2013 4833 2066 4886 in

465 4919 624 4976 Italia
679 4929 865 4975 coacta
918 4920 1040 4986 fuit,
1091 4921 1146 4974 in
1197 4929 1407 4975 manus‘
1434 4933 1685 4990 recepto,
1736 4921 1831 4977 Dei
1877 4938 2068 4978 amans

471 5010 727 5067 Emilius
782 5011 1076 5067 Beneventi
1127 5013 1457 5083 episcopus,
1499 5012 1812 5094 Cathegiusﬂ
1839 5014 1962 5086 (sic)
2012 5001 2148 5071 etD

470 5104 836 5167 GAUDBN'I‘IUS,
861 5119 986 5160 cum
1017 5106 1288 5170 Valentio,
1315 5114 1370 5162 et
1399 5107 1678 5162 Bonifacio
1705 5108 2062 5180 presbyteris,

472 5196 648 5252 Roma
677 5195 997 5268 Byzantium
1025 5199 1251 5266 profeCIi
1278 5206 1426 5253 sunt.

494 5288 683 5345 Petrus
709 5288 937 5346 Crinitus
963 5287 1056 5344 lib.
1087 5303 1181 5344 vm
1209 5288 1557 5416 Comimentar.
1584 5293 1648 5346 de
1669 5291 1796 5348 Itan.
1824 5293 2062 5366 discipl.,

1162 5377 1279 5416 can.
1357 5401 1369 5414 .

1162 5377 1279 5431 cap.
1317 5377 1341 5416 ι
1357 5401 1369 5414 .

539 5453 620 5508 Ex
651 5461 853 5508 nostris
877 5450 1268 5518 Tertullianus,
1295 5451 1559 5518 Hilarius,
1595 5452 1921 5524 Cyprianus,
1953 5456 2063 5510 Au-

464 5545 733 5614 gustinus,
782 5542 1171 5614 Hieronymus,
1205 5541 1462 5609 Rufinus,
1517 5543 1865 5611 Ambrosius,
1915 5543 2064 5602 GAU-

465 5649 725 5701 bmtus;
760 5651 884 5690 nam
927 5635 1120 5691 horum
1153 5635 1372 5707 quidem
1413 5633 1806 5692 Commentarii
1835 5637 2066 5707 perinde

465 5727 592 5781 mihi
621 5736 784 5797 atque
811 5729 1049 5786 thesauri
1081 5729 1254 5785 videri
1285 5730 1486 5798 solent,
1524 5731 1578 5785 in
1611 5731 1809 5800 quibus
1838 5741 1944 5786 tam
1980 5749 2064 5786 va-

2151 933 2251 998 ria,
2283 941 2390 985 tam
2422 931 2706 1000 multiplex
2737 930 3008 985 doctrina:
3045 944 3345 999 rerumque
3375 929 3618 985 omnium
3651 945 3757 986 co-

2147 1030 2318 1098 gnitio
2340 1035 2445 1093 est,
2461 1037 2521 1082 ut
2543 1029 2856 1082 universam
2883 1041 3052 1096 prope
3073 1025 3474 1096 antiquitatem,
3494 1026 3762 1098 legesque

2150 1137 2367 1189 omnes,
2399 1130 2454 1176 et
2481 1120 2838 1190 philoSOphiaa
2865 1120 3064 1187 placita
3095 1120 3438 1174 contineant.

2436 1211 2586 1266 Elius
2614 1210 2904 1280 Capreolus
2937 1212 3026 1266 lib.
3059 1226 3097 1266 ιι
3135 1209 3274 1266 Hist.
3308 1211 3460 1266 Brix.

2223 1305 2574 1362 GAUDENTIUS
2625 1304 2893 1358 continuo
2956 1310 3078 1372 post
3141 1303 3491 1357 Philastrium
3550 1301 3762 1372 praesul

2154 1407 2361 1461 uoster,
2393 1412 2498 1466 qua
2539 1395 2812 1460 doctrina,
2854 1394 3052 1463 quibus
3082 1393 3354 1457 consiliis,
3389 1402 3444 1448 et
3486 1394 3763 1462 gravitate

2153 1491 2428 1560 polluerit,
2451 1504 2518 1544 ex
2542 1490 2658 1558 ejus
2687 1489 2755 1544 de
2794 1488 3092 1544 Pliilastrio
3119 1488 3371 1543 oratione
3397 1488 3484 1543 vel
3513 1489 3762 1542 maxime

2156 1583 2385 1654 intelligi
2415 1590 2614 1652 potest.

2383 1675 2628 1745 Atoysius
2660 1674 2980 1746 Lipomauus
3004 1675 3058 1726 in
3085 1672 3252 1745 Prtef.
3286 1683 3413 1728 tom.
3442 1671 3532 1727 IV.

2226 1768 2281 1822 Si
2311 1768 2393 1821 vis
2422 1766 2565 1822 scire
2591 1768 2716 1836 quis
2745 1767 2906 1820 fuerit
2935 1766 3286 1820 GAUDENTIUS
3319 1765 3607 1834 episcopus
3635 1763 3768 1818 Bri-

2156 1860 2380 1926 xiensis,
2413 1867 2468 1914 et
2496 1869 2710 1930 quanta:
2745 1859 2798 1912 in
2832 1859 3077 1914 Ecclesia
3125 1858 3490 1924 auctoritatis,
3518 1864 3573 1911 et
3603 1871 3769 1912 reve—

2157 1955 2366 2019 rentizr,
2396 1969 2460 2008 ex
2504 1954 2624 2020 ejus
2649 1952 2870 2023 scriptis
2899 1953 3057 2008 facile
3099 1965 3483 2021 recOguosces.
3520 1950 3768 2018 Tempo-

2155 2047 2304 2101 ribus
2343 2047 2487 2101 enim
2525 2047 2583 2100 υ.
2619 2046 2891 2101 Ambrosii
2945 2045 3153 2110 ﬂoruit,
3204 2053 3260 2098 et
3311 2047 3549 2113 ipsemet
3593 2051 3763 2106 teste,

2154 2152 2443 2194 successor
2487 2137 2588 2192 fuit
2625 2137 2902 2192 Philastrii
2935 2136 3176 2207 episc0pi
3209 2150 3422 2205 magnae
3453 2133 3770 2188 sanctitatis

2082 2245 2130 2304 Β
2157 2235 2278 2295 viri.
2307 2236 2398 2305 qui
2431 2235 2492 2289 D.
2524 2235 2809 2304 Augustini
2859 2242 3103 2304 tempora
3134 2233 3443 2304 praecessit,
3477 2241 3533 2286 et
3561 2232 3766 2287 librum

2155 2326 2224 2381 de
2267 2327 2576 2381 lieresibus
2608 2327 2846 2396 scripsit.
2885 2326 3245 2397 Syncltronus
3270 2328 3434 2380 etiam
3469 2323 3568 2378 fuit
3607 2321 3767 2378 Gau-

2156 2435 2379 2474 DENTIUS
2411 2419 2656 2474 Benivoli
2699 2420 3034 2474 sanctissimi
3066 2420 3205 2487 viri,
3260 2431 3365 2473 tam
3395 2419 3447 2473 in
3482 2417 3768 2472 Ecclesia-

2157 2512 2311 2576 s‘ica,
2347 2526 2512 2580 quam
2545 2512 2595 2564 in
2628 2509 2925 2579 Tripartita
2960 2511 3196 2566 llis:oria
3219 2508 3663 2574 celebratissimi,
3697 2508 3769 2564 ad

2156 2619 2318 2674 quem
2348 2606 2511 2658 etiam
2544 2605 2796 2675 qumdam
2821 2621 2917 2658 sua
2941 2605 3142 2673 scripta
3174 2603 3382 2668 dirigit.

2553 2693 2864 2750 Passerinus
2891 2698 2944 2749 in
2967 2696 3167 2766 Appar.
3204 2695 3358 2751 Sacr.

2232 2786 2524 2843 GAUDENTII
2557 2788 2864 2843 Brixiensis
2885 2788 3153 2857 episcopi,
3185 2791 3278 2858 qui
3313 2787 3607 2842 Pliilastrio
3632 2801 3770 2842 suc-

2161 2885 2351 2946 cessit,
2376 2897 2542 2952 opera
2568 2881 2627 2935 D.
2663 2882 2965 2944 Ambrosii.
2997 2881 3155 2950 cujus
3194 2888 3355 2936 astate
3382 2881 3542 2948 vixit,
3565 2881 3774 2950 quique

2160 2972 2216 3026 in
2243 2972 2642 3042 Cappadociam
2670 2973 2777 3028 iter
2798 2972 3060 3042 suscepit,
3093 2979 3151 3025 ut
3177 2970 3437 3040 reliquias
3463 2982 3771 3042 martyrum

2165 3063 2289 3118 inde
2339 3063 2656 3130 adveheret,
2710 3075 2766 3120 et
2815 3081 2973 3118 sumu
3002 3061 3191 3138 [Forte
3237 3078 3392 3118 suam
3439 3061 3770 3135 Ecclesiam]

2165 3157 2372 3212 eisdem
2422 3157 2664 3227 reliquiis
2695 3159 3036 3223 nobilitaret,
3064 3168 3244 3213 exstat
3292 3159 3470 3214 oratio
3500 3158 3682 3213 habita
3714 3158 3770 3212 in

2164 3249 2506 3304 dedicatione
2527 3251 2792 3319 basilicm,
2819 3253 2908 3305 ubi
2927 3252 2996 3307 de
3023 3253 3211 3307 iisdem
3233 3252 3568 3324 martyribus
3593 3252 3770 3320 plura.

2167 3342 2393 3396 Exstant
2443 3342 2569 3396 item
2613 3350 2898 3407 tractatus,
2933 3359 3028 3398 seu
3061 3359 3371 3407 sermones,
3419 3344 3618 3412 quibus
3658 3343 3770 3398 uti-

2168 3434 2294 3500 lem,
2327 3445 2381 3490 et
2414 3435 2556 3490 lectu
2585 3435 2804 3506 dignam
2839 3437 3212 3506 pra-lationem
3245 3436 3526 3506 ascripsit.

2520 3524 2782 3580 Batonius
2804 3526 2871 3580 ad
2902 3528 2965 3582 Α.
2998 3525 3059 3581 C.
3087 3525 3216 3591 386,
3250 3544 3304 3582 η.
3341 3528 3391 3580 7.

2087 3624 2133 3687 C
2238 3616 2606 3682 GAUDENTIUS,
2663 3619 2804 3673 haud
2859 3618 3070 3688 pridem
3123 3617 3384 3673 defuncto
3429 3619 3770 3687 Philastrio,

2173 3725 2334 3780 quem
2364 3711 2592 3765 vidimus
2621 3711 2937 3767 interfuisse
2965 3727 3087 3767 cum
3111 3711 3406 3768 Ambrosio
3435 3713 3772 3781 Aquileiensi

2171 3789 2427 3868 concilio,
2464 3801 2516 3857 in
2547 3805 2730 3858 locum
2759 3804 2880 3874 ejus
2910 3804 3238 3875 subrogatus
3268 3813 3374 3870 est,
3415 3805 3547 3861 licet
3574 3807 3772 3860 imma-

2175 3903 2289 3948 tura
2321 3902 2500 3960 aetate,
2531 3895 2626 3950 sed
2653 3906 2916 3966 praestans
2947 3898 3218 3962 doctrina,
3242 3908 3404 3969 atque
3437 3899 3733 3955 virtutibus
3759 3920 3768 3952 :

2171 4001 2357 4041 verum
2387 3988 2555 4056 quali,
2583 3997 2855 4058 quantave
2885 3990 3126 4046 adhibita
3158 3991 3229 4054 vi,
3261 3993 3377 4061 ipse
3423 3992 3664 4047 declarat
3716 3993 3771 4047 in

2173 4081 2454 4136 Sermonis
2498 4082 2736 4138 exordio
2767 4098 2929 4154 quem
2980 4083 3050 4139 de
3089 4098 3188 4139 sua
3235 4083 3596 4141 Ordinatione
3642 4094 3772 4139 tunc

2173 4173 2377 4229 habuit.
2993 4228 2996 4230 γ

2377 4272 2386 4276 ’
2573 4266 2724 4322 Idem
2749 4268 2819 4322 ad
2847 4269 2909 4324 Α.
2944 4269 3004 4325 C.
3032 4270 3161 4335 451,
3191 4288 3244 4324 tt.
3277 4270 3366 4326 l6.

2243 4356 2490 4413 Fuerunt
2513 4373 2644 4415 sane
2668 4360 2827 4415 iidem
2858 4360 3374 4416 ﬂorentissimarum
3399 4361 3769 4419 Ecclesiarum

2170 4450 2498 4505 antistites:
2554 4467 2780 4520 quarum
2835 4452 3089 4508 Brixiana
3155 4453 3434 4509 nobilitata
3506 4457 3770 4526 sanguine

2172 4550 2496 4612 martyrum,
2549 4544 2753 4600 sanctis
2800 4561 3016 4616 quoque
3064 4546 3391 4614 episc0pis,
3448 4545 3766 4614 Philastrio,

2171 4632 2509 4699 ϐληθείη-ιο,
2539 4645 2593 4690 et
2623 4635 2746 4691 aliis
2779 4637 3028 4708 pluribus
3058 4640 3388 4698 illustratur.

2527 4745 2878 4803 Bellarminus
2893 4752 2956 4804 de
2979 4751 3176 4826 Script.
3199 4753 3400 4809 Eccles.

2242 4859 2608 4926 GAUDBN'I‘IUS,
2662 4875 2959 4918 successor
3014 4864 3289 4920 Philastrii
3349 4866 3402 4920 in
3452 4866 3768 4938 episcOpatu

2175 4951 2392 5016 Brixiae,
2420 4951 2640 5022 scripsit
2669 4955 2994 5010 utilissimos
3016 4965 3282 5013 tractatus
3311 4960 3380 5014 de
3422 4960 3588 5015 variis
3612 4974 3768 5030 argu-

2174 5045 2392 5110 mentis,
2419 5044 2510 5114 qui
2535 5054 2770 5101 exstant.

2316 5158 2547 5213 Labbeus
2579 5159 2642 5212 de
2673 5158 2868 5232 Script.
2897 5160 3046 5218 Eccl.
3081 5173 3204 5218 tom.
3238 5163 3300 5232 ι,
3335 5182 3458 5238 pag.
3493 5168 3619 5224 337.

2243 5273 2617 5342 GADDEN'I‘IUS,
2657 5275 2938 5332 Philastrii
2970 5279 3022 5332 in
3059 5279 3317 5336 Brixiano
3348 5285 3668 5357 episcopatu
3698 5288 3769 5344 ab

2171 5381 2315 5421 anno
2341 5367 2444 5422 587
2472 5381 2760 5424 successor
2787 5385 2960 5437 usque
2986 5371 3052 5426 ad
3084 5373 3237 5428 initia
3260 5378 3446 5432 smculi
3472 5381 3670 5448 quinti,
3711 5393 3770 5437 et

2171 5473 2372 5513 annum
2404 5461 2485 5514 vel
2513 5459 2643 5525 ΗΟ,
2691 5471 2747 5514 ut
2777 5461 3020 5532 quidam,
3053 5465 3137 5520 vel
3181 5466 3308 5535 427,
3344 5482 3606 5539 quantum
3637 5475 3764 5541 qui-

2169 5550 2293 5606 dem
2320 5566 2387 5606 ex
2406 5553 2526 5620 ejus
2556 5557 2893 5609 successoris
2923 5554 3077 5610 Pauli
3120 5557 3292 5614 initiis
3321 5560 3484 5616 datur
3513 5565 3766 5638 intelligi,

2167 5658 2326 5712 quem
2372 5642 2754 5700 Ferdinandus
2797 5644 3063 5717 Ughellus
3111 5659 3246 5706 tom.
3299 5651 3364 5707 ιγ
3394 5653 3564 5712 Italia:
3593 5667 3768 5715 sacras

2168 5736 2329 5791 docet
2368 5735 2734 5806 episcopalem
2781 5737 3102 5806 dignitatem
3155 5741 3408 5813 adeptum
3441 5759 3585 5802 anno
3630 5727 3759 5805 42f:
