4120 6174
302 235 411 292 825

1397 226 1822 284 TESTIMONIA
1865 225 1955 284 DE
2006 229 2064 285 s.
2109 205 2527 286 cauo'emto.

3493 229 3598 287 826

301 347 653 404 ϐλυυεδτιυε
709 358 841 399 vero
887 342 1021 398 obiit
1068 342 1158 398 die
1206 341 1280 398 25
1320 340 1598 409 Octobris,
1648 342 1901 398 conditus
1928 343 2152 410 AObiit
2181 354 2361 401 autem
2393 345 2725 403 Philastrius
2745 361 2893 404 anno
2916 348 3023 405 387
3075 367 3089 406 :
3128 349 3273 406 unde
3301 348 3600 406 Gsuosttrtt

301 439 502 496 Brixia:
534 439 586 490 in
621 437 849 492 Basilica
881 436 1059 491 sancti
1091 435 1322 491 Joannis
1351 435 1735 506 Evangelisne.

459 527 722 600 Caspard.
753 525 1004 580 Barthius
1033 526 1119 583 lib.
1150 527 1513 581 xvrtiAdvers.
1543 543 1662 596 cap.
1691 529 1746 582 1.

375 624 673 680 Gsonen'rn
714 621 1000 676 Tractatus
1049 622 1101 676 in
1133 621 1381 676 Exodntn
1436 622 1720 691 perSpicue
1764 621 1896 678 boni

303 727 450 772 sunt.

306 805 674 863 Ferdinandus
691 804 944 878 Ugltellus
970 802 1350 932 1072.519v811at.
1381 803 1532 873 Sac.,
1563 804 1710 860 Edit.
1740 804 1891 873 νειμ,

968 893 1027 931 co
1054 917 1068 931 .
1213 916 1226 930 .

968 893 1068 931 cat.
1099 893 1226 931 076.

374 956 675 1041 Satagente
704 969 906 1024 deinde
930 970 1226 1025 Ambrosio
1257 969 1745 1025 Mediolaneusinm
1779 986 1899 1027 san-

299 1061 546 1116 ctissimo
580 1061 812 1130 prmsule
840 1060 1131 1133 (Brixiant')
1158 1061 1224 1114 ad
1257 1060 1401 1115 hanc
1430 1060 1619 1116 sedem
1649 1060 1894 1130 (Brixia-

297 1170 419 1207 nam
443 1153 662 1224 scilicet)
693 1167 994 1223 provesere
1021 1163 1274 1208 sanctum
1308 1154 1686 1220 Gauoenrwu,
1711 1155 1893 1212 adhuc

299 1244 548 1301 ﬂorentis
581 1245 789 1312 aetatis,
823 1260 966 1300 anno
996 1244 1101 1302 385
1132 1246 1184 1300 in
1217 1246 1446 1300 Oriente
1487 1247 1552 1299 ad
1584 1262 1737 1301 sacra
1772 1248 1888 1302 loca

298 1337 777 1409 peregrinantem;
810 1338 1087 1407 doctrina,
1118 1353 1182 1393 ac
1211 1338 1507 1394 sanctitate
1545 1339 1722 1394 virum
1751 1338 1889 1394 insi-

295 1444 480 1501 gnem.

298 1519 579 1591 Philippus
635 1519 917 1576 Ferrarius
963 1523 1017 1576 in
1045 1521 1211 1577 Catal.
1250 1523 1359 1581 SS.
1393 1523 1524 1580 Ital.
1569 1525 1639 1580 25
1673 1524 1883 1580 Octobr.

366 1612 732 1679 GAUDEN'I'IUS,
761 1615 819 1668 8.
857 1613 1133 1669 l’bilastrii
1166 1615 1472 1685 discipulus
1496 1626 1550 1670 et
1575 1631 1880 1684 successor,

265 1704 506 1774 'juvenis
553 1705 621 1760 ad
666 1705 1042 1776 episcopatum
1091 1707 1454 1771 Brixiensem,
1490 1710 1775 1764 etinvitns
1797 1726 1886 1763 as-

295 1813 545 1870 sumptus
575 1810 687 1866 est;
721 1817 750 1854 a
773 1799 830 1856 S.
863 1802 1154 1856 Ambrosio
1171 1803 1433 1872 episcOpo
1463 1803 1880 1870 Mediolanensi,

295 1892 381 1945 cui
411 1891 870 1947 familiarissimus
901 1905 1040 1959 erat,
1075 1908 1449 1950 consecratus.
1493 1898 1539 1950 ls
1570 1896 1622 1949 itt
1654 1897 1888 1950 Palaesti-

294 1998 417 2038 nam
449 1987 848 2055 peregrinatus,
875 1988 1061 2042 multis
1077 1997 1133 2042 et
1161 1989 1440 2058 praeclaris
1462 1988 1711 2058 reliquiis
1731 2003 1884 2043 suam

289 2076 483 2131 dittht
504 2077 828 2141 Ecclesium.
859 2095 1087 2149 quarunt
1109 2092 1319 2151 partem
1338 2097 1402 2137 ex
1427 2081 1740 2148 Palmstina,
1770 2097 1887 2151 par-

292 2178 401 2224 tem
433 2185 564 2225 vero
587 2185 652 2226 ex
684 2169 936 2227 Caesarea
958 2173 1318 2242 Cappadociae
1347 2190 1376 2227 a
1408 2175 1469 2230 S.
1506 2175 1686 2228 Basilii
1713 2174 1885 2245 nepti-

293 2264 394 2318 bus
429 2264 778 2328 monialihus,
808 2267 944 2321 alias
965 2265 1174 2333 Roma,
1205 2268 1340 2321 alias
1379 2266 1685 2322 Mediolano
1731 2282 1886 2322 acce-

290 2356 391 2426 pit.
450 2356 613 2411 Plura
670 2359 931 2426 scripsit,
984 2353 1239 2414 doctrina
1277 2361 1420 2414 enim
1462 2360 1758 2425 excelluit,
1816 2374 1883 2414 ex

285 2449 483 2517 quibus
511 2449 691 2521 aliqua
719 2451 769 2504 in
798 2451 1142 2508 Bibliotheca
1176 2453 1398 2507 Patrum
1424 2453 1711 2524 lt-guntur,
1745 2454 1879 2508 insi—

285 2555 446 2610 gnem
482 2541 627 2596 illius
651 2543 1018 2599 eruditionem
1052 2547 1330 2600 testantia.

430 2632 685 2688 Auberlus
714 2633 929 2689 Mimas
961 2637 1012 2690 in
1042 2637 1257 2691 Auctar.
1289 2639 1353 2692 de
1382 2637 1581 2707 Script.
1612 2636 1764 2696 Eccl.

357 2727 724 2796 Gaunemws,
763 2730 1061 2788 Brixiensis
1087 2733 1138 2788 iu
1175 2733 1326 2788 Italia
1352 2737 1665 2803 episc0pus,
1699 2733 1880 2789 Phila-

283 2821 420 2876 strio
450 2821 542 2877 illa
575 2825 626 2877 in
657 2825 922 2880 cathedra
962 2827 1226 2881 suffectus
1249 2837 1352 2895 est,
1387 2838 1716 2898 procurante
1743 2829 1878 2883 Am-

283 2912 472 2968 brOsio
493 2916 755 2986 episcOpo
792 2917 1184 2974 Mediolanensi
1213 2960 1228 2987 ,
1279 2931 1335 2974 ut
1381 2920 1495 2990 ipse
1534 2919 1878 2976 GAUDEN'I‘IIJS

287 3011 514 3058 testatur
570 3007 624 3059 in
673 3020 930 3063 sermone
973 3026 1135 3079 quem
1165 3013 1232 3065 de
1261 3011 1607 3066 ordinatiOue
1649 3027 1745 3087 sua
1779 3014 1876 3065 ha-

286 3095 424 3151 buit.
459 3099 532 3152 De
562 3099 1010 3168 peregrinatione
1040 3102 1094 3155 in
1126 3101 1406 3158 Orientem
1455 3121 1484 3158 a
1531 3119 1591 3160 se
1620 3117 1873 3175 suscepta
1902 3130 1947 3192 ρ

283 3187 425 3244 idem
454 3189 572 3259 ipse
594 3192 702 3260 agit
735 3193 786 3245 in
815 3206 1073 3248 sermone
1115 3195 1184 3249 de
1211 3195 1560 3251 dedicatione
1603 3197 1875 3251 ecclesim.

283 3280 515 3349 Scripsit
541 3291 809 3338 tractatus
840 3287 1019 3338 varios
1049 3303 1186 3356 quos
1241 3287 1606 3344 Bellartninus
1634 3287 1689 3341 in
1717 3288 1877 3343 Cala-

280 3373 404 3441 logo
431 3383 714 3442 recenset;
759 3385 1090 3448 exstantque
1133 3379 1186 3432 in
1231 3379 1567 3435 Bibliotheca
1624 3389 1874 3436 veterum

279 3460 522 3521 Patrum.

350 3557 581 3616 Joannes
610 3559 908 3617 Cardiualis
939 3562 1092 3688 goula
1120 3563 1362 3688 ίιὲΡνωῙ.
1403 3565 1493 3621 lib.
1529 3569 1596 3623 de
1629 3569 1803 3627 divina

989 3653 1044 3688 sa
1073 3652 1154 3688 mo
1201 3673 1212 3688 .

989 3652 1212 3688 δοιηιοα.

349 3722 713 3794 ΟΑυυεΝι-ιυε,
742 3727 1032 3798 episcopus
1062 3727 1385 3796 Brixiensis,
1422 3730 1644 3800 pietate,
1695 3745 1749 3790 et
1780 3750 1870 3790 sa-

273 3814 476 3886 pientia
505 3818 761 3873 illustris.

457 3907 468 3916 ”
489 3912 621 3966 Acta
657 3911 764 3968 SS.
819 3914 886 3969 iO
909 3915 1112 3983 Martii,
1137 3935 1261 3990 pag.
1290 3919 1435 3991 M,§
1471 3920 1513 3986 Ι,
1546 3938 1601 3974 n.
1627 3923 1683 3974 7.

348 4004 496 4060 Inter
542 4006 878 4077 antiquiores
908 4008 1098 4064 Patres
1151 4011 1376 4066 Latinus
1405 4013 1586 4066 tlorttit
1636 4013 1698 4067 8.
1726 4013 1873 4070 GAU-

276 4111 530 4163 DEN‘I'IUS,
557 4107 838 4169 satagente
869 4099 928 4156 8.
977 4101 1266 4157 Ambrosio
1297 4104 1589 4173 episcopus
1621 4105 1872 4161 Brixien-

274 4188 354 4241 sis
399 4188 547 4242 circa
598 4204 802 4244 annum
853 4193 960 4246 585
1008 4201 1226 4248 creatus
1259 4213 1272 4247 :
1305 4194 1447 4249 inter
1488 4195 1645 4265 cujus
1694 4197 1868 4266 Opera

273 4289 458 4333 exstat
482 4279 707 4335 homilia
734 4282 802 4338 de
824 4285 1031 4339 sanctis
1052 4302 1121 4341 XL
1153 4289 1484 4359 martyribus
1507 4330 1520 4354 ,
1569 4290 1750 4346 habita
1783 4292 1872 4347 die
1916 4278 1919 4281 ’

273 4369 640 4426 dediCationis
667 4371 906 4429 basilica:
935 4376 1002 4429 ad
1030 4376 1292 4432 honorem
1347 4378 1564 4433 illorum
1600 4399 1635 4445 ιι,
1660 4397 1720 4436 se
1750 4398 1872 4438 ere-

272 4470 401 4518 ctae.
434 4463 722 4520 Retexitur
741 4466 811 4521 ab
831 4482 899 4523 eo
926 4467 1155 4524 historia
1197 4472 1463 4543 martyrii,
1494 4471 1871 4542 indicaturque

271 4558 493 4611 occasio
541 4559 901 4628 reliquiarum
933 4561 1004 4616 ab
1034 4578 1094 4617 sc
1124 4580 1188 4618 ex
1215 4564 1441 4620 Oriente
1479 4567 1546 4621 ad
1584 4584 1735 4621 suatn
1768 4568 1871 4624 Ec-

269 4647 493 4702 clesiam
525 4649 853 4721 dclatartnn,
887 4670 1050 4723 quain
1083 4657 1280 4710 saltem
1313 4667 1516 4726 partem
1560 4675 1685 4715 mox
1741 4677 1869 4731 pro-

270 4739 533 4796 feremus.
571 4740 628 4797 In
658 4743 779 4798 aliis
815 4755 1068 4801 sanctum
1119 4747 1385 4804 Basilium
1435 4749 1610 4808 ferme
1654 4764 1872 4808 secutus

265 4841 379 4887 est.

306 4921 572 4980 Gerardus
591 4924 754 4981 Joan.
775 4926 986 4984 Vossius
1016 4930 1106 4984 lib.
1136 4931 1168 4986 5
1191 4931 1253 4985 de
1281 4931 1426 4987 Hist.
1456 4931 1604 5001 Lat.,
1636 4952 1751 5007 cap.
1777 4937 1833 4991 2.

341 5017 713 5087 ϐλυυεατιυς,
748 5021 1052 5080 Brixieusis
1080 5026 1393 5096 episcopus,
1424 5028 1709 5084 memoria:
1735 5046 1863 5099 pro-

263 5110 415 5166 didit
441 5111 610 5167 vitam
637 5114 695 5168 8.
726 5112 1003 5172 Philastrii
1023 5158 1039 5186 ,
1071 5119 1158 5172 cui
1189 5129 1538 5174 successerat
1570 5120 1624 5175 in
1653 5122 1868 5189 episco-

265 5216 416 5276 patu.
450 5206 626 5264 Habes
655 5223 776 5264 eam
805 5210 949 5280 apud
976 5210 1198 5268 Surium
1232 5221 1364 5268 tom.
1389 5211 1585 5280 lV,die
1618 5215 1686 5270 18
1705 5213 1862 5269 Julii.

341 5353 366 5382 ⁸
398 5347 480 5400 An
513 5347 751 5420 a__Caveo
779 5361 930 5406 recte
957 5350 1064 5405 hoc
1085 5349 1191 5406 dici
1217 5350 1492 5420 potuerit,
1525 5351 1658 5406 satis
1706 5351 1866 5407 colli-

263 5416 414 5487 gitur
441 5433 510 5474 ex
537 5418 792 5478 Veterum
826 5422 1177 5492 teStimoniis,
1195 5416 1423 5479 Joannis
1448 5421 1858 5496 Cbrysostomi,

2002 447 2136 492 tetas
2160 437 2292 492 satis
2316 447 2486 508 patet.

2007 573 2214 629 Natalis
2240 574 2538 630 Alexander
2567 576 2760 632 Select.
2787 577 2930 633 Hist.
2961 577 3104 633 Eccl.
3133 577 3252 633 Sec.
3285 594 3358 645 tv,
3385 594 3505 648 cap.
3536 577 3592 644 6,

2685 659 2787 704 art.
2811 651 2904 705 54.

2071 762 2446 829 GAUDENTIUS,
2499 763 2787 820 Philastrii
2839 766 2892 820 in
2941 765 3212 820 Brixiensi
3274 765 3596 836 episcopatu

1999 871 2310 924 succe~sor,
2338 857 2407 911 ab
2435 871 2579 912 anno
2602 858 2706 913 ’58⁵1
2735 873 2910 929 usque
2931 857 2998 912 ad
3034 857 3184 912 initia
3213 857 3402 914 szecnli
3422 858 3601 928 quinti

1998 947 2199 1003 ﬂoruit.
2238 949 2427 1004 Plures
2455 956 2756 1018 tractatus,
2815 965 2914 1007 seu
2940 964 3247 1016 sermones,
3281 951 3469 1006 habuit
3498 967 3596 1006 va-

1995 1040 2091 1094 riis
2119 1040 2190 1095 de
2219 1042 2578 1112 argumentis,
2610 1043 2700 1112 qui
2726 1050 2942 1097 exstant
2979 1044 3031 1098 in
3075 1042 3433 1098 Bibliotliecis
3485 1041 3588 1098 Pa-

1997 1142 2162 1188 trum.

2066 1251 2369 1306 Guilielmus
2394 1251 2589 1306 Caveas
2621 1250 2830 1378 Higstor.
2863 1251 3047 1331 Litter.
3085 1249 3285 1306 Eccles.
3323 1249 3516 1323 Scrlt'pt.

2720 1339 2796 1376 ec.
2834 1339 2906 1377 tv.

2720 1339 2796 1376 ec.
2834 1339 2906 1377 ιν.

2063 1433 2427 1496 GAUDENTIUS,
2463 1432 2618 1502 cuius
2647 1441 2742 1487 aut
2768 1432 2939 1499 nulla,
2971 1441 3065 1487 aut
3121 1446 3243 1488 rara
3297 1430 3590 1488 admodum

1989 1527 2130 1596 apud
2163 1525 2392 1581 Veteres
2422 1524 2685 1579 memoria
2705 1533 2754 1590 ει,
2793 1525 2921 1579 dum
2951 1525 3262 1596 provincias
3285 1525 3595 1580 Orientales

1988 1618 2268 1688 religionis
2299 1633 2427 1687 ergo
2460 1627 2797 1687 peragraret,
2831 1625 2887 1671 et
2908 1617 3055 1671 circa
3088 1631 3290 1670 annum
3322 1616 3426 1671 387
3467 1613 3591 1670 Cte-

1990 1726 2162 1766 sareaa
2184 1709 2552 1778 Cappadociae
2583 1710 2842 1777 litereret,
2870 1719 3088 1764 mortuo
3122 1710 3331 1764 interea
3383 1718 3596 1778 tempo-

1993 1801 2066 1854 ris
2111 1800 2398 1854 Philastrio
2453 1800 2651 1854 Brixia:
2699 1800 2995 1870 episcotio,
3042 1800 3091 1855 ei
3154 1800 3222 1854 ab
3276 1799 3592 1862 Ambrosio,

1989 1895 2220 1964 aliisque
2263 1879 2557 1966 provincia:
2600 1893 2897 1964 Cisalpinae
2939 1894 3218 1963 episcopis
3244 1938 3258 1961 ,
3303 1906 3594 1949 successor

1988 1987 2186 2042 absens
2211 1987 2562 2055 designatur;
2597 2000 2734 2041 neve
2759 1985 2959 2040 electio
2988 1986 3219 2054 alicujus
3268 1986 3456 2039 fraude
3502 1985 3587 2040 in-

1987 2093 2201 2133 cassum
2232 2078 2472 2144 cederet,
2497 2078 2839 2146 singulorum
2857 2075 3178 2146 jurantcnto
3206 2080 3589 2132 continuatur.

1987 2170 2230 2239 Cumque
2263 2169 2380 2223 ha-c
2409 2168 2648 2223 audisset
2677 2166 3047 2234 GAUDENTIUS,
3083 2178 3138 2223 et
3159 2168 3212 2223 in
3234 2167 3588 2224 Occidentem

1986 2261 2222 2316 reditum
2250 2261 2604 2325 detrectaret,
2632 2260 2795 2316 missa
2821 2268 2905 2314 est
2933 2259 3001 2313 ab
3024 2259 3298 2331 episcopis
3317 2261 3383 2316 ad
3410 2260 3585 2332 ipsum

1985 2353 2209 2424 legatio,
2242 2363 2299 2408 et
2326 2355 2392 2407 ad
2424 2351 2671 2407 Orientis
2698 2352 2862 2406 etiam
2897 2351 3185 2406 Antistites
3210 2392 3225 2417 ,
3281 2367 3386 2421 qua
3431 2368 3587 2422 roga-

1986 2459 2113 2503 runt
2145 2457 2202 2502 ut
2234 2447 2559 2501 renitentem
2587 2443 2790 2500 reverti
2835 2444 3190 2500 GAUDENTIUI
3243 2443 3585 2500 ecclesiasti-

1986 2540 2066 2596 cis
2097 2540 2352 2594 censuris
2382 2537 2805 2608 compellerent.
2843 2534 3068 2589 Factum
3125 2534 3210 2600 id;
3247 2545 3587 2606 coactusque

1985 2634 2166 2689 redire
2189 2632 2568 2695 GAUDENTIUS,
2627 2637 2941 2683 sanctorum
2987 2643 3054 2682 χι.
3092 2637 3394 2698 martyrum
3448 2626 3582 2682 reli-

1982 2729 2162 2798 quias,
2194 2705 2426 2780 a'sacris
2464 2723 2768 2793 virginibus
2797 2721 2855 2776 S.
2889 2721 3071 2776 Basilii
3105 2721 3357 2791 neptibus
3389 2719 3579 2776 Caesa-

1983 2833 2092 2873 rea:
2121 2817 2409 2885 agentibus
2440 2823 2721 2884 acceptas,
2747 2829 2936 2868 secum
2972 2813 3203 2878 detulit,
3238 2820 3293 2866 et
3322 2813 3582 2868 Ecclesia:

1983 2910 2255 2965 Brixiauae
2294 2911 2540 2977 regimen
2573 2909 2837 2977 suscepit.
2875 2909 3033 2960 Anno
3058 2903 3197 2970 405,
3230 2905 3425 2976 synodi
3465 2903 3577 2958 Ro-

1984 3017 2179 3070 manae,
2196 3011 2250 3057 et
2265 3001 2490 3056 Honorii
2513 3000 2863 3070 imperatoris
2880 2999 3106 3053 nomine
3122 2999 3450 3068 legationem
3471 3012 3578 3052 una

1981 3110 2103 3150 cum
2132 3093 2255 3149 aliis
2283 3094 2610 3164 quihusdam
2644 3093 2921 3164 episcopis
2953 3091 3158 3146 obiisse
3207 3091 3459 3156 videtur,
3522 3100 3583 3146 nt

1982 3189 2276 3244 Arcadium
2306 3189 2698 3259 imperatorem
2738 3187 3140 3259 Chrysostomo
3169 3187 3578 3254 subinfensum,

1980 3283 2314 3352 pacatiorem
2349 3281 2628 3338 redderet.
2661 3281 2779 3349 Quo
2809 3295 2956 3335 anno
2980 3295 3011 3335 e
3038 3279 3177 3334 rivis
3231 3289 3459 3350 ereptus
3483 3281 3579 3346 sit,

1979 3390 2170 3446 parum
2209 3375 2398 3446 liquet.

2048 3469 2221 3524 Non.
2259 3469 2451 3535 Quanti
2478 3477 2654 3522 autem
2677 3469 2973 3540 faciendum
3006 3469 3072 3522 sit
3103 3470 3198 3524 viri
3227 3467 3430 3522 clariss.
3479 3466 3579 3522 Se-

1937 3565 1945 3571 ’
1979 3563 2200 3616 bastiani
2235 3561 2556 3616 Tillemontii
2596 3563 2950 3616 testimonium
2987 3563 3224 3632 superius
3259 3560 3478 3615 allatum
3521 3561 3576 3612 in

1978 3655 2297 3727 Prwfatt'one
2327 3673 2468 3710 nunt.
2506 3655 2608 3724 24,
2638 3655 2777 3727 quod
2805 3655 3110 3724 Itttjusmodi
3149 3666 3224 3709 est
3264 3671 3282 3710 :
3323 3655 3574 3723 Quoique

1977 3763 2074 3803 sou
2108 3747 2247 3819 style
2277 3747 2582 3817 (Gaudentii
2604 3746 2808 3816 nempe)
2842 3747 3090 3816 paraisse
3134 3760 3286 3800 assez
3337 3745 3533 3815 simple
3560 3786 3577 3814 ,

1979 3839 2302 3894 néanmoins
2327 3840 2359 3892 il
2387 3857 2418 3893 a
2444 3839 2512 3893 de
2543 3837 2870 3908 l‘é’égance,
2903 3847 2959 3892 et
3004 3837 3112 3892 l'on
3143 3853 3177 3908 y
3201 3839 3314 3890 voit
3361 3851 3436 3890 un
3485 3835 3580 3906 gé—

1979 3929 2065 3984 nic
2106 3929 2215 3984 fort
2264 3930 2406 3983 doux
2433 3971 2448 3996 ,
2505 3940 2559 3984 et
2602 3945 2670 3983 en
2712 3930 2890 3983 metue
2918 3938 3098 3998 tenips
3143 3927 3247 3982 fort
3296 3927 3575 3998 agréable.

1977 4021 2110 4076 Mais
2135 4037 2270 4090 pour
2301 4021 2354 4075 le
2383 4019 2508 4075 fond
2541 4020 2640 4076 des
2672 4019 2896 4085 choscs,
2931 4019 2980 4072 la
3023 4018 3271 4073 doctrine
3296 4028 3351 4072 et
3382 4017 3463 4071 les
3491 4017 3575 4070 itt-

1975 4113 2280 4167 structions
2309 4127 2376 4166 cn
2409 4121 2539 4166 sont
2574 4110 2950 4171 excellentes,
2981 4119 3181 4162 asserat
3217 4108 3432 4180 ipsemet
3465 4105 3576 4162 Du-

1975 4207 2167 4277 pinius,
2200 4209 2355 4278 cujus
2380 4205 2558 4260 audax
2583 4206 2647 4258 de
2673 4203 3056 4258 Gaudentianis
3085 4204 3290 4272 scriptis
3315 4203 3578 4275 judicium

1973 4312 2036 4350 eo
2065 4296 2356 4349 testimonio
2379 4295 2698 4350 retunditur.
2732 4294 2860 4349 Htec
2891 4293 3043 4347 habet
3072 4294 3135 4347 de
3169 4291 3500 4346 Tillemontio
3523 4293 3577 4346 in

1974 4387 2227 4442 Bibliotlt.
2260 4405 2351 4442 sua
2387 4387 2753 4443 Ecclesiastica
2800 4385 3058 4459 Dupiuius
3088 4403 3104 4440 :
3136 4386 3241 4440 Lcs
3267 4385 3578 4456 ,Méuioires

1977 4492 2101 4536 sont
2130 4482 2295 4535 d’une
2323 4480 2630 4536 recliercbe
2661 4494 2900 4550 presque
2933 4479 3161 4539 infinie',
3211 4487 3264 4532 et
3292 4476 3586 4546 composés

1977 4587 2109 4628 avec
2139 4583 2288 4627 toute
2324 4571 2675 4626 l‘exactitnde
2729 4569 3072 4639 possible....
3123 4568 3226 4622 Lcs
3273 4576 3432 4621 notes
3480 4567 3574 4635 qui

1977 4677 2099 4720 sont
2122 4664 2152 4719 ὲ
2175 4667 2223 4719 la
2258 4663 2330 4718 fin
2359 4663 2428 4718 de
2458 4663 2670 4732 chaque
2697 4663 2913 4716 volume
2962 4671 3088 4715 sont
3125 4659 3486 4727 excellentes,
3523 4669 3578 4714 et

1976 4756 2139 4811 d'une
2161 4757 2395 4825 critique
2429 4755 2780 4810 tres-exacte.

2053 4849 2172 4903 Hoc
2227 4850 2482 4902 monitum
2531 4863 2626 4918 pro
2678 4846 3119 4901 Testimoniorum
3168 4846 3233 4900 de
3281 4843 3578 4900 Gaudentio

1979 4942 2226 4996 coronide
2245 4941 2605 5014 adjiciendum
2642 4940 2806 5013 jussit
2835 4937 3296 4992 Eminentissimus
3336 4938 3580 4993 editionis

1975 5035 2137 5102 huius
2168 5033 2452 5104 Mecmnas,
2486 5043 2540 5087 ut
2571 5033 2954 5090 Gaudentianis
2983 5033 3194 5103 scriptis
3242 5033 3408 5104 magis
3465 5048 3576 5086 ma-

1973 5129 2156 5200 gisque
2185 5145 2281 5183 sua
2304 5138 2462 5183 staret
2490 5129 2804 5194 auctoritas,
2837 5143 2995 5180 ouant
3027 5137 3218 5182 temere
3254 5135 3474 5181 conatus
3502 5133 3577 5180 est

1975 5219 2166 5274 tradere
2192 5218 2476 5293 Dupinius.

1979 5354 2229 5426 Palladii,
2255 5356 2436 5413 Ruﬁni
2461 5404 2474 5426 ,
2509 5367 2565 5415 et
2594 5359 2844 5431 aliorum,
2877 5372 2999 5427 quae
3031 5371 3196 5426 supra
3225 5355 3537 5412 attulimus.
3571 5369 3575 5379 '

1641 5653 2209 5689 ==_—"=_——_=
