4120 6174
483 307 580 364 831

1553 310 1610 365 S.
1653 309 2037 367 GAUDENTII
2080 312 2355 368 BRIXIA'L'
2384 314 2693 373 EPISCOPI

3673 319 3784 378 852

479 425 763 482 festivitati
812 428 1150 497 interesses,
1200 428 1471 497 inhibuit,
1522 428 1667 485 unde
1715 434 2072 486 vehementer
2099 435 2151 493 Λ
2176 431 2274 486 riis
2306 431 2397 503 (ut
2438 435 2718 505 comperi)
2750 437 2985 492 latenter
3033 437 3326 509 appositis,
3366 438 3559 506 procul
3600 438 3766 493 dubio

481 525 507 556 ἰ
524 518 773 587 dolebas,
788 520 1012 575 omnino
1037 520 1281 577 fraudem
1299 522 1395 577 tibi
1411 523 1777 592 spiritualium
1800 523 2068 578 bonorum

477 620 741 680 reputans
760 614 999 678 peccatis
1027 615 1347 685 urgentibus
1374 615 1668 686 irrogatam
1691 633 1702 668 :
1734 631 1797 669 ac
1815 624 2070 687 pr0pter-

474 716 539 757 ea
589 704 872 774 singulare
923 707 1197 777 quoddam
1244 708 1515 778 diSpendii
1562 710 1847 763 memorati
1892 723 2071 763 reme-

474 796 624 852 dium
663 815 991 871 magnopere
1031 803 1283 872 exegisti,
1316 813 1373 856 ut
1424 802 1721 857 scriberem
1759 802 1884 871 quid
1932 816 2069 855 una-

476 908 690 963 quaque
722 894 811 948 die
854 895 1001 950 illius
1030 896 1419 951 sacratissima:
1449 895 1834 958 hebdomadis,
1864 903 2068 949 sanctae

476 981 800 1039 fraternitati
852 1001 883 1040 a
941 1003 1027 1041 me
1084 988 1396 1058 expositum
1464 989 1859 1044 meminissem.
1912 986 2069 1055 Quod

484 1077 647 1147 plane
676 1093 779 1148 ego
809 1080 1202 1136 mediocritatis
1240 1098 1374 1137 mea:
1405 1084 1684 1148 conscius,
1714 1083 1909 1137 litteris
1942 1097 2067 1136 cre-

473 1168 606 1225 dere
635 1186 743 1225 non
768 1172 1049 1240 auderem,
1075 1174 1179 1227 nisi
1206 1181 1264 1228 tu
1289 1173 1316 1212 δ
1342 1176 1598 1245 religiosa
1624 1176 1881 1229 instantia
1906 1174 2070 1246 220

472 1265 865 1333 compulisses,
889 1266 1023 1321 satis
1050 1274 1133 1320 est
1159 1267 1303 1320 enim
1333 1266 1464 1320 mihi
1486 1311 1500 1334 ,
1535 1268 1579 1321 si
1611 1266 1885 1320 instruere
1917 1283 2069 1319 coui-

475 1356 697 1410 missain
742 1356 957 1425 plebem
991 1358 1108 1410 viva
1142 1358 1338 1413 saltem
1376 1373 1511 1413 voce
1553 1358 1843 1411 sufficiam.
1872 1357 2066 1412 Sciens

473 1449 657 1520 itaque
691 1460 711 1488 ο
748 1466 940 1505 verum
965 1450 1168 1505 divina:
1200 1454 1486 1521 sapientia:
1514 1462 1814 1508 amatorem
1842 1468 1949 1506 non
1973 1467 2067 1507 su-

473 1558 575 1611 per
623 1546 932 1599 assertione
970 1545 1245 1599 inutilium
1292 1562 1475 1601 rernm
1509 1547 1687 1601 inanis
1734 1547 2067 1616 eloquentiae

473 1649 729 1706 pompam
760 1653 1033 1704 quaerere,
1066 1638 1161 1692 sed
1191 1639 1489 1694 salutarem
1519 1639 1586 1694 de
1612 1638 1913 1708 Scripturis
1940 1654 2067 1693 san-

470 1728 573 1783 ctis
618 1730 1065 1797 explanatiooum
1121 1733 1536 1800 congruentium
1588 1730 1909 1787 desiderare
1969 1732 2067 1785 do-

2177 525 2538 595 interruptos,
2564 536 2621 581 et
2646 528 3167 597 semiplenosotiosa
3200 529 3564 600 quorumdam
3598 532 3779 586 studia

2175 617 2438 687 colligere
2482 631 2969 690 prtesumpserunt,
3005 621 3142 675 nihil
3181 621 3247 676 ad
3284 637 3372 676 me
3402 624 3622 676 attinet.
3658 622 3773 677 Mea

2168 708 2278 778 jam
2305 724 2411 763 non
2440 717 2587 773 sunt,
2617 720 2641 757 ις
2665 726 2788 779 qua:
2819 721 3035 767 Constat
3071 713 3336 781 praecipiti
3384 714 3777 781 excipientium

2173 800 2527 855 festinatione
2570 799 2597 837 δ
2646 817 2767 857 esse
2815 804 3127 875 conscripta
3164 822 3177 858 :
3212 820 3407 860 vereor
3472 814 3677 875 tamen,
3712 822 3782 863 ne

2171 898 2350 965 aliqua
2408 899 2507 953 sub
2568 898 2582 935 ί
2642 902 2921 956 sermonis
2971 903 3079 958 mei
3138 904 3301 959 titulo
3329 918 3478 959 sanie
3507 905 3629 960 fidei
3680 905 3781 961 ini-

2172 989 2313 1043 mica
2361 990 2525 1045 alieni
2572 1006 2793 1047 errores
2835 993 3155 1058 iuvolvant,
3188 1002 3245 1048 et
3287 995 3593 1050 efficiantur
3635 1012 3779 1051 sem-

2174 1083 2372 1151 piterni
2397 1087 2647 1140 criminis
2675 1086 2790 1154 rei,
2818 1088 2909 1157 qui
2941 1087 3143 1142 fuerint
3175 1087 3405 1143 incauta:
3442 1091 3601 1161 221
3634 1104 3776 1158 pra:-

2170 1177 2495 1244 Snmptionis
2546 1189 2818 1232 auctores.
2872 1180 3012 1247 Ergo
3064 1179 3321 1248 quoniam
3362 1180 3636 1235 desiderio
3685 1192 3776 1236 tuo

2169 1268 2376 1338 negare
2441 1285 2659 1337 Operam
2730 1287 2835 1324 tton
2904 1270 3057 1341 potui
3116 1272 3483 1339 postulatam,
3542 1272 3777 1327 breviter

2171 1359 2273 1413 tihi
2327 1358 2476 1429 prius
2527 1361 2842 1426 ostendam,
2922 1375 3029 1415 non
3105 1375 3328 1431 semper
3393 1363 3775 1430 aegritudinum

2172 1452 2354 1521 plagas
2404 1468 2499 1521 pro
2543 1463 2893 1521 peccatorum
2948 1453 3169 1508 cumulo
3201 1452 3405 1508 nostris
3450 1457 3776 1524 corporibus

2170 1545 2420 1614 irrogari.
2480 1545 2715 1600 Humani
2768 1547 3023 1614 corporis
3076 1556 3304 1613 natura,
3356 1563 3421 1602 ex
3479 1564 3588 1617 quo
3642 1564 3774 1603 sen-

2169 1639 2397 1691 tentiam
2424 1638 2771 1693 mortalitatis
2798 1639 3145 1707 excepit:Tu
3177 1650 3312 1693 terra
3340 1656 3415 1704 es,
3434 1652 3481 1693 et
3506 1642 3558 1693 in
3587 1651 3775 1695 terram

2169 1730 2265 1784 ibis
2294 1730 2464 1799 (Gen.
2498 1733 2587 1801 ιιι)
2609 1775 2622 1798 ,
2658 1732 3074 1786 infirmitatibus
3123 1732 3290 1787 variis
3338 1732 3587 1801 sultjacet
3612 1774 3626 1796 ,
3658 1733 3778 1789 sine

474 1820 732 1885 ctrinam,
766 1820 1006 1875 scribere
1036 1822 1430 1889 tibiaggrediar
1460 1824 1683 1876 omnino
1710 1824 1907 1877 iisdem
1936 1838 2061 1878 sen-
2094 1834 2139 1892 Β
2168 1824 2498 1879 discretione
2525 1824 2878 1895 cujusquam;
2922 1832 2978 1880 et
3020 1825 3276 1895 quamvis
3312 1833 3629 1894 peccatores
3676 1842 3776 1882 nos

469 1909 644 1979 sibus,
678 1919 733 1965 et
765 1910 999 1966 fortasse
1021 1913 1182 1967 etiam
1210 1914 1411 1979 verbis,
1443 1916 1642 1982 quibus
1669 1930 1754 1969 me
1782 1917 1835 1969 in
1874 1915 2068 1971 Eccle-

470 2001 552 2056 sia
598 2002 836 2057 locutum
888 2018 1013 2058 esse
1053 2007 1406 2073 reminiscor,
1441 2014 1497 2059 ut
1542 2006 1816 2077 loquelam
1858 2022 2065 2072 meam,

468 2094 891 2165 qualiscumque
924 2105 1031 2161 est,
1066 2097 1243 2165 facile,
1278 2114 1400 2153 cum
1435 2100 1653 2168 legeris,
1680 2115 2063 2171 recognoscas.

473 2182 499 2222 ιι
548 2186 793 2254 Quatuor
842 2198 1101 2256 prmterea
1156 2191 1437 2247 breviores
1480 2200 1774 2259 tractatus,
1822 2208 1960 2261 quos
1999 2194 2067 2249 de

467 2275 707 2332 diversis
734 2280 988 2348 capitulis
1021 2281 1297 2351 Evangelii
1329 2284 1471 2353 apud
1504 2293 1557 2339 te
1599 2286 1728 2339 olim
1764 2286 1932 2340 fuisse
1980 2302 2065 2341 me

472 2369 713 2424 locutum
750 2372 1061 2441 prodidisti,
1094 2383 1147 2428 ct
1174 2374 1425 2445 quintum
1456 2376 1524 2431 de
1554 2377 1881 2433 Machaba-is
1922 2395 2067 2432 mar-

470 2464 711 2531 tyribus,
742 2466 1062 2522 emendatos
1102 2469 1223 2537 tibi,
1258 2473 1513 2538 quoniam
1554 2473 1729 2541 cogis,
1765 2474 2061 2540 remittam,

469 2564 529 2611 ut
570 2572 687 2626 eos,
726 2560 776 2615 si
809 2561 916 2614 ulla
947 2563 1068 2616 utili
1109 2564 1373 2617 memoria
1424 2564 1619 2633 dignos
1656 2564 1959 2631 arbitraris,
2010 2566 2064 2619 iit

467 2659 743 2721 postrema
770 2666 921 2723 parte
943 2665 966 2693 ι’
998 2657 1277 2712 εοιιριιιιιίιι
1306 2657 1467 2728 hujus
1499 2659 1661 2713 simul
1696 2661 2063 2715 transcriben-

469 2742 573 2799 dos
598 2747 881 2819 adjungas.
914 2750 992 2806 De
1024 2750 1130 2806 illis
1162 2767 1293 2806 vero
1319 2754 1661 2822 tractatibus,
1697 2769 1836 2823 quos
1863 2752 1881 2790 τ
1909 2762 2051 2809 nota~

546 2920 571 2947 τι
604 2911 896 2971 Receotam
927 2913 1217 2969 lectionem
1250 2915 1539 2969 exturbare
1563 2914 1729 2972 uolui.
1762 2916 1889 2968 licet
1922 2930 2053 2969 mss.

470 2981 634 3054 codd.
663 2998 856 3052 magno
878 2999 1150 3039 consensu
1182 2986 1362 3054 legant
1394 2985 1605 3038 dolebas
1632 2988 1828 3039 animo.
1862 2986 2056 3040 Nescio

468 3069 536 3107 an
563 3053 797 3107 fortasse
823 3058 1169 3111 scribendum
1192 3053 1400 3109 dolebas
1423 3073 1486 3109 ea:
1510 3059 1721 3122 animo;
1749 3070 1800 3109 at
1831 3058 2053 3111 verbntu

2173 1931 2294 1971 esse
2322 1916 2609 1971 salubriter
2641 1917 2941 1985 fateamur,
2976 1935 3084 1972 non
3114 1930 3294 1972 tamen
3333 1918 3422 1971 vel
3458 1934 3521 1973 ex
3557 1921 3774 1989 vigore,

2173 2010 2256 2064 vel
2314 2026 2378 2063 ex
2429 2009 2715 2065 debilitate
2762 2011 2980 2075 carnis,
3032 2011 3356 2065 meritorum
3411 2012 3775 2080 ponderanda:

2169 2111 2297 2156 sunt
2332 2102 2655 2171 qualitates,
2702 2118 2825 2157 cum
2861 2103 3186 2173 frequenter
3228 2104 3496 2158 idolorum
3533 2106 3776 2159 cultores

2168 2194 2399 2249 sanitate
2422 2195 2691 2263 corporis,
2715 2210 2778 2250 ac
2812 2196 2970 2250 bonis
3000 2196 3158 2266 hujus
3182 2198 3365 2251 saaculi
3402 2196 3771 2265 perfruantur,

2171 2296 2227 2341 et
2250 2302 2280 2341 e
2303 2296 2492 2341 contra
2516 2286 2708 2342 divino
2730 2287 2897 2341 cultui
2926 2287 3260 2343 inhaerentes
3288 2289 3689 2359 aegritudinum,
3710 2304 3775 2345 ac

2171 2381 2590 2435 tribulationum
2639 2380 2929 2434 vexatione
2980 2388 3331 2449 qnassentur.
3366 2380 3498 2434 Nam
3545 2379 3774 2451 legimus

2173 2472 2487 2527 Abimelech
2518 2472 2775 2541 gentilent
2805 2486 3064 2541 regnasse
3094 2471 3249 2542 (Gen.
3275 2471 3391 2541 xx),
3410 2479 3467 2524 et
3497 2472 3770 2526 Abraham

2170 2571 2415 2618 sanctum
2463 2562 2918 2632 peregrinationis
2961 2563 3239 2617 molestias
3281 2564 3571 2633 pet-tulisse
3613 2563 3770 2635 (Gen.

2172 2660 2266 2727 xit)
2303 2676 2315 2711 :
2348 2668 2398 2712 et
2432 2656 2578 2712 illius
2605 2657 2789 2711 Laban
2820 2656 2943 2728 Syri
2980 2658 2993 2706 i
3034 2657 3336 2709 idololatrae
3367 2657 3771 2711 meroeuat-ium

2168 2752 2344 2808 fuisse
2389 2760 2633 2807 sanclum
2665 2750 2835 2807 Jacob
2864 2749 3030 2819 (Gen.
3065 2766 3227 2818 xxix,
3259 2749 3371 2820 '50)
3407 2767 3419 2803 :
3464 2761 3517 2805 et
3547 2752 3769 2823 Moysen

2162 2928 2302 2967 sacr.
2337 2913 2482 2967 Eccl.
2515 2910 2682 2965 Conc.
2713 2926 2764 2964 c.
2792 2910 2881 2966 98.
2927 2910 3025 2964 Hic
3054 2910 3234 2964 obiter
3262 2912 3644 2965 annotaverim
3686 2913 3767 2967 lo-

2160 3001 2281 3039 eum
2316 2984 2642 3037 Nazianzeni
2668 2983 2807 3034 male
2838 2998 2864 3033 a
2888 2981 3230 3035 Birkeiinero
3256 2981 3425 3036 fuisse
3451 2998 3764 3051 acceptum;

2162 3072 2303 3137 patir
2321 3056 2409 3108 uhi
2434 3057 2485 3108 iu
2518 3053 2726 3137 Graecis.
2748 3052 3002 3137 habetur,
3036 3058 3122 3107 καὶ
3148 3053 3391 3137 γραφίδες
3418 3060 3648 3129 φανεραὶ,
3674 3061 3763 3137 edi

471 3126 808 3207 vehementer,
836 3128 981 3195 quod
1018 3130 1294 3198 praecedit,
1330 3129 1583 3197 proitibet
1615 3121 1908 3197 quidquam
1958 3132 2055 3182 int-
2085 3121 2130 3184 C
2160 3127 2514 3208 ᾉανθάγουσαι,
2545 3134 2593 3208 et
2620 3125 2834 3208 ‘Cttlatlii
2865 3134 2968 3177 tam
3002 3121 3269 3208 perspii-ui
3289 3170 3301 3191 ,
3348 3121 3502 3208 quam
3544 3121 3764 3208 occulti,

473 3198 693 3251 mutari.

544 3265 571 3303 ι)
610 3267 973 3322 Cousentiunt
1004 3270 1058 3323 in
1094 3270 1233 3322 hanc
1265 3268 1558 3323 lectionem
1593 3284 1722 3323 mss.
1757 3266 1927 3323 Codd.
1962 3310 1973 3326 .
2009 3280 2059 3323 et

470 3338 543 3392 ita
593 3338 817 3391 omnino
868 3340 1156 3406 legendum
1210 3340 1538 3396 videtur.ut
1591 3344 1885 3394 conveniat
1930 3341 2060 3394 illud

470 3408 613 3483 quod
656 3422 820 3470 supra
871 3409 1025 3483 dixit,
1053 3427 1363 3483 magnopere
1401 3411 1634 3479 exegisti.
1671 3410 1811 3464 Infra
1845 3411 2008 3464 etiam
2047 3429 2058 3464 :

475 3479 714 3545 Quatuor
735 3490 982 3547 praeterea
1010 3479 1264 3535 breviores
1307 3491 1577 3545 tractatus,
1609 3484 1907 3535 emendatos
1947 3484 2055 3547 tibi,

470 3552 715 3623 quoniam
742 3552 905 3619 cogis,
934 3553 1212 3607 remittam.
1246 3552 1302 3606 lu
1348 3553 1511 3607 editis
1542 3556 1785 3623 religiosa
1823 3566 2063 3606 constan-

471 3620 565 3682 tia,
595 3623 740 3689 quod
765 3624 913 3676 nullo
945 3626 1107 3678 modo
1138 3625 1444 3691 putavimus
1485 3620 1854 3683 retinendum,
1875 3640 2061 3690 quain-

470 3691 550 3745 vis
580 3693 851 3759 vulgatam
887 3695 1177 3750 lectionem
1207 3704 1425 3750 tueatur
1454 3695 1598 3749 liber
1620 3696 1829 3750 Octavii
1865 3695 2061 3750 Panta-

475 3764 620 3831 gathi
653 3767 813 3832 paulo
852 3778 980 3819 ante
1013 3765 1286 3821 laudatus.

546 3843 568 3871 ε
600 3833 657 3887 ltt
692 3851 851 3895 niss.,
880 3838 1067 3891 cirum.
1096 3837 1250 3905 Quod
1280 3839 1547 3907 sequitur,
1570 3837 1741 3890 inanis
1761 3837 2059 3905 eloquentia:

470 3920 713 3973 pompam
762 3923 991 3973 qua’rcre
1014 3953 1027 3973 ,
1061 3912 1370 3963 observavit
1408 3909 1686 3969 Barthius,
1711 3908 1762 3960 in
1797 3909 2059 3961 Animad-

468 3988 613 4029 vers.
649 3975 715 4030 ad
750 3978 841 4030 lib.
868 3979 887 4033 Ι
920 3979 1261 4048 Philippidos
1292 3980 1551 4035 Gulielmi
1582 3978 1847 4048 Britonis,
1882 3980 1933 4031 in
1963 3994 2056 4033 se-

470 4049 718 4119 quiorem
770 4062 992 4119 senatui
1046 4047 1257 4117 accipi,
1292 4062 1349 4103 nt
1393 4066 1580 4118 pompa
1624 4047 1825 4115 surculi,
1868 4066 2057 4119 pompa

471 4116 783 4172 dwmonum.
826 4118 959 4173 Vide
1005 4116 1262 4174 annotata
1288 4122 1360 4173 ilti
1392 4116 1419 4173 ἐι
1457 4120 1677 4172 ΙιςιΓΙΙιιιι
1702 4159 1718 4182 ,
1750 4135 1800 4185 p.
1832 4120 1915 4172 Η.
1966 4116 2057 4175 Sic

469 4189 631 4261 etiam
671 4188 811 4254 Cic.,
850 4204 888 4243 ιι
936 4189 1089 4244 Fam.
1126 4208 1213 4261 ep.
1249 4191 1317 4245 16
1352 4209 1363 4243 :
1401 4190 1608 4261 Accedit
1648 4192 1801 4261 etiam
1841 4189 2057 4243 molesta

472 4256 579 4310 lucc
604 4274 789 4321 pompa
818 4262 1057 4314 lictorum
1083 4256 1334 4326 nieorum;
1362 4269 1485 4316 ettv
1510 4260 1696 4315 Tusc.:
1725 4260 1827 4313 Illa
1846 4261 2055 4329 quidem

468 4343 534 4380 ea:
570 4331 833 4402 rhetorum
867 4349 1072 4402 pompa,
1098 4334 1310 4386 ardores
1338 4334 1653 4395 animorum,
1678 4341 1914 4399 cotesque
1952 4333 2054 4384 uir-

469 4407 654 4475 tutum.
694 4400 829 4454 Ilinc
852 4400 1146 4475 pompatice
1176 4403 1399 4475 ingredi,
1430 4406 1596 4475 Alnos
1623 4418 1697 4456 Vl.

538 4466 564 4504 ἀ
598 4468 801 4523 Horum
836 4466 1043 4543 primus
1082 4480 1165 4527 est
1192 4466 1260 4527 de
1293 4466 1622 4543 Paralytico,
1652 4472 1741 4541 qui
1782 4471 1833 4524 in
1861 4471 2052 4526 ordine

464 4551 721 4594 censetur
741 4542 1082 4604 ulldet'illltls.
1109 4559 1231 4598 cum
1259 4546 1437 4598 tribus
1456 4542 1843 4612 sequentibus.
1871 4543 2055 4611 Itaque

466 4625 751 4665 sermones
778 4614 1059 4673 paschales
1094 4615 1301 4681 priores
1328 4617 1541 4671 decem.

544 4691 565 4717 θ
580 4684 712 4756 Cod.
732 4683 883 4740 Flor.
908 4687 1035 4753 legit
1052 4685 1639 4756 schidw,Vat..iiterque
1660 4684 1883 4739 SChtI’dt'B.
1904 4683 2052 4739 Hier.

469 4751 719 4828 Epitaph‘
768 4751 1011 4826 Nepote:
1051 4757 1373 4828 Nrpotianus
1412 4751 1583 4811 noster
1629 4758 2051 4828 aurumcalcat.

464 4825 741 4879 schedutas
765 4825 1109 4883 consectatur.
1131 4825 1202 4884 lat
1228 4830 1389 4884 Praef.
1422 4829 1475 4883 itt
1513 4828 1635 4883 Job.
1668 4845 1681 4881 :
1716 4827 1869 4889 Mihi,
1904 4828 2059 4879 meis-

462 4912 562 4971 que
596 4908 889 4971 permittant
918 4917 1173 4971 pauperes
1205 4903 1389 4955 habere
1413 4898 1709 4971 schedulas,
1744 4908 1787 4951 et
1814 4914 1930 4971 non
1950 4910 2055 4971 tam

463 4966 713 5036 pulchros
742 4966 967 5036 codices,
1000 4966 1154 5035 quam
1192 4974 1513 5025 emendatos.
1558 4970 1786 5035 Schedu,
1816 4980 1861 5023 et
1893 4968 2060 5023 Sche-

466 5035 642 5099 dium,
669 5042 810 5104 apud
865 5040 1165 5109 Barthium,
1211 5043 1305 5098 lib.
1353 5058 1425 5096 xu
1477 5042 1685 5097 Advers
1717 5084 1731 5107 ,
1759 5055 1809 5094 c.
1847 5039 1936 5103 18,
1967 5041 2055 5094 ubi

467 5112 630 5161 etiam
666 5110 810 5163 hunc
838 5108 1126 5165 Gaudentii
1156 5108 1335 5168 locum
1362 5114 1540 5168 alTeit.

542 5176 561 5216 ί
598 5177 1077 5254 Notariislatenter
1098 5186 1377 5253 appositis.
1403 5186 1619 5254 Scripto
1643 5182 2057 5254 excipiebantur

462 5249 614 5325 olitn_
641 5253 710 5303 ah
754 5249 1211 5325 auditorilius,'et
1240 5260 1408 5319 clam.
1439 5264 1496 5309 et
1531 5249 1710 5325 palam
1752 5249 2053 5307 dicentium

460 5322 778 5393 conciones,
810 5322 878 5377 de
918 5339 1025 5389 quo
1056 5324 1283 5392 insignis
1315 5326 1470 5380 valde
1497 5322 1579 5379 est
1612 5328 1767 5378 locus
1803 5325 2055 5393 Gregorii

460 5391 813 5467 Naziangeni.
838 5394 988 5448 Orat.
1018 5394 1085 5448 ad
1121 5391 1228 5451 150
1264 5400 1575 5467 episcopos,
1607 5396 1656 5451 J.
1694 5395 1852 5449 lsillio
1882 5391 2053 5448 inter-

459 5476 644 5533 prete:
676 5463 873 5533 Valete,
890 5482 1184 5520 sermonum
1210 5463 1439 5520 meorum
1458 5463 1745 5529 amatores,
1767 5478 1816 5519 et
1844 5481 2048 5533 cursus,

456 5546 507 5590 et
535 5537 929 5600 concursiones,
946 5547 995 5592 et
1020 5536 1210 5591 calami
1235 5548 1339 5591 tam
1356 5539 1636 5605 perspicui.
1656 5553 1813 5605 quam
1837 5537 2051 5603 occulti;

456 5608 653 5678 quoin
708 5608 829 5664 loco
879 5610 1216 5678 perspicuos.
1252 5618 1307 5664 et
1338 5609 1585 5663 occultos
1628 5608 1869 5662 calamos
1916 5608 2052 5663 nihil

454 5677 605 5749 aliud
636 5677 970 5749 significare,
996 5677 1157 5749 quam
1195 5682 1445 5745 notarios,
1473 5683 1588 5749 qui,
1622 5681 1738 5733 sive
1764 5679 2050 5739 clamsive

454 5748 641 5871 palam
675 5748 862 5818 positi,
894 5748 1023 5820 quae
1057 5751 1266 5807 diceret
1312 5748 1689 5825 Nazianzenus
1719 5751 1926 5819 scripto
1957 5765 2049 5805 ve-

476 5819 650 5871 ociter
667 5824 1009 5871 εἰώθει-(ειη.
1026 5832 1177 5871 recte
1195 5824 1449 5871 (minatur
1476 5820 1696 5871 Fi-rrar.
1726 5822 1760 5871 I.
1789 5822 1914 5871 title
1936 5820 2044 5871 Bil.

476 5819 650 5872 ociter
667 5819 1009 5890 escipercnt,
1026 5832 1177 5879 recte
1195 5824 1449 5894 opinatur
1476 5820 1696 5878 Ferrar.
1726 5822 1760 5877 I.
1789 5836 1825 5875 ιι
1848 5822 1914 5877 de
1936 5820 2044 5875 Bit.

2170 3198 2286 3263 ipsi:
2318 3201 2702 3263 interpretatus
2731 3204 2834 3256 est,
2863 3212 2953 3248 nec
3002 3211 3102 3248 non
3141 3196 3548 3249 calumniatores
3597 3198 3768 3250 mani-

2168 3269 2303 3337 festi,
2329 3278 2377 3321 et
2406 3265 2622 3327 occulti,
2646 3282 2748 3337 qua
2784 3268 2962 3337 inepta
2986 3269 3259 3337 eversione
3302 3274 3468 3319 totam
3515 3267 3764 3331 Gregorii

2166 3335 2490 3393 Sententiaui
2547 3335 2913 3391 labefactavit.
2984 3336 3061 3390 De
3123 3339 3513 3405 exceptorihus
3567 3339 3765 3394 videsis

2164 3426 2287 3479 qua:
2317 3410 2748 3479 diximnsgsupra
2800 3408 2851 3460 in
2897 3408 3057 3461 Praef.
3094 3409 3159 3463 ad
3197 3408 3587 3472 Gaudentium,
3618 3427 3673 3463 ιι.
3705 3413 3761 3464 5.

2166 3477 2359 3535 Plures
2396 3489 2522 3532 sunt
2549 3477 2841 3533 Gandentii
2878 3489 3139 3533 tractatus
3189 3495 3217 3532 a
3268 3482 3494 3533 notariis
3526 3482 3762 3547 excepti,

2166 3564 2223 3605 nt
2254 3568 2321 3606 ex
2362 3566 2550 3606 eorum
2586 3550 2754 3602 lilttlis
2787 3551 2924 3602 infra
2956 3551 3189 3615 patebit;
3224 3550 3536 3619 hujusmodi
3579 3563 3761 3607 autent

2164 3638 2453 3677 sermones
2483 3631 2671 3689 postea
2695 3635 2856 3687 quam
2882 3625 3095 3689 excepti
3118 3631 3326 3681 essent,
3358 3623 3607 3675 solebant
3633 3638 3756 3675 con-

2162 3697 2448 3748 cionantes
2501 3692 2599 3760 ipsi
2629 3706 2658 3744 a
2700 3690 2931 3745 initariis
2976 3693 3249 3760 accipere,
3279 3702 3334 3746 et
3372 3692 3563 3761 majori
3606 3708 3756 3758 cura,

2161 3780 2225 3818 ac
2253 3764 2472 3818 solertia
2516 3762 2835 3829 emendare,
2869 3772 2924 3815 ut
2966 3762 3136 3831 liquet
3174 3778 3240 3817 ex
3274 3764 3468 3816 eodem
3500 3762 3760 3819 Gauden-

2162 3834 2260 3902 tio,
2286 3844 2342 3889 et
2372 3834 2637 3898 Gregm-io
2666 3832 2879 3900 Magno.
2915 3835 3003 3893 oui
3036 3849 3162 3887 suas
3186 3836 3237 3886 in
3281 3834 3622 3889 Ezechielem
3660 3840 3755 3887 ho-

2163 3906 2338 3959 inilias
2373 3907 2437 3959 ad
2469 3906 2769 3959 Marianum
2804 3904 3123 3970 episeopqu
3158 3906 3379 3957 mittens
3408 3905 3486 3957 sic
3524 3906 3755 3959 seribit:

2161 3975 2445 4037 Homilies,
2479 3992 2594 4045 qua?
2634 3976 2687 4027 in
2729 3975 2933 4029 beatum
2974 3975 3293 4028 Ezechielem
3344 3974 3671 4045 pronhetam,
3700 3986 3758 4029 ut

2157 4063 2332 4100 coram
2384 4047 2580 4113 papula
2628 4046 2902 4116 loquebar,
2938 4060 3164 4116 excep'az
3197 4055 3341 4111 sunt,
3376 4047 3558 4099 multis
3614 4048 3754 4099 ruris

2157 4118 2470 4170 irruentibus
2515 4117 2570 4169 in
2608 4115 2893 4169 abolitione
2938 4115 3273 4186 relitjueram.
3303 4116 3409 4172 Sed
3442 4129 3557 4187 past
3593 4134 3755 4170 annos

2159 4200 2295 4254 octo,
2328 4188 2614 4253 petentibus
2665 4188 2952 4256 fratribus,
2989 4189 3314 4240 notariorum
3354 4187 3629 4241 schedulus
3674 4205 3756 4240 re-

2156 4275 2362 4341 quirere
2385 4258 2588 4341 studui,
2614 4264 3059 4341 easque,._fuven.te
3078 4257 3328 4341 pomino,
3351 4270 3710 4341 transcurrens
3734 4304 3749 4325 ,

2157 4328 2210 4383 in
2236 4342 2489 4399 quantum
2521 4330 2583 4381 ab
2624 4330 2883 4398 angustiis
2931 4328 3326 4382 tribulationum
3377 4331 3545 4394 licuit,
3580 4345 3754 4383 emen-

2157 4403 2299 4454 davi.
2334 4400 2674 4455 Gaudentius
2699 4406 2812 4467 ipse
2845 4400 3005 4468 paulo
3035 4415 3198 4469 supra
3226 4417 3238 4452 :
3280 4402 3515 4467 Quatuor
3545 4411 3754 4468 pra'ler-

2160 4488 2219 4543 ea
2273 4473 2532 4524 breviores
2589 4481 2863 4543 tractatus,
2920 4486 3050 4539 quos
3104 4470 3436 4543 de_diversis
3510 4472 3752 4543 capitulis

2163 4542 2437 4614 Evangelii
2477 4544 2695 4614 apudte
2717 4542 2844 4614 olim
2870 4544 3031 4614 fuisse
3063 4560 3140 4595 me
3172 4540 3418 4614 locutum
3450 4540 3748 4614 prodidisti,

2159 4625 2207 4667 et
2237 4611 2477 4684 quintum
2499 4614 2561 4665 de
2588 4611 2903 4665 Mai-htibtcis
2944 4613 3285 4682 martyribus,
3314 4613 3611 4665 emendatos
3641 4614 3750 4679 tibi,

2158 4686 2409 4755 quoniam
2440 4687 2604 4755 coyis,
2626 4684 2907 4755 remittam.
2938 4684 3105 4755 l'orro
3156 4684 3287 4736 istos
3318 4684 3607 4755 Gaudentii
3641 4695 3755 4735 tta-
3802 4686 3807 4689 ’

2160 4752 2360 4818 elatus,
2390 4760 2478 4820 qui
2504 4752 2636 4818 'post
2682 4754 2972 4822 paschales
3006 4752 3300 4815 habentur,
3342 4770 3371 4805 a
3400 4754 3630 4807 notariis
3662 4770 3755 4807 ex-

2160 4838 2350 4892 ceptos
2383 4826 2575 4888 fuisse,
2608 4825 2801 4878 titulus
2822 4826 3019 4878 indicat
3059 4843 3070 4878 :
3101 4824 3369 4891 Incipiunt
3399 4826 3607 4895 excepti
3658 4838 3759 4877 tra-

2162 4909 2330 4950 ctatus
2361 4900 2423 4950 de
2448 4896 2666 4951 diversis
2689 4898 2957 4960 capitulis.
2985 4895 3185 4950 Verum
3221 4912 3326 4951 non
3359 4897 3601 4950 omnium
3638 4912 3759 4963 pas-

2160 4970 2285 5033 siiu,
2311 4979 2403 5021 aut
2425 4968 2742 5021 discrimirn-
2764 4968 2942 5028 nullo,
2962 4970 3259 5021 conciones
3280 4968 3454 5035 excipi
3480 4967 3752 5033 solebant,

2160 5040 2256 5093 sed
2289 5055 2477 5094 eorum
2514 5047 2721 5091 tantum
2754 5039 2843 5105 qui
2872 5038 3182 5093 indicendo
3212 5038 3573 5104 excellerent,
3607 5048 3663 5090 ut
3688 5053 3753 5090 ex

2159 5110 2418 5165 Fet-rario
2455 5110 2703 5163 habetur.
2737 5109 2814 5162 De
2853 5110 3098 5173 notariis,
3124 5122 3178 5164 et
3209 5125 3399 5163 eorum
3448 5114 3593 5161 notis
3630 5107 3757 5160 vidc

2159 5181 2307 5251 Lips.
2340 5182 2393 5236 in
2426 5184 2587 5251 episn
2621 5181 2687 5234 ad
2712 5179 2963 5233 Leonard
2992 5180 3173 5245 Less.,
3208 5190 3356 5235 cent.
3380 5180 3433 5247 l,
3464 5180 3530 5233 ad
3563 5179 3755 5249 Belgas

2159 5267 2250 5307 eo.
2280 5254 2372 5306 27.

2197 5269 2255 5369 pii
2448 5322 2623 5389 Flor.,
2656 5337 2772 5391 qua:
2800 5331 3017 5374 constet.

2231 5392 2258 5430 ⁸³
2290 5394 2418 5449 Mss.
2443 5393 2628 5457 codd.,
2655 5394 2879 5446 concisa.
2918 5393 3231 5463 BeSpondet
3257 5394 3387 5448 illttd
3417 5394 3561 5463 quod
3587 5406 3752 5461 supra

2155 5464 2647 5528 dixitinterruptos,
2674 5474 2720 5517 et
2754 5462 3092 5530 semiplenos.
3123 5464 3259 5519 Cod.
3295 5462 3507 5520 Octavii
3550 5466 3749 5520 Panta-

2154 5538 2299 5607 gathi
2335 5539 2462 5606 legit
2490 5552 2597 5589 esse
2621 5537 2849 5603 concisa,
2880 5540 3023 5589 sicut
3059 5538 3221 5591 etiam
3256 5538 3307 5590 in
3338 5537 3610 5606 superiori
3638 5550 3752 5604 qui:

2155 5618 2372 5663 constet.

2235 5680 2249 5716 ί
2286 5682 2359 5734 Ita
2389 5677 2513 5733 rod.
2531 5676 2683 5732 Flor.
2698 5719 2712 5740 ,
2729 5675 2879 5731 Vatt.
2897 5675 3027 5741 duo,
3045 5676 3283 5744 itemque
3300 5678 3470 5734 editio
3481 5678 3747 5734 Parisien.

2159 5760 2215 5806 et
2241 5751 2529 5817 Colonien.
2559 5745 2615 5801 In
2649 5750 2890 5802 editione
2918 5747 3266 5817 Lugduneusi
3300 5752 3454 5805 deest
3482 5752 3604 5806 mei.

2230 5824 2240 5869 i
2286 5822 2341 5875 In
2376 5835 2476 5875 ms.
2511 5816 2731 5875 Floren.
2766 5817 2964 5888 legitur
2988 5816 3262 5889 ydolatrte.
3290 5816 3628 5891 iampridem
3651 5816 3749 5879 ob:
