4120 6174
590 248 693 307 859

1658 255 1718 315 8.
1762 253 2144 317 οΑυοΕΝτιι
2186 257 2798 321 ΒΗΙΧΙᾹῦ“ΕΡ18(ΣΟΡΙ

3726 270 3830 330 illo

588 361 685 417 sed
729 362 865 433 ipsis
909 362 1075 419 etiam
1115 366 1369 436 corporis
1414 367 1499 421 sui
1539 366 1827 432 carnibus,
1868 367 2189 425 inconcussa
2219 379 2272 441 Α
2299 388 2429 429 nere
2473 373 2793 441 cupientes,
2843 371 3079 428 oderunt
3134 372 3510 429 verberantem
3536 374 3829 444 iustum;de

584 451 731 521 tide,
796 454 1033 522 possidet
1086 471 1250 511 verus
1297 455 1395 510 Dei
1438 456 1636 513 cultor.
1698 468 1724 494 ιι
1792 457 1965 513 Verus
2036 462 2184 515 enim

586 544 680 601 Dei
727 550 902 602 cultor
956 548 1047 604 ille
1095 558 1204 615 est,
1250 550 1407 619 cujus
1454 549 1595 605 ﬁdes
1632 550 1776 605 inter
1822 552 2050 607 adversa
2077 568 2183 607 non

585 637 767 694 deﬁcit
792 681 805 704 ,
848 641 1002 709 cujus
1043 640 1225 712 lingua
1278 642 1610 698 benedicere
1638 659 1837 698 nomen
1872 644 2185 699 Dominisui

582 732 637 787 in
668 734 816 788 omni
848 735 1221 804 angustiarum
1257 746 1525 806 tempore,
1555 735 1583 776 ι’
1614 738 1666 791 in
1693 738 1842 791 omni
1883 737 2185 793 tribulatio-

583 841 711 881 num
743 826 897 896 plaga
931 843 1035 883 non
1057 829 1280 898 desinit,
1314 830 1504 886 dicens
1533 848 1548 885 :
1594 829 1911 885 Benedicam
1961 832 2185 886 Domino

581 918 635 975 in
703 922 841 974 omni
889 930 1156 993 tempore,
1216 940 1420 995 semper
1478 925 1593 979 laus
1637 928 1752 997 ejus
1800 926 1853 977 in
1912 941 2001 979 ore
2073 942 2184 979 meo

582 1013 702 1087 (Ps.
736 1014 953 1083 χχχιιι).
978 1016 1032 1072 Si
1066 1026 1319 1085 peccator
1348 1032 1679 1087 es,agnosce
1712 1033 1811 1085 pro
1841 1016 2184 1072 correctione

580 1108 741 1178 227
762 1119 847 1161 tua
871 1108 1148 1178 essequod
1166 1108 1420 1176 caederis,
1454 1111 1535 1163 vel
1551 1122 1700 1164 certe
1722 1124 1820 1179 pro
1842 1111 2181 1180 purgatione,

578 1198 720 1253 sicut
745 1214 905 1270 supra
935 1199 1191 1255 disserui.
1226 1199 1284 1255 Si
1313 1212 1492 1257 autem
1512 1202 1695 1270 justus
1717 1218 1795 1265 cs,
1842 1218 2037 1257 nomen
2063 1203 2183 1272 qui-

578 1289 701 1345 dem
724 1290 1214 1361 justiprcesumere
1243 1309 1348 1348 non
1393 1294 1646 1359 audebis,
1698 1294 1970 1363 intelliges
2002 1303 2179 1347 tamen

580 1386 646 1439 ad
688 1386 878 1455 gloriae
910 1398 1016 1442 tua:
1068 1388 1446 1459 probationem
1489 1389 1713 1443 evenire
1761 1390 1903 1458 quod
1954 1388 2176 1457 pateris.

580 1477 858 1546 Scriptum
888 1488 973 1533 est
1020 1480 1165 1535 enim
1216 1497 1229 1533 :
1273 1479 1410 1534 Vasa
1468 1479 1616 1552 figuli
1649 1480 1835 1551 probat
1864 1480 2057 1548 {ornato
2082 1523 2095 1546 ,
2132 1487 2181 1532 et

578 1573 811 1627 homines
852 1576 1024 1645 justos
1082 1575 1298 1628 tentatio
1356 1574 1707 1627 tribulationis
1758 1572 1930 1643 (Eccl.
1978 1570 2174 1641 xxvn).

576 1662 705 1719 Ideo
734 1674 955 1718 sanctus
985 1680 1203 1735 quoque
1233 1664 1533 1733 Apostolus
1566 1665 1725 1719 dicit:
1764 1664 2055 1719 Tribulatio
2084 1680 2179 1735 pa-

2291 465 2725 521 emendabilibus
2746 474 2949 531 autem,
3000 462 3193 527 Multa,
3238 464 3429 534 inquit,
3458 468 3653 539 flagella
3678 486 3828 536 ρεεω-

2290 562 2459 608 torum
2486 553 2603 625 (Ps.
2623 554 2772 623 xxxi)
2795 572 2805 607 :
2834 555 2904 609 de
2934 554 3137 609 sanctis
3163 569 3311 617 vero,
3332 554 3528 623 Mutua,
3550 560 3637 621 ait,
3656 561 3832 615 tribula-

2290 650 2454 701 tiones
2468 650 2733 721 justorum
2757 646 2875 718 (Ps.
2900 650 3115 717 xxxiii).
3156 646 3267 703 Nec
3288 648 3504 704 diliicile
3532 653 3730 706 omnino
3765 665 3835 710 est

2288 738 2579 809 unicuique
2608 737 2636 775 ἀ
2666 739 2959 807 spirituali,
2994 747 3053 794 ut
3076 738 3217 793 hanc
3237 739 3599 796 diver~itatem
3627 760 3685 798 ex
3736 744 3831 801 fru-

2287 830 2467 884 ctibus
2498 832 2763 900 cujusque
2790 830 3079 897 dijudicet,
3103 831 3320 885 dicente
3353 831 3573 889 Dcinino
3600 853 3613 887 :
3641 834 3716 890 Et:
3734 842 3832 907 {ru-

2286 924 2451 977 ctibus
2480 940 2659 976 eorum
2688 924 3006 995 cOgnoscetis
3037 940 3123 977 eos
3163 924 3380 994 (Matth.
3416 942 3525 993 vm,
3567 927 3677 989 20).
3723 929 3835 986 Nam

2291 1023 2314 1050 θ
2335 1014 2556 1068 confusa
2588 1028 2710 1069 esse
2738 1016 2879 1083 apud
2906 1030 3003 1069 nos
3029 1013 3233 1081 omnia,
3258 1016 3554 1087 philosophi
3577 1016 3833 1076 Gentilium

2279 1106 2561 1175 judicant;
2593 1120 2715 1160 cum
2749 1104 3039 1176 spiritualis
3069 1104 3225 1159 homo
3256 1106 3548 1175 discernat,
3590 1121 3636 1163 et
3664 1110 3836 1183 dijudi-

2283 1208 2360 1250 cet
2390 1199 2587 1264 omnia,
2623 1205 2681 1251 ut
2700 1200 2775 1251 ait
2803 1198 3119 1266 Apostolus,
3155 1201 3271 1269 ipse
3296 1212 3466 1253 autent
3496 1219 3525 1253 a
3554 1204 3735 1258 nemine
3751 1206 3832 1273 ju-

2283 1290 2481 1343 dicetur
2513 1291 2555 1360 (ι
2588 1291 2707 1345 Cor.
2736 1290 2819 1361 ιι).
2856 1290 2873 1327 ί
2904 1291 3154 1346 Nonnulli
3194 1294 3338 1347 enim
3372 1296 3703 1365 piuilentium
3743 1313 3833 1353 ste-

2282 1384 2411 1450 culi,
2443 1385 2723 1453 sapientia:
2750 1386 2988 1441 caelestis
3022 1387 3232 1455 ignari,
3260 1388 3386 1443 dum
3412 1389 3834 1446 voluntsl'orluita

2281 1486 2528 1533 astruere
2570 1480 2821 1534 universa
2882 1496 3001 1547 qua:
3032 1490 3247 1537 creator
3277 1484 3519 1537 omnium
3560 1484 3691 1538 Deus
3712 1485 3836 1552 justo

2282 1569 2657 1623 moderamine
2719 1570 3072 1639 providenter
3126 1569 3384 1635 exercet.
3429 1574 3498 1628 ita
3542 1575 3832 1644 loquuntur:

2282 1658 2309 1696 λι
2333 1660 2391 1716 Si
2420 1661 2510 1713 Dei
2536 1662 2873 1730 providentia
2901 1662 3299 1733 gubernaretur
3330 1665 3418 1719 hic
3448 1667 3687 1733 mundus,
3711 1682 3838 1720 nutus

573 1757 809 1811 tientiam
863 1768 1132 1827 operatur,
1180 1758 1429 1829 patientia
1485 1757 1845 1825 probationem
1866 1798 1880 1821 ,
1940 1755 2175 1822 probatio
2204 1768 2254 1829 Β
2280 1769 2439 1824 quam
2462 1753 2771 1823 promiscue
2799 1755 2993 1821 bonos,
3021 1764 3075 1810 ct
3105 1756 3277 1810 malos
3309 1757 3725 1819 tribulationum,
3753 1756 3836 1813 tio-

574 1865 741 1919 spem,
765 1866 881 1919 spes
907 1859 1081 1904 autent
1109 1866 1213 1904 non
1239 1851 1511 1920 confundit
1542 1850 1719 1921 (Rom.
1754 1847 1834 1919 v).
1873 1850 2016 1920 Ergo
2039 1865 2174 1913 quo-

574 1942 719 1996 niam
753 1941 845 1996 vel
874 1942 942 1996 ad
976 1942 1357 2010 probationem
1382 1942 1568 2011 justis,
1618 1942 1706 1995 vel
1739 1942 1803 1994 ad
1837 1941 2175 1996 emendatio-

574 2049 699 2090 nem
734 2035 1140 2105 peccatoribus,
1184 2036 1269 2090 vel
1300 2035 1367 2090 ad
1412 2050 1629 2106 poenam
1684 2035 1989 2105 sacrilegis,
2036 2035 2173 2090 varii

572 2130 845 2182 cruciatus
874 2128 927 2181 in
974 2126 1079 2184 boc
1109 2127 1312 2183 smculo
1342 2128 1691 2198 irrogantur;
1746 2135 1803 2181 et
1846 2126 2172 2195 quibusdam

570 2220 871 2277 mortiferae
910 2231 1041 2276 sunt
1097 2223 1215 2276 istae
1260 2222 1455 2292 plagtn,
1487 2221 1810 2292 quibusdam
1862 2222 2166 2276 salutares:

569 2324 861 2384 pr0pterea
890 2329 1011 2367 cum
1042 2312 1396 2368 distinctione
1426 2328 1639 2369 summa
1662 2311 1922 2367 scribitur
1946 2313 1997 2365 in
2027 2312 2170 2366 libro

572 2406 935 2475 Psalmorutn,
958 2406 1026 2461 de
1054 2406 1426 2476 pertinacibus
1450 2406 1668 2473 quidem
1699 2405 1857 2460 malis
1885 2406 1990 2459 ita:
2024 2404 2170 2459 Mors

569 2508 901 2568 peccatorum
925 2499 1148 2566 pessima
1167 2539 1181 2563 ,
1212 2508 1258 2552 et
1281 2500 1369 2567 qui
1396 2496 1614 2552 oderunt
1636 2502 1839 2570 justum
1869 2496 2169 2568 delinquent

566 2589 685 2662 (Ps.
719 2590 943 2663 xum);
976 2591 1161 2662 utique
1188 2606 1379 2647 eorum
1408 2602 1428 2628 ε
1477 2599 1823 2661 peccatorum
1872 2591 2163 2658 pessimam

568 2691 799 2739 testatur
827 2693 1084 2751 mortem,
1118 2683 1299 2755 quiin
1328 2682 1537 2738 scelere
1569 2681 1895 2738 delictorum
1947 2696 2163 2751 perma-

561 2833 618 2878 et
644 2822 803 2888 paulo
836 2837 999 2889 supra
1034 2841 1045 2875 :
1079 2822 1247 2890 Alfert
1279 2824 1332 2877 in
1362 2822 1443 2878 his
1470 2830 1784 2877 momentum
1816 2830 1863 2873 et
1906 2831 2067 2885 tetas,
2110 2828 2159 2872 et

562 2910 737 2958 sexus,
770 2904 819 2948 et
848 2896 1066 2965 pignora
1092 2895 1222 2966 (agit
1247 2894 1314 2948 de
1346 2897 1737 2961 peroratione),
1764 2894 1911 2966 liberi
1945 2892 2086 2957 dico,
2112 2898 2161 2944 et

564 2976 827 3035 parentes,
858 2975 905 3019 et
936 2964 1237 3037 prapinqui.
1269 2966 1427 3020 Ovid.
1460 2981 1516 3019 ιιι
1547 2966 1711 3020 Trist.
1737 2964 1824 3018 li.

716 3058 857 3119 Quod
884 3062 1036 3123 patria
1060 3071 1231 3121 careo,
1256 3059 1641 3121 pignoribusque
1669 3057 1823 3116 meis;

561 3143 796 3214 itemque
837 3143 1121 3198 Claudian.
1168 3158 1185 3196 ι
1232 3141 1287 3195 in
1332 3141 1560 3210 Eutrop.
1584 3140 1737 3193 222:

684 3234 795 3293 Quo
816 3235 967 3283 struis
987 3233 1079 3284 bos
1095 3234 1199 3281 auri
1216 3231 1471 3282 cumulos?
1493 3244 1605 3292 quas
1629 3232 1833 3293 pignora
1857 3228 2003 3278 tantis

682 3297 962 3345 Succedent
982 3294 1194 3357 Opibus?

562 3390 699 3453 Aug.
732 3402 897 3441 serm.
935 3387 957 3439 l
1007 3385 1075 3439 de
1118 3384 1509 3440 Innocentibus
1557 3402 1569 3437 :
1627 3382 1855 3453 Pignora
1891 3392 2008 3435 sunt
2052 3397 2155 3435 non

558 3452 778 3525 credita,
806 3457 896 3512 sed
928 3467 1138 3522 creata;
1172 3473 1271 3510 non
1308 3455 1577 3525 deposita,
1612 3452 1702 3507 sed
1732 3456 1985 3525 exposita.
2018 3452 2152 3525 Atu-

558 3523 795 3595 brosius,
822 3544 859 3583 ιι
889 3528 958 3583 de
988 3528 1142 3590 Fide,
1168 3528 1233 3581 ad
1266 3523 1584 3581 Gratianum
1604 3567 1618 3589 ,
1659 3540 1778 3590 cap.
1812 3525 1849 3577 ‘2
1880 3542 1891 3577 :
1932 3523 2151 3595 Deside-

556 3602 650 3654 riis
678 3594 795 3654 licet
826 3604 963 3669 fessa
992 3601 1241 3669 maternis
1271 3598 1697 3651 charissimorunt
1726 3598 2002 3669 pignorum
2032 3594 2153 3669 tole-

556 3675 704 3725 rabat
731 3665 1041 3725 absentiam.
1086 3668 1426 3724 Gaudentius
1459 3669 1595 3736 ipse,
1630 3676 1787 3720 tract.
1834 3667 1901 3718 de
1935 3665 2149 3719 Macha-

554 3741 689 3798 bmis
714 3741 1083 3811 martyribus:
1114 3739 1212 3793 Tot
1242 3739 1496 3811 martyrio
1526 3736 1762 3806 pertulit,
1786 3748 1909 3811 quot
1933 3736 2151 3811 pignora

552 3808 900 3878 consecravit;
939 3825 995 3867 et
1041 3813 1203 3880 paulo
1235 3818 1358 3879 post
1385 3808 1404 3863 Ξ
1435 3810 1653 3880 Octava
1690 3817 1737 3861 et
1777 3810 1893 3869 ipsa
1915 3808 2148 3880 accessit

553 3900 790 3948 numero,
821 3883 891 3937 ad
915 3878 1149 3936 actarum
1199 3878 1393 3935 Christi
1422 3879 1840 3934 llesurrectionis
1871 3878 2006 3931 diem
2030 3894 2148 3930 cum

552 3955 724 4025 charis
750 3954 1047 4025 pignoribus
1074 3969 1373 4025 occursura.
1390 3951 1491 4005 Adi
1516 3954 1593 4004 sis
1615 3950 1930 4025 élhericutn
1949 3948 2144 4025 Gentif

551 4024 681 4090 lem,
729 4021 1034 4091 de'Nuptiis
1063 4024 1157 4079 lib.
1198 4039 1254 4087 tt,
1286 4038 1407 4093 cap.
1432 4025 1495 4087 ὃς
1537 4034 1593 4075 et
1623 4021 2049 4091 Berneggerunt,
2076 4023 2143 4074 ad

550 4096 775 4153 Sueton.
807 4094 973 4165 Aug.,
1003 4109 1124 4165 cap.
1156 4095 1249 4147 2i.

624 4176 650 4204 ⁸
675 4166 731 4221 In
762 4161 919 4228 πιεςᾷ
950 4161 1201 4237 possidet.
1243 4164 1408 4237 Ferus
1438 4164 1574 4237 enim
1598 4161 1695 4215 Dei
1724 4162 1911 4215 cultor.
1931 4161 2140 4215 Caetera

549 4238 747 4293 desunt
784 4234 960 4293 etiam
982 4239 1034 4290 in
1068 4237 1206 4291 libro
1258 4234 1609 4304 Pantagaihi;
1642 4242 1803 4303 prout
1830 4248 1893 4286 ea
1924 4246 2141 4301 quoque

546 4324 666 4380 qua:
691 4310 855 4380 paulo
883 4318 1008 4379 post
1029 4315 1330 4378 sequuntur
1354 4306 1410 4359 in
1440 4306 1577 4358 omni
1605 4304 1967 4374 angustiarum
2007 4313 2137 4358 tem-

546 4397 737 4506 ”;th
760 4456 877 4506 haec
894 4463 1111 4520 quoque
1130 4447 1297 4520 verba
1314 4446 1656 4501 abstulerunt
1680 4444 1884 4499 librarii
1904 4444 1971 4500 de
1998 4458 2131 4505 mss.

620 4535 641 4562 ε
682 4522 741 4579 In
772 4519 1184 4591 cdit.Lugdun.
1216 4519 1370 4573 deest
1400 4535 1505 4572 vox
1527 4529 1878 4591 peccatorum.

613 4591 641 4632 ἀ
676 4595 770 4649 Sic
794 4594 952 4656 editi,
982 4587 1040 4647 et
1076 4605 1204 4646 mss.
1250 4605 1465 4656 omnes,
1499 4600 1728 4655 excepto
1757 4587 1904 4641 Flor.
1942 4588 1995 4641 in
2024 4602 2132 4655 quo

538 4665 995 4737 legiturspiiitali,
1016 4661 1110 4737 sed
1128 4663 1243 4737 _ho_c
1266 4662 1384 4715 loco
1402 4671 1647 4737 tantum;
1682 4659 1814 4737 alibi
1846 4658 2128 4737 spirituati,

538 4729 927 4804 et'spiritualis;
950 4744 1004 4787 at
1030 4733 1165 4789 Cod.
1198 4732 1517 4802 l’antagatbi
1545 4739 1657 4786 tum
1688 4730 1798 4797 hic,
1835 4742 1946 4783 tum
1975 4729 2124 4797 alibi,

536 4808 764 4878 spiritati
792 4818 846 4861 et
870 4804 1145 4878 spiritalis.

612 4887 636 4914 ο
672 4877 816 4931 Vana
838 4892 903 4932 ac
923 4880 1153 4931 demens
1182 4874 1503 4943 superstitio
1526 4889 1556 4927 a
1587 4872 1897 4929 Gentilibus
1923 4871 2124 4943 passim

536 4946 829 5003 vocabatur
867 4947 1164 5002 christiana
1216 4942 1429 5016 religio,
1482 4942 1908 5016 Christianique
1942 4942 2120 5016 stulti,

534 5018 683 5073 athei
704 5059 719 5081 ,
741 5031 804 5072 ac
832 5019 1032 5071 nullius
1060 5017 1298 5072 numinis
1322 5012 1594 5081 cultores;
1616 5014 1849 5085 ideoque
1871 5012 2123 5085 Gaudene

535 5090 643 5143 tius
669 5088 780 5143 ait:
833 5085 1065 5152 Confusa
1110 5104 1219 5141 esse
1272 5089 1415 5155 apud
1459 5103 1551 5141 nos
1595 5084 1775 5140 omnia
1825 5084 2123 5156 philosophi

532 5158 819 5214 Gentilium
828 5160 1097 5230 judicant.
1127 5159 1232 5213 lles
1263 5169 1519 5230 noiaiest,
1552 5172 1616 5211 ac
1658 5157 1930 5226 frequenti
1977 5155 2116 5230 seri.

532 5242 749 5313 ptorum
779 5228 993 5313 calamo
1039 5230 1162 5283 trita
1185 5270 1199 5291 ,
1244 5228 1337 5299 qni
1374 5229 1805 5313 dementissima:
1834 5229 2120 5313 cztlllll‘l'lll-ic

524 5299 730 5357 invidia
754 5302 1114 5356 christianum
1146 5315 1346 5354 nomen
1376 5300 1626 5354 laborare
1649 5299 1961 5353 noluerunt.
1984 5299 2118 5354 Vide

528 5373 761 5430 Tertull.
782 5374 836 5427 in
867 5372 1178 5441 Apologet.,
1203 5373 1489 5441 Minutinm
1509 5372 1561 5424 in
1583 5368 2115 5441 OctavioJustinum

527 5444 584 5499 in
618 5457 846 5510 utraque
877 5438 1173 5509 Apologia;
1209 5438 1573 5504 Lactantium,
1607 5442 1643 5494 ι.
1678 5456 1736 5510 v,
1766 5454 1887 5510 cap.
1923 5439 2009 5503 14,
2048 5440 2114 5494 l5

525 5524 581 5571 et
612 5516 695 5571 l8.
746 5509 1067 5583 Philosophi
1097 5528 1226 5583 vero
1274 5511 1619 5580 p0tissitnum
1651 5509 1980 5565 Christianis
2033 5512 2115 5565 in-

524 5585 663 5656 fensi
694 5586 835 5656 apud
866 5582 1164 5651 Justinum,
1199 5582 1361 5656 Apul.
1394 5597 1432 5636 t.

601 5655 621 5695 ί
658 5652 1053 5728 Epicureorum
1113 5654 1449 5728 sententiam
1502 5652 1791 5728 convellit,
1838 5652 1931 5728 qui
1982 5664 2112 5706 casu

527 5722 851 5798 omnia—regi
880 5727 1159 5784 volebant.
1202 5725 1470 5783 Praeclare
1499 5725 1631 5782 Sen.
1654 5723 1724 5782 de
1737 5722 2107 5792 Provid.,rap.

2278 1846 2480 1910 lorum,
2507 1862 2895 1910 aerumnarum,
2928 1856 3089 1916 atque
3119 1849 3502 1915 aegritudinum
3530 1849 3690 1919 plagas
3721 1863 3835 1904 con-

2278 1937 2529 2003 ﬁcerent,
2555 1937 2680 2007 quia
2707 1938 2904 1993 divina:
2928 1939 3197 2009 a-quitatis
3218 1957 3328 1995 non
3357 1950 3523 2007 esset,
3553 1942 3835 2008 disiiarilius

2277 2029 2489 2084 meritis
2525 2030 2711 2099 plagas
2741 2030 2983 2100 irrogare
3006 2032 3354 2087 consimiles:
3387 2034 3484 2087 sed
3516 2032 3528 2070 ί
3565 2034 3838 2102 problema-

2278 2122 2344 2173 tis
2375 2116 2539 2192 228
2585 2122 2741 2190 hujus
2792 2120 2991 2175 invidia
3035 2122 3048 2171 ι
3103 2124 3263 2179 facile
3316 2132 3609 2179 evacuatur
3662 2127 3837 2179 usitato

2277 2216 2524 2268 veritatis
2545 2212 2827 2282 exemplo.
2856 2212 3051 2267 Notum
3077 2229 3306 2284 namque
3327 2224 3411 2270 est
3440 2213 3836 2282 otnnibus,quod

2277 2316 2332 2362 et
2370 2306 2498 2360 ferri
2526 2308 2697 2372 acies,
2732 2315 2787 2359 et
2811 2306 2949 2376 ignis
2980 2309 3143 2375 ustio,
3174 2309 3259 2363 vel
3289 2308 3355 2363 ad
3401 2309 3677 2364 interitum
3717 2309 3834 2362 irro-

2273 2407 2487 2469 gantur,
2541 2398 2757 2468 quando
2814 2413 3027 2466 pinnam
3079 2399 3245 2468 exigit
3302 2400 3563 2469 puniendi
3618 2398 3834 2454 criminis

2272 2492 2526 2561 qualitas,
2554 2491 2640 2545 vel
2670 2491 2736 2545 ad
2764 2507 2949 2545 curam
2978 2492 3301 2562 proﬁciunt,
3325 2508 3452 2548 curn
3484 2494 3703 2547 sanandi
3725 2507 3833 2562 gra-

2274 2585 2348 2638 tia
2376 2583 2774 2639 medicinaliter
2803 2582 3157 2638 adhibentur.
3203 2583 3278 2638 Ita
3310 2585 3479 2655 igitur
3510 2586 3649 2641 Deus
3676 2583 3833 2639 omni-

2269 2684 2462 2748 potens
2504 2675 2723 2730 easdem
2763 2675 3039 2745 plagarum
3074 2676 3319 2746 species,
3382 2694 3483 2747 pro
3509 2676 3833 2748 qualitatibus

2266 2816 2289 2869 l
2319 2835 2331 2870 :
2367 2814 2756 2882 Supervacuum
2780 2822 2852 2866 est
2881 2814 3147 2868 ostendere
3170 2831 3270 2868 non
3293 2815 3403 2869 sine
3429 2818 3606 2884 aliquo
3647 2816 3833 2871 custode

2262 2894 2463 2939 tantum
2511 2902 2640 2955 opus
2666 2893 2823 2950 stare,
2859 2900 2951 2937 nec
3001 2886 3136 2939 hunc
3168 2887 3396 2940 siderum
3432 2898 3624 2940 certum
3650 2890 3830 2941 discur-

2263 2974 2372 3010 sum
2406 2957 2606 3023 {ortuiti
2648 2958 2869 3022 impetus
2914 2973 3039 3009 esse.
3072 2956 3266 3010 Minue.
3321 2959 3372 3011 in
3407 2960 3663 3013 Oetavio:
3717 2957 3833 3010 Mihi

2184 3023 2229 3084 C
2264 3029 2502 3081 videntur
2531 3028 2618 3093 qui
2645 3026 2783 3079 hunc
2814 3029 2994 3080 mundi
3038 3028 3196 3081 latius
3248 3039 3494 3082 ornatum
3536 3046 3633 3083 nan
3679 3030 3834 3083 divina

2266 3101 2464 3169 ratione
2493 3101 2769 3168 perfuctum
2802 3100 2999 3163 volunt,
3025 3100 3114 3151 sed
3140 3102 3320 3168 frustis
3343 3101 3651 3169 quibusdam
3670 3110 3833 3155 temere

2263 3168 2635 3223 coha'rentibus
2668 3170 3065 3241 conglobatum,
3115 3168 3361 3238 mentem,
3414 3188 3642 3238 sensum,
3674 3172 3832 3225 oculos

2261 3242 2482 3310 denique
2506 3242 2643 3309 ipsos
2666 3238 2781 3291 non'
2796 3238 2999 3313 habere.
3034 3240 3171 3305 Quid
3201 3244 3335 3294 enim
3380 3253 3553 3313 potest
3599 3259 3702 3296 esse
3739 3254 3831 3295 tant

2260 3322 2517 3383 apertum,
2578 3322 2683 3361 tam
2720 3311 3034 3383 confessum,
3091 3322 3298 3382 tantque
3342 3311 3699 3383 perspicuum,
3730 3328 3829 3364 cum

2261 3383 2435 3454 oculos
2464 3382 2515 3433 in
2546 3383 2727 3434 aetum
2753 3380 3043 3444 sustuleris.
3074 3391 3119 3435 et
3142 3380 3255 3451 qua:
3280 3397 3399 3437 sunt
3425 3380 3581 3454 infra.
3618 3386 3833 3452 circaque

2258 3453 2581 3527 lustraveris,
2611 3467 2764 3527 quam
2804 3469 2909 3505 esse
2936 3454 3153 3527 aliquod,
3174 3472 3362 3509 nunten
3409 3453 3834 3527 prwstantissimw

2258 3525 2460 3581 mentis.
2487 3540 2588 3593 quo
2612 3523 2777 3576 omnis
2806 3533 2993 3577 natura
3019 3526 3321 3594 inspiretur,
3344 3523 3630 3593 moveatur,
3650 3530 3827 3586 alatur,

2255 3596 2563 3663 gubernetur
2576 3595 2603 3646 .7

2327 3676 2351 3713 ις
2386 3666 2521 3720 Vera
2572 3665 2752 3731 lcetio,
2807 3680 2969 3734 quam
3019 3667 3243 3722 exhibet
3290 3668 3447 3724 Flor.
3499 3668 3644 3732 cod.,
3690 3668 3831 3733 cujus

2252 3738 2579 3791 auctoritate
2608 3737 2783 3789 locum
2817 3737 2959 3790 hunc
2989 3742 3425 3793 enientlavitnus.
3452 3739 3583 3795 Urb.
3617 3751 3667 3793 et
3696 3738 3827 3792 Valt.

2252 3805 2390 3879 duo:
2423 3808 2638 3878 fortuita
2666 3806 2957 3879 adstruere.
2991 3808 3201 3878 adjecta
3234 3823 3352 3878 pOst
3393 3816 3623 3875 primam
3654 3819 3828 3879 quarta

2255 3877 2453 3933 littera.
2480 3878 2615 3931 Cod.
2648 3878 2856 3931 Octavii
2891 3877 3242 3945 Pantagatlii.
3266 3883 3491 3950 fortuita
3515 3877 3759 3941 astruere,
3779 3888 3829 3932 ut

2249 3963 2316 4001 ex
2348 3965 2618 4004 consensu
2659 3951 2823 4004 etiam
2854 3950 3084 4005 aliorum
3116 3953 3287 4006 Codd.
3345 3964 3549 4021 przrter
3580 3950 3832 4007 Fl0renti—

2251 4035 2377 4102 num
2409 4021 2723 4102 veralectio
2744 4028 2977 4077 constet.
3010 4022 3176 4089 Editi,
3197 4034 3480 4095 corrupte,
3500 4025 3721 4094 fortuna:
3746 4021 3831 4075 ad-

2246 4100 2442 4145 struere
2472 4100 2723 4144 universa.

2319 4158 2343 4197 ιι
2380 4163 2490 4234 lloc
2520 4162 2662 4234 idem
2695 4163 3089 4231 Epicureorum
3123 4165 3397 4234 objectum
3432 4166 3595 4221 diluit
3630 4166 3826 4219 Seneca

2246 4238 2361 4286 tcto
2386 4233 2481 4287 lib.
2509 4233 2575 4287 de
2607 4233 2977 4297 Providrntia,
3009 4250 3169 4303 quem
3195 4233 3399 4290 librum
3440 4238 3665 4291 laudans
3688 4236 3821 4289 Lact.

2243 4316 2274 4353 v
2304 4303 2482 4357 lnstit.
2515 4320 2635 4371 cap.
2667 4306 2761 4370 23,
2816 4313 3063 4375 apposite
3108 4308 3172 4359 ad
3210 4311 3351 4361 hunc
3394 4310 3576 4363 locum
3611 4314 3713 4360 ait:
3770 4304 3824 4361 Si

2161 4408 2214 4468 Β
2241 4375 2357 4468 guis
2385 4377 2513 4468 volgi
2540 4381 2670 4429 scire
2701 4375 2921 4468 plgttitt‘s,
2946 4393 3040 4468 qur
3063 4377 3232 4460 malos
3255 4389 3304 4432 et
3326 4380 3556 4461 injustas
3589 4377 3725 4468 Deus
3748 4392 3826 4458 po-

2242 4454 2429 4521 tentes,
2468 4447 2640 4521 beatos
2672 4457 2718 4500 et
2749 4448 2929 4499 divites
2960 4448 3073 4521 ﬁeri
3102 4452 3260 4511 sinat.
3310 4447 3426 4521 pias
3455 4460 3645 4521 contra
3668 4448 3826 4501 humi-

2238 4515 2331 4588 les,
2359 4518 2595 4580 miseros,
2624 4520 2799 4588 inOpes
2832 4533 2939 4571 esse
2964 4519 3226 4588 patiatur,
3260 4515 3427 4575 sumat
3456 4537 3579 4575 eum
3625 4520 3825 4574 Senecae

2236 4586 2444 4647 librant.
2473 4592 2554 4641 cui
2586 4586 2765 4641 titulus
2794 4598 2900 4641 est:
2929 4586 3110 4654 Quare
3149 4592 3305 4646 b0nis
3328 4594 3460 4646 viris
3491 4592 3661 4646 multa
3694 4592 3821 4643 mala

2234 4659 2500 4733 accidant,
2536 4674 2657 4714 cum
2692 4661 2764 4713 sit
2787 4662 3160 4733 providentia;
3194 4664 3247 4715 in
3278 4680 3380 4733 quo
3412 4662 3505 4716 ille
3536 4666 3699 4714 multa
3727 4675 3819 4733 non

2232 4731 2384 4799 plane
2402 4731 2668 4806 imperitia
2696 4728 2962 4806 δίιιξςειιζιιιίὲἱ
2984 4733 3070 4785 sed
3101 4728 3377 4806 sapienter,
3400 4751 3465 4787 ac
3488 4732 3822 4806 pene‘divini-

2230 4810 2334 4875 t_u__s,
2361 4802 2593 4875 elocutus
2625 4810 2718 4855 est.
2752 4802 2882 4875 Vide
2905 4802 3055 4871 Lips.
3099 4805 3337 4875 Physiol.
3381 4802 3498 4858 ηυξ
3522 4821 3563 4871 ι,
3604 4803 3816 4875 dissert.

2235 4870 2318 4925 16.
2358 4873 2508 4925 llunc
2530 4871 2816 4927 Gaudentii
2850 4870 3028 4927 locum
3062 4870 3326 4929 adversus
3364 4870 3580 4932 Atheos
3624 4873 3821 4929 indicat
3864 4918 3867 4919 ν

2232 4940 2673 5018 Elmenhorstius
2703 4944 2755 4997 in
2790 4952 2902 5018 not.
2928 4946 2994 4998 ad
3034 4945 3233 5001 Minue.
3256 4946 3397 5014 Fel.,
3426 4964 3554 5018 pag.
3588 4950 3673 4999 52.

2306 5014 2321 5050 ί
2350 5015 2507 5080 Apud
2535 5015 2895 5085 philosophos
2924 5018 3143 5086 proprie
3168 5014 3516 5086 problemata
3541 5018 3815 5087 appellan-

2229 5091 2317 5157 tur
2349 5101 2531 5139 rerum
2559 5087 2868 5157 abditarum
2904 5090 3326 5157 perquisitiones
3354 5103 3409 5144 et
3460 5094 3811 5156 conjecturae.

2226 5156 2422 5230 quihns
2462 5159 2635 5225 magis
2660 5156 2829 5230 animi
2872 5156 3105 5226 quodam
3147 5164 3399 5215 acumine
3427 5204 3443 5225 ,
3472 5177 3639 5230 quam
3675 5166 3813 5212 certa

2227 5226 2479 5301 indagine
2521 5228 3055 5301 retnotiOrauatura:
3083 5246 3280 5285 arcana
3318 5226 3701 5301 explorantur,
3725 5244 3811 5301 cu-

2217 5295 2457 5369 jtt5titiitli
2492 5310 2621 5353 sunt
2652 5300 2792 5368 apud
2816 5298 3170 5356 Aristotelem
3190 5345 3206 5369 ,
3240 5310 3295 5355 et
3322 5295 3812 5358 PlutarcltumJu-

2220 5368 2328 5448 dic.
2358 5385 2466 5448 xw,
2495 5382 2722 5448 vocatur
2758 5371 3056 5448 problema,
3090 5368 3233 5445 quOd
3262 5372 3495 5429 Samson
3532 5374 3807 5445 proposuit

2221 5441 2275 5491 in
2304 5441 2555 5495 eonvivio
2586 5442 3017 5499 Philistinornm.

2294 5510 2310 5587 ξ
2321 5510 2392 5582 ⁵Ιιι
2413 5527 2545 5587 mss.
2564 5524 2799 5580 quatuor
2814 5514 2976 5587 codd.
2990 5559 3003 5581 ,
3022 5514 3271 5587 facillime
3286 5529 3572 5571 evacuatur
3595 5515 3739 5570 Flor.
3760 5520 3804 5587 et

2219 5577 2379 5653 prii,
2420 5577 2647 5650 visitata,
2701 5577 3157 5653 quemadmodum
3190 5590 3355 5643 etiam
3411 5588 3560 5644 liber
3607 5583 3806 5641 Octavii

2215 5650 2537 5736 Pantagathi
2565 5671 2583 5736 Ξ
2615 5650 2800 5711 verum
2830 5657 2949 5727 ejus
2968 5675 3130 5715 manu
3160 5660 3229 5715 ad
3255 5675 3409 5715 oram
3435 5659 3656 5731 paginae
3680 5654 3808 5711 scri-

2216 5733 2369 5793 ptum
2396 5733 2480 5781 est
2503 5733 2713 5781 usitato.
