4096 6192
290 293 393 353 8H

1460 285 1551 344 AD
1588 280 2009 344 BENWOLUM.
2052 281 2446 342 PREFATIO.

3486 292 3592 348 8ιὲ

293 415 565 480 temperat
613 405 968 463 meritorum:
1028 393 1295 474 quosdam
1343 402 1561 474 quidem
1611 403 1882 474 puniens,
1914 401 2298 464 AsicutJobo
2333 408 2526 457 sancto
2570 415 2633 455 ac
2683 399 3004 456 beatissimo
3048 401 3445 472 praestiterunt,
3496 407 3589 476 qui

290 500 555 573 quosdam
591 514 719 554 vero
749 497 834 551 vel
875 493 1173 551 einendans
1200 511 1231 550 a
1259 494 1427 561 vitiis,
1452 494 1537 550 vel
1562 493 1886 562 emundans,

293 593 378 649 vel
420 600 568 647 certe
596 591 662 646 ad
710 589 1028 660 ampliorem
1070 588 1299 658 gloriam
1333 602 1679 658 promoveus.
1735 585 1891 653 Quod

297 693 358 740 ut
403 684 582 739 adhuc
635 683 846 754 planius
897 680 1130 752 intelligi
1183 689 1375 751 queat,
1427 694 1592 750 pauca
1639 678 1888 750 adjiciam

292 784 606 833 sanctarum
638 773 950 830 testimonia
969 773 1399 843 Scripturarutn.
1428 771 1682 841 Legimus
1712 771 1890 825 enim:

295 870 520 943 Sagittw
550 868 775 940 potentis
823 877 993 923 acutis:
1040 883 1159 921 cum
1211 865 1523 921 carbonibus
1568 865 1897 920 desolatoriis

293 961 414 1034 (Ps.
437 961 715 1032 cxxx).Et
730 961 838 1016 alio
862 959 919 1016 in
945 961 1066 1016 loco
1093 978 1106 1016 :
1136 959 1288 1016 Sicut
1313 961 1520 1032 sagitta:
1543 960 1598 1012 in
1622 975 1778 1012 manu
1802 972 1894 1026 po-

295 1055 475 1112 tentis:
517 1055 592 1108 ita
619 1054 718 1124 ﬁlii
743 1070 1079 1109 excussorum
1127 1053 1250 1126 (Ps.
1293 1050 1505 1123 cxxw).
1543 1060 1569 1088 ⁸
1601 1049 1770 1106 Filios
1800 1065 1896 1104 ex-

294 1164 583 1204 cusserunt
616 1149 804 1204 beatos
833 1148 1126 1218 Apostolos
1171 1147 1474 1218 praedicat,
1523 1162 1659 1217 quos
1691 1147 1896 1201 electos

296 1241 362 1297 ad
391 1241 554 1296 lidem
587 1240 855 1312 (patribus
889 1255 1081 1296 eorum
1113 1255 1142 1294 a
1170 1240 1344 1310 gratia
1377 1239 1495 1307 Dei,
1550 1237 1622 1294 ob
1649 1237 1901 1293 incredu-

298 1332 500 1388 litatein
529 1347 704 1397 suam,
740 1331 927 1402 procul
969 1329 1236 1401 excussis)
1271 1345 1463 1384 manus
1508 1330 1900 1399 omnipotentis

297 1427 685 1496 Duminilesu,
713 1428 855 1482 sicut
899 1428 1126 1496 sagittas
1156 1425 1418 1481 velociter
1446 1425 1813 1495 pervolautes,
1844 1423 1901 1478 in

297 1523 610 1578 universum
653 1519 680 1559 ι’
727 1519 929 1576 direxit
971 1519 1199 1586 orbein,
1243 1527 1301 1573 ut
1353 1517 1670 1589 pra-dicatio
1707 1530 1898 1572 eorum

304 1614 475 1686 (juxta
502 1613 800 1668 beatissimi
831 1611 982 1667 Pauli
1013 1610 1344 1682 doctrinam)
1370 1609 1490 1664 aliis
1511 1609 1719 1680 quidem
1745 1608 1903 1663 ﬁeret

296 1707 427 1762 odor
456 1706 636 1760 mortis
664 1705 718 1759 in
745 1714 982 1770 mortem,
1011 1704 1128 1758 aliis
1156 1713 1330 1758 autem
1361 1702 1489 1756 odor
1515 1704 1636 1756 vita:
1665 1702 1717 1754 in
1741 1701 1898 1754 vitam

1994 494 2099 548 ait:
2127 493 2352 566 Sagitta:
2370 494 2508 548 enim
2522 492 2734 547 Domini
2759 494 2813 547 in
2835 509 3054 562 corpore
3074 511 3186 549 meo
3208 505 3352 563 sunt,
3371 514 3591 566 quarum

1993 587 2072 640 ira
2099 587 2223 641 bibit
2249 589 2554 659 sanguinem
2582 603 2776 643 meum.
2801 587 2931 642 Cum
2959 588 3094 642 enim
3115 588 3309 657 incipio
3334 589 3477 661 loqui
3502 593 3595 645 sti-

1996 683 2195 737 mulanl
2216 701 2296 738 me
2323 684 2448 753 (Job
2480 683 2580 754 vr).
2613 684 2680 739 Et
2711 695 2833 755 post
2877 700 3084 755 pauca:
3120 685 3274 754 Quod
3320 689 3363 740 si
3404 687 3598 741 tribuat

1995 774 2278 842 Dominus,
2305 785 2353 831 et
2377 777 2550 832 veniat
2595 777 2776 847 petitio
2823 793 2975 844 mea,
3025 787 3073 831 et
3121 793 3263 849 spent
3309 794 3474 832 meam
3513 777 3599 832 det

1998 869 2123 922 mihi
2152 865 2442 937 Dominus;
2473 869 2563 940 qui
2592 871 2744 940 coepit
2773 868 3032 923 Dominus
3076 871 3305 924 vulneret
3350 887 3460 936 me,
3507 869 3600 924 sed

1998 976 2101 1014 non
2141 961 2194 1014 in
2240 971 2546 1034 perpetuum
2595 962 2877 1030 interﬁciat
2922 979 3019 1016 me.
3075 964 3215 1018 Sunt
3261 972 3316 1016 et
3362 962 3600 1032 plurima

1998 1053 2307 1108 istiusmodi
2333 1069 2522 1123 sparsa
2551 1069 2649 1123 per
2677 1061 2848 1108 totum
2868 1069 3066 1124 corpus
3086 1063 3397 1109 sanctarum
3419 1055 3605 1126 Scrip-

2000 1152 2268 1213 turarum,
2301 1161 2424 1216 qua:
2454 1145 2642 1200 studio
2673 1145 2956 1201 brevitatis
2989 1142 3014 1181 δ
3045 1160 3271 1201 securus
3304 1154 3598 1215 praetereo,

2000 1237 2258 1306 quoniam
2291 1238 2486 1293 scienti
2517 1237 2716 1308 Legem
2754 1237 2974 1307 loquor.
3019 1241 3108 1309 qui
3157 1255 3220 1293 ex
3272 1241 3461 1310 paucis
3512 1241 3599 1296 itt-

2001 1341 2243 1386 strttctus
2289 1332 2620 1387 testimoniis
2665 1330 2824 1386 facile
2869 1334 3050 1403 possis
3093 1333 3293 1388 similia
3353 1335 3604 1404 exempla

2001 1425 2296 1495 colligere,
2357 1425 2609 1495 iquibus
2659 1426 3010 1481 documentis
3058 1438 3112 1481 et
3165 1426 3465 1482 bonitatem
3514 1429 3611 1484 Dei

2006 1518 2228 1586 provida
2259 1516 2622 1588 castigatione
2651 1532 2783 1571 suos
2813 1518 3048 1572 famulos
3093 1517 3179 1573 vel
3219 1520 3547 1589 corrigentis
3577 1538 3608 1574 a

2004 1610 2225 1676 delicto,
2260 1611 2341 1665 vel
2377 1611 2756 1680 promoventis
2783 1610 2848 1663 ad
2866 1609 3113 1681 gloriam,
3152 1611 3370 1681 plenius
3403 1612 3608 1667 intelli-

2005 1720 2100 1775 gas
2129 1704 2451 1774 approbari;
2489 1703 2502 1753 i
2537 1713 2590 1758 et
2611 1703 2858 1773 ejusdem
2890 1703 3094 1758 debitis
3117 1705 3448 1762 cruciatibus
3488 1720 3612 1777 per-

297 1798 363 1872 (ιι
395 1798 516 1854 Cor.
550 1798 633 1869 ιι).
671 1798 926 1853 Doctrina
956 1795 1103 1851 enim
1131 1797 1378 1852 veritatis
1407 1793 1738 1850 obedientes
1760 1793 1897 1847 \‘ivi-
1929 1815 1979 1875 Β
2007 1795 2218 1850 tinaces
2269 1796 2472 1866 impios
2523 1795 2833 1865 punientis,
2892 1812 3078 1851 veram
3138 1798 3410 1866 justitiam
3457 1814 3617 1856 reco-

301 1892 462 1958 ticat,
499 1890 740 1946 rebelles
771 1889 1070 1953 interﬁcit;
1125 1888 1256 1941 vitia
1306 1885 1628 1956 prosternit,
1664 1885 1899 1940 virtutes

299 1987 483 2058 erigit;
515 1983 833 2040 incredulos
875 1982 1091 2052 dejicit,
1130 1983 1320 2038 ﬁdeles
1347 1981 1596 2038 extollit:
1640 1981 1897 2052 quoniam

301 2078 554 2135 Christus
583 2077 765 2144 Jesus,
799 2076 890 2147 qui
922 2076 992 2132 ab
1016 2077 1296 2147 Apostolis
1328 2075 1690 2146 praedicatur,
1728 2084 1785 2130 ut
1816 2075 1903 2131 Si-

301 2189 465 2232 meon
494 2181 720 2228 sanctus
751 2171 806 2227 in
837 2171 1256 2241 Evangelioait:
1287 2169 1499 2226 Positus
1519 2181 1590 2224 est
1619 2171 1669 2224 in
1693 2171 1902 2224 ruinam

306 2278 330 2307 °
365 2276 411 2323 et
443 2266 875 2322 resurrectionem
895 2265 1179 2320 multorum
1209 2263 1364 2337 (Luc.
1396 2267 1480 2335 ιι).
1508 2263 1579 2320 Ut
1602 2274 1784 2319 autem
1806 2279 1904 2320 no-

303 2360 452 2415 veris
497 2359 793 2429 Apostolos
834 2357 950 2430 (qui
981 2373 1048 2412 ex
1079 2356 1260 2412 ol‘licio
1318 2357 1504 2412 sortiti
1535 2357 1862 2411 vocabulum
1884 2401 1899 2426 ,

305 2451 502 2508 Latino
531 2467 786 2507 sermone
814 2451 1069 2506 destinati
1102 2449 1129 2487 ἀ
1166 2437 1574 2520 nuneupantur)
1601 2449 1748 2505 ﬁlios
1777 2465 1903 2506 esse

304 2543 619 2602 Iudaeorum
649 2561 678 2599 a
713 2545 809 2600 Dei
838 2544 1019 2616 gratia
1053 2559 1450 2609 excussorum;
1493 2544 1741 2598 ausculta
1773 2543 1904 2614 quid

308 2638 443 2708 ipsis
474 2638 989 2707 blaSphemantibus
1017 2637 1220 2693 ludatis
1246 2637 1594 2709 responderit
1615 2637 1866 2694 Christus
1891 2659 1904 2694 :

309 2732 371 2789 Si
389 2749 510 2806 ego,
555 2733 752 2802 iuqttit,
803 2735 858 2787 in
907 2731 1194 2787 Beelzebub
1241 2732 1398 2804 ejicio
1452 2731 1742 2796 daemonia,
1805 2729 1908 2800 ﬁlii

307 2827 464 2881 vestri
489 2824 748 2898 (Luc.xt),
792 2825 842 2880 id
867 2834 951 2880 est
975 2824 1223 2895 Apostoli
1243 2834 1266 2862 θ
1292 2839 1357 2879 ex
1384 2835 1564 2880 vestra
1597 2825 1760 2880 electi
1789 2839 1908 2895 pro-

305 2920 488 2989 genie,
521 2920 685 2992 229
709 2920 762 2973 in
791 2935 892 2990 quo
919 2919 1170 2988 ejiciunt?
1202 2917 1270 2972 Et
1297 2926 1354 2972 ut
1379 2917 1623 2986 apertius
1650 2916 1910 2972 ostende-

309 3021 418 3080 ret,
447 3013 516 3067 de
546 3014 746 3082 quibus
768 3011 1109 3082 loqueretur,
1140 3009 1372 3078 adjecit:
1392 3019 1685 3082 propterea,
1709 3009 1904 3079 inquit,

309 3105 410 3176 ipsi
431 3105 640 3178 judices
679 3114 830 3158 erunt
871 3103 1045 3158 uestri.
1075 3101 1210 3157 Nam
1243 3101 1375 3157 dicit
1403 3102 1512 3156 alio
1539 3103 1591 3156 in
1617 3102 1735 3156 loco
1767 3103 1910 3172 Apo-

2004 1901 2258 1958 gnoscas,
2293 1887 2527 1942 docente
2579 1888 2742 1943 etiam
2788 1889 2953 1944 beato
3000 1891 3264 1959 Apostolo
3292 1909 3306 1945 :
3338 1889 3614 1958 Numquid

2005 1981 2230 2052 injustas
2260 1980 2422 2045 Deus,
2449 1983 2538 2048 qui
2562 1981 2718 2052 infert
2749 1983 2880 2036 iram
2909 1983 3091 2052 (Rom.
3123 1986 3246 2054 ut)?
3284 1984 3338 2040 in
3383 2000 3481 2041 eos
3526 1986 3614 2040 vi-

2004 2075 2308 2138 delicetqui
2333 2077 2636 2133 veritatem
2661 2072 2719 2132 in
2749 2076 3012 2147 injustitia
3032 2079 3300 2134 detinent.
3327 2080 3402 2134 De
3429 2091 3618 2136 nostra

2004 2180 2184 2226 autem
2213 2173 2597 2244 castigatione,
2624 2185 2730 2249 qua
2753 2173 2987 2229 verb-tri
3018 2186 3131 2226 uur
3150 2189 3179 2228 a
3204 2174 3332 2240 Deo,
3360 2173 3432 2228 ita
3463 2182 3600 2230 testa

2008 2271 2132 2316 tur:
2164 2261 2296 2317 Cum
2321 2264 2656 2334 judicamur,
2713 2264 2980 2337 inquit,[a
3011 2265 3232 2320 Domino
3278 2266 3614 2339 corripiatur,

2007 2355 2031 2394 ¹ε
2066 2374 2128 2412 ne
2158 2374 2274 2410 cum
2295 2357 2394 2412 hoc
2419 2360 2618 2414 mundo
2647 2360 2957 2415 damnemur
2977 2361 2995 2430 (
3015 2359 3034 2415 ι
3055 2361 3177 2416 Cor.
3209 2367 3320 2421 xtl.
3357 2362 3616 2432 Dejustis

2010 2462 2142 2502 vero
2168 2447 2248 2503 sic
2279 2449 2559 2519 loquitur:
2596 2449 2662 2504 In
2691 2452 2930 2505 omnibus
2953 2451 3340 2506 tribulationem
3362 2454 3612 2524 patimur,

2008 2541 2099 2596 sed
2124 2559 2226 2596 non
2259 2544 2658 2613 angustiamur:
2675 2546 3000 2615 aperiantur,
3021 2547 3112 2598 sed
3133 2562 3234 2599 non
3260 2545 3614 2600 destituimur:

2011 2635 2418 2705 persecutionem
2465 2638 2714 2707 patimur,
2752 2640 2842 2691 sed
2875 2655 2978 2692 non
3009 2638 3458 2708 derelinquimur:
3489 2642 3621 2710 deji-

2012 2727 2199 2793 cimur,
2249 2729 2340 2782 sed
2389 2745 2492 2782 non
2548 2731 2826 2802 perimus:
2881 2748 3082 2803 semper
3133 2743 3352 2788 ntortent
3407 2734 3621 2788 Domini

2012 2820 2178 2872 nostri
2201 2816 2329 2874 Iesu
2356 2820 2408 2874 in
2431 2837 2649 2889 corpore
2675 2831 2849 2876 nostro
2877 2823 3323 2895 circumferentes,
3354 2834 3410 2878 ut
3442 2835 3489 2878 et
3512 2828 3619 2879 vita

2013 2910 2143 2966 Jesu
2173 2911 2367 2967 Christi
2407 2915 2461 2969 in
2503 2931 2722 2984 corpore
2766 2926 2942 2970 nostra
2981 2919 3351 2988 manifestatur
3377 2919 3454 2990 (ll
3499 2920 3620 2974 Cor.

2015 3003 2124 3074 tv).
2155 3005 2220 3058 Et
2237 3004 2371 3060 alibi
2399 3006 2540 3061 idem
2562 3006 2755 3062 beatus
2781 3008 3065 3078 apostolus
3087 3008 3315 3076 Paulus,
3334 3023 3622 3080 postquam

2017 3107 2233 3170 raptum
2266 3115 2325 3156 se
2356 3101 2569 3156 dixerat
2604 3099 2618 3140 ι
2658 3119 2830 3174 usque
2861 3104 2917 3159 in
2947 3103 3167 3160 tertium
3207 3105 3407 3160 etelum
3431 3149 3446 3170 ,
3481 3116 3537 3160 et
3568 3107 3621 3162 in

313 3195 501 3252 stolis:
535 3196 697 3251 Amen
719 3196 838 3249 dico
867 3196 1032 3260 vobis,
1067 3193 1208 3264 quod
1238 3211 1325 3248 vos
1345 3194 1431 3264 qui
1461 3196 1622 3248 secuti
1647 3195 1770 3248 estis
1791 3209 1904 3261 me,
1934 3206 1980 3271 ρ
2019 3191 2331 3262 paradisum
2351 3233 2366 3258 ,
2420 3194 2582 3266 230
2619 3195 2710 3248 ubi
2744 3195 3039 3250 ineffabilia
3072 3207 3110 3234 ω
3136 3197 3303 3254 verba
3337 3197 3624 3265 audierat,

313 3289 368 3344 in
395 3289 768 3344 resurrectione
813 3304 928 3341 cum
958 3287 1150 3342 venerit
1200 3285 1376 3340 Filius
1426 3287 1649 3340 hominis
1692 3287 1748 3340 in
1792 3286 1913 3341 sede

314 3385 602 3454 majestatis
638 3398 768 3449 sure,
801 3381 1043 3436 sedebitis
1069 3390 1118 3436 et
1144 3381 1248 3450 ipsi
1279 3397 1436 3445 super
1466 3379 1739 3434 duodecim
1767 3379 1914 3434 tliro-

315 3493 430 3542 nos,
455 3475 757 3549 judicantes
790 3473 1065 3528 duodecim
1108 3472 1269 3526 tribus
1319 3469 1490 3527 Israel
1534 3471 1749 3543 (Matth.
1780 3473 1917 3542 tux).

316 3569 468 3625 Sicut
495 3570 700 3640 sagitta:
727 3581 882 3636 ergo,
911 3566 1108 3634 inquit,
1154 3565 1210 3618 in
1254 3581 1410 3619 manu
1435 3565 1659 3634 potentis
1682 3580 1699 3616 .'
1729 3565 1801 3618 ita
1823 3563 1924 3634 ﬁlii

313 3678 650 3719 excussorum
713 3659 851 3732 (Ps.
905 3658 1133 3729 cxxVI).
1192 3656 1209 3696 ί
1264 3657 1571 3728 Statimque
1624 3657 1917 3726 adjicitur;

316 3754 508 3811 Beatus
541 3755 632 3826 qui
668 3751 901 3822 intplebit
935 3761 961 3799 ε
1003 3750 1319 3806 desiderium
1354 3766 1510 3804 suum
1559 3765 1623 3804 ea:
1665 3749 1814 3817 ipsis,
1862 3764 1920 3805 ut

318 3850 608 3907 evidenter
659 3849 969 3919 intelligas,
1026 3847 1172 3919 quod
1227 3847 1440 3918 sagitta:
1499 3847 1593 3902 Dei
1645 3846 1919 3903 interdum

322 3952 552 4001 mortem
579 3941 842 4007 inierunt,
873 3939 1147 3996 interdum
1180 3937 1578 3994 beatitudinem
1622 3947 1915 4008 praestant,

390 4113 416 4142 ι
445 4102 624 4160 Verba
663 4103 780 4156 hinc
809 4100 1110 4169 adjecimus
1139 4115 1204 4155 ex
1236 4098 1344 4155 ﬁde
1389 4101 1717 4169 Optimnrum
1747 4100 1910 4156 codd.

319 4175 512 4232 Urbin.
563 4185 620 4230 et
648 4172 894 4233 Floren..
952 4187 1072 4243 quae
1127 4172 1179 4225 in
1219 4172 1384 4227 editis
1442 4171 1924 4243 desiderabantur,

319 4263 429 4302 non
457 4261 625 4313 parvo
655 4246 759 4298 loci
792 4243 954 4313 hujus
975 4242 1333 4298 detrimento.
1369 4242 1574 4297 Eadem
1605 4243 1834 4298 exhibet
1865 4245 1930 4298 li-

321 4318 421 4372 ber
443 4331 662 4388 quoque
707 4315 916 4388 Octavii
949 4315 1303 4388 Pautagathi;
1338 4323 1393 4366 at
1437 4316 1489 4388 in
1525 4313 1669 4388 Vatt.
1710 4314 1926 4388 duobus

321 4383 518 4444 ordine
549 4383 832 4459 paululum
862 4383 1181 4459 immutati}:
1216 4385 1390 4438 beatos
1420 4383 1698 4459 Apostolos
1732 4387 1927 4454 μνωάὶ-

324 4468 404 4513 cat
439 4456 580 4528 ﬁlios
619 4474 973 4512 excusserunt.
1021 4457 1191 4512 Filios
1238 4471 1594 4528 excussomm
1634 4456 1926 4527 Apostolos

327 4527 584 4597 intelligit
607 4532 769 4584 etiam
795 4529 1128 4599 Augustinus
1162 4530 1212 4582 in
1244 4527 1382 4596 ps:il.
1406 4542 1588 4582 cxxvt.

399 4601 426 4640 δ
451 4604 524 4656 lta
549 4616 682 4656 mss.
714 4601 836 4656 cod.
869 4616 1087 4656 summo
1117 4615 1413 4656 consensu.
1446 4599 1615 4664 Editi,
1649 4601 1918 4656 direxerit.

403 4685 424 4713 ο
454 4673 606 4728 FIOr.
635 4682 689 4726 et
720 4671 865 4726 Vatt.
893 4673 1022 4733 duo,
1052 4681 1099 4724 et
1130 4674 1184 4724 in
1213 4673 1664 4725 resurrectionem.

399 4743 425 4780 τί
457 4745 568 4800 Hoc
593 4755 678 4798 est
698 4743 881 4808 missi;
931 4743 1206 4796 destinare
1247 4745 1390 4796 enim
1429 4745 1646 4796 nuntios
1671 4750 1754 4798 est
1795 4743 1923 4796 tuit-

331 4825 470 4884 tere,
503 4824 560 4868 ut
594 4815 735 4884 apud
768 4815 922 4869 Suet.
957 4814 1113 4869 Galli.
1146 4828 1267 4881 cap.
1304 4812 1398 4885 16.
1464 4813 1757 4885 Statimque
1786 4814 1929 4885 lega-

333 4888 522 4940 tionrm
547 4883 998 4953 adprwtorianos
1042 4901 1160 4937 cum
1206 4884 1467 4936 mandatis
1515 4883 1926 4938 destinaverunt.

332 4958 564 5026 Apostoli
585 4972 759 5024 gratca
783 4973 885 5008 vox
907 4961 974 5007 ab
995 4956 1339 5026 Ἀποστέλλῳ,
1362 4955 1506 5023 quod
1533 4964 1616 5009 est
1634 4971 1755 5026 cuin
1779 4971 1928 5008 man-

332 5025 474 5084 datis
502 5033 736 5098 aliqueiit
768 5027 925 5080 mitto
949 5068 964 5091 ,
1000 5026 1230 5096 idqutte
1256 5025 1594 5098 Gaudentius
1621 5025 1754 5098 dicit
1789 5031 1933 5084 Ano-

331 5101 506 5154 stolos
545 5095 612 5152 ab
639 5097 823 5150 ollicio
863 5113 1059 5150 nomen
1093 5095 1340 5150 sortitos.
1372 5095 1516 5151 Idem
1549 5096 1930 5158 Gaudentius,

335 5179 497 5225 tract.
525 5170 593 5223 de
614 5169 799 5224 Dedic.
836 5169 1016 5222 liasil.:
1048 5168 1330 5236 Apostolus
1350 5169 1532 5235 estqui
1557 5168 1753 5220 missus
1771 5184 1802 5220 a
1829 5165 1936 5219 Deo

335 5252 409 5297 est
432 5258 449 5294 :
479 5241 765 5293 destinatus
789 5241 928 5292 enim
953 5253 1287 5305 nuncupatur
1313 5238 1600 5306 apostolus.
1631 5239 1938 5306 Utrumque

335 5312 624 5369 Gaudentii
683 5311 863 5364 locum
919 5314 1126 5376 prot‘ert
1156 5309 1433 5372 Barthius,
1467 5312 1502 5362 Ι.
1540 5325 1665 5363 XLIII
1701 5309 1936 5364 Advers.

335 5398 391 5439 c.
421 5385 492 5448 8;
524 5397 716 5438 verum
745 5381 814 5435 de
861 5381 1096 5450 apostoli
1125 5379 1490 5450 appellatione
1517 5388 1573 5433 et
1595 5379 1781 5434 ofﬁcio
1809 5396 1942 5450 eone

337 5453 424 5511 fer
445 5455 849 5515 Casaubouum,
880 5449 1110 5509 exercit.
1144 5453 1235 5518 15,
1261 5452 1327 5506 ad
1351 5449 1665 5518 Baronium,
1717 5450 1824 5523 μ,
1853 5449 1943 5523 ubi

338 5527 504 5580 etiam
551 5528 638 5580 hic
669 5523 966 5580 Gaudentii
1001 5527 1154 5577 locus
1197 5532 1410 5592 poterat
1455 5537 1563 5577 n0n
1597 5522 1948 5576 incommode

341 5597 642 5721 regqraseri.
667 5595 803 5720 \ilizde
831 5610 1016 5668 porro,
1050 5595 1096 5650 si
1127 5591 1304 5661 vacat,
1333 5591 1596 5648 lsidorum
1621 5609 1868 5664 quoque,
1903 5593 1941 5647 1.

363 5681 384 5721 t
517 5682 564 5721 c.
590 5682 639 5720 c.
749 5707 762 5720 .

363 5681 384 5722 ι
409 5668 564 5721 Ollic.
590 5682 639 5720 c.
673 5668 762 5720 l7.

420 5747 444 5773 ε
479 5737 797 5808 Ηςιξοννθτδιι
829 5754 934 5794 non
965 5738 1236 5795 habentur
1277 5737 1333 5792 in
1383 5751 1541 5805 mss.,
1595 5752 1720 5808 quae
1769 5745 1948 5792 tamen

353 5807 668 5868 necessario
699 5808 959 5865 duximus
991 5809 1300 5866 retinenda.

798 5903 1072 5964 ΡΑτιιοι..
1120 5903 1268 5965 ΧΧ.

1952 4495 2008 4556 D

2016 3285 2091 3340 ita
2123 3286 2383 3341 continuo
2413 3289 2563 3342 addit
2598 3306 2610 3343 :
2644 3287 2728 3343 Ne
2753 3291 3054 3356 eminentia,
3104 3291 3300 3362 inquit,
3355 3293 3627 3347 revelatio-

2019 3396 2145 3433 nuin
2177 3397 2256 3435 me
2278 3379 2518 3442 extollat,
2552 3382 2704 3437 datus
2734 3393 2809 3437 est
2838 3385 2964 3437 mihi
2992 3385 3235 3440 stimulus
3266 3388 3440 3440 carnis
3465 3403 3628 3460 ange-

2023 3468 2106 3526 lus
2134 3470 2370 3533 Satanaz.
2402 3473 2492 3543 qui
2523 3490 2603 3526 me
2625 3476 2936 3545 colaphizet,
2965 3486 3021 3529 ut
3053 3493 3154 3530 non
3185 3479 3430 3533 extollar.
3458 3476 3626 3550 Ρι-ορι

2027 3571 2105 3616 ter
2150 3564 2246 3616 hoc
2295 3572 2371 3616 ter
2417 3563 2701 3620 Dominum
2745 3569 2923 3640 rogari
2964 3579 3021 3622 ut
3056 3569 3344 3626 discederet
3373 3590 3405 3625 a
3436 3589 3534 3639 nte,
3585 3583 3634 3627 et

2031 3657 2164 3711 dixit
2214 3658 2377 3713 mihi:
2408 3657 2619 3728 Sufﬁcit
2671 3661 2765 3714 tibi
2809 3664 2981 3734 gratia
3030 3680 3179 3730 mea,
3213 3683 3335 3720 nam
3373 3668 3538 3720 virtus
3580 3668 3636 3720 in

2028 3752 2337 3820 inﬁrmitate
2365 3752 2635 3823 perﬁcitur
2661 3753 2729 3824 (Il
2755 3752 2877 3808 Cor.
2920 3753 3041 3825 xtt).
3089 3757 3156 3811 Et
3201 3756 3305 3811 alia
3350 3758 3632 3828 Scriptura

2028 3847 2156 3901 huic
2182 3848 2370 3902 sensui
2403 3847 2748 3903 concordans
2765 3857 2793 3885 η
2818 3849 3126 3905 evidentius
3147 3850 3422 3918 loquitur:
3443 3861 3468 3887 ο
3492 3851 3639 3920 Quo-

2026 3940 2180 3995 modo
2211 3941 2264 3995 in
2291 3941 2414 4012 igne
2439 3940 2715 4012 probatur,
2745 3942 2853 4011 ait,
2886 3959 3099 4012 aurum,
3132 3953 3178 3997 et
3209 3954 3508 4016 argentum,
3543 3946 3636 4000 Ito-

2103 4099 2122 4138 ί
2155 4102 2379 4176 lnAmLss.
2412 4101 2600 4176 Flor.,_
2632 4104 2906 4176 statimque
2927 4105 3143 4172 dicitur,
3198 4115 3260 4162 ut
3305 4117 3361 4164 et
3410 4107 3463 4163 in
3504 4112 3630 4166 cod.

2029 4172 2626 4298 Dctqvlji‘l’autagathi,
2657 4177 2750 4246 qui
2783 4172 2909 4232 mox
2939 4178 2992 4231 in
3026 4179 3300 4249 sequenti,
3333 4177 3527 4237 Beatus
3546 4185 3634 4253 qui

2029 4263 2136 4298 ιηιυ
2161 4263 2187 4298 ε
2227 4263 2240 4298 1
2271 4288 2284 4298 .

2029 4256 2284 4301 ιηιυιευιι.

2103 4265 2310 4395 ξιὲἶέὶῑ
2343 4315 2453 4395 duo
2493 4316 2574 4371 sic
2607 4317 2826 4388 legunt;
2859 4319 3129 4389 Urbinas,
3173 4322 3259 4392 qui
3305 4323 3555 4395 implerit.

2103 4384 2130 4424 ¹ι
2159 4387 2312 4442 Vatt.
2337 4389 2464 4455 duo,
2497 4384 2685 4443 secure
2707 4403 2974 4452 prietereo.

2112 4457 2127 4538 ξ
2160 4457 2310 4538 Flor.
2335 4460 2487 4538 cod.,
2521 4478 2552 4512 a
2579 4461 2767 4538 quibus
2779 4463 3110 4538 documentis
3141 4465 3446 4520 bonitatem.

2106 4529 2120 4579 i
2163 4529 2476 4584 Laborabat
2507 4529 2615 4586 non
2648 4533 2909 4587 mediocri
2942 4537 3077 4588 vitio
3125 4538 3213 4590 hic
3264 4539 3437 4591 locus.
3493 4537 3639 4595 Editi

2027 4617 2263 4669 namque
2293 4603 2372 4674 sic
2399 4603 2660 4674 (legebant
2695 4621 2709 4656 :
2763 4614 2812 4657 et
2859 4607 3050 4658 eisdem
3077 4607 3261 4660 debitis
3285 4609 3599 4664 cruciatibus
3619 4653 3633 4674 ,

2027 4689 2092 4728 ex
2124 4689 2233 4742 quo
2266 4673 2558 4727 videbatur
2587 4674 2826 4728 absurde
2851 4674 3059 4730 inl‘erre
3084 4677 3423 4732 Gaudentius
3465 4673 3634 4735 Deum

2030 4747 2226 4814 punire
2257 4744 2456 4812 impios
2479 4743 2817 4799 cruciatibus
2841 4746 3040 4800 debitis
3057 4745 3240 4815 jusds.
3260 4749 3448 4815 Itaque
3470 4749 3634 4806 iidem

2030 4825 2266 4891 quatuor
2301 4830 2449 4891 _ntss.
2500 4815 2674 4891 secuti
2709 4831 2890 4891 veram
2923 4818 3215 4891 lectionem
3262 4822 3633 4891 restitttiinus,

2031 4900 2156 4954 quae
2185 4885 2411 4939 fulcitur
2461 4887 2626 4939 etiam
2669 4890 2998 4940 auctoritate
3025 4888 3150 4942 cod.
3184 4889 3398 4944 Octavii
3434 4885 3638 4947 Panta;

2034 4956 2181 5024 gathi
2213 4958 2316 5012 hoc
2349 4954 2535 5020 modo,
2585 4965 2633 5010 et
2676 4957 2907 5026 ejusdem
2950 4957 3162 5014 Domini
3209 4961 3392 5016 debitis
3431 4967 3637 5019 crucia-

2034 5029 2192 5080 tibus.

2109 5097 2134 5134 ἐ
2171 5098 2304 5174 Mss.
2325 5095 2482 5174 cod.,
2514 5108 2568 5174 ut
2599 5115 2856 5174 non__cunt
2884 5099 2981 5154 hoc
3013 5103 3237 5171 mundo,
3266 5120 3426 5174 quam
3452 5107 3642 5163 lectio-

2039 5184 2162 5224 nem
2215 5167 2437 5241 exhibet
2491 5169 2655 5241 etiam
2708 5169 2957 5238 Vulgata.
3010 5167 3479 5241 Depreliendinius
3532 5193 3636 5233 nou

2041 5241 2210 5364 seifnel
2245 5239 2500 5294 librarios
2547 5240 2616 5296 ad
2663 5257 2993 5298 consensum
3033 5239 3272 5316 vulgatae
3303 5258 3482 5304 textus
3507 5263 3637 5302 suos

2043 5327 2105 5364 re
2133 5325 2397 5364 armasse.

2043 5325 2397 5367 retormasse.

2121 5379 2139 5419 ι
2176 5382 2308 5437 Mss.
2339 5382 2487 5449 cod.,
2520 5399 2681 5452 usque
2707 5386 2776 5438 ad
2808 5388 3015 5441 tertium
3041 5389 3245 5443 coelum.

2046 5455 2281 5578 angustia
2308 5454 2461 5510 editi.
2504 5453 2658 5511 Flor.
2713 5469 2767 5512 et
2809 5457 2970 5526 Urb.,
3004 5459 3248 5513 audierit.
3300 5458 3442 5514 Vatt.
3494 5459 3606 5514 duo

2154 5542 2170 5578 ι
2250 5564 2265 5578 .

2154 5542 2265 5580 ιυιι.

2121 5605 2148 5632 η
2173 5595 2250 5671 [ιιι
2272 5598 2625 5671 reposuimus
2656 5615 2722 5654 ex
2754 5609 2988 5671 quatuor
3011 5615 3143 5655 mss.
3171 5600 3333 5664 Editi,
3367 5601 3643 5658 evidentia.

2062 5740 2072 5750 .
2125 5677 2149 5704 ο
2184 5667 2412 5726 Videtur
2469 5685 2596 5726 vera
2649 5667 2813 5727 lecti'o
2867 5671 2991 5728 cod.
3054 5671 3235 5738 Flor.,
3289 5671 3546 5740 Quoniam
3590 5675 3645 5729 in

2062 5755 2190 5794 iane.

2055 5757 2190 5810 igne.

2971 5909 3049 5970 27
