4096 6192
550 295 654 354 847

1642 289 1698 345 S.
1741 286 2122 346 GAUDENTII
2167 284 2423 346 ΒΒΙΧΙᾹΖ
2465 283 2773 345 EPISCOPI

3735 284 3830 342 848

549 407 1923 480 diemStatueretappellandum.Scripturaeautem
1940 418 2146 464 sanctae
2175 411 2223 474 Λ
2252 408 2469 479 ingrato
2501 403 2917 462 transcendere.
2963 401 3096 458 Nam
3128 413 3151 450 ts
3183 407 3338 456 sexta
3365 399 3499 456 feria
3531 412 3636 471 qua
3667 399 3825 456 botui-

545 521 671 562 cum
703 505 768 560 de
798 503 1136 573 temporibus
1167 502 1367 570 aliquid
1397 501 1482 557 vel
1505 501 1743 556 referunt
1769 543 1784 568 ,
1811 502 1896 556 vel
1918 502 2109 570 jubent
2129 543 2142 567 ,

544 600 620 657 ita
654 599 949 668 loquuntur
976 613 989 649 :
1024 606 1049 633 ει
1083 595 1294 649 Decima
1317 595 1402 649 die
1425 597 1614 650 mensis
1644 595 1859 650 secundi
1886 637 1901 663 ,
1937 604 1983 650 et
2015 595 2143 649 luna

542 692 764 757 decima,
803 701 896 744 aut
925 689 1107 757 quinta
1135 689 1218 742 die
1262 689 1452 742 mensis
1499 690 1738 756 septimi;
1769 698 1862 743 aut
1902 689 2144 742 vicesima

540 783 628 837 die
654 782 847 837 mensis
879 781 1024 840 noni.
1051 791 1140 834 aut
1163 779 1560 851 quartadecima
1597 781 1678 834 die
1723 783 1912 835 mensis
1943 781 2097 852 primi
2123 821 2138 848 ,

540 886 602 930 ut
647 877 699 930 in
747 873 916 929 Exodi
950 873 1089 928 libro
1143 876 1351 944 pariter
1383 889 1528 929 nunc
1597 874 1906 928 audivimus
1941 874 2138 945 (Exod.

539 983 651 1035 xu;
680 967 843 1022 Leuit.
891 967 1087 1033 xxnt);
1121 966 1210 1020 ubi
1259 967 1572 1021 observatio
1622 967 1848 1021 Pascha:
1876 966 2143 1021 describi-

533 1069 646 1125 tur,
678 1069 733 1113 et
773 1067 984 1128 septem
1033 1058 1228 1112 diebus
1261 1058 1508 1128 ejusdem
1553 1059 1927 1113 solemnitatis
1953 1073 2138 1130 azyma

533 1151 874 1210 comedenda
908 1149 934 1187 b
967 1149 1324 1205 mandantur.
1369 1150 1623 1220 Praecipit
1669 1161 1850 1204 tamen
1895 1151 2043 1206 Deus
2087 1159 2143 1206 et

535 1245 662 1312 boc,
695 1252 754 1298 ut
783 1243 827 1297 si
855 1243 978 1312 quis
1012 1241 1192 1319 primo
1225 1257 1445 1311 mense,
1481 1243 1565 1298 vel
1600 1243 1917 1297 immundus
1951 1244 2001 1296 in
2025 1243 2142 1296 ani-

533 1353 624 1394 ma
654 1335 924 1404 hominis,
962 1335 1013 1390 id
1042 1347 1128 1390 est
1162 1337 1358 1390 mortui
1390 1345 1593 1391 attactu
1625 1337 1892 1407 pollutus,
1920 1338 2004 1392 vel
2038 1353 2137 1393 ex-
2183 1357 2190 1362 '

530 1441 616 1486 tra
646 1431 882 1486 electum
920 1442 939 1464 ο
974 1429 1228 1485 sacrilicii
1257 1429 1653 1502 Hierosolyma:
1689 1431 1900 1496 locum,
1931 1431 1980 1484 in
2014 1431 2136 1485 lon-

532 1528 738 1598 ginquo
767 1525 968 1580 itinere
998 1524 1336 1580 constitutus
1360 1523 1566 1579 Pascha
1591 1525 1617 1561 ἀ
1653 1540 1760 1579 non
1788 1526 1965 1596 potuit
1993 1526 2134 1580 cele-

532 1621 720 1684 brare,
753 1628 776 1655 ε
810 1617 1051 1673 secundo
1079 1631 1268 1671 mense
1291 1617 1555 1672 celebret.
1588 1618 1901 1673 Przevidens
1934 1619 2134 1688 quippe

535 1715 680 1769 Deus
707 1710 964 1768 Gentium
1019 1710 1248 1778 populos
1280 1719 1410 1764 tunc
1455 1711 1635 1766 adhuc
1666 1711 1948 1766 hominum
1991 1727 2132 1766 mor-

2247 517 2371 556 nem
2405 500 2631 560 fecerat.
2656 513 2758 568 pro
2783 497 2977 554 eodem
3003 510 3198 568 passus
3224 505 3342 560 est;
3369 505 3422 548 et
3448 494 3543 548 die
3571 495 3824 548 Dominica

2247 611 2368 666 qua:
2392 594 2597 649 dicitur
2627 594 2679 646 in
2712 592 3014 660 Scripturis
3037 588 3208 660 prima
3243 588 3451 642 sabbati
3473 586 3692 656 (Matth.
3714 602 3826 651 vttt;

2245 686 2377 743 Gen.
2403 687 2468 757 ι),
2501 687 2553 740 in
2601 700 2709 756 qua
2759 691 3076 754 sumpserat
3122 682 3356 736 mundus
3401 679 3726 743 exordium.
3754 695 3830 734 re-

2243 781 2516 844 surrexit;
2545 787 2604 833 ut
2633 779 2723 848 qui
2769 778 2944 847 prima
2977 777 3063 832 die
3098 775 3264 848 23E.
3286 775 3498 830 creavit
3525 774 3754 842 caelum,
3785 783 3832 830 et

2245 879 2447 929 terram
2469 872 2636 943 (unde
2664 880 2852 941 postea
2876 869 3158 924 hominem
3191 867 3401 924 faciens
3424 867 3826 938 ﬁguravit),pri-

2243 979 2330 1018 ma
2360 966 2521 1020 etiam
2559 964 2646 1020 die
2674 979 2891 1019 omnem
2944 969 3230 1033 repararet
3278 961 3595 1026 hominem,
3619 972 3830 1030 propter

2241 1072 2401 1128 quem
2444 1056 2652 1112 lecerat
2703 1055 2988 1110 mundum.
3041 1054 3170 1109 Haec
3222 1053 3468 1109 breviter
3496 1055 3730 1108 dixerim
3768 1053 3829 1108 de

2242 1151 2458 1206 ratione
2499 1150 2772 1206 Paschali.
2806 1149 2915 1206 Sed
2939 1149 3052 1220 jam
3089 1159 3305 1219 tempus
3345 1156 3430 1203 est
3453 1189 3468 1213 ,
3504 1157 3562 1201 ut
3593 1148 3826 1201 virtutem

2239 1259 2430 1300 eorum
2482 1260 2603 1314 quas
2653 1245 2706 1298 in
2731 1243 2870 1298 libro
2916 1241 3089 1297 Exodi
3137 1241 3477 1307 audivimus,
3518 1237 3545 1275 ιι
3575 1237 3827 1294 εόίδευτιι-

2240 1353 2385 1393 mus.
2429 1339 2506 1392 Ac
2547 1338 2822 1406 primum,
2863 1337 2992 1405 quid
3043 1335 3116 1389 sit
3161 1335 3410 1400 Exodus,
3470 1333 3824 1388 advertamus.

2241 1431 2467 1486 Exodns
2490 1431 2734 1500 egressio
2774 1430 3109 1500 appellatur.
3146 1429 3403 1498 Egressio
3429 1441 3614 1484 autem
3645 1428 3738 1482 luit
3768 1429 3829 1484 de

2235 1524 2555 1596 captivitate
2614 1524 2950 1591 Pharaonis,
3003 1522 3016 1559 ί
3063 1531 3120 1578 et
3173 1521 3596 1593 Egyptiorum,
3659 1521 3826 1590 populi

2239 1633 2364 1676 tunc
2399 1619 2596 1688 Israel,
2630 1619 2642 1669 i
2681 1634 2787 1673 non
2822 1615 3016 1672 nostri.
3043 1615 3167 1672 Tibi
3198 1630 3330 1686 ergo
3361 1627 3415 1668 ut
3445 1614 3581 1684 quid
3615 1615 3821 1684 legitur,

2235 1715 2279 1768 si
2305 1713 2427 1768 aliis
2450 1721 2658 1767 tantum
2691 1710 2931 1780 proluit?
2951 1709 3093 1778 Quid
3120 1709 3186 1763 ad
3220 1719 3294 1776 te,
3318 1708 3466 1778 quod
3493 1723 3604 1762 non
3630 1722 3725 1778 pro
3750 1709 3828 1762 te?

526 1812 748 1859 tuorum
779 1799 1091 1856 simulacris
1123 1799 1435 1854 immundos
1456 1841 1470 1865 ,
1499 1810 1553 1854 et
1584 1809 1736 1855 extra
1767 1810 2019 1856 sanctum
2051 1803 2128 1854 lo-
2160 1806 2206 1865 B
2236 1807 2343 1863 Sed
2371 1808 2484 1877 jam
2521 1805 2675 1861 disce
2721 1807 2788 1860 ab
2819 1804 3081 1874 Apostolo
3113 1800 3284 1871 magis
3312 1804 3575 1856 universa
3614 1816 3708 1869 pro
3742 1809 3822 1864 te,

530 1913 656 1952 cum
693 1893 950 1950 Ecclesiae
984 1893 1034 1946 in
1069 1894 1372 1962 longinquo
1413 1894 1660 1964 positos,
1696 1893 1884 1964 utique
1919 1909 2017 1948 nos
2044 1895 2132 1961 qui

529 2007 738 2045 eramus
796 1989 990 2058 longe,
1043 1997 1089 2040 et
1142 1987 1272 2056 facti
1321 2004 1502 2041 sumus
1551 2005 1714 2059 prope
1768 1989 1822 2043 in
1877 1992 2132 2062 sanguine

526 2082 724 2138 Christi
763 2079 982 2151 (Ephes.
1013 2095 1086 2146 tt,
1125 2080 1244 2150 l3);
1279 2079 1369 2134 dat
1405 2081 1682 2135 licentiam
1707 2124 1719 2146 ,
1748 2091 1809 2136 ut
1857 2083 1902 2136 si
1953 2085 2130 2152 primo

528 2189 718 2232 mense
758 2173 919 2229 nobis
971 2188 1080 2227 non
1114 2172 1360 2228 occurrit
1392 2172 1410 2210 ί
1444 2184 1497 2228 et
1525 2173 1644 2228 dies
1688 2173 2035 2242 Dominicus,
2081 2184 2138 2232 et

521 2282 804 2339 congruos
840 2265 986 2320 lunae
1035 2281 1332 2332 numerus,
1365 2265 1608 2320 secundo
1656 2282 1845 2321 mense
1887 2267 2134 2324 celebre-

529 2377 674 2418 mus.
710 2359 777 2414 Et
811 2358 934 2414 ideo
965 2374 1065 2414 nec
1119 2359 1262 2413 intra
1317 2358 1846 2429 quartamdecimam
1903 2361 2130 2432 lunam,

527 2470 630 2512 nec
669 2455 813 2510 ultra
842 2453 1161 2509 vicesimam
1193 2453 1428 2522 primam
1475 2453 1760 2511 celebrare
1793 2471 2089 2526 possumus
2117 2500 2131 2524 ,

523 2551 651 2624 quia
696 2561 911 2620 septem
956 2557 1172 2603 tantum
1205 2548 1321 2603 dies
1376 2556 1506 2604 sunt
1557 2564 1870 2621 azymorum
1905 2553 2134 2622 pascha-

523 2647 659 2704 lium
682 2691 696 2715 ,
730 2647 783 2700 in
818 2645 1020 2714 quibus
1057 2643 1404 2698 Dominicum
1457 2650 1755 2713 quierimus
1788 2645 1958 2702 diem.
2009 2647 2136 2703 Vult

529 2740 676 2796 enim
731 2753 832 2793 nos
882 2735 1136 2792 Christus
1179 2737 1554 2808 promulgator
1587 2737 1744 2809 Legis
1795 2747 1847 2794 et
1878 2739 2083 2796 Gratiae
2112 2782 2126 2806 ,

522 2849 702 2904 neque
754 2831 1030 2902 legitimos
1081 2830 1239 2899 juxta
1291 2832 1434 2885 lunm
1491 2847 1715 2887 cursum
1774 2845 2129 2900 computatos

524 2925 811 2998 praeterire
840 2923 988 2989 dies,
1019 2937 1199 2992 neque
1228 2921 1372 2977 diem
1399 2937 1511 2978 suae
1544 2923 1988 2981 Resurrecuonis
2014 2926 2128 2980 otio

2233 1917 2394 1972 quam
2432 1916 2529 1970 pro
2558 1899 2669 1952 illis
2688 1913 2812 1954 esse
2855 1913 2976 1967 quae
3021 1894 3224 1966 scripta
3253 1903 3402 1948 sunt.
3457 1893 3590 1958 Lex,
3625 1893 3820 1964 inquit,

2231 1996 2413 2048 umbra
2465 2001 2574 2047 erat
2629 1992 2928 2059 futurorum
2978 1988 3234 2043 bonorum
3286 1985 3479 2058 (Hebr.
3511 1985 3600 2051 x);
3650 1999 3822 2039 eorum

2231 2087 2433 2158 quippe
2467 2086 2736 2139 bonorum
2782 2098 2902 2152 quae
2944 2083 2997 2135 in
3035 2079 3194 2136 nobis
3217 2079 3494 2150 completa
3523 2087 3670 2132 sunt.
3694 2075 3827 2132 Veri-

2236 2189 2318 2236 tas
2345 2179 2490 2234 enim
2521 2177 2768 2232 Christus
2791 2176 3111 2241 adveniens,
3143 2175 3283 2229 bona
3314 2189 3440 2244 quae
3474 2182 3605 2228 ante
3633 2170 3823 2228 Judazis

2231 2275 2362 2328 fecit
2392 2271 2787 2337 umbratiliter,
2843 2269 3004 2324 nobis
3061 2283 3206 2324 nunc
3246 2269 3300 2322 in
3343 2268 3587 2322 veritate
3615 2265 3823 2336 largitus

2233 2363 2258 2402 "
2278 2375 2522 2427 estur-am
2548 2363 2682 2419 dicit
2704 2363 2770 2417 ad
2797 2363 3098 2433 discipulos
3125 2380 3136 2415 :
3164 2362 3326 2415 Amen
3348 2361 3469 2414 dico
3500 2359 3664 2427 vobis,
3693 2359 3824 2411 multi

2237 2458 2543 2531 PrOpltette,
2575 2467 2623 2512 et
2645 2457 2783 2530 justi
2814 2456 3241 2511 desideraverunt
3262 2454 3438 2508 videre
3482 2467 3600 2524 qua:
3626 2451 3820 2514 videtis.

2233 2563 2279 2608 et
2326 2571 2428 2608 non
2469 2553 2742 2616 viderunt;
2769 2560 2817 2606 et
2847 2551 3032 2605 audire
3051 2566 3165 2615 quia
3190 2547 3406 2614 auditis,
3429 2558 3481 2602 et
3512 2565 3617 2602 non
3657 2545 3820 2600 audie-

2233 2659 2378 2703 runt.
2419 2648 2588 2701 Vestri
2620 2656 2793 2702 autem
2839 2647 2972 2700 beati
3032 2645 3191 2707 oculi,
3224 2645 3313 2716 qui
3338 2644 3538 2710 vident;
3568 2653 3616 2697 et
3664 2658 3819 2706 aures,

2237 2758 2352 2812 qua!
2385 2741 2607 2794 audi-unt
2634 2740 2849 2812 (.llatth.
2884 2739 3024 2808 xm).
3060 2737 3278 2793 Exodus
3326 2753 3460 2808 ergo
3498 2737 3516 2776 ι
3550 2738 3705 2792 beate
3748 2743 3820 2788 at-

2238 2850 2344 2904 que
2372 2833 2614 2904 perfecte
2641 2842 3055 2888 consummatur
3094 2832 3147 2886 in
3175 2831 3332 2885 nobis
3356 2830 3586 2902 quando
3614 2840 3651 2867 ιιι
3680 2841 3820 2884 verus

2240 2927 2455 2997 Moyses
2485 2926 2554 2982 de
2584 2925 2848 2980 .lordanis
2877 2941 3014 2996 aqua
3038 2935 3312 2994 sumptus,
3345 2933 3400 2979 et
3420 2931 3449 2958 ιι
3481 2933 3692 2990 natura,
3725 2935 3815 2974 non

601 3073 625 3098 κ
665 3059 811 3114 Vatt.
846 3057 954 3113 duo
980 3065 1142 3128 atque
1170 3052 1312 3128 Urb.
1337 3072 1347 3106 :
1383 3054 1596 3109 Decima
1635 3055 1720 3108 die
1740 3057 1930 3109 mensis
1957 3057 2120 3128 septi-
2145 3057 2192 3122 C
2225 3058 2451 3112 rietuini.
2485 3056 2534 3109 11
2543 3072 2639 3110 unc
2661 3057 3005 3128 itaqueidiem
3032 3057 3383 3128 recapitulans
3412 3059 3470 3111 in
3503 3057 3812 3128 semetipsum

523 3133 618 3198 mi,
646 3133 700 3186 id
735 3141 806 3185 est
839 3131 962 3183 luna
1004 3127 1222 3180 decima.
1257 3126 1407 3181 Flor.
1437 3167 1453 3192 ,
1481 3128 1668 3198 mensis
1698 3128 1932 3198 secundi,
1963 3126 2021 3180 id
2044 3137 2120 3182 est

524 3195 652 3258 luna
691 3203 908 3264 decima,
934 3198 1019 3252 cui
1047 3199 1284 3269 concinit
1328 3214 1431 3250 ms.
1460 3197 1598 3252 liber
1619 3195 1825 3251 Octavii
1854 3198 2122 3269 Pantaga-

529 3275 638 3338 thi;
669 3288 835 3339 quare
867 3273 918 3323 in
953 3279 1102 3322 textu
1136 3268 1345 3336 abiecta
1395 3269 1661 3339 particula
1711 3268 2121 3337 conjunctioitis

525 3345 601 3398 ita
626 3337 848 3397 omnino
875 3341 1162 3408 legendum
1184 3340 1399 3393 videtur
1424 3358 1435 3393 :
1471 3337 1684 3392 Decima
1706 3339 1792 3392 die
1822 3343 2014 3394 mensis
2042 3358 2122 3395 se-

529 3416 704 3477 cundi,
734 3412 787 3465 id
811 3421 883 3466 est
906 3413 1029 3463 luna
1060 3409 1279 3462 decima.

598 3484 625 3524 ι)
665 3484 799 3539 (30d.
828 3482 1017 3538 Urbin.
1038 3523 1054 3545 ,
1078 3481 1412 3534 mandantur.
1445 3479 1720 3547 Prwcepit.

602 3568 622 3595 c
666 3556 816 3610 Flor.
846 3553 982 3608 Cod.
1006 3594 1021 3617 ,
1050 3552 1319 3626 sacriﬁciis
1341 3554 1685 3626 geresolyme.
1716 3553 1847 3609 Urb.
1869 3595 1883 3617 ,
1915 3557 2119 3626 sacri/i-

526 3629 620 3684 ciis
660 3626 1062 3696 Hierosolymm.
1094 3624 1236 3696 νειμ.
1272 3623 1404 3696 duo,
1443 3623 1821 3695 Hierosolyma:
1845 3623 2119 3696 sacriﬁciis

527 3701 714 3753 locum.
750 3695 1108 3752 Huncrlocum
1141 3695 1535 3766 Hierosolyma:
1564 3697 1848 3750 sacriliciis
1875 3695 2118 3752 destina-

524 3783 634 3826 tum
660 3769 827 3825 fuisse
858 3769 1151 3837 templum,
1185 3767 1520 3821 recentiores
1551 3783 1657 3820 non
1694 3769 1852 3834 pauci
1883 3780 2114 3824 conten-

523 3843 680 3905 dunt,
712 3844 784 3895 ita
813 3848 870 3894 ut
893 3853 1046 3893 extra
1073 3837 1209 3891 illud
1239 3837 1452 3909 Pascha
1473 3839 1742 3893 celebrari
1773 3855 1882 3894 non
1908 3853 2112 3909 pOSset;

523 3930 552 3966 a
581 3914 777 3983 quibus
803 3909 1281 3983 aperietlissenlit
1307 3908 1579 3983 Gaudent.
1604 3953 1618 3974 ,
1656 3919 1824 3983 tract.
1844 3908 1985 3979 ειη..
2020 3913 2112 3966 ubi

523 3979 759 4052 de'agno
801 3979 1457 4052 paschalidlncchabet:
1494 3979 1706 4052 Singuli
1745 3982 1881 4034 enim
1907 3985 2114 4037 occide-

525 4049 712 4124 bantur
723 4049 814 4124 per
826 4052 1028 4105 domos.
1048 4049 1177 4103 Vide
1192 4051 1480 4124 observata
1497 4049 1685 4105 nostra
1697 4051 1713 4104 i
1725 4070 1752 4104 ιι
1769 4068 1890 4105 eum
1909 4055 2107 4109 locum.

595 4124 621 4162 ἀ
663 4123 813 4178 Flor.
835 4164 849 4187 ,
878 4139 980 4174 non
1009 4123 1251 4189 potuerit.

597 4209 619 4232 υ
659 4194 1047 4250 Kalendarium
1074 4191 1354 4254 Judaicutn
1386 4190 1473 4245 die
1503 4190 1712 4246 decima
1738 4205 1931 4261 quarta
1960 4213 2113 4251 mett-

523 4268 597 4322 sis
631 4266 753 4333 ljar.
781 4279 895 4318 sive
925 4262 1160 4330 Aprilis:
1196 4261 1402 4316 Pascha
1433 4263 1714 4316 secundum
1747 4265 2112 4320 celebrandum

523 4338 682 4392 abiis
700 4333 881 4404 quibus
937 4351 1038 4386 non
1085 4334 1539 4407 licitunrfuerat,
1565 4336 1651 4407 ve_l_
1687 4351 1789 4388 non
1840 4349 2110 4407 potuerant

522 4403 731 4462 Pascha
758 4407 1010 4459 celibrare
1039 4420 1206 4456 mense
1231 4405 1417 4462 primo.
1447 4403 1580 4458 Vide
1608 4404 1769 4460 Num.
1794 4403 1870 4461 ni.

599 4479 618 4517 τ
663 4478 974 4546 Adjecimus
1011 4475 1333 4544 particulam
1361 4475 1760 4544 conjunctionis
1781 4518 1795 4541 ,
1827 4494 1987 4545 quam
2021 4480 2110 4534 ha—

519 4524 807 4608 bent-nisls.
843 4524 1030 4609 codd.';
1060 4545 1114 4600 in
1139 4546 1298 4600 editis
1326 4524 1505 4600 autem
1547 4547 1718 4600 deest.
1770 4524 2107 4608 ἰωῖτὶῗιίὰῖο
2140 4524 2186 4583 D

521 4623 712 4677 eadem
740 4621 807 4674 de
839 4629 1083 4684 tempore
1114 4617 1424 4673 celebrandi
1461 4618 1738 4672 Paschalis
1770 4620 2062 4684 di~cipliua
2089 4663 2104 4688 ,

521 4691 840 4765 agnoscitur
869 4708 899 4744 a
922 4689 1217 4765 Philastrio
1239 4733 1253 4754 ,
1282 4705 1415 4765 mp.
1434 4691 1526 4750 58.
1547 4689 1637 4743 ubi
1665 4691 2107 4756 Quartadecima-

521 4761 606 4819 nis
634 4776 996 4828 succensens,
1029 4763 1122 4831 qui
1154 4776 1341 4815 mense
1370 4761 1559 4814 Martio
1579 4775 1794 4830 semper
1818 4764 2104 4820 celebran-

521 4836 648 4888 dum
676 4835 881 4889 Pascha
931 4833 1240 4887 aSserebant
1265 4873 1280 4897 ,
1305 4843 1360 4886 et
1393 4837 1495 4887 hoc
1530 4835 1794 4887 facientes
1822 4834 1964 4888 diem
2000 4837 2106 4890 Do-

517 4908 775 4976 minicatn
812 4905 1031 4958 Pascha:
1079 4921 1184 4956 non
1217 4904 1638 4966 (:Ustodtrbant,
1686 4905 1781 4958 sed
1811 4910 2063 4961 ,sccuntla
2087 4954 2100 4976 ,

519 4988 611 5030 aut
641 4975 832 5038 tertia,
862 4986 956 5027 aut
988 4985 1211 5040 quarta.
1242 4983 1333 5027 ant
1362 4977 1549 5043 quinta
1574 5016 1587 5039 ,
1613 4985 1707 5028 aut
1728 4991 1878 5030 sexta
1906 4978 1993 5032 die
2014 4975 2104 5035 ce-

521 5047 841 5118 lebrabant,
900 5043 1234 5118 subditaErc
1281 5047 1376 5118 Itoc
1421 5062 1592 5099 errore
1638 5063 1738 5100 non
1790 5059 2102 5118 cognoscunt

521 5117 659 5172 diem
687 5115 902 5168 Pascha:
933 5114 1137 5166 Domini
1161 5117 1320 5168 nostri
1345 5133 1514 5170 veram
1549 5126 1594 5170 et
1619 5114 1875 5171 salubrem
1899 5161 1913 5184 ,
1947 5138 2103 5175 unam

521 5189 630 5243 orbi
681 5201 935 5258 terrarum
986 5193 1234 5237 statutam
1285 5196 1330 5258 et
1383 5190 1796 5253 conﬁrmatama
1836 5188 2096 5258 Domino,

516 5276 673 5314 cursu
698 5256 950 5312 numerali
980 5259 1138 5318 luam,
1163 5257 1435 5322 mensibus,
1461 5270 1506 5312 et
1535 5259 1883 5325 embolismis;
1911 5273 1957 5314 et
1985 5256 2100 5318 cum

516 5331 625 5384 haec
653 5347 756 5384 non
782 5336 1107 5400 computant,
1137 5327 1377 5400 ignorant
1419 5331 1541 5396 quid
1582 5330 1852 5384 celebrent.
1883 5334 1979 5386 Adi
2007 5377 2022 5400 ,
2055 5337 2099 5390 si

517 5403 699 5468 lubet,
733 5411 886 5454 notas
921 5397 1151 5452 Fabricd
1181 5397 1244 5449 ad
1281 5400 1420 5451 hunc
1453 5401 1726 5454 Philastrii
1757 5404 1956 5457 locum.

589 5483 613 5519 ει
657 5473 805 5528 Hum:
835 5471 1124 5526 Gaudeotti
1158 5471 1336 5522 locum
1367 5471 2016 5534 prol‘rrtFcu-ardentins
2047 5479 2096 5530 in

516 5544 661 5598 notis
689 5545 752 5598 ad
778 5543 1041 5598 lrenzeutu
1061 5584 1074 5606 ,
1113 5541 1207 5594 lib.
1245 5554 1275 5592 ν
1304 5542 1564 5596 adversus
1614 5545 1810 5594 haeres.
1839 5560 1888 5597 c.
1915 5545 2005 5609 ‘25,
2031 5549 2096 5601 ad

518 5615 634 5668 haec
662 5618 824 5668 Verba
847 5632 858 5667 :
883 5613 947 5666 In
977 5611 1071 5666 illa
1095 5612 1176 5665 dte
1200 5621 1412 5665 mortem
1442 5614 1684 5666 sustinuit
1717 5612 1963 5669 Dominus
1982 5619 2099 5671 obe-

517 5685 662 5754 diens
685 5685 854 5750 Patri,
885 5687 937 5739 in
963 5701 1061 5754 qua
1083 5694 1316 5738 mortuus
1343 5694 1416 5739 est
1448 5685 1612 5738 Adam
1641 5683 1937 5740 inobediens
1962 5686 2092 5742 Deo.

526 5750 591 5829 In
607 5771 707 5829 qu_a
727 5767 894 5829 autem
912 5750 1141 5829 mortuus
1163 5766 1257 5822 est,
1287 5756 1340 5829 in
1364 5759 1477 5829 ipsa
1500 5766 1544 5812 et
1567 5758 1918 5811 manducavit.
1945 5759 2096 5814 Dixit

522 5823 632 5875 nim
650 5821 791 5878 Deus
816 5841 834 5877 :
865 5823 931 5877 In
958 5842 1062 5895 qua
1084 5827 1166 5880 die
1187 5821 1564 5885 manducabitis
1593 5845 1656 5884 ea:
1677 5845 1755 5896 eo,
1787 5839 1950 5884 morte
1977 5848 2090 5885 mo-

2233 3129 2510 3191 Dominus,
2537 3132 2672 3180 venit
2719 3129 2787 3180 ad
2839 3127 3338 3200 Passionem’pridie
3365 3141 3491 3183 ante
3543 3127 3811 3190 sabbatum,

2229 3217 2344 3270 quce
2365 3210 2440 3253 est
2465 3210 2609 3272 sexta
2635 3200 2946 3252 conditionis
2974 3199 3105 3263 dies,
3140 3199 3192 3252 in
3216 3218 3320 3265 qua
3346 3201 3504 3254 homo
3547 3205 3810 3272 plasmatus

2226 3281 2336 3336 est;
2365 3271 2639 3344 secundum
2659 3343 2664 3344 ν
2684 3272 3098 3344 plasmationem,
3121 3287 3234 3324 eam
3275 3288 3394 3344 qua:
3441 3283 3520 3326 est
3549 3271 3588 3324 7a
3625 3281 3806 3344 morte.

2225 3359 2316 3412 per
2346 3359 2494 3396 suam
2519 3339 2818 3395 Passionem
2853 3340 3073 3395 donans.
3103 3344 3180 3396 Ex
3213 3339 3312 3398 hoc
3339 3343 3532 3398 [renati
3570 3344 3686 3398 loco
3711 3339 3808 3395 col-

2226 3414 2430 3483 ligitur,
2463 3414 2632 3466 Adam
2664 3416 3044 3471 manducasse.
3077 3423 3131 3466 et
3163 3424 3438 3469 mortuum
3473 3416 3638 3470 tuisse
3666 3421 3802 3468 sexta

2224 3487 2353 3539 feria
2375 3527 2390 3550 ,
2441 3485 2588 3555 quod
2640 3493 2820 3538 tamen
2869 3500 2975 3537 non
3012 3485 3143 3539 dicit
3171 3485 3551 3551 Gaudentius;
3581 3485 3673 3540 sed
3704 3494 3804 3537 tan-

2224 3565 2338 3609 tum
2368 3556 2512 3625 quod
2553 3557 2691 3609 lleus
2721 3565 2875 3610 sexta
2903 3556 3035 3608 feria
3059 3572 3165 3625 qua
3197 3557 3480 3611 hominem
3520 3559 3643 3612 fecit
3671 3597 3684 3615 .
3721 3567 3804 3618 pro

2223 3629 2415 3682 eodem
2443 3643 2634 3696 passus
2666 3629 2757 3681 sit.
2788 3627 2953 3680 Sexta
2978 3625 3146 3692 feria,
3182 3628 3283 3681 hoc.
3307 3637 3392 3682 est
3426 3629 3517 3682 die
3554 3625 3764 3680 Veneris
3784 3665 3796 3686 .

2223 3699 2354 3752 hora
2387 3716 2524 3752 nona
2545 3740 2559 3764 ,
2592 3697 2764 3752 Adam
2789 3708 2842 3752 et
2872 3699 3034 3752 Evam
3065 3700 3366 3754 rebellasse
3386 3742 3399 3763 ,
3452 3701 3798 3767 expulsosque

2221 3769 2388 3824 fuisse
2410 3784 2440 3824 e
2467 3769 2737 3839 paradiso.
2769 3770 3007 3822 allii-mat
3047 3769 3212 3823 etiam
3245 3771 3549 3840 Eutychius
3577 3768 3795 3825 Patriar-

2219 3841 2318 3896 cha
2347 3840 2748 3895 Alexandrinus
2779 3849 2910 3894 tom.
2939 3856 2952 3892 ι
2986 3843 3183 3894 Annal.
3220 3857 3274 3910 p.
3307 3841 3394 3897 15.

2295 3911 2648 3982 lfFlor..eod.
2676 3912 3018 3972 disseramus.
3050 3908 3288 3983 itemque
3309 3913 3446 3968 liber
3468 3908 3790 3982 Pantagathi.

2217 3983 2333 4037 Non
2366 3994 2452 4036 est
2477 3995 2660 4037 autem
2689 3998 2787 4036 cur
2840 3983 3114 4048 vulgatam
3165 3983 3456 4039 lectionem
3519 3995 3790 4040 mutemus.

2218 4053 2466 4107 Edissero
2513 4055 2656 4108 enim
2689 4065 2766 4108 est
2823 4052 3328 4121 explano,declaro.
3383 4055 3502 4111 Cic.
3557 4056 3622 4110 de
3668 4052 3788 4121 clar.

2216 4130 2432 4179 Urator.
2463 4142 2476 4176 :
2509 4125 2638 4190 Quis
2669 4123 2922 4188 docendo,
2947 4120 3370 4196 edisserendoque
3397 4127 3635 4181 subtilior
3655 4125 3677 4178 ?
3694 4120 3786 4178 Sed

2216 4206 2271 4250 et
2311 4197 2505 4250 dissero
2546 4211 2760 4265 quoque
2813 4198 3002 4249 eadem
3059 4197 3462 4265 signiﬁcatione
3517 4197 3782 4264 aocipitur.

2216 4267 2361 4322 Hier.
2413 4266 2575 4338 epist.
2629 4269 2694 4319 ad
2756 4267 3030 4321 Asellam:
3064 4265 3288 4322 Divinos
3321 4270 3503 4338 libros,
3531 4276 3584 4323 ut
3632 4265 3780 4338 potui,

2216 4337 2482 4394 nonnullis
2513 4355 2648 4405 δεῦρο
2675 4338 2917 4394 disserui.

2294 4409 2307 4446 ί
2355 4410 2519 4466 DeeSt
2559 4411 2819 4481 particula
2875 4411 2926 4463 in
2967 4423 3096 4464 mss.
3132 4409 3530 4480 Saepenumero
3580 4405 3779 4462 voculas

2215 4480 2348 4536 istas
2379 4480 2650 4551 negligere
2672 4489 3027 4550 properantes
3048 4497 3227 4550 operae
3247 4483 3377 4536 nihil
3400 4483 3551 4550 pensi
3567 4481 3774 4541 habent,

2213 4551 2357 4622 quod
2381 4553 2490 4619 jatn
2526 4567 2606 4607 ter
2631 4552 2788 4606 unica
2820 4553 3006 4620 pagina
3040 4553 3524 4620 deprehendimus.

2287 4622 2305 4696 ξ
2356 4623 2595 4696 Vaticani
2622 4623 2747 4688 duo,
2774 4641 2910 4676 nunc
2932 4625 3091 4696 nostri
3115 4640 3133 4689 ;
3153 4626 3370 4696 σφὰλμοε
3387 4637 3467 4680 est
3486 4668 3501 4691 ,
3527 4635 3584 4680 ut
3610 4620 3772 4696 statim

2209 4708 2239 4747 a
2268 4694 2572 4750 Gaudentio
2599 4696 2842 4768 subjecta
2871 4695 3130 4750 indicant.
3155 4692 3320 4751 Liber
3344 4692 3664 4768 Pantagatbi
3686 4692 3771 4744 ha-

2208 4768 2332 4830 bet,
2367 4783 2466 4819 non
2492 4767 2673 4819 nostri.

2281 4834 2306 4873 ¹ί
2350 4837 2548 4909 Vocula
2581 4847 2653 4890 est
2683 4837 3024 4909 desideratur
3056 4839 3106 4893 in
3135 4848 3366 4909 quatuor
3406 4856 3534 4896 mss.
3567 4846 3622 4894 ut
3647 4845 3696 4891 et
3719 4833 3767 4888 in

2208 4906 2345 4961 libro
2379 4908 2695 4975 Pantagathi
2720 4950 2733 4968 .
2767 4910 2861 4964 sed
2905 4911 3024 4963 voci
3057 4906 3274 4980 largitus
3306 4927 3468 4966 manu
3502 4911 3657 4978 ipsius
3683 4920 3763 4980 stt-

2208 4981 2564 5047 perscrihitnr
2595 4998 2620 5032 r
2648 4997 2754 5050 quo
2784 4982 2874 5034 liat
2898 4975 3222 5050 largiturfln
3248 4982 3440 5036 eodem
3466 4975 3600 5038 libro
3630 4975 3765 5047 paulo

2205 5063 2331 5104 ante
2361 5066 2457 5118 pro
2488 5049 2825 5106 umbratiliter
2856 5049 3082 5108 habetur
3106 5053 3426 5108 umbraliter.

2287 5119 2300 5158 ι
2345 5122 2511 5196 Flor._
2547 5123 2668 5196 eod.
2720 5135 2772 5178 et
2817 5121 2988 5196 Urb._.
3038 5123 3206 5188 beata,
3236 5134 3389 5195 atque
3437 5127 3669 5196 perfecta,
3711 5123 3760 5170 ul

2203 5196 2366 5248 etiam
2414 5193 2535 5248 cod.
2572 5194 2917 5265 l’atttagathi.
2948 5193 3093 5250 Vatt.
3145 5197 3274 5261 duo,
3303 5193 3585 5251 benedicta
3629 5200 3759 5259 atque

2204 5269 2452 5334 perfecta.

2275 5331 2313 5372 υἱ
2358 5335 2610 5390 Barthius
2631 5377 2646 5404 ,
2681 5337 2715 5391 Ι.
2765 5353 2891 5391 xvm
2922 5335 3155 5391 Advers.
3189 5351 3240 5392 c.
3273 5338 3296 5392 l
3327 5380 3340 5402 ,
3374 5339 3440 5393 ad
3470 5338 3604 5393 hunc
3630 5331 3753 5388 Gall-

2201 5405 2369 5480 ἀρηιιί
2396 5409 2609 5461 locum:
2647 5408 2896 5480 Sumptus
2936 5410 2999 5460 de
3022 5406 3259 5464 Iordane
3307 5411 3495 5463 dicitur
3545 5405 3752 5462 Christus

2201 5495 2291 5550 per
2314 5475 2676 5546 Bttptismum;
2707 5475 2807 5549 qua
2839 5481 3131 5550 sumptione
3169 5480 3452 5548 completur
3476 5482 3606 5550 quod
3631 5483 3750 5550 -ινρο

2202 5547 2255 5600 Μ
2264 5565 2398 5630 aysts
2426 5547 2859 5633 [ignratunn‘t'erau
2886 5547 3033 5631 quem
3057 5552 3310 5633 infantem
3337 5554 3448 5621 ﬁlia
3469 5547 3748 5633 regis‘flutn'q

2199 5614 2403 5673 exi-init.
2426 5614 2568 5674 'llazc
2593 5621 2832 5675 addenda
2860 5614 3163 5687 existimaui,
3193 5640 3255 5676 ne
3293 5614 3442 5691 quem
3477 5614 3747 5691 έηὶοιιξηιξιιε

2199 5691 2397 5744 dictum
2433 5703 2680 5764 sumptus
2707 5695 2774 5747 de
2799 5693 3038 5748 .lurdane
3065 5686 3372 5764 offenderet.
3395 5705 3572 5751 cauere
3611 5686 3743 5757 hui!“

2202 5763 2482 5834 Scriptor-is
2511 5763 2620 5834 sine
2648 5766 2934 5834 offensione
2958 5765 3225 5833 legentem.

2270 5840 2294 5867 "
2337 5832 2427 5887 Sic
2457 5833 2617 5888 etiam
2641 5832 2804 5890 Serm.
2834 5832 3080 5904 sequenti
3106 5853 3119 5889 :
3146 5836 3416 5902 Quomodo
3443 5848 3612 5893 natura
3631 5835 3739 5882 tm”

3973 4583 3975 4611 |

3971 4679 3973 4719 l

3969 4779 3971 4827 |

3967 4893 3969 4935 |

3963 5095 3965 5149 |

3960 5277 3961 5307 ι
