4096 6192
380 282 488 341 849

1314 280 1551 338 SERMO
1581 281 1636 351 Ι,
1692 282 1780 338 DE
1817 281 2028 338 EXODI
2071 279 2415 339 LEC'I'IONE
2468 278 2748 338 PRIMUS.

3566 271 3674 330 850

379 392 649 465 positione
680 435 695 461 ,
755 394 900 450 Deus
933 438 947 463 ,
1008 395 1269 450 Dominus
1346 404 1536 451 noster
1585 394 1770 454 Jesus.
1807 393 1965 451 Cbri-
1993 408 2192 466 Arum
2223 393 2316 465 qui
2364 408 2461 451 eos
2512 395 2725 450 servire
2773 392 3007 449 Domino
3054 406 3163 447 non
3214 388 3492 459 sinebant,
3541 380 3695 444 tunc-

374 500 527 557 stus,
556 490 708 561 virga
734 490 915 545 crocis
946 503 1059 544 sum
1108 505 1207 545 nos
1239 504 1336 559 per
1360 504 1556 560 aquam
1599 488 1867 559 Baptismi
1897 488 1969 545 de

375 582 687 653 captivitate
740 580 1044 637 Pharaonis
1092 581 1292 638 diaboli
1322 580 1549 649 educit,
1593 597 1657 636 ac
1696 581 1765 637 de
1822 582 1971 637 omni

376 674 724 731 tenebrarum
772 673 892 743 ejus
955 672 1195 745 Egypto
1266 673 1493 744 eripit,
1569 687 1808 728 evocans
1869 688 1971 730 uos

377 766 433 821 in
491 765 629 820 lucis
687 780 857 836 opera
907 764 976 822 de
1032 764 1272 820 tenebris
1324 775 1543 819 actuum
1595 764 1758 836 235
1807 779 1967 818 mun-

376 856 699 927 danorum,
748 858 843 912 ubi
914 857 1127 928 aliquos
1190 856 1371 911 adhuc
1440 858 1654 928 positos
1722 858 1971 923 increpat

376 949 730 1005 beatissimus
779 948 982 1004 Paulus
1034 968 1048 1003 :
1093 948 1400 1004 Debueratis
1432 994 1447 1018 ,
1502 956 1529 985 ι
1566 947 1849 1019 inquiens,
1904 948 1969 1000 de

374 1042 471 1097 Itoc
516 1042 715 1096 mundo
748 1043 962 1108 exisse;
1010 1057 1149 1095 nunc
1199 1051 1375 1094 autem
1432 1040 1617 1111 scripsi
1663 1040 1805 1093 vobis
1863 1054 1968 1091 non

370 1135 695 1189 commisceri
724 1135 765 1205 (ι
796 1132 920 1189 Cor.
949 1131 1027 1206 v).
1059 1133 1484 1200 Consideremus
1530 1146 1673 1187 nunc
1714 1130 1844 1202 quid
1875 1146 1972 1184 att-

367 1229 518 1285 diant
549 1245 579 1284 a
614 1230 726 1285 Deo
756 1231 849 1299 qui
883 1228 1195 1285 educuntur
1238 1243 1302 1283 ex
1334 1226 1576 1299 Egypto
1606 1244 1618 1280 :
1652 1224 1847 1279 Mensis
1884 1222 1970 1276 hic

367 1323 509 1378 vobis
538 1323 750 1377 initium
780 1324 1060 1391 mensium,
1082 1322 1285 1395 primus
1314 1331 1413 1387 est,
1443 1322 1543 1389 ait,
1574 1318 1715 1373 vobis
1738 1318 1794 1372 in
1825 1333 1971 1372 men-

366 1416 508 1472 sibus
556 1418 681 1470 anni
725 1414 921 1489 (Exod.
986 1414 1105 1486 xu).
1167 1415 1426 1487 Legimus
1478 1416 1531 1471 iu
1600 1413 1967 1469 Numerorum

363 1508 511 1577 li_bro
552 1508 744 1581 (Num.
776 1507 907 1582 xxx)
937 1510 1082 1578 quod
1106 1511 1434 1580 quicumque
1484 1507 1698 1563 voverit
1750 1518 1966 1576 vomm,

366 1613 426 1658 ut
458 1603 736 1659 abstineat
765 1620 826 1659 se
847 1601 875 1642 ιι
908 1611 1005 1658 aut
1026 1604 1094 1659 ab
1125 1619 1226 1657 usu
1256 1601 1558 1674 coujugali,
1579 1601 1730 1656 aut’a
1758 1599 1970 1655 deliciis

361 1697 706 1768 quibuslibet
734 1699 818 1754 vel
849 1697 981 1767 cibi,
1007 1697 1095 1754 vel
1122 1709 1300 1769 potus,
1334 1696 1508 1769 u'sque
1539 1697 1607 1753 ad
1634 1696 1964 1767 praﬁuitum

2071 486 2368 542 audierunt
2392 503 2404 539 :
2436 484 2633 539 Mensis
2662 483 2747 538 hic
2773 483 2916 539 vobis
2944 483 3154 537 initium
3174 481 3449 546 mensium,
3470 478 3676 551 primus

2068 591 2147 636 est
2178 581 2321 635 vobis
2347 581 2399 634 in
2428 580 2690 634 mensibus
2727 579 2854 633 anni
2913 576 3117 648 (Exod.
3158 575 3278 646 xu).
3333 572 3473 631 Sunt
3524 571 3679 628 enim

2073 673 2290 744 quidam
2322 666 2777 744 superstitionum
2836 670 2977 739 dies,
3011 679 3067 724 et
3125 682 3370 736 menses,
3415 674 3473 722 et
3513 665 3673 735 anui,

2071 782 2208 835 quos
2222 765 2585 835 abrogatcum
2608 764 2973 834 reprehendit
2990 760 3323 831 fApostolus
3346 755 3549 831 (Galat.
3572 755 3674 829 tv).

2072 857 2214 915 Sunt
2239 857 2359 924 alii,
2391 872 2528 928 quos
2552 855 2811 927 praecepit
2844 855 3010 923 Deus,
3059 865 3115 909 et
3144 854 3398 922 imputat.
3447 849 3680 904 Eramus

2069 963 2122 1009 et
2157 969 2256 1010 nos
2284 952 2579 1024 aliquando
2614 952 2668 1024 in
2699 950 2943 1021 Egypto
3002 947 3316 1003 nescientes
3372 943 3569 1009 Deum,
3606 955 3676 997 ac

2069 1045 2295 1100 luminis
2325 1021 2391 1099 etv
2409 1021 2665 1100 veritatis
2698 1041 2899 1112 ignari,
2934 1055 3075 1110 quos
3107 1037 3375 1107 urgebant
3405 1033 3679 1090 immundi

2070 1140 2321 1210 spiritus,
2353 1137 2470 1193 veri
2501 1134 2766 1207 Egyptii,
2802 1134 3035 1189 laterem
3076 1131 3280 1199 facere,
3319 1128 3557 1185 terrenis
3592 1126 3679 1182 vi-

2071 1235 2272 1291 delicet
2303 1235 2570 1289 inservire
2593 1232 2896 1303 ﬁgmentis:
2926 1240 2982 1285 at
2998 1229 3091 1285 ubi
3118 1229 3373 1284 conversi
3402 1227 3470 1282 ad
3500 1226 3676 1282 Deum

2069 1341 2259 1381 sumus
2283 1327 2649 1381 reclamantes
2665 1324 2734 1379 ab
2758 1324 3020 1394 operibus
3048 1322 3221 1385 duris,
3246 1320 3528 1376 verberati
3545 1327 3675 1375 sunt

2070 1417 2308 1490 Egyptii
2342 1416 2736 1488 multiplicibus
2787 1416 2986 1487 plagis,
3040 1425 3097 1470 et
3145 1414 3425 1485 primitiva
3476 1427 3671 1468 eorum

2072 1527 2334 1584 percussa
2364 1522 2512 1566 sunt.
2540 1510 2698 1566 Salus
2727 1510 2873 1564 enim
2927 1519 3112 1564 nostra
3163 1507 3472 1563 diemonnm
3505 1520 3670 1577 petua

2070 1619 2173 1664 est.
2207 1608 2319 1663 Nos
2348 1617 2529 1662 autem
2589 1606 3009 1676 reSpiravimus.
3040 1615 3094 1660 et
3126 1602 3393 1659 vivilicati
3440 1616 3668 1669 sumus;

2072 1712 2098 1750 ε
2124 1716 2301 1772 neque
2339 1700 2484 1755 enim
2521 1699 2837 1755 vivebamus
2868 1698 3019 1769 prius
3042 1698 3221 1753 iuillis
3246 1697 3442 1751 diebus
3470 1696 3672 1767 quibus

362 1800 581 1859 tempus
605 1837 619 1862 ,
657 1802 679 1831 ο
713 1801 766 1847 et
790 1792 1081 1847 violaverit
1108 1804 1456 1864 quocumque
1474 1793 1654 1862 lapsu,
1685 1790 1800 1846 dies
1825 1805 1964 1861 prae-
1993 1804 2039 1865 Β
2068 1794 2271 1850 mortui
2301 1801 2548 1848 mortuos
2569 1791 3089 1864 colebamus.236
3109 1790 3263 1845 Tunc
3278 1789 3448 1860 igitur
3470 1802 3675 1859 oppor-

361 1885 553 1939 teritos
583 1885 633 1940 ei
658 1900 765 1941 nou
794 1886 1180 1957 imputaudos;
1213 1886 1311 1943 sed
1347 1896 1407 1942 ut
1432 1887 1501 1942 ab
1520 1886 1730 1942 initium
1750 1885 1961 1941 redeat.

357 1975 453 2034 Sic
485 1994 593 2032 non
626 1978 1034 2048 sunt'imputati
1068 1978 1337 2035 lsraelitis
1384 1979 1459 2034 illi
1489 1979 1613 2035 dies
1661 1993 1803 2050 quos
1832 1994 1969 2033 cou-

356 2082 721 2143 sumpserunt
750 2072 804 2129 in
832 2072 1113 2146 Egypto:
1148 2074 1245 2129 sed
1297 2073 1520 2146 quando
1575 2074 1965 2144 ingemuerunt

355 2160 465 2221 dad
493 2166 778 2222 Dominum
811 2167 1071 2223 conversi
1101 2167 1169 2224 ab
1197 2167 1460 2238 operibus
1489 2165 1666 2236 duris,
1694 2176 1751 2221 et
1778 2165 1964 2220 Domi-

356 2276 466 2335 nus,
489 2260 692 2336 (Exod.
720 2278 780 2331 ιι,
801 2262 898 2335 xu)
927 2264 1201 2334 percussit
1233 2272 1256 2300 ε
1278 2262 1652 2335 primogenita
1675 2260 1962 2332 Egyptio—

356 2465 499 2541 Deus
545 2473 641 2541 est,
668 2468 925 2541 positione
951 2468 1150 2541 plures.
1189 2469 1523 2526 Philastrius
1563 2484 1787 2541 quoque
1826 2484 1953 2541 cap.

354 2537 467 2614 15L_
484 2555 511 2614 :_
536 2536 676 2614 Quid
689 2540 767 2614 Asit
793 2536 965 2611 imago
988 2539 1086 2594 Dei
1127 2553 1317 2596 natura
1338 2536 1717 2614 proprietatis,
1742 2550 1791 2596 et
1829 2536 1955 2610 quid

356 2610 630 2684 positionis
656 2610 727 2684 sit
755 2610 925 2681 gratia
947 2628 966 2677 ;
990 2621 1043 2667 et
1074 2616 1234 2680 paulo
1266 2610 1388 2681 post
1412 2630 1425 2666 ε
1455 2610 1689 2684 paterna:
1709 2615 1953 2666 substan-

355 2681 548 2756 tite,_ac
566 2682 895 2751 sempiterni?
918 2684 1089 2756 imago
1119 2685 1293 2756 genita
1315 2681 1547 2756 proprie,
1575 2700 1677 2738 non
1698 2684 1957 2756 positione

352 2754 606 2837 servitutis
627 2763 892 2837 creatanea:
917 2753 1100 2808 nihilo.
1122 2753 1344 2837 ’Gaspur
1369 2755 1657 2837 Barthius,
1682 2755 1788 2836 .lib.
1821 2768 1956 2837 svttt

350 2820 582 2878 Ailvers.
613 2838 663 2878 c.
698 2826 722 2879 1
750 2843 764 2880 :
796 2825 1005 2881 Ponere
1035 2820 1354 2880 contrarium
1386 2838 1458 2880 est
1489 2826 1717 2891 veritati,
1745 2837 1792 2879 et
1821 2827 1954 2877 ima-

352 2893 610 2964 ginariam
653 2896 825 2950 solum
867 2898 1184 2951 sanctionem
1226 2906 1390 2951 notat.
1422 2895 1618 2967 Estque
1646 2897 1835 2950 ductus
1860 2895 1948 2949 hic

352 2982 478 3019 usus
499 2985 528 3018 ιι
556 2966 779 3041 calculo,
808 2969 897 3038 qui
936 2975 1140 3041 summa
1190 2968 1500 3041 imaginaria
1534 2966 1723 3041 posita
1773 2983 1948 3021 veram

352 3038 630 3109 componit.
660 3036 936 3094 Petronius
958 3038 1198 3095 Arbiter:
1225 3036 1449 3095 Si'recte
1475 3039 1735 3094 calculum
1760 3054 1944 3107 ponas,

352 3108 541 3181 ubique
582 3110 917 3181 naufragium
939 3120 1033 3164 est.
1067 3108 1337 3165 Iuvenalis
1374 3111 1491 3165 Sat.
1523 3111 1595 3181 9;
1720 3120 1946 3178 ponatur

352 3178 604 3251 calculus,
628 3178 803 3235 adsint
830 3198 946 3236 cum
975 3182 1151 3237 tabula
1174 3184 1340 3251 pueri.
1369 3183 1495 3237 llmc
1521 3199 1547 3234 a
1576 3180 1821 3237 Bartbio.
1850 3181 1946 3235 Est

352 3250 514 3323 etiam
540 3251 746 3306 Latinae
777 3253 975 3323 linguae
1005 3250 1239 3323 formula
1266 3253 1483 3309 dicendi
1515 3269 1624 3307 non
1655 3253 1897 3307 insolens
1925 3269 1939 3306 :

353 3319 499 3409 Pone
518 3340 638 3409 eum
659 3339 768 3378 esse
770 3319 1003 3409 “vidum,
1036 3341 1135 3392 pro
1165 3322 1335 3396 Finge
1355 3342 1470 3378 eum
1492 3340 1608 3409 esse
1630 3324 1853 3389 victum;
1885 3332 1945 3379 ut
1971 3344 2018 3409 ρ

342 3394 491 3469 apud
518 3394 736 3451 Terent.
767 3394 990 3450 Phorm.
1021 3407 1129 3452 act.
1159 3411 1235 3466 tv,
1266 3394 1345 3451 sc.
1379 3412 1469 3464 tu,
1492 3396 1566 3453 25

447 3508 633 3570 Verum
658 3522 786 3570 pone
812 3522 928 3565 esse
945 3512 1124 3560 victum
1153 3523 1267 3559 eum
1293 3524 1306 3559 :
1335 3520 1385 3561 at
1407 3510 1607 3561 tandem
1625 3517 1790 3562 tamen

444 3569 553 3621 Non
571 3569 746 3635 capitis
770 3573 881 3635 ejus
902 3586 988 3623 res
1008 3573 1197 3636 agitur,
1227 3574 1315 3623 sed
1339 3574 1583 3636 pecunias.

426 3684 451 3746 F
486 3674 620 3746 (Mss.
643 3675 805 3731 codd.
840 3676 1029 3746 inquit.

423 3743 452 3783 δ
481 3745 680 3802 Totum
711 3747 816 3811 hoc
845 3743 1000 3802 deest
1034 3748 1087 3801 in
1119 3761 1251 3802 mss.
1282 3746 1459 3803 Locus
1505 3747 1629 3802 libri
1672 3746 1949 3803 Numero-

352 3831 473 3872 rum
524 3820 605 3872 sic
654 3818 860 3873 habet:
918 3818 982 3874 Si
1036 3819 1350 3890 voverit,_et
1389 3822 1691 3890 juramento
1742 3836 1797 3873 se
1821 3837 1948 3874 con-

352 3890 654 3954 strinxerit,
679 3898 855 3963 utgper
884 3891 1153 3963 jejunium
1204 3888 1278 3943 vel
1318 3888 1622 3963 cte'terarum
1650 3906 1827 3944 rerum
1856 3891 1949 3945 ab-

350 3960 1133 4032 stinentiamAaﬁligat'animam
1162 3978 1331 4032 suam.
1366 3961 1622 4032 Profecm
1663 3964 1826 4031 Aug.,
1854 3977 1947 4031 qu.

350 4032 422 4087 59
453 4046 622 4098 super
649 4030 811 4086 Num}
836 4041 878 4086 t.
908 4030 999 4095 ιν,
1050 4031 1335 4086 contendit
1384 4031 1526 4085 hunc
1567 4030 1769 4087 locum’
1798 4030 1952 4088 nullo

351 4106 515 4172 modo
546 4104 957 4172 intelligendum
979 4119 1102 4158 esse
1133 4103 1200 4158 de
1223 4104 1555 4157 abstinentia
1584 4120 1615 4157 ξι
1636 4105 1953 4160 concubitu.

354 4171 609 4229 Fortas~e
635 4171 926 4245 legendum
955 4184 1011 4227 ut
1034 4174 1284 4229 abstineat
1311 4191 1364 4228 se
1393 4191 1424 4227 a
1450 4174 1653 4228 deliciis
1696 4174 1954 4245 quibusli—

354 4246 435 4298 bet
460 4245 537 4300 rel
566 4243 806 4309 cibi,'vel
838 4256 1013 4313 polus.
1048 4245 1104 4298 In
1148 4262 1251 4299 tus.
1305 4246 1624 4314 Pantagatlti
1676 4243 1950 4301 habetur:

353 4316 605 4370 abstineat
634 4332 689 4370 se
717 4326 807 4370 aut
835 4336 864 4368 (ι
887 4317 1110 4379 deliciis,
1134 4326 1225 4369 aut
1250 4316 1530 4387 cujuslibet
1570 4315 1659 4369 vel
1700 4318 1823 4381 cibi,
1876 4317 1953 4372 vel

352 4399 527 4459 potus,
563 4389 659 4459 scd,
686 4389 906 4442 videtur
924 4388 1126 4458 aliquid
1144 4388 1361 4459 deesse.
1380 4386 1602 4459 Legesis
1628 4387 1911 4442 Bartltiutn
1933 4432 1948 4455 ,

354 4457 393 4511 l.
425 4474 549 4513 svnt
583 4458 819 4514 Advers.
850 4473 900 4514 c.
938 4459 989 4526 1,
1020 4457 1109 4514 ubi
1141 4459 1318 4513 locum
1345 4457 1493 4513 hunc
1520 4458 1817 4528 diligenter
1859 4476 1956 4516 ex-

354 4532 560 4599 pendit.

430 4611 451 4640 ε
485 4601 538 4655 In
574 4616 729 4665 mss.,
760 4600 1020 4656 violaverit
1036 4601 1166 4655 illna

424 4670 451 4709 ά
490 4673 645 4738 Mss.,
672 4675 741 4727 ad
774 4673 940 4728 Deum

2062 1894 2193 1942 tune
2222 1884 2536 1941 audivimus
2568 1902 2583 1941 :
2614 1883 2810 1938 Mensis
2842 1884 2927 1937 hic
2952 1884 3095 1936 vobis
3122 1883 3328 1936 initium
3384 1880 3663 1949 mensium,

2066 1980 2265 2049 printus
2294 1978 2439 2031 estin
2468 1977 2726 2031 mensibus
2751 1976 2878 2030 anni
2907 1973 3111 2045 (Exod.
3144 1973 3266 2045 xu).
3302 1972 3535 2041 Quando
3561 1986 3664 2027 no-

2065 2089 2166 2128 vus
2191 2072 2347 2127 nobis
2375 2071 2558 2126 illuxit
2589 2070 2700 2125 dies
2753 2068 2845 2124 ille
2894 2085 3047 2140 quem
3092 2068 3214 2139 fecit
3256 2065 3513 2121 Dominus
3541 2063 3662 2136 (Ps.

2063 2165 2263 2233 cxvtt),
2323 2163 2545 2236 quando
2592 2163 2953 2234 cognovimus
3008 2159 3035 2198 δ
3092 2175 3336 2217 mensem
3388 2173 3664 2215 novorum

2062 2268 2335 2325 sanctum,
2365 2264 2422 2312 et
2466 2271 2670 2311 annum
2702 2255 2917 2312 Domini
2948 2263 3260 2326 acceptum,
3303 2262 3359 2310 et
3390 2252 3539 2310 diem
3572 2268 3666 2308 re-
3742 2246 3750 2255 ’

2063 2467 2311 2539 Nefastos
2326 2467 2463 2539 dies
2486 2466 2876 2539 antiquivulgo
2897 2465 3257 2539 appellabant
3278 2465 3667 2539 (similitudine

2058 2540 2128 2593 ab
2151 2538 2280 2608 jure
2304 2538 2493 2608 ducta,
2523 2538 2665 2605 quod
2696 2542 2867 2592 certis
2891 2539 3083 2594 diebus
3115 2538 3226 2593 dici
3257 2539 3359 2602 fas,
3386 2538 3476 2594 vel
3507 2538 3665 2593 nefas

2059 2614 2226 2675 erat),
2256 2619 2313 2664 ut
2339 2608 2505 2663 habet
2532 2608 2691 2666 Suet.
2725 2609 2911 2664 Tiber.
2938 2625 2988 2664 c.
3028 2609 3120 2678 55,
3145 2609 3392 2678 quamvis
3416 2624 3542 2664 eum
3576 2611 3661 2665 lo-

2058 2680 2261 2751 quendi
2292 2695 2500 2734 morem
2529 2680 2805 2751 improbet
2832 2681 3049 2735 Gellius
3082 2680 3119 2734 l.
3172 2697 3224 2747 v,
3258 2694 3313 2735 c.
3344 2680 3434 2734 17.
3486 2680 3662 2736 Hora-

2062 2749 2171 2807 tius
2195 2767 2269 2819 tt,
2296 2753 2479 2806 Carm.
2513 2753 2618 2806 15:
2654 2749 2758 2804 Ille
2787 2762 2836 2806 et
2881 2756 3084 2820 nefasto
3114 2761 3160 2806 te
3208 2753 3381 2822 posuit
3411 2752 3498 2807 die
3527 2768 3547 2817 ;
3604 2763 3662 2807 et

2062 2820 2180 2877 Liv.
2212 2824 2249 2876 l.
2282 2823 2322 2891 Ι,
2347 2838 2399 2877 c.
2433 2822 2524 2894 20,
2552 2824 2623 2877 de
2652 2824 2865 2894 Numa:
2924 2822 3171 2894 Nefastos
3209 2820 3347 2891 dies,
3397 2827 3662 2893 fastosque

2060 2896 2183 2966 fecit
2208 2911 2224 2947 :
2250 2896 2373 2965 quia
2400 2893 2686 2963 aliquando
2713 2893 2846 2948 nihil
2872 2911 2990 2948 cum
3012 2893 3203 2966 papula
3234 2896 3318 2962 agi
3341 2895 3467 2949 utile
3509 2898 3659 2966 [utu-

2055 2982 2174 3020 rum
2211 2974 2339 3020 erat.
2390 2966 2640 3020 Outinosi
2669 2975 2851 3020 autem
2881 2966 2968 3019 isti
3000 2978 3166 3035 atque
3211 2967 3313 3020 atri
3361 2967 3482 3021 dies
3530 2967 3657 3034 qui-

2057 3053 2181 3092 nam
2212 3046 2423 3098 essent,
2473 3045 2627 3093 notat
2676 3046 2789 3090 tum
2831 3036 3041 3093 Gellius
3082 3036 3277 3093 eodem
3332 3036 3487 3103 loco,
3542 3047 3657 3093 tum

2054 3108 2319 3179 Virgilius
2348 3107 2551 3179 Georg.
2582 3124 2620 3175 ι,
2649 3108 2758 3163 276
2791 3126 2805 3161 :

2174 3222 2284 3334 ipsa
2302 3223 2415 3272 dies
2442 3222 2566 3273 alios
2590 3222 2686 3272 alio
2709 3223 2849 3296 dedit
2871 3222 3046 3272 ordine
3068 3220 3181 3272 luna

2217 3285 2375 3334 elices
2389 3299 2615 3334 onerum.
2641 3285 2874 3334 Outntam
2894 3285 3070 3334 tuae...

2217 3285 2375 3336 elices
2389 3299 2615 3349 operum.
2641 3285 2874 3346 Quintam
2894 3285 3070 3349 iuge...

2051 3397 2108 3445 et
2137 3389 2321 3459 paucis
2351 3389 2687 3459 iuterjectis:

2182 3501 2402 3578 §eptima
2422 3510 2534 3578 post
2552 3502 2791 3578 decimam
2810 3502 2953 3567 felix,
2977 3508 3243 3578 et_ponere
3260 3505 3437 3567 vitem,

2182 3562 2252 3629 Et
2269 3562 2475 3626 prensos
2497 3566 2738 3629 domitare
2762 3562 2949 3629 boves,
2961 3575 3013 3615 et
3038 3562 3143 3617 licia
3168 3565 3282 3617 telae

2180 3625 2411 3687 Addere;
2433 3638 2559 3676 nona
2576 3625 2707 3690 fuga
2733 3625 2933 3689 melior,
2951 3630 3195 3679 contraria
3215 3629 3384 3683 furtis.

2060 3750 2328 3820 Vopiscus
2380 3750 2435 3823 in
2464 3750 2656 3807 Tacito
2685 3770 2699 3807 :
2735 3752 2846 3807 Nec
2870 3770 3097 3823 unquam
3128 3764 3327 3808 noctem
3355 3754 3656 3822 intermisit,

2057 3838 2162 3892 qua
2190 3838 2297 3896 non
2321 3822 2523 3892 aliquid
2546 3824 2623 3896 vel
2652 3824 2914 3896 scriberet,
2945 3822 3020 3896 vel
3042 3826 3245 3896 legeret.
3273 3833 3460 3892 prater
3488 3832 3662 3896 poste-

2058 3890 2176 3945 rum
2200 3890 2553 3947 Calendarum
2581 3895 2740 3949 diem.
2770 3890 2944 3962 Quem
2988 3894 3042 3950 in
3089 3890 3281 3950 locutu
3319 3890 3659 3953 Salmasnus:

2062 3961 2270 4017 Posteri
2297 3964 2405 4017 dies
2443 3961 2821 4031 Calendarum,
2857 3966 3154 4031 Nonarum,
3200 3964 3421 4034 Iduum,
3479 3966 3681 4020 veteris

2059 4034 2153 4089 bus
2183 4034 2423 4108 infausti,
2454 4048 2608 4106 atque
2632 4040 2733 4091 atri
2781 4037 3123 4093 habebantur.
3160 4037 3219 4093 ltt
3275 4052 3411 4092 mss.
3463 4036 3666 4108 legitur

2056 4122 2187 4177 quos
2212 4106 2415 4160 abradit
2438 4124 2554 4161 cum
2581 4110 2908 4174 reprehendit
2938 4110 3237 4177 Apostolus.

2135 4187 2160 4224 8
2201 4178 2260 4231 ιιι
2293 4192 2453 4244 mss.,
2485 4195 2590 4232 non
2619 4180 2754 4234 enini
2775 4181 3096 4234 videbamus.

2133 4246 2161 4283 ιι
2192 4248 2267 4322 Ita
2298 4246 2452 4304 Flor.
2478 4249 2614 4322 cod.
2640 4259 2697 4305 et
2728 4251 2995 4306 Parisien.
3030 4252 3225 4320 editio,
3259 4267 3379 4322 quae
3410 4251 3543 4306 mihi
3572 4266 3669 4308 ve-

2061 4318 2176 4373 rior
2205 4320 2370 4374 lectio
2401 4320 2641 4375 videtur.
2672 4322 2828 4377 Exod
2862 4338 3035 4377 xxnt:
3069 4318 3261 4389 septem
3277 4318 3467 4377 'diebus
3496 4339 3668 4377 come-

2062 4389 2161 4467 des
2176 4407 2364 4467 azyma
2391 4402 2623 4461 tempore
2654 4397 2843 4448 mensis
2873 4410 3125 4467 novorum
3157 4411 3177 4461 ;
3208 4406 3263 4450 et
3302 4410 3424 4467 cap.
3461 4410 3666 4467 sxstvi:

2063 4459 2789 4538 Solemnituteutazymorum
2819 4465 3076 4538 custodies
3124 4459 3178 4519 in
3221 4459 3448 4538 tempore
3477 4466 3668 4521 mensis

2062 4547 2347 4607 novorum,
2377 4536 2595 4607 scilicet
2623 4535 2922 4591 fructuum.
2954 4537 3242 4591 Rationem
3281 4535 3667 4607 appellationis

2065 4602 2228 4675 hujus
2269 4604 2440 4658 tradit
2473 4606 2733 4661 Ambros.
2772 4608 2809 4659 Ι.
2843 4622 2902 4670 x.
2956 4624 3047 4673 ep.
3098 4610 3191 4675 83,
3226 4607 3294 4663 de
3319 4602 3671 4664 celebritate

2064 4674 2316 4746 Pascltali
2339 4676 2406 4729 ad
2421 4676 2713 4745 episcopos
2733 4693 2829 4746 per
2851 4676 3133 4735 rEmiliam
3156 4681 3520 4732 constitutos:
3554 4676 3668 4733 Nec

428 4753 451 4781 ο
481 4732 753 4798 Primitiva
782 4759 999 4799 summo
1020 4758 1292 4800 consensu
1317 4744 1523 4801 habent
1555 4759 1689 4800 mss.
1715 4755 1953 4813 quatuor
1976 4732 2032 4793 D
2058 4745 2349 4799 absurdum
2377 4732 2628 4809 arbitror;
2669 4732 2875 4800 ut'inde
2926 4732 3232 4801 observandi
3262 4749 3449 4802 mensis
3480 4732 3665 4802 traha;

352 4815 515 4871 codd.
544 4816 633 4870 Sic
656 4816 820 4870 etiam
849 4815 986 4870 infra
1013 4832 1026 4868 :
1062 4816 1324 4884 primitiva
1352 4833 1528 4871 eorum
1554 4833 1795 4886 percussa
1812 4826 1951 4880 sunt,

352 4900 403 4942 et
436 4887 574 4941 hanc
603 4889 892 4942 lectionem
922 4889 1213 4957 utrobique
1242 4888 1443 4943 retinet
1466 4890 1631 4942 etiam
1650 4888 1787 4943 liber
1814 4887 1958 4942 Pan-

355 4959 581 5013 tagatlii.
987 4964 992 4969 '

409 5001 473 5068 vi“
488 5029 665 5083 Locus
687 5029 933 5097 Aposwli
959 5029 1047 5083 hic
1068 5040 1189 5084 est:
1220 5027 1343 5082 Dies
1374 5028 1673 5087 observatis.
1726 5037 1771 5082 et
1808 5045 1954 5082 men-

352 5118 451 5165 ses,
481 5110 529 5153 et
560 5108 813 5166 tempora,
847 5109 894 5153 et
942 5116 1129 5154 annos.
1176 5098 1359 5153 Timeo
1401 5117 1509 5164 vos,
1554 5116 1629 5167 ‘nc
1673 5098 1808 5165 forte
1844 5100 1956 5153 sine

352 5188 512 5225 causa
540 5171 881 5225 laboraverim
919 5173 971 5225 in
1003 5170 1163 5224 vobis.
1225 5172 1299 5239 De
1344 5170 1431 5225 bis
1481 5171 1943 5239 superstitionum

352 5242 551 5298 diebus
578 5256 769 5296 unctor
798 5239 1107 5296 Comment.
1141 5243 1192 5293 in
1224 5238 1397 5311 Epist.
1447 5241 1514 5296 ad
1558 5238 1767 5310 'Galat.,
1804 5242 1946 5296 inter

353 5312 532 5381 Opera
558 5312 842 5373 Ambros.
881 5323 919 5365 t.
958 5312 1021 5376 ν,
1048 5312 1181 5365 edit.
1213 5311 1465 5367 Froben:
1500 5311 1624 5365 Dies
1677 5314 1948 5366 observant

353 5389 442 5459 qui
468 5387 669 5451 dicunt,
702 5396 753 5438 ut
785 5397 931 5459 puta,
965 5382 1191 5459 crastino
1221 5383 1657 5459 proﬁciscendum
1696 5400 1799 5459 non
1823 5394 1945 5459 est;

355 5452 467 5528 post
492 5459 776 5512 crastinum
800 5456 935 5509 enim
958 5470 1062 5528 non
1092 5452 1235 5509 debet
1263 5455 1465 5528 aliquid
1493 5452 1727 5508 inchoari
1752 5470 1772 5518 ;
1800 5465 1849 5509 et
1874 5454 1950 5509 sic

356 5523 518 5599 solent
544 5531 708 5598 magis
735 5528 921 5599 decipi.
953 5523 1028 5579 Hi
1056 5535 1232 5599 autem
1262 5523 1438 5578 colunt
1466 5542 1680 5586 menses,
1712 5528 1801 5594 qui
1831 5541 1949 5599 cur-

356 5615 444 5653 sus
470 5597 608 5653 luntc
631 5597 1045 5669 perscrutantur,
1069 5597 1316 5669 dicentes,
1340 5606 1390 5648 ut
1416 5606 1562 5669 puta,
1578 5600 1799 5669 septima
1823 5597 1948 5650 luna

355 5665 640 5721 stramenta
662 5672 847 5738 conﬁci
871 5688 974 5723 non
1012 5668 1213 5722 debent.
1248 5666 1401 5721 Nona
1442 5668 1632 5721 iterum
1681 5665 1806 5720 luna
1832 5681 1942 5721 ser-

359 5744 476 5809 vitm
504 5749 838 5809 emptumhut
886 5751 1031 5809 puta,
1076 5738 1286 5793 domum
1317 5738 1437 5791 duci
1466 5753 1569 5809 non
1606 5746 1805 5809 oportet
1826 5754 1846 5805 ;
1895 5746 1946 5805 et

358 5800 451 5880 )lel"
480 5797 598 5859 lusa
629 5797 833 5875 facilius
885 5797 1045 5865 ialtu't
1087 5808 1302 5866 adversa
1339 5797 1650 5882 provenire.'
1674 5797 1859 5864 Pastas
1902 5800 1947 5862 ct

2063 4834 2176 4888 ntus
2203 4818 2517 4888 exemplum,
2559 4817 2645 4870 ubi
2697 4819 2925 4886 primunt
2971 4817 3195 4873 Pascha:
3240 4818 3552 4874 celebratum
3594 4829 3671 4876 est

2065 4885 2219 4960 Unde
2247 4896 2297 4941 et
2350 4885 2575 4960 majores
2627 4885 2794 4941 nostri
2846 4892 2899 4942 in
2945 4899 3168 4944 tractatu
3216 4890 3427 4945 concilii
3457 4889 3667 4946 Nicwni

2059 4958 2235 5034 ipsum
2258 4958 2800 5034 mensemnovorum
2835 4970 2973 5014 recte
3015 4962 3406 5032 custodierunt,
3442 4962 3578 5034 quia
3608 4963 3669 5017 in

2063 5027 2299 5101 .Egypto
2326 5030 2422 5083 Itoc
2448 5029 2621 5101 primo
2643 5046 2816 5084 mense
2838 5040 3080 5085 secantur
3104 5027 3401 5101 frumenta.’
3430 5027 3666 5098 Plinius.

2063 5097 2288 5177 Lamo,
2316 5114 2372 5177 ρ.
2405 5100 2514 5177 18“:
2546 5097 2761 5177 Inarari
2788 5097 3113 5177 certum_est'
3148 5105 3352 5177 objecta
3395 5107 3541 5177 prius
3584 5097 3667 5160 se?

2060 5171 2203 5248 ruina
2223 5174 2278 5248 in
2308 5172 2433 5248 limo
2455 5169 2674 5248 digressi
2703 5176 2842 5248 anni
2874 5174 2968 5243 (de
2996 5174 3120 5230 Nilo
3152 5169 3437 5248 loquitur),
3469 5175 3566 5229 hoc
3591 5186 3669 5230 est

2052 5238 2337 5315 Novembri
2389 5238 2562 5296 mense
2608 5238 2937 5315 incipiente:
2995 5258 3174 5315 postea
3212 5238 3368 5311 pauci
3394 5238 3662 5313 'runcant,

2047 5313 2187 5387 quod
2240 5311 2566 5387 botanismon
2607 5311 2801 5384 vocant,
2828 5332 2845 5369 :
2872 5311 3093 5387 feliqua
3141 5334 3264 5387 pars
3312 5318 3518 5372 nonnisi
3550 5311 3670 5369 cum

2051 5383 2187 5454 falce
2213 5398 2339 5436 arva
2372 5383 3118 5460 visi_t_paulo_anteiCalendas
3142 5383 3358 5460 Aprilis.
3385 5387 3666 5458 Peragitur

2053 5463 2227 5509 autem
2250 5456 2433 5529 messis
2456 5455 2623 5510 Maio.
2664 5457 2798 5529 Yide
2830 5459 3022 5529 Sigou.
3055 5460 3092 5512 I.
3140 5455 3197 5512 ιιί
3225 5460 3294 5513 de
3327 5460 3461 5529 Rep.
3491 5455 3661 5515 Hebr.

2053 5540 2105 5581 c.
2139 5531 2195 5591 9,
2226 5525 2359 5581 edit.
2387 5527 2625 5582 Colum:
2660 5525 3198 5596 Mensem'novarum,
3220 5530 3270 5583 id
3303 5540 3389 5585 est
3411 5525 3662 5597 'frugum:

2058 5606 2116 5651 ttt
2141 5599 2320 5672 littod.
2355 5606 2450 5653 χιιι
2483 5598 2860 5672 εηΕθι-εάὶηιίηἱ
2904 5616 3077 5653 mense
3120 5616 3377 5653 novarum
3428 5605 3662 5672 frugum;

2058 5678 2114 5742 et
2139 5668 2297 5724 Deut.
2325 5685 2413 5742 xvt
2447 5689 2459 5723 :
2495 5669 2723 5724 Observa
2745 5686 2971 5725 mensem
2986 5685 3236 5723 novarum
3257 5668 3491 5742 frugum.
3508 5668 3662 5731 Edtt.
3720 5710 3721 5715 η

2058 5738 2336 5811 μιειιιιιιη
2369 5741 2575 5808 inepte,
2609 5757 2833 5796 mensem
2854 5750 3099 5795 novatum
3129 5757 3150 5807 δ
3192 5737 3417 5807 ιιύιῖάι
3441 5741 3661 5799 Octavii

2058 5799 2402 5878 Pantagatitl.
2436 5799 2656 5882 mensem
2680 5810 2946 5866 novorum.
