  <div class='ocr_page' id='page_1' title='image "/cluster/home/n/w/nwhite01/storage/ocr_20150623/20/hvd.32044096580469/432.png"; bbox 0 0 4096 6192; ppageno 0'>
   <div class='ocr_carea' id='block_1_1' title="bbox 345 330 451 393">
    <p class='ocr_par' dir='ltr' id='par_1_1' title="bbox 345 330 451 393">
     <span class='ocr_line' id='line_1_1' title="bbox 345 330 451 393; baseline 0.009 -2"><span class='ocrx_word' id='word_1_1' title='bbox 345 330 451 393; x_wconf 75' lang='lat'><strong>855</strong></span> 
     </span>
    </p>
   </div>
   <div class='ocr_carea' id='block_1_2' title="bbox 1280 310 2781 399">
    <p class='ocr_par' dir='ltr' id='par_1_2' title="bbox 1280 310 2781 399">
     <span class='ocr_line' id='line_1_2' title="bbox 1280 310 2781 399; baseline -0.004 -10"><span class='ocrx_word' id='word_1_2' title='bbox 1280 322 1513 389; x_wconf 67' lang='grc' dir='ltr'><strong>δεηΜο</strong></span> <span class='ocrx_word' id='word_1_3' title='bbox 1548 318 1615 399; x_wconf 84' lang='grc' dir='ltr'>ιι,</span> <span class='ocrx_word' id='word_1_4' title='bbox 1649 316 1737 386; x_wconf 73' lang='lat' dir='ltr'><strong>ut:</strong></span> <span class='ocrx_word' id='word_1_5' title='bbox 1774 310 1984 385; x_wconf 71' lang='lat' dir='ltr'><strong>nom</strong></span> <span class='ocrx_word' id='word_1_6' title='bbox 2020 312 2358 385; x_wconf 70' lang='lat' dir='ltr'><strong>LECTIONE</strong></span> <span class='ocrx_word' id='word_1_7' title='bbox 2397 318 2781 386; x_wconf 74' lang='lat' dir='ltr'><strong>SECUNDUS.</strong></span> 
     </span>
    </p>
   </div>
   <div class='ocr_carea' id='block_1_3' title="bbox 3539 326 3646 384">
    <p class='ocr_par' dir='ltr' id='par_1_3' title="bbox 3539 326 3646 384">
     <span class='ocr_line' id='line_1_3' title="bbox 3539 326 3646 384; baseline 0.009 -1"><span class='ocrx_word' id='word_1_8' title='bbox 3539 326 3646 384; x_wconf 74' lang='grc'><strong>854</strong></span> 
     </span>
    </p>
   </div>
   <div class='ocr_carea' id='block_1_4' title="bbox 417 440 3642 525">
    <p class='ocr_par' dir='ltr' id='par_1_4' title="bbox 417 440 3642 525">
     <span class='ocr_line' id='line_1_4' title="bbox 417 440 3642 525; baseline 0 -18"><span class='ocrx_word' id='word_1_9' title='bbox 417 468 519 507; x_wconf 91' lang='lat' dir='ltr'><strong>non</strong></span> <span class='ocrx_word' id='word_1_10' title='bbox 568 453 837 525; x_wconf 86' lang='lat' dir='ltr'><strong>congruit,</strong></span> <span class='ocrx_word' id='word_1_11' title='bbox 888 452 1007 508; x_wconf 86' lang='lat' dir='ltr'><strong>licet</strong></span> <span class='ocrx_word' id='word_1_12' title='bbox 1055 448 1237 507; x_wconf 81' lang='lat' dir='ltr'><strong>eadem</strong></span> <span class='ocrx_word' id='word_1_13' title='bbox 1283 453 1480 522; x_wconf 84' lang='lat' dir='ltr'><strong>scripta</strong></span> <span class='ocrx_word' id='word_1_14' title='bbox 1532 454 1586 506; x_wconf 81' lang='lat' dir='ltr'><strong>in</strong></span> <span class='ocrx_word' id='word_1_15' title='bbox 1635 442 1939 524; x_wconf 77' lang='lat' dir='ltr'><strong>Evangeliis</strong></span> <span class='ocrx_word' id='word_1_16' title='bbox 1966 454 2013 514; x_wconf 74' lang='grc' dir='ltr'><strong>Α</strong></span> <span class='ocrx_word' id='word_1_17' title='bbox 2046 467 2261 522; x_wconf 86' lang='lat' dir='ltr'><strong>cumque</strong></span> <span class='ocrx_word' id='word_1_18' title='bbox 2306 450 2510 505; x_wconf 88' lang='lat' dir='ltr'><strong>invocat</strong></span> <span class='ocrx_word' id='word_1_19' title='bbox 2556 467 2745 507; x_wconf 84' lang='lat' dir='ltr'><strong><em>nomen</em></strong></span> <span class='ocrx_word' id='word_1_20' title='bbox 2793 448 3047 518; x_wconf 89' lang='lat' dir='ltr'><strong>Domini,</strong></span> <span class='ocrx_word' id='word_1_21' title='bbox 3099 444 3271 506; x_wconf 83' lang='lat' dir='ltr'><strong>salvus</strong></span> <span class='ocrx_word' id='word_1_22' title='bbox 3303 450 3398 506; x_wconf 86' lang='lat' dir='ltr'><strong>erit</strong></span> <span class='ocrx_word' id='word_1_23' title='bbox 3427 440 3642 524; x_wconf 80' lang='lat' dir='ltr'><strong>(Ibid).</strong></span> 
     </span>
    </p>
   </div>
   <div class='ocr_carea' id='block_1_5' title="bbox 418 542 1179 617">
    <p class='ocr_par' dir='ltr' id='par_1_5' title="bbox 418 542 1179 617">
     <span class='ocr_line' id='line_1_5' title="bbox 418 542 1179 617; baseline -0.001 -16"><span class='ocrx_word' id='word_1_24' title='bbox 418 553 594 617; x_wconf 88' lang='lat' dir='ltr'><strong>patere</strong></span> <span class='ocrx_word' id='word_1_25' title='bbox 619 545 856 601; x_wconf 81' lang='lat' dir='ltr'><strong>omnibus</strong></span> <span class='ocrx_word' id='word_1_26' title='bbox 884 542 1179 600; x_wconf 82' lang='lat' dir='ltr'><strong>videantur.</strong></span> 
     </span>
    </p>
   </div>
   <div class='ocr_carea' id='block_1_6' title="bbox 420 726 1942 803">
    <p class='ocr_par' dir='ltr' id='par_1_6' title="bbox 420 726 1942 803">
     <span class='ocr_line' id='line_1_6' title="bbox 420 726 1942 803; baseline 0.003 -19"><span class='ocrx_word' id='word_1_27' title='bbox 420 728 763 801; x_wconf 78' lang='lat' dir='ltr'><strong>Resurgeute</strong></span> <span class='ocrx_word' id='word_1_28' title='bbox 802 726 1025 786; x_wconf 79' lang='lat' dir='ltr'><strong>Christo</strong></span> <span class='ocrx_word' id='word_1_29' title='bbox 1053 747 1083 787; x_wconf 88' lang='lat' dir='ltr'><strong>a</strong></span> <span class='ocrx_word' id='word_1_30' title='bbox 1116 730 1367 799; x_wconf 79' lang='lat' dir='ltr'><strong>mortuis,</strong></span> <span class='ocrx_word' id='word_1_31' title='bbox 1402 732 1538 787; x_wconf 94' lang='lat' dir='ltr'><strong>ultio</strong></span> <span class='ocrx_word' id='word_1_32' title='bbox 1564 731 1617 787; x_wconf 91' lang='lat' dir='ltr'><strong>iu</strong></span> <span class='ocrx_word' id='word_1_33' title='bbox 1648 731 1942 803; x_wconf 67' lang='lat' dir='ltr'><strong>Egyptios</strong></span> 
     </span>
    </p>
   </div>
   <div class='ocr_carea' id='block_1_7' title="bbox 345 822 1942 896">
    <p class='ocr_par' dir='ltr' id='par_1_7' title="bbox 345 822 1942 896">
     <span class='ocr_line' id='line_1_7' title="bbox 345 822 1942 896; baseline 0.003 -19"><span class='ocrx_word' id='word_1_34' title='bbox 345 835 446 891; x_wconf 87' lang='lat' dir='ltr'><strong>per</strong></span> <span class='ocrx_word' id='word_1_35' title='bbox 471 822 883 877; x_wconf 88' lang='lat' dir='ltr'><strong>Sacramentum</strong></span> <span class='ocrx_word' id='word_1_36' title='bbox 912 823 1173 894; x_wconf 76' lang='lat' dir='ltr'><strong>Baptismi</strong></span> <span class='ocrx_word' id='word_1_37' title='bbox 1208 824 1343 881; x_wconf 79' lang='lat' dir='ltr'><strong>facta</strong></span> <span class='ocrx_word' id='word_1_38' title='bbox 1371 835 1487 893; x_wconf 90' lang='lat' dir='ltr'><strong>est;</strong></span> <span class='ocrx_word' id='word_1_39' title='bbox 1522 826 1942 896; x_wconf 88' lang='lat' dir='ltr'><strong>pavescentibus</strong></span> 
     </span>
    </p>
   </div>
   <div class='ocr_carea' id='block_1_8' title="bbox 348 914 1945 989">
    <p class='ocr_par' dir='ltr' id='par_1_8' title="bbox 348 914 1945 989">
     <span class='ocr_line' id='line_1_8' title="bbox 348 914 1945 989; baseline 0.001 -18"><span class='ocrx_word' id='word_1_40' title='bbox 348 914 581 983; x_wconf 77' lang='lat' dir='ltr'><strong>inieris,</strong></span> <span class='ocrx_word' id='word_1_41' title='bbox 629 917 749 985; x_wconf 88' lang='lat' dir='ltr'><strong>ipso</strong></span> <span class='ocrx_word' id='word_1_42' title='bbox 788 917 855 971; x_wconf 88' lang='lat' dir='ltr'><strong>ad</strong></span> <span class='ocrx_word' id='word_1_43' title='bbox 900 918 1311 974; x_wconf 88' lang='lat' dir='ltr'><strong>suscitationem</strong></span> <span class='ocrx_word' id='word_1_44' title='bbox 1356 919 1439 974; x_wconf 89' lang='lat' dir='ltr'><strong>sui</strong></span> <span class='ocrx_word' id='word_1_45' title='bbox 1482 920 1730 989; x_wconf 87' lang='lat' dir='ltr'><strong>corporis</strong></span> <span class='ocrx_word' id='word_1_46' title='bbox 1761 935 1945 974; x_wconf 78' lang='lat' dir='ltr'><strong>rever-</strong></span> 
     </span>
    </p>
   </div>
   <div class='ocr_carea' id='block_1_9' title="bbox 347 1008 1942 1083">
    <p class='ocr_par' dir='ltr' id='par_1_9' title="bbox 347 1008 1942 1083">
     <span class='ocr_line' id='line_1_9' title="bbox 347 1008 1942 1083; baseline 0.001 -18"><span class='ocrx_word' id='word_1_47' title='bbox 347 1016 528 1075; x_wconf 88' lang='lat' dir='ltr'><strong>tente;</strong></span> <span class='ocrx_word' id='word_1_48' title='bbox 564 1008 772 1065; x_wconf 89' lang='lat' dir='ltr'><strong>inimici</strong></span> <span class='ocrx_word' id='word_1_49' title='bbox 807 1008 933 1075; x_wconf 89' lang='lat' dir='ltr'><strong>Dei,</strong></span> <span class='ocrx_word' id='word_1_50' title='bbox 964 1009 1165 1066; x_wconf 67' lang='lat' dir='ltr'><strong>hostes</strong></span> <span class='ocrx_word' id='word_1_51' title='bbox 1198 1013 1402 1081; x_wconf 80' lang='lat' dir='ltr'><strong>quippe</strong></span> <span class='ocrx_word' id='word_1_52' title='bbox 1432 1011 1619 1083; x_wconf 83' lang='lat' dir='ltr'><strong>populi</strong></span> <span class='ocrx_word' id='word_1_53' title='bbox 1660 1011 1810 1083; x_wconf 84' lang='lat' dir='ltr'><strong>ejus,</strong></span> <span class='ocrx_word' id='word_1_54' title='bbox 1846 1027 1942 1067; x_wconf 83' lang='lat' dir='ltr'><strong>ex-</strong></span> 
     </span>
    </p>
   </div>
   <div class='ocr_carea' id='block_1_10' title="bbox 345 1092 1937 1174">
    <p class='ocr_par' dir='ltr' id='par_1_10' title="bbox 345 1092 1937 1174">
     <span class='ocr_line' id='line_1_10' title="bbox 345 1092 1937 1174; baseline -0.001 -18"><span class='ocrx_word' id='word_1_55' title='bbox 345 1092 716 1174; x_wconf 67' lang='grc' dir='ltr'><strong>811116ιὶ238</strong></span> <span class='ocrx_word' id='word_1_56' title='bbox 735 1110 880 1156; x_wconf 73' lang='lat' dir='ltr'><strong>sunt.</strong></span> <span class='ocrx_word' id='word_1_57' title='bbox 903 1100 1114 1158; x_wconf 89' lang='lat' dir='ltr'><strong>Clamat</strong></span> <span class='ocrx_word' id='word_1_58' title='bbox 1138 1104 1282 1157; x_wconf 78' lang='lat' dir='ltr'><strong>enim</strong></span> <span class='ocrx_word' id='word_1_59' title='bbox 1311 1104 1535 1172; x_wconf 85' lang='lat' dir='ltr'><strong>spiritus</strong></span> <span class='ocrx_word' id='word_1_60' title='bbox 1555 1100 1937 1172; x_wconf 82' lang='lat' dir='ltr'><strong>Prophetalis:</strong></span> 
     </span>
    </p>
   </div>
   <div class='ocr_carea' id='block_1_11' title="bbox 346 1190 1943 1267">
    <p class='ocr_par' dir='ltr' id='par_1_11' title="bbox 346 1190 1943 1267">
     <span class='ocr_line' id='line_1_11' title="bbox 346 1190 1943 1267; baseline 0 -18"><span class='ocrx_word' id='word_1_61' title='bbox 346 1190 614 1263; x_wconf 75' lang='lat' dir='ltr'><strong>Exsurgu&#39;t</strong></span> <span class='ocrx_word' id='word_1_62' title='bbox 645 1192 806 1259; x_wconf 83' lang='lat' dir='ltr'><strong>Deus,</strong></span> <span class='ocrx_word' id='word_1_63' title='bbox 835 1204 882 1247; x_wconf 88' lang='lat' dir='ltr'><strong>et</strong></span> <span class='ocrx_word' id='word_1_64' title='bbox 913 1193 1234 1262; x_wconf 78' lang='lat' dir='ltr'><strong>dissipentur</strong></span> <span class='ocrx_word' id='word_1_65' title='bbox 1256 1194 1452 1249; x_wconf 84' lang='lat' dir='ltr'><strong>inimici</strong></span> <span class='ocrx_word' id='word_1_66' title='bbox 1473 1198 1624 1267; x_wconf 86' lang='lat' dir='ltr'><strong>ejus;</strong></span> <span class='ocrx_word' id='word_1_67' title='bbox 1656 1200 1703 1248; x_wconf 87' lang='lat' dir='ltr'><strong>et</strong></span> <span class='ocrx_word' id='word_1_68' title='bbox 1734 1194 1943 1267; x_wconf 80' lang='lat' dir='ltr'><strong>fugiunt</strong></span> 
     </span>
    </p>
   </div>
   <div class='ocr_carea' id='block_1_12' title="bbox 346 1287 1935 1358">
    <p class='ocr_par' dir='ltr' id='par_1_12' title="bbox 346 1287 1935 1358">
     <span class='ocr_line' id='line_1_12' title="bbox 346 1287 1935 1358; baseline 0 -17"><span class='ocrx_word' id='word_1_69' title='bbox 346 1288 435 1357; x_wconf 84' lang='lat' dir='ltr'><strong>qui</strong></span> <span class='ocrx_word' id='word_1_70' title='bbox 483 1289 707 1341; x_wconf 82' lang='lat' dir='ltr'><strong>oderunt</strong></span> <span class='ocrx_word' id='word_1_71' title='bbox 753 1298 871 1341; x_wconf 87' lang='lat' dir='ltr'><strong>eum</strong></span> <span class='ocrx_word' id='word_1_72' title='bbox 913 1304 944 1340; x_wconf 92' lang='lat' dir='ltr'><strong>a</strong></span> <span class='ocrx_word' id='word_1_73' title='bbox 990 1288 1128 1357; x_wconf 80' lang='lat' dir='ltr'><strong>facie</strong></span> <span class='ocrx_word' id='word_1_74' title='bbox 1165 1287 1308 1356; x_wconf 87' lang='lat' dir='ltr'><strong>eius;</strong></span> <span class='ocrx_word' id='word_1_75' title='bbox 1340 1289 1475 1343; x_wconf 86' lang='lat' dir='ltr'><strong>sicut</strong></span> <span class='ocrx_word' id='word_1_76' title='bbox 1515 1287 1689 1358; x_wconf 74' lang='lat' dir='ltr'><strong>deﬁcit</strong></span> <span class='ocrx_word' id='word_1_77' title='bbox 1717 1288 1894 1358; x_wconf 79' lang='lat' dir='ltr'><strong>fumus</strong></span> <span class='ocrx_word' id='word_1_78' title='bbox 1921 1333 1935 1356; x_wconf 88' lang='lat'><strong>,</strong></span> 
     </span>
    </p>
   </div>
   <div class='ocr_carea' id='block_1_13' title="bbox 348 1378 1942 1452">
    <p class='ocr_par' dir='ltr' id='par_1_13' title="bbox 348 1378 1942 1452">
     <span class='ocr_line' id='line_1_13' title="bbox 348 1378 1942 1452; baseline 0 -19"><span class='ocrx_word' id='word_1_79' title='bbox 348 1378 631 1450; x_wconf 77' lang='lat' dir='ltr'><strong>deﬁciant;</strong></span> <span class='ocrx_word' id='word_1_80' title='bbox 656 1378 791 1432; x_wconf 83' lang='lat' dir='ltr'><strong>sicut</strong></span> <span class='ocrx_word' id='word_1_81' title='bbox 818 1379 1055 1450; x_wconf 85' lang='lat' dir='ltr'><strong>liquescit</strong></span> <span class='ocrx_word' id='word_1_82' title='bbox 1077 1396 1196 1434; x_wconf 87' lang='lat' dir='ltr'><strong>cera</strong></span> <span class='ocrx_word' id='word_1_83' title='bbox 1228 1397 1258 1433; x_wconf 95' lang='lat' dir='ltr'><strong>a</strong></span> <span class='ocrx_word' id='word_1_84' title='bbox 1287 1381 1422 1450; x_wconf 79' lang='lat' dir='ltr'><strong>[acie</strong></span> <span class='ocrx_word' id='word_1_85' title='bbox 1445 1381 1601 1452; x_wconf 82' lang='lat' dir='ltr'><strong>ignis,</strong></span> <span class='ocrx_word' id='word_1_86' title='bbox 1632 1381 1706 1434; x_wconf 89' lang='lat' dir='ltr'><strong>sic</strong></span> <span class='ocrx_word' id='word_1_87' title='bbox 1730 1389 1942 1450; x_wconf 78' lang='lat' dir='ltr'><strong>pereant</strong></span> 
     </span>
    </p>
   </div>
   <div class='ocr_carea' id='block_1_14' title="bbox 347 1468 1937 1544">
    <p class='ocr_par' dir='ltr' id='par_1_14' title="bbox 347 1468 1937 1544">
     <span class='ocr_line' id='line_1_14' title="bbox 347 1468 1937 1544; baseline 0.002 -19"><span class='ocrx_word' id='word_1_88' title='bbox 347 1481 643 1541; x_wconf 87' lang='lat' dir='ltr'><strong>peccatores</strong></span> <span class='ocrx_word' id='word_1_89' title='bbox 672 1485 704 1522; x_wconf 89' lang='lat' dir='ltr'><strong>a</strong></span> <span class='ocrx_word' id='word_1_90' title='bbox 735 1469 871 1540; x_wconf 80' lang='lat' dir='ltr'><strong>facie</strong></span> <span class='ocrx_word' id='word_1_91' title='bbox 902 1468 1030 1540; x_wconf 83' lang='lat' dir='ltr'><strong>Dei,</strong></span> <span class='ocrx_word' id='word_1_92' title='bbox 1060 1479 1107 1525; x_wconf 85' lang='lat' dir='ltr'><strong>et</strong></span> <span class='ocrx_word' id='word_1_93' title='bbox 1123 1472 1261 1543; x_wconf 95' lang='lat' dir='ltr'><strong>justi</strong></span> <span class='ocrx_word' id='word_1_94' title='bbox 1291 1470 1568 1542; x_wconf 84' lang='lat' dir='ltr'><strong>epulentur</strong></span> <span class='ocrx_word' id='word_1_95' title='bbox 1597 1468 1716 1544; x_wconf 80' lang='lat' dir='ltr'><strong>(Ps.</strong></span> <span class='ocrx_word' id='word_1_96' title='bbox 1750 1471 1937 1543; x_wconf 78' lang='lat' dir='ltr'><strong>vatt).</strong></span> 
     </span>
    </p>
   </div>
   <div class='ocr_carea' id='block_1_15' title="bbox 349 1545 1943 1636">
    <p class='ocr_par' dir='ltr' id='par_1_15' title="bbox 349 1545 1943 1636">
     <span class='ocr_line' id='line_1_15' title="bbox 349 1545 1943 1636; baseline 0.001 -18"><span class='ocrx_word' id='word_1_97' title='bbox 349 1545 784 1635; x_wconf 35' lang='lat' dir='ltr'><strong>Redemptionem‘</strong></span> <span class='ocrx_word' id='word_1_98' title='bbox 804 1564 943 1618; x_wconf 89' lang='lat' dir='ltr'><strong>misit</strong></span> <span class='ocrx_word' id='word_1_99' title='bbox 976 1564 1096 1633; x_wconf 87' lang='lat' dir='ltr'><strong>pius</strong></span> <span class='ocrx_word' id='word_1_100' title='bbox 1139 1560 1303 1621; x_wconf 82' lang='lat' dir='ltr'><strong>Pater</strong></span> <span class='ocrx_word' id='word_1_101' title='bbox 1338 1562 1533 1636; x_wconf 84' lang='lat' dir='ltr'><strong>papula</strong></span> <span class='ocrx_word' id='word_1_102' title='bbox 1572 1581 1667 1620; x_wconf 88' lang='lat' dir='ltr'><strong>suo</strong></span> <span class='ocrx_word' id='word_1_103' title='bbox 1690 1612 1703 1631; x_wconf 88' lang='lat'><strong>,</strong></span> <span class='ocrx_word' id='word_1_104' title='bbox 1749 1578 1943 1620; x_wconf 87' lang='lat' dir='ltr'><strong>memor</strong></span> 
     </span>
    </p>
   </div>
   <div class='ocr_carea' id='block_1_16' title="bbox 348 1654 1943 1730">
    <p class='ocr_par' dir='ltr' id='par_1_16' title="bbox 348 1654 1943 1730">
     <span class='ocr_line' id='line_1_16' title="bbox 348 1654 1943 1730; baseline 0.001 -18"><span class='ocrx_word' id='word_1_105' title='bbox 348 1658 640 1713; x_wconf 86' lang='lat' dir='ltr'><strong>testamenti</strong></span> <span class='ocrx_word' id='word_1_106' title='bbox 667 1657 834 1714; x_wconf 88' lang='lat' dir='ltr'><strong>sancti</strong></span> <span class='ocrx_word' id='word_1_107' title='bbox 863 1658 945 1712; x_wconf 89' lang='lat' dir='ltr'><strong>sui</strong></span> <span class='ocrx_word' id='word_1_108' title='bbox 979 1655 1098 1725; x_wconf 84' lang='lat' dir='ltr'><strong>(Ps.</strong></span> <span class='ocrx_word' id='word_1_109' title='bbox 1134 1657 1225 1730; x_wconf 76' lang='lat' dir='ltr'><strong>ex)</strong></span> <span class='ocrx_word' id='word_1_110' title='bbox 1247 1701 1261 1725; x_wconf 90' lang='lat'><strong>,</strong></span> <span class='ocrx_word' id='word_1_111' title='bbox 1296 1654 1439 1729; x_wconf 87' lang='lat' dir='ltr'><strong>quod</strong></span> <span class='ocrx_word' id='word_1_112' title='bbox 1472 1658 1742 1730; x_wconf 77' lang='lat' dir='ltr'><strong>disposait</strong></span> <span class='ocrx_word' id='word_1_113' title='bbox 1774 1658 1943 1730; x_wconf 85' lang='lat' dir='ltr'><strong>patri-</strong></span> 
     </span>
    </p>
   </div>
   <div class='ocr_carea' id='block_1_17' title="bbox 347 1746 1938 1824">
    <p class='ocr_par' dir='ltr' id='par_1_17' title="bbox 347 1746 1938 1824">
     <span class='ocr_line' id='line_1_17' title="bbox 347 1746 1938 1824; baseline 0.001 -18"><span class='ocrx_word' id='word_1_114' title='bbox 347 1750 449 1806; x_wconf 85' lang='lat' dir='ltr'><strong>hus</strong></span> <span class='ocrx_word' id='word_1_115' title='bbox 476 1750 676 1805; x_wconf 82' lang='lat' dir='ltr'><strong>nostris</strong></span> <span class='ocrx_word' id='word_1_116' title='bbox 710 1749 930 1805; x_wconf 74' lang='lat' dir='ltr'><strong>Abrahte</strong></span> <span class='ocrx_word' id='word_1_117' title='bbox 955 1756 1000 1804; x_wconf 86' lang='lat' dir='ltr'><strong>et</strong></span> <span class='ocrx_word' id='word_1_118' title='bbox 1026 1750 1209 1804; x_wconf 78' lang='lat' dir='ltr'><strong><em>semini</em></strong></span> <span class='ocrx_word' id='word_1_119' title='bbox 1249 1750 1359 1814; x_wconf 87' lang='lat' dir='ltr'><strong>eius</strong></span> <span class='ocrx_word' id='word_1_120' title='bbox 1389 1751 1442 1805; x_wconf 92' lang='lat' dir='ltr'><strong>in</strong></span> <span class='ocrx_word' id='word_1_121' title='bbox 1474 1746 1663 1806; x_wconf 79' lang='lat' dir='ltr'><strong>swcula</strong></span> <span class='ocrx_word' id='word_1_122' title='bbox 1696 1748 1848 1823; x_wconf 87' lang='lat' dir='ltr'><strong>(Luc.</strong></span> <span class='ocrx_word' id='word_1_123' title='bbox 1876 1750 1938 1824; x_wconf 87' lang='grc' dir='ltr'><strong>ι).</strong></span> 
     </span>
    </p>
   </div>
   <div class='ocr_carea' id='block_1_18' title="bbox 2044 542 3643 617">
    <p class='ocr_par' dir='ltr' id='par_1_18' title="bbox 2044 542 3643 617">
     <span class='ocr_line' id='line_1_18' title="bbox 2044 542 3643 617; baseline 0 -16"><span class='ocrx_word' id='word_1_124' title='bbox 2044 546 2319 617; x_wconf 85' lang='lat' dir='ltr'><strong>Quotquot</strong></span> <span class='ocrx_word' id='word_1_125' title='bbox 2352 547 2518 617; x_wconf 84' lang='lat' dir='ltr'><strong>igitur</strong></span> <span class='ocrx_word' id='word_1_126' title='bbox 2561 547 2883 602; x_wconf 86' lang='lat' dir='ltr'><strong>invocantes</strong></span> <span class='ocrx_word' id='word_1_127' title='bbox 2913 542 3204 601; x_wconf 90' lang='lat' dir='ltr'><strong>Dominum</strong></span> <span class='ocrx_word' id='word_1_128' title='bbox 3234 547 3464 602; x_wconf 82' lang='lat' dir='ltr'><strong>salutem</strong></span> <span class='ocrx_word' id='word_1_129' title='bbox 3496 545 3643 601; x_wconf 89' lang='lat' dir='ltr'><strong>reci-</strong></span> 
     </span>
    </p>
   </div>
   <div class='ocr_carea' id='block_1_19' title="bbox 2044 632 3645 711">
    <p class='ocr_par' dir='ltr' id='par_1_19' title="bbox 2044 632 3645 711">
     <span class='ocr_line' id='line_1_19' title="bbox 2044 632 3645 711; baseline 0.002 -23"><span class='ocrx_word' id='word_1_130' title='bbox 2044 640 2222 708; x_wconf 80' lang='lat' dir='ltr'><strong>pimus</strong></span> <span class='ocrx_word' id='word_1_131' title='bbox 2279 634 2561 694; x_wconf 69' lang='lat' dir='ltr'><strong>exstinmis</strong></span> <span class='ocrx_word' id='word_1_132' title='bbox 2610 632 2919 711; x_wconf 64' lang='lat' dir='ltr'><strong>Egyptiis,</strong></span> <span class='ocrx_word' id='word_1_133' title='bbox 2979 636 3256 693; x_wconf 83' lang='lat' dir='ltr'><strong>discamus</strong></span> <span class='ocrx_word' id='word_1_134' title='bbox 3310 634 3645 692; x_wconf 76' lang='lat' dir='ltr'><strong>manducare</strong></span> 
     </span>
    </p>
   </div>
   <div class='ocr_carea' id='block_1_20' title="bbox 2045 727 3644 800">
    <p class='ocr_par' dir='ltr' id='par_1_20' title="bbox 2045 727 3644 800">
     <span class='ocr_line' id='line_1_20' title="bbox 2045 727 3644 800; baseline 0.001 -17"><span class='ocrx_word' id='word_1_135' title='bbox 2045 729 2277 800; x_wconf 75' lang='lat' dir='ltr'><strong>pascha,</strong></span> <span class='ocrx_word' id='word_1_136' title='bbox 2350 742 2458 785; x_wconf 87' lang='lat' dir='ltr'><strong>non</strong></span> <span class='ocrx_word' id='word_1_137' title='bbox 2513 730 2653 785; x_wconf 90' lang='lat' dir='ltr'><strong>sicut</strong></span> <span class='ocrx_word' id='word_1_138' title='bbox 2707 728 3031 800; x_wconf 74' lang='lat' dir='ltr'><strong>insipientes</strong></span> <span class='ocrx_word' id='word_1_139' title='bbox 3089 727 3300 797; x_wconf 76' lang='lat' dir='ltr'><strong>Judtei,</strong></span> <span class='ocrx_word' id='word_1_140' title='bbox 3365 728 3455 799; x_wconf 91' lang='lat' dir='ltr'><strong>qui</strong></span> <span class='ocrx_word' id='word_1_141' title='bbox 3518 739 3644 800; x_wconf 87' lang='lat' dir='ltr'><strong>post</strong></span> 
     </span>
    </p>
   </div>
   <div class='ocr_carea' id='block_1_21' title="bbox 2044 818 3642 893">
    <p class='ocr_par' dir='ltr' id='par_1_21' title="bbox 2044 818 3642 893">
     <span class='ocr_line' id='line_1_21' title="bbox 2044 818 3642 893; baseline -0.001 -14"><span class='ocrx_word' id='word_1_142' title='bbox 2044 823 2336 879; x_wconf 75' lang='lat' dir='ltr'><strong>adt/cntum</strong></span> <span class='ocrx_word' id='word_1_143' title='bbox 2416 823 2664 879; x_wconf 78' lang='lat' dir='ltr'><strong>veritatis</strong></span> <span class='ocrx_word' id='word_1_144' title='bbox 2724 818 2902 879; x_wconf 88' lang='lat' dir='ltr'><strong>adhuc</strong></span> <span class='ocrx_word' id='word_1_145' title='bbox 2973 824 3222 878; x_wconf 82' lang='lat' dir='ltr'><strong>umbram</strong></span> <span class='ocrx_word' id='word_1_146' title='bbox 3301 826 3642 893; x_wconf 85' lang='lat' dir='ltr'><strong>sequuntur,</strong></span> 
     </span>
    </p>
   </div>
   <div class='ocr_carea' id='block_1_22' title="bbox 2049 914 3645 988">
    <p class='ocr_par' dir='ltr' id='par_1_22' title="bbox 2049 914 3645 988">
     <span class='ocr_line' id='line_1_22' title="bbox 2049 914 3645 988; baseline 0.001 -18"><span class='ocrx_word' id='word_1_147' title='bbox 2049 922 2072 953; x_wconf 78' lang='grc' dir='ltr'><strong><em>ο</em></strong></span> <span class='ocrx_word' id='word_1_148' title='bbox 2110 930 2267 971; x_wconf 91' lang='lat' dir='ltr'><strong>ovem</strong></span> <span class='ocrx_word' id='word_1_149' title='bbox 2297 916 2529 987; x_wconf 80' lang='lat' dir='ltr'><strong>quisque</strong></span> <span class='ocrx_word' id='word_1_150' title='bbox 2570 931 2666 986; x_wconf 88' lang='lat' dir='ltr'><strong>per</strong></span> <span class='ocrx_word' id='word_1_151' title='bbox 2697 930 3137 988; x_wconf 80' lang='lat' dir='ltr'><strong>unamquamque</strong></span> <span class='ocrx_word' id='word_1_152' title='bbox 3168 914 3389 972; x_wconf 87' lang='lat' dir='ltr'><strong>domum</strong></span> <span class='ocrx_word' id='word_1_153' title='bbox 3418 924 3645 988; x_wconf 87' lang='lat' dir='ltr'><strong>quarta-</strong></span> 
     </span>
    </p>
   </div>
   <div class='ocr_carea' id='block_1_23' title="bbox 2044 1004 3639 1081">
    <p class='ocr_par' dir='ltr' id='par_1_23' title="bbox 2044 1004 3639 1081">
     <span class='ocr_line' id='line_1_23' title="bbox 2044 1004 3639 1081; baseline 0.002 -17"><span class='ocrx_word' id='word_1_154' title='bbox 2044 1004 2255 1064; x_wconf 78' lang='lat' dir='ltr'><strong>decima</strong></span> <span class='ocrx_word' id='word_1_155' title='bbox 2296 1008 2386 1065; x_wconf 91' lang='lat' dir='ltr'><strong>die</strong></span> <span class='ocrx_word' id='word_1_156' title='bbox 2429 1011 2632 1067; x_wconf 89' lang='lat' dir='ltr'><strong>mensis</strong></span> <span class='ocrx_word' id='word_1_157' title='bbox 2662 1004 2864 1081; x_wconf 71' lang='lat' dir='ltr'><strong>primif</strong></span> <span class='ocrx_word' id='word_1_158' title='bbox 2914 1011 3202 1079; x_wconf 89' lang='lat' dir='ltr'><strong>occidens,</strong></span> <span class='ocrx_word' id='word_1_159' title='bbox 3233 1022 3288 1068; x_wconf 91' lang='lat' dir='ltr'><strong>et</strong></span> <span class='ocrx_word' id='word_1_160' title='bbox 3315 1011 3639 1069; x_wconf 88' lang='lat' dir='ltr'><strong>comedens.</strong></span> 
     </span>
    </p>
   </div>
   <div class='ocr_carea' id='block_1_24' title="bbox 2046 1092 3647 1175">
    <p class='ocr_par' dir='ltr' id='par_1_24' title="bbox 2046 1092 3647 1175">
     <span class='ocr_line' id='line_1_24' title="bbox 2046 1092 3647 1175; baseline 0.002 -18"><span class='ocrx_word' id='word_1_161' title='bbox 2046 1092 2211 1175; x_wconf 72' lang='lat'><strong>239</strong></span> <span class='ocrx_word' id='word_1_162' title='bbox 2250 1102 2328 1157; x_wconf 87' lang='lat' dir='ltr'><strong>Ex</strong></span> <span class='ocrx_word' id='word_1_163' title='bbox 2379 1118 2487 1174; x_wconf 86' lang='lat' dir='ltr'><strong>quo</strong></span> <span class='ocrx_word' id='word_1_164' title='bbox 2536 1103 2679 1158; x_wconf 88' lang='lat' dir='ltr'><strong>enim</strong></span> <span class='ocrx_word' id='word_1_165' title='bbox 2720 1105 2887 1169; x_wconf 83' lang='lat' dir='ltr'><strong>venit,</strong></span> <span class='ocrx_word' id='word_1_166' title='bbox 2922 1104 3079 1174; x_wconf 83' lang='lat' dir='ltr'><strong>cujus</strong></span> <span class='ocrx_word' id='word_1_167' title='bbox 3107 1107 3296 1160; x_wconf 90' lang='lat' dir='ltr'><strong>umbra</strong></span> <span class='ocrx_word' id='word_1_168' title='bbox 3339 1105 3516 1160; x_wconf 86' lang='lat' dir='ltr'><strong>luerat</strong></span> <span class='ocrx_word' id='word_1_169' title='bbox 3542 1105 3647 1161; x_wconf 84' lang='lat' dir='ltr'><strong>ista</strong></span> 
     </span>
    </p>
   </div>
   <div class='ocr_carea' id='block_1_25' title="bbox 2046 1192 3644 1267">
    <p class='ocr_par' dir='ltr' id='par_1_25' title="bbox 2046 1192 3644 1267">
     <span class='ocr_line' id='line_1_25' title="bbox 2046 1192 3644 1267; baseline 0 -17"><span class='ocrx_word' id='word_1_170' title='bbox 2046 1195 2162 1250; x_wconf 84' lang='lat' dir='ltr'><strong>Ovis</strong></span> <span class='ocrx_word' id='word_1_171' title='bbox 2186 1192 2371 1266; x_wconf 78' lang='lat' dir='ltr'><strong>(locu.</strong></span> <span class='ocrx_word' id='word_1_172' title='bbox 2407 1193 2487 1265; x_wconf 91' lang='lat' dir='ltr'><strong>v),</strong></span> <span class='ocrx_word' id='word_1_173' title='bbox 2520 1210 2683 1250; x_wconf 86' lang='lat' dir='ltr'><strong>verus</strong></span> <span class='ocrx_word' id='word_1_174' title='bbox 2712 1194 2807 1252; x_wconf 88' lang='lat' dir='ltr'><strong>ille</strong></span> <span class='ocrx_word' id='word_1_175' title='bbox 2838 1198 3023 1267; x_wconf 79' lang='lat' dir='ltr'><strong>Agnus</strong></span> <span class='ocrx_word' id='word_1_176' title='bbox 3050 1197 3141 1252; x_wconf 87' lang='lat' dir='ltr'><strong>Dei</strong></span> <span class='ocrx_word' id='word_1_177' title='bbox 3175 1194 3437 1251; x_wconf 88' lang='lat' dir='ltr'><strong>Dominus</strong></span> <span class='ocrx_word' id='word_1_178' title='bbox 3465 1194 3644 1263; x_wconf 76' lang='lat' dir='ltr'><strong>Jesus,</strong></span> 
     </span>
    </p>
   </div>
   <div class='ocr_carea' id='block_1_26' title="bbox 2045 1287 3649 1359">
    <p class='ocr_par' dir='ltr' id='par_1_26' title="bbox 2045 1287 3649 1359">
     <span class='ocr_line' id='line_1_26' title="bbox 2045 1287 3649 1359; baseline 0.002 -18"><span class='ocrx_word' id='word_1_179' title='bbox 2045 1289 2134 1359; x_wconf 89' lang='lat' dir='ltr'><strong>qui</strong></span> <span class='ocrx_word' id='word_1_180' title='bbox 2158 1287 2302 1343; x_wconf 89' lang='lat' dir='ltr'><strong>tollit</strong></span> <span class='ocrx_word' id='word_1_181' title='bbox 2329 1296 2545 1358; x_wconf 76' lang='lat' dir='ltr'><strong>peccata</strong></span> <span class='ocrx_word' id='word_1_182' title='bbox 2578 1289 2764 1344; x_wconf 85' lang='lat' dir='ltr'><strong>mundi</strong></span> <span class='ocrx_word' id='word_1_183' title='bbox 2797 1332 2812 1356; x_wconf 91' lang='lat'><strong>,</strong></span> <span class='ocrx_word' id='word_1_184' title='bbox 2847 1300 2901 1345; x_wconf 89' lang='lat' dir='ltr'><strong>et</strong></span> <span class='ocrx_word' id='word_1_185' title='bbox 2924 1290 3061 1345; x_wconf 80' lang='lat' dir='ltr'><strong>dixit</strong></span> <span class='ocrx_word' id='word_1_186' title='bbox 3094 1309 3106 1347; x_wconf 94' lang='lat'>:</span> <span class='ocrx_word' id='word_1_187' title='bbox 3152 1288 3276 1344; x_wconf 85' lang='lat' dir='ltr'><strong>Nisi</strong></span> <span class='ocrx_word' id='word_1_188' title='bbox 3307 1291 3649 1344; x_wconf 82' lang='lat' dir='ltr'><strong>manducare-</strong></span> 
     </span>
    </p>
   </div>
   <div class='ocr_carea' id='block_1_27' title="bbox 2045 1382 3646 1456">
    <p class='ocr_par' dir='ltr' id='par_1_27' title="bbox 2045 1382 3646 1456">
     <span class='ocr_line' id='line_1_27' title="bbox 2045 1382 3646 1456; baseline 0.001 -20"><span class='ocrx_word' id='word_1_189' title='bbox 2045 1382 2158 1436; x_wconf 90' lang='lat' dir='ltr'><strong>ritis</strong></span> <span class='ocrx_word' id='word_1_190' title='bbox 2206 1398 2413 1437; x_wconf 86' lang='lat' dir='ltr'><strong>carnem</strong></span> <span class='ocrx_word' id='word_1_191' title='bbox 2480 1398 2685 1452; x_wconf 82' lang='lat' dir='ltr'><strong>meam,</strong></span> <span class='ocrx_word' id='word_1_192' title='bbox 2732 1392 2778 1438; x_wconf 89' lang='lat' dir='ltr'><strong>et</strong></span> <span class='ocrx_word' id='word_1_193' title='bbox 2824 1383 3051 1439; x_wconf 89' lang='lat' dir='ltr'><strong>biberitis</strong></span> <span class='ocrx_word' id='word_1_194' title='bbox 3090 1401 3256 1438; x_wconf 89' lang='lat' dir='ltr'><strong>meum</strong></span> <span class='ocrx_word' id='word_1_195' title='bbox 3297 1384 3602 1456; x_wconf 82' lang='lat' dir='ltr'><strong>sanguinem</strong></span> <span class='ocrx_word' id='word_1_196' title='bbox 3630 1425 3646 1451; x_wconf 91' lang='lat'><strong>,</strong></span> 
     </span>
    </p>
   </div>
   <div class='ocr_carea' id='block_1_28' title="bbox 2048 1471 3649 1548">
    <p class='ocr_par' dir='ltr' id='par_1_28' title="bbox 2048 1471 3649 1548">
     <span class='ocr_line' id='line_1_28' title="bbox 2048 1471 3649 1548; baseline 0.003 -21"><span class='ocrx_word' id='word_1_197' title='bbox 2048 1488 2149 1527; x_wconf 88' lang='lat' dir='ltr'><strong>non</strong></span> <span class='ocrx_word' id='word_1_198' title='bbox 2180 1472 2425 1529; x_wconf 79' lang='lat' dir='ltr'><strong>habebitis</strong></span> <span class='ocrx_word' id='word_1_199' title='bbox 2466 1475 2621 1529; x_wconf 89' lang='lat' dir='ltr'><strong>vitam</strong></span> <span class='ocrx_word' id='word_1_200' title='bbox 2668 1476 2724 1530; x_wconf 88' lang='lat' dir='ltr'><strong>in</strong></span> <span class='ocrx_word' id='word_1_201' title='bbox 2753 1476 2892 1530; x_wconf 79' lang='lat' dir='ltr'><strong>vobis</strong></span> <span class='ocrx_word' id='word_1_202' title='bbox 2919 1471 3103 1548; x_wconf 85' lang='lat' dir='ltr'><strong>(Joan.</strong></span> <span class='ocrx_word' id='word_1_203' title='bbox 3131 1474 3209 1548; x_wconf 66' lang='grc' dir='ltr'><strong>γι)</strong></span> <span class='ocrx_word' id='word_1_204' title='bbox 3245 1477 3415 1547; x_wconf 89' lang='lat' dir='ltr'><strong>ipsis;</strong></span> <span class='ocrx_word' id='word_1_205' title='bbox 3445 1473 3649 1534; x_wconf 81' lang='lat' dir='ltr'><strong>frustra</strong></span> 
     </span>
    </p>
   </div>
   <div class='ocr_carea' id='block_1_29' title="bbox 2044 1568 3648 1642">
    <p class='ocr_par' dir='ltr' id='par_1_29' title="bbox 2044 1568 3648 1642">
     <span class='ocr_line' id='line_1_29' title="bbox 2044 1568 3648 1642; baseline 0.001 -19"><span class='ocrx_word' id='word_1_206' title='bbox 2044 1568 2153 1638; x_wconf 85' lang='lat' dir='ltr'><strong>jam</strong></span> <span class='ocrx_word' id='word_1_207' title='bbox 2185 1568 2357 1625; x_wconf 65' lang='lat' dir='ltr'><strong>Judaei</strong></span> <span class='ocrx_word' id='word_1_208' title='bbox 2388 1572 2685 1626; x_wconf 80' lang='lat' dir='ltr'><strong>carnaliter</strong></span> <span class='ocrx_word' id='word_1_209' title='bbox 2715 1580 2999 1639; x_wconf 80' lang='lat' dir='ltr'><strong>exercent,</strong></span> <span class='ocrx_word' id='word_1_210' title='bbox 3039 1571 3184 1642; x_wconf 85' lang='lat' dir='ltr'><strong>quod</strong></span> <span class='ocrx_word' id='word_1_211' title='bbox 3228 1571 3331 1626; x_wconf 69' lang='lat' dir='ltr'><strong>nisi</strong></span> <span class='ocrx_word' id='word_1_212' title='bbox 3362 1570 3648 1627; x_wconf 84' lang='lat' dir='ltr'><strong>nobiscum</strong></span> 
     </span>
    </p>
   </div>
   <div class='ocr_carea' id='block_1_30' title="bbox 2050 1659 3651 1734">
    <p class='ocr_par' dir='ltr' id='par_1_30' title="bbox 2050 1659 3651 1734">
     <span class='ocr_line' id='line_1_30' title="bbox 2050 1659 3651 1734; baseline 0.002 -18"><span class='ocrx_word' id='word_1_213' title='bbox 2050 1659 2078 1701; x_wconf 76' lang='grc'><strong>⁸</strong></span> <span class='ocrx_word' id='word_1_214' title='bbox 2106 1661 2464 1734; x_wconf 84' lang='lat' dir='ltr'><strong>spiritualiter</strong></span> <span class='ocrx_word' id='word_1_215' title='bbox 2498 1662 2748 1731; x_wconf 82' lang='lat' dir='ltr'><strong>fecerint,</strong></span> <span class='ocrx_word' id='word_1_216' title='bbox 2779 1663 2982 1719; x_wconf 83' lang='lat' dir='ltr'><strong>habere</strong></span> <span class='ocrx_word' id='word_1_217' title='bbox 3017 1664 3070 1719; x_wconf 91' lang='lat' dir='ltr'><strong>in</strong></span> <span class='ocrx_word' id='word_1_218' title='bbox 3113 1679 3173 1720; x_wconf 92' lang='lat' dir='ltr'><strong>se</strong></span> <span class='ocrx_word' id='word_1_219' title='bbox 3201 1664 3367 1719; x_wconf 90' lang='lat' dir='ltr'><strong>vitam</strong></span> <span class='ocrx_word' id='word_1_220' title='bbox 3414 1678 3520 1719; x_wconf 91' lang='lat' dir='ltr'><strong>non</strong></span> <span class='ocrx_word' id='word_1_221' title='bbox 3551 1678 3651 1734; x_wconf 84' lang='lat' dir='ltr'><strong>po-</strong></span> 
     </span>
    </p>
   </div>
   <div class='ocr_carea' id='block_1_31' title="bbox 2050 1748 3646 1830">
    <p class='ocr_par' dir='ltr' id='par_1_31' title="bbox 2050 1748 3646 1830">
     <span class='ocr_line' id='line_1_31' title="bbox 2050 1748 3646 1830; baseline 0.001 -18"><span class='ocrx_word' id='word_1_222' title='bbox 2050 1766 2248 1812; x_wconf 91' lang='lat' dir='ltr'><strong>terunt.</strong></span> <span class='ocrx_word' id='word_1_223' title='bbox 2289 1754 2397 1811; x_wconf 73' lang='lat' dir='ltr'><strong>Lex</strong></span> <span class='ocrx_word' id='word_1_224' title='bbox 2440 1757 2577 1811; x_wconf 89' lang='lat' dir='ltr'><strong>enim</strong></span> <span class='ocrx_word' id='word_1_225' title='bbox 2602 1748 2897 1827; x_wconf 80' lang='lat' dir='ltr'><strong>spiritualis</strong></span> <span class='ocrx_word' id='word_1_226' title='bbox 2946 1764 3018 1812; x_wconf 85' lang='lat' dir='ltr'><strong>est</strong></span> <span class='ocrx_word' id='word_1_227' title='bbox 3067 1757 3246 1830; x_wconf 85' lang='lat' dir='ltr'><strong>(Rom.</strong></span> <span class='ocrx_word' id='word_1_228' title='bbox 3280 1755 3399 1830; x_wconf 87' lang='lat' dir='ltr'><strong>vtt),</strong></span> <span class='ocrx_word' id='word_1_229' title='bbox 3456 1768 3513 1813; x_wconf 91' lang='lat' dir='ltr'><strong>ut</strong></span> <span class='ocrx_word' id='word_1_230' title='bbox 3567 1759 3646 1815; x_wconf 88' lang='lat' dir='ltr'><strong>ait</strong></span> 
     </span>
    </p>
   </div>
   <div class='ocr_carea' id='block_1_32' title="bbox 347 1842 3650 1917">
    <p class='ocr_par' dir='ltr' id='par_1_32' title="bbox 347 1842 3650 1917">
     <span class='ocr_line' id='line_1_32' title="bbox 347 1842 3650 1917; baseline 0.002 -18"><span class='ocrx_word' id='word_1_231' title='bbox 347 1853 373 1881; x_wconf 72' lang='grc' dir='ltr'><strong><em>λ</em></strong></span> <span class='ocrx_word' id='word_1_232' title='bbox 400 1843 607 1899; x_wconf 89' lang='lat' dir='ltr'><strong>Potens</strong></span> <span class='ocrx_word' id='word_1_233' title='bbox 632 1843 777 1898; x_wconf 87' lang='lat' dir='ltr'><strong>enim</strong></span> <span class='ocrx_word' id='word_1_234' title='bbox 806 1842 945 1898; x_wconf 89' lang='lat' dir='ltr'><strong>Deus</strong></span> <span class='ocrx_word' id='word_1_235' title='bbox 967 1843 1253 1898; x_wconf 80' lang='lat' dir='ltr'><strong>suscitavit</strong></span> <span class='ocrx_word' id='word_1_236' title='bbox 1275 1843 1339 1897; x_wconf 89' lang='lat' dir='ltr'><strong>de</strong></span> <span class='ocrx_word' id='word_1_237' title='bbox 1362 1842 1622 1916; x_wconf 80' lang='lat' dir='ltr'><strong>lapidibus</strong></span> <span class='ocrx_word' id='word_1_238' title='bbox 1644 1845 1755 1899; x_wconf 86' lang='lat' dir='ltr'><strong>istis</strong></span> <span class='ocrx_word' id='word_1_239' title='bbox 1778 1858 1946 1913; x_wconf 83' lang='lat' dir='ltr'><strong>quon-</strong></span> <span class='ocrx_word' id='word_1_240' title='bbox 1976 1852 2019 1915; x_wconf 72' lang='grc' dir='ltr'><strong>Β</strong></span> <span class='ocrx_word' id='word_1_241' title='bbox 2050 1848 2365 1917; x_wconf 81' lang='lat' dir='ltr'><strong>Apostolus,</strong></span> <span class='ocrx_word' id='word_1_242' title='bbox 2397 1856 2453 1904; x_wconf 91' lang='lat' dir='ltr'><strong>et</strong></span> <span class='ocrx_word' id='word_1_243' title='bbox 2484 1846 2687 1904; x_wconf 87' lang='lat' dir='ltr'><strong>Pascha</strong></span> <span class='ocrx_word' id='word_1_244' title='bbox 2719 1861 2953 1905; x_wconf 86' lang='lat' dir='ltr'><strong>nostrum</strong></span> <span class='ocrx_word' id='word_1_245' title='bbox 2976 1850 3280 1906; x_wconf 85' lang='lat' dir='ltr'><strong>immolatus</strong></span> <span class='ocrx_word' id='word_1_246' title='bbox 3310 1856 3383 1906; x_wconf 86' lang='lat' dir='ltr'><strong>est</strong></span> <span class='ocrx_word' id='word_1_247' title='bbox 3412 1848 3650 1908; x_wconf 82' lang='lat' dir='ltr'><strong>Christus</strong></span> 
     </span>
    </p>
   </div>
   <div class='ocr_carea' id='block_1_33' title="bbox 347 1930 1940 2009">
    <p class='ocr_par' dir='ltr' id='par_1_33' title="bbox 347 1930 1940 2009">
     <span class='ocr_line' id='line_1_33' title="bbox 347 1930 1940 2009; baseline -0.001 -15"><span class='ocrx_word' id='word_1_248' title='bbox 347 1937 474 1995; x_wconf 89' lang='lat' dir='ltr'><strong>dam</strong></span> <span class='ocrx_word' id='word_1_249' title='bbox 508 1935 818 1993; x_wconf 87' lang='lat' dir='ltr'><strong>durissimis</strong></span> <span class='ocrx_word' id='word_1_250' title='bbox 845 1933 1157 2009; x_wconf 86' lang='lat' dir='ltr'><strong>(Gentibus)</strong></span> <span class='ocrx_word' id='word_1_251' title='bbox 1185 1936 1326 2004; x_wconf 81' lang='lat' dir='ltr'><strong>ﬁlios</strong></span> <span class='ocrx_word' id='word_1_252' title='bbox 1350 1936 1573 1992; x_wconf 76' lang='lat' dir='ltr'><strong>Abrahae</strong></span> <span class='ocrx_word' id='word_1_253' title='bbox 1598 1930 1819 2009; x_wconf 76' lang='lat' dir='ltr'><strong>(Matth.</strong></span> <span class='ocrx_word' id='word_1_254' title='bbox 1844 1950 1901 1992; x_wconf 85' lang='grc' dir='ltr'><strong>ιιι</strong></span> <span class='ocrx_word' id='word_1_255' title='bbox 1926 1954 1940 2004; x_wconf 88' lang='grc'>;</span> 
     </span>
    </p>
   </div>
   <div class='ocr_carea' id='block_1_34' title="bbox 349 2028 1938 2102">
    <p class='ocr_par' dir='ltr' id='par_1_34' title="bbox 349 2028 1938 2102">
     <span class='ocr_line' id='line_1_34' title="bbox 349 2028 1938 2102; baseline -0.001 -15"><span class='ocrx_word' id='word_1_256' title='bbox 349 2030 477 2087; x_wconf 89' lang='lat' dir='ltr'><strong>Luc.</strong></span> <span class='ocrx_word' id='word_1_257' title='bbox 512 2030 617 2101; x_wconf 89' lang='grc' dir='ltr'>ιιι).</span> <span class='ocrx_word' id='word_1_258' title='bbox 651 2029 803 2086; x_wconf 82' lang='lat' dir='ltr'><strong>Nunc</strong></span> <span class='ocrx_word' id='word_1_259' title='bbox 837 2028 1011 2085; x_wconf 87' lang='lat' dir='ltr'><strong>dicant</strong></span> <span class='ocrx_word' id='word_1_260' title='bbox 1052 2046 1231 2085; x_wconf 88' lang='lat' dir='ltr'><strong>omnes</strong></span> <span class='ocrx_word' id='word_1_261' title='bbox 1271 2031 1360 2102; x_wconf 85' lang='lat' dir='ltr'><strong>qui</strong></span> <span class='ocrx_word' id='word_1_262' title='bbox 1404 2031 1736 2085; x_wconf 80' lang='lat' dir='ltr'><strong>redimuntur</strong></span> <span class='ocrx_word' id='word_1_263' title='bbox 1767 2046 1799 2084; x_wconf 91' lang='lat' dir='ltr'><strong>a</strong></span> <span class='ocrx_word' id='word_1_264' title='bbox 1830 2028 1938 2085; x_wconf 87' lang='lat' dir='ltr'><strong>Do-</strong></span> 
     </span>
    </p>
   </div>
   <div class='ocr_carea' id='block_1_35' title="bbox 345 2121 1943 2196">
    <p class='ocr_par' dir='ltr' id='par_1_35' title="bbox 345 2121 1943 2196">
     <span class='ocr_line' id='line_1_35' title="bbox 345 2121 1943 2196; baseline -0.001 -17"><span class='ocrx_word' id='word_1_265' title='bbox 345 2126 512 2189; x_wconf 88' lang='lat' dir='ltr'><strong>mino,</strong></span> <span class='ocrx_word' id='word_1_266' title='bbox 536 2139 663 2188; x_wconf 89' lang='lat' dir='ltr'><strong>quos</strong></span> <span class='ocrx_word' id='word_1_267' title='bbox 685 2123 901 2179; x_wconf 80' lang='lat' dir='ltr'><strong>redemit</strong></span> <span class='ocrx_word' id='word_1_268' title='bbox 923 2123 987 2178; x_wconf 87' lang='lat' dir='ltr'><strong>de</strong></span> <span class='ocrx_word' id='word_1_269' title='bbox 1012 2137 1171 2177; x_wconf 90' lang='lat' dir='ltr'><strong>manu</strong></span> <span class='ocrx_word' id='word_1_270' title='bbox 1212 2122 1542 2179; x_wconf 73' lang='lat' dir='ltr'><strong>inimicorum</strong></span> <span class='ocrx_word' id='word_1_271' title='bbox 1561 2165 1576 2191; x_wconf 96' lang='lat'><strong>,</strong></span> <span class='ocrx_word' id='word_1_272' title='bbox 1608 2132 1654 2178; x_wconf 89' lang='lat' dir='ltr'><strong>et</strong></span> <span class='ocrx_word' id='word_1_273' title='bbox 1677 2121 1742 2178; x_wconf 89' lang='lat' dir='ltr'><strong>de</strong></span> <span class='ocrx_word' id='word_1_274' title='bbox 1770 2122 1943 2196; x_wconf 86' lang='lat' dir='ltr'><strong>regio-</strong></span> 
     </span>
    </p>
   </div>
   <div class='ocr_carea' id='block_1_36' title="bbox 346 2214 1939 2289">
    <p class='ocr_par' dir='ltr' id='par_1_36' title="bbox 346 2214 1939 2289">
     <span class='ocr_line' id='line_1_36' title="bbox 346 2214 1939 2289; baseline -0.001 -17"><span class='ocrx_word' id='word_1_275' title='bbox 346 2217 497 2272; x_wconf 81' lang='lat' dir='ltr'><strong>nibus</strong></span> <span class='ocrx_word' id='word_1_276' title='bbox 531 2216 558 2255; x_wconf 76' lang='grc' dir='ltr'><strong>ι’</strong></span> <span class='ocrx_word' id='word_1_277' title='bbox 600 2219 928 2289; x_wconf 84' lang='lat' dir='ltr'><strong>congregavit</strong></span> <span class='ocrx_word' id='word_1_278' title='bbox 965 2230 1052 2271; x_wconf 90' lang='lat' dir='ltr'><strong>eos</strong></span> <span class='ocrx_word' id='word_1_279' title='bbox 1099 2235 1131 2272; x_wconf 78' lang='grc' dir='ltr'><em>α</em></span> <span class='ocrx_word' id='word_1_280' title='bbox 1163 2217 1290 2272; x_wconf 88' lang='lat' dir='ltr'><strong>solis</strong></span> <span class='ocrx_word' id='word_1_281' title='bbox 1330 2214 1582 2282; x_wconf 45' lang='lat' dir='ltr'><strong>ortu,‘et</strong></span> <span class='ocrx_word' id='word_1_282' title='bbox 1610 2230 1827 2283; x_wconf 86' lang='lat' dir='ltr'><strong>occasu,</strong></span> <span class='ocrx_word' id='word_1_283' title='bbox 1875 2216 1939 2271; x_wconf 92' lang='lat' dir='ltr'><strong>ab</strong></span> 
     </span>
    </p>
   </div>
   <div class='ocr_carea' id='block_1_37' title="bbox 345 2307 1940 2380">
    <p class='ocr_par' dir='ltr' id='par_1_37' title="bbox 345 2307 1940 2380">
     <span class='ocr_line' id='line_1_37' title="bbox 345 2307 1940 2380; baseline 0 -17"><span class='ocrx_word' id='word_1_284' title='bbox 345 2307 589 2380; x_wconf 76' lang='lat' dir='ltr'><strong>aquilone</strong></span> <span class='ocrx_word' id='word_1_285' title='bbox 616 2312 664 2363; x_wconf 81' lang='lat' dir='ltr'><strong>et</strong></span> <span class='ocrx_word' id='word_1_286' title='bbox 699 2312 852 2373; x_wconf 89' lang='lat' dir='ltr'><strong>marl,</strong></span> <span class='ocrx_word' id='word_1_287' title='bbox 878 2313 1122 2379; x_wconf 83' lang='lat' dir='ltr'><strong>quoniam</strong></span> <span class='ocrx_word' id='word_1_288' title='bbox 1144 2310 1323 2375; x_wconf 82' lang='lat' dir='ltr'><strong>bonus,</strong></span> <span class='ocrx_word' id='word_1_289' title='bbox 1351 2312 1591 2377; x_wconf 86' lang='lat' dir='ltr'><strong>quoniam</strong></span> <span class='ocrx_word' id='word_1_290' title='bbox 1612 2314 1666 2364; x_wconf 85' lang='lat' dir='ltr'><strong>in</strong></span> <span class='ocrx_word' id='word_1_291' title='bbox 1688 2311 1940 2365; x_wconf 70' lang='lat' dir='ltr'><strong>sa’culum</strong></span> 
     </span>
    </p>
   </div>
   <div class='ocr_carea' id='block_1_38' title="bbox 345 2400 1942 2477">
    <p class='ocr_par' dir='ltr' id='par_1_38' title="bbox 345 2400 1942 2477">
     <span class='ocr_line' id='line_1_38' title="bbox 345 2400 1942 2477; baseline 0 -19"><span class='ocrx_word' id='word_1_292' title='bbox 345 2402 699 2459; x_wconf 79' lang='lat' dir='ltr'><strong>misericordia</strong></span> <span class='ocrx_word' id='word_1_293' title='bbox 725 2405 838 2473; x_wconf 80' lang='lat' dir='ltr'><strong>eius</strong></span> <span class='ocrx_word' id='word_1_294' title='bbox 866 2401 988 2477; x_wconf 89' lang='lat' dir='ltr'><strong>(Ps.</strong></span> <span class='ocrx_word' id='word_1_295' title='bbox 1009 2405 1143 2474; x_wconf 69' lang='grc' dir='ltr'>(ιιι).</span> <span class='ocrx_word' id='word_1_296' title='bbox 1178 2402 1310 2459; x_wconf 81' lang='lat' dir='ltr'><strong>Nam</strong></span> <span class='ocrx_word' id='word_1_297' title='bbox 1338 2403 1391 2458; x_wconf 90' lang='lat' dir='ltr'><strong>in</strong></span> <span class='ocrx_word' id='word_1_298' title='bbox 1416 2406 1558 2458; x_wconf 76' lang='lat' dir='ltr'><strong>exitu</strong></span> <span class='ocrx_word' id='word_1_299' title='bbox 1588 2400 1735 2459; x_wconf 88' lang='lat' dir='ltr'><strong>illius</strong></span> <span class='ocrx_word' id='word_1_300' title='bbox 1770 2400 1942 2458; x_wconf 76' lang='lat' dir='ltr'><strong>Israel</strong></span> 
     </span>
    </p>
   </div>
   <div class='ocr_carea' id='block_1_39' title="bbox 346 2490 1941 2571">
    <p class='ocr_par' dir='ltr' id='par_1_39' title="bbox 346 2490 1941 2571">
     <span class='ocr_line' id='line_1_39' title="bbox 346 2490 1941 2571; baseline -0.001 -19"><span class='ocrx_word' id='word_1_301' title='bbox 346 2499 411 2553; x_wconf 86' lang='lat' dir='ltr'><strong>de</strong></span> <span class='ocrx_word' id='word_1_302' title='bbox 438 2495 706 2571; x_wconf 79' lang='lat' dir='ltr'><strong>/Egypto,</strong></span> <span class='ocrx_word' id='word_1_303' title='bbox 739 2496 928 2551; x_wconf 87' lang='lat' dir='ltr'><strong>domus</strong></span> <span class='ocrx_word' id='word_1_304' title='bbox 955 2490 1121 2551; x_wconf 77' lang='lat' dir='ltr'><strong>Iacob</strong></span> <span class='ocrx_word' id='word_1_305' title='bbox 1153 2497 1217 2552; x_wconf 89' lang='lat' dir='ltr'><strong>de</strong></span> <span class='ocrx_word' id='word_1_306' title='bbox 1248 2490 1443 2568; x_wconf 83' lang='lat' dir='ltr'><strong>papula</strong></span> <span class='ocrx_word' id='word_1_307' title='bbox 1474 2496 1716 2564; x_wconf 86' lang='lat' dir='ltr'><strong>barbaro,</strong></span> <span class='ocrx_word' id='word_1_308' title='bbox 1750 2494 1941 2551; x_wconf 79' lang='lat' dir='ltr'><strong>ludam</strong></span> 
     </span>
    </p>
   </div>
   <div class='ocr_carea' id='block_1_40' title="bbox 346 2586 1945 2662">
    <p class='ocr_par' dir='ltr' id='par_1_40' title="bbox 346 2586 1945 2662">
     <span class='ocr_line' id='line_1_40' title="bbox 346 2586 1945 2662; baseline 0 -18"><span class='ocrx_word' id='word_1_309' title='bbox 346 2590 556 2644; x_wconf 82' lang='lat' dir='ltr'><strong>tantum</strong></span> <span class='ocrx_word' id='word_1_310' title='bbox 597 2588 739 2658; x_wconf 79' lang='lat' dir='ltr'><strong>facta</strong></span> <span class='ocrx_word' id='word_1_311' title='bbox 777 2599 855 2643; x_wconf 87' lang='lat' dir='ltr'><strong>est</strong></span> <span class='ocrx_word' id='word_1_312' title='bbox 886 2589 1229 2657; x_wconf 77' lang='lat' dir='ltr'><strong>sanctiﬁcatio</strong></span> <span class='ocrx_word' id='word_1_313' title='bbox 1257 2591 1375 2662; x_wconf 86' lang='lat' dir='ltr'><strong>ejus</strong></span> <span class='ocrx_word' id='word_1_314' title='bbox 1407 2586 1540 2659; x_wconf 87' lang='lat' dir='ltr'><strong>(Ps.</strong></span> <span class='ocrx_word' id='word_1_315' title='bbox 1566 2604 1696 2643; x_wconf 81' lang='lat' dir='ltr'><strong>exnt</strong></span> <span class='ocrx_word' id='word_1_316' title='bbox 1716 2588 1769 2660; x_wconf 87' lang='lat'><strong>);</strong></span> <span class='ocrx_word' id='word_1_317' title='bbox 1798 2603 1945 2644; x_wconf 90' lang='lat' dir='ltr'><strong>nunc</strong></span> 
     </span>
    </p>
   </div>
   <div class='ocr_carea' id='block_1_41' title="bbox 344 2679 1945 2753">
    <p class='ocr_par' dir='ltr' id='par_1_41' title="bbox 344 2679 1945 2753">
     <span class='ocr_line' id='line_1_41' title="bbox 344 2679 1945 2753; baseline -0.002 -16"><span class='ocrx_word' id='word_1_318' title='bbox 344 2690 524 2737; x_wconf 91' lang='lat' dir='ltr'><strong>autem</strong></span> <span class='ocrx_word' id='word_1_319' title='bbox 549 2679 697 2736; x_wconf 85' lang='lat' dir='ltr'><strong>Beati</strong></span> <span class='ocrx_word' id='word_1_320' title='bbox 720 2694 895 2736; x_wconf 85' lang='lat' dir='ltr'><strong>omnes</strong></span> <span class='ocrx_word' id='word_1_321' title='bbox 916 2683 1005 2753; x_wconf 83' lang='lat' dir='ltr'><strong>qui</strong></span> <span class='ocrx_word' id='word_1_322' title='bbox 1030 2682 1211 2735; x_wconf 84' lang='lat' dir='ltr'><strong>timent</strong></span> <span class='ocrx_word' id='word_1_323' title='bbox 1239 2679 1541 2747; x_wconf 88' lang='lat' dir='ltr'><strong>Dominum,</strong></span> <span class='ocrx_word' id='word_1_324' title='bbox 1567 2682 1654 2748; x_wconf 84' lang='lat' dir='ltr'><strong>qui</strong></span> <span class='ocrx_word' id='word_1_325' title='bbox 1677 2679 1945 2735; x_wconf 83' lang='lat' dir='ltr'><strong>ambulant</strong></span> 
     </span>
    </p>
   </div>
   <div class='ocr_carea' id='block_1_42' title="bbox 341 2770 1938 2849">
    <p class='ocr_par' dir='ltr' id='par_1_42' title="bbox 341 2770 1938 2849">
     <span class='ocr_line' id='line_1_42' title="bbox 341 2770 1938 2849; baseline -0.001 -19"><span class='ocrx_word' id='word_1_326' title='bbox 341 2776 396 2830; x_wconf 91' lang='lat' dir='ltr'><strong>in</strong></span> <span class='ocrx_word' id='word_1_327' title='bbox 434 2776 528 2831; x_wconf 77' lang='lat' dir='ltr'><strong>riis</strong></span> <span class='ocrx_word' id='word_1_328' title='bbox 567 2777 681 2849; x_wconf 84' lang='lat' dir='ltr'><strong>ejus</strong></span> <span class='ocrx_word' id='word_1_329' title='bbox 712 2773 833 2847; x_wconf 85' lang='lat' dir='ltr'><strong>(Ps.</strong></span> <span class='ocrx_word' id='word_1_330' title='bbox 866 2778 1091 2845; x_wconf 79' lang='lat' dir='ltr'><strong>cxxvu).</strong></span> <span class='ocrx_word' id='word_1_331' title='bbox 1129 2770 1278 2829; x_wconf 84' lang='lat' dir='ltr'><strong>Beati</strong></span> <span class='ocrx_word' id='word_1_332' title='bbox 1307 2786 1529 2846; x_wconf 79' lang='lat' dir='ltr'><strong>quorum</strong></span> <span class='ocrx_word' id='word_1_333' title='bbox 1559 2774 1785 2828; x_wconf 68' lang='lat' dir='ltr'><strong>remissae</strong></span> <span class='ocrx_word' id='word_1_334' title='bbox 1815 2784 1938 2828; x_wconf 85' lang='lat' dir='ltr'><strong>sunt</strong></span> 
     </span>
    </p>
   </div>
   <div class='ocr_carea' id='block_1_43' title="bbox 343 2864 1935 2939">
    <p class='ocr_par' dir='ltr' id='par_1_43' title="bbox 343 2864 1935 2939">
     <span class='ocr_line' id='line_1_43' title="bbox 343 2864 1935 2939; baseline -0.001 -18"><span class='ocrx_word' id='word_1_335' title='bbox 343 2868 675 2938; x_wconf 64' lang='lat' dir='ltr'><strong>iniquitates;</strong></span> <span class='ocrx_word' id='word_1_336' title='bbox 697 2874 743 2921; x_wconf 82' lang='lat' dir='ltr'><strong>et</strong></span> <span class='ocrx_word' id='word_1_337' title='bbox 777 2876 1000 2939; x_wconf 83' lang='lat' dir='ltr'><strong>quorum</strong></span> <span class='ocrx_word' id='word_1_338' title='bbox 1031 2875 1166 2922; x_wconf 83' lang='lat' dir='ltr'><strong>tecta</strong></span> <span class='ocrx_word' id='word_1_339' title='bbox 1195 2876 1317 2921; x_wconf 88' lang='lat' dir='ltr'><strong>sunt</strong></span> <span class='ocrx_word' id='word_1_340' title='bbox 1347 2876 1560 2937; x_wconf 86' lang='lat' dir='ltr'><strong>peccata</strong></span> <span class='ocrx_word' id='word_1_341' title='bbox 1591 2864 1712 2935; x_wconf 87' lang='lat' dir='ltr'><strong>(Ps.</strong></span> <span class='ocrx_word' id='word_1_342' title='bbox 1762 2870 1935 2936; x_wconf 77' lang='lat' dir='ltr'><strong>xxxi).</strong></span> 
     </span>
    </p>
   </div>
   <div class='ocr_carea' id='block_1_44' title="bbox 347 2958 1938 3027">
    <p class='ocr_par' dir='ltr' id='par_1_44' title="bbox 347 2958 1938 3027">
     <span class='ocr_line' id='line_1_44' title="bbox 347 2958 1938 3027; baseline -0.003 -12"><span class='ocrx_word' id='word_1_343' title='bbox 347 2960 469 3016; x_wconf 77' lang='lat' dir='ltr'><strong>Nd&#39;n</strong></span> <span class='ocrx_word' id='word_1_344' title='bbox 503 2962 639 3017; x_wconf 87' lang='lat' dir='ltr'><strong>enim</strong></span> <span class='ocrx_word' id='word_1_345' title='bbox 673 2970 749 3016; x_wconf 88' lang='lat' dir='ltr'><strong>est</strong></span> <span class='ocrx_word' id='word_1_346' title='bbox 778 2960 1047 3016; x_wconf 81' lang='lat' dir='ltr'><strong>distinctio</strong></span> <span class='ocrx_word' id='word_1_347' title='bbox 1075 2959 1273 3027; x_wconf 73' lang='lat' dir='ltr'><strong>Iudici,</strong></span> <span class='ocrx_word' id='word_1_348' title='bbox 1300 2969 1348 3015; x_wconf 88' lang='lat' dir='ltr'><strong>et</strong></span> <span class='ocrx_word' id='word_1_349' title='bbox 1377 2958 1586 3016; x_wconf 62' lang='lat' dir='ltr'><strong>Graeci:</strong></span> <span class='ocrx_word' id='word_1_350' title='bbox 1618 2958 1757 3013; x_wconf 87' lang='lat' dir='ltr'><strong>idem</strong></span> <span class='ocrx_word' id='word_1_351' title='bbox 1785 2974 1938 3012; x_wconf 87' lang='lat' dir='ltr'><strong>nam-</strong></span> 
     </span>
    </p>
   </div>
   <div class='ocr_carea' id='block_1_45' title="bbox 344 3053 1941 3129">
    <p class='ocr_par' dir='ltr' id='par_1_45' title="bbox 344 3053 1941 3129">
     <span class='ocr_line' id='line_1_45' title="bbox 344 3053 1941 3129; baseline -0.002 -18"><span class='ocrx_word' id='word_1_352' title='bbox 344 3070 441 3129; x_wconf 82' lang='lat' dir='ltr'><strong>que</strong></span> <span class='ocrx_word' id='word_1_353' title='bbox 488 3053 778 3124; x_wconf 83' lang='lat' dir='ltr'><strong>Dominus,</strong></span> <span class='ocrx_word' id='word_1_354' title='bbox 824 3056 966 3111; x_wconf 80' lang='lat' dir='ltr'><strong>dives</strong></span> <span class='ocrx_word' id='word_1_355' title='bbox 1014 3057 1070 3110; x_wconf 88' lang='lat' dir='ltr'><strong><em>in</em></strong></span> <span class='ocrx_word' id='word_1_356' title='bbox 1113 3065 1333 3110; x_wconf 65' lang='lat' dir='ltr'><strong>omnese</strong></span> <span class='ocrx_word' id='word_1_357' title='bbox 1368 3055 1455 3127; x_wconf 75' lang='lat' dir='ltr'><strong>qui</strong></span> <span class='ocrx_word' id='word_1_358' title='bbox 1501 3057 1745 3110; x_wconf 83' lang='lat' dir='ltr'><strong>invocant</strong></span> <span class='ocrx_word' id='word_1_359' title='bbox 1790 3054 1941 3109; x_wconf 88' lang='lat' dir='ltr'><strong>illum</strong></span> 
     </span>
    </p>
   </div>
   <div class='ocr_carea' id='block_1_46' title="bbox 350 3150 1942 3232">
    <p class='ocr_par' dir='ltr' id='par_1_46' title="bbox 350 3150 1942 3232">
     <span class='ocr_line' id='line_1_46' title="bbox 350 3150 1942 3232; baseline -0.002 -23"><span class='ocrx_word' id='word_1_360' title='bbox 350 3152 542 3232; x_wconf 82' lang='lat' dir='ltr'><strong>(Rom.</strong></span> <span class='ocrx_word' id='word_1_361' title='bbox 578 3168 629 3208; x_wconf 85' lang='lat' dir='ltr'><strong>x.</strong></span> <span class='ocrx_word' id='word_1_362' title='bbox 653 3152 695 3225; x_wconf 90' lang='lat'><strong>);</strong></span> <span class='ocrx_word' id='word_1_363' title='bbox 728 3153 876 3225; x_wconf 89' lang='lat' dir='ltr'><strong>quia,</strong></span> <span class='ocrx_word' id='word_1_364' title='bbox 913 3153 1054 3211; x_wconf 84' lang='lat' dir='ltr'><strong>sicut</strong></span> <span class='ocrx_word' id='word_1_365' title='bbox 1085 3157 1351 3227; x_wconf 89' lang='lat' dir='ltr'><strong>scriptum</strong></span> <span class='ocrx_word' id='word_1_366' title='bbox 1386 3163 1472 3211; x_wconf 86' lang='lat' dir='ltr'><strong>est</strong></span> <span class='ocrx_word' id='word_1_367' title='bbox 1509 3173 1520 3210; x_wconf 90' lang='lat'>:</span> <span class='ocrx_word' id='word_1_368' title='bbox 1558 3150 1781 3211; x_wconf 68' lang='lat' dir='ltr'><strong>Omnisd</strong></span> <span class='ocrx_word' id='word_1_369' title='bbox 1823 3150 1942 3226; x_wconf 79' lang='lat' dir='ltr'><strong>qui-</strong></span> 
     </span>
    </p>
   </div>
   <div class='ocr_carea' id='block_1_47' title="bbox 2049 1936 3649 2016">
    <p class='ocr_par' dir='ltr' id='par_1_47' title="bbox 2049 1936 3649 2016">
     <span class='ocr_line' id='line_1_47' title="bbox 2049 1936 3649 2016; baseline 0.004 -21"><span class='ocrx_word' id='word_1_370' title='bbox 2049 1939 2093 2011; x_wconf 84' lang='lat' dir='ltr'><strong>(l</strong></span> <span class='ocrx_word' id='word_1_371' title='bbox 2123 1936 2244 1997; x_wconf 85' lang='lat' dir='ltr'><strong>Cor.</strong></span> <span class='ocrx_word' id='word_1_372' title='bbox 2275 1938 2354 2012; x_wconf 86' lang='lat' dir='ltr'><strong>v).</strong></span> <span class='ocrx_word' id='word_1_373' title='bbox 2385 1940 2519 2010; x_wconf 75' lang='lat' dir='ltr'><strong>Qua:</strong></span> <span class='ocrx_word' id='word_1_374' title='bbox 2551 1952 2680 1997; x_wconf 88' lang='lat' dir='ltr'><strong>vero</strong></span> <span class='ocrx_word' id='word_1_375' title='bbox 2720 1941 2951 1999; x_wconf 81' lang='lat' dir='ltr'><strong>virtutes</strong></span> <span class='ocrx_word' id='word_1_376' title='bbox 2985 1940 3351 2014; x_wconf 58' lang='lat' dir='ltr'><strong>praeﬁgurata}</strong></span> <span class='ocrx_word' id='word_1_377' title='bbox 3381 1957 3508 2001; x_wconf 90' lang='lat' dir='ltr'><strong>sunt</strong></span> <span class='ocrx_word' id='word_1_378' title='bbox 3537 1940 3649 2016; x_wconf 81' lang='lat' dir='ltr'><strong>spi-</strong></span> 
     </span>
    </p>
   </div>
   <div class='ocr_carea' id='block_1_48' title="bbox 2047 2030 3649 2110">
    <p class='ocr_par' dir='ltr' id='par_1_48' title="bbox 2047 2030 3649 2110">
     <span class='ocr_line' id='line_1_48' title="bbox 2047 2030 3649 2110; baseline 0.006 -23"><span class='ocrx_word' id='word_1_379' title='bbox 2047 2033 2235 2089; x_wconf 89' lang='lat' dir='ltr'><strong>ritales</strong></span> <span class='ocrx_word' id='word_1_380' title='bbox 2265 2034 2321 2089; x_wconf 88' lang='lat' dir='ltr'><strong>in</strong></span> <span class='ocrx_word' id='word_1_381' title='bbox 2356 2032 2474 2105; x_wconf 83' lang='lat' dir='ltr'><strong>ipsa</strong></span> <span class='ocrx_word' id='word_1_382' title='bbox 2508 2030 2737 2090; x_wconf 87' lang='lat' dir='ltr'><strong>historia</strong></span> <span class='ocrx_word' id='word_1_383' title='bbox 2775 2034 2944 2091; x_wconf 74' lang='lat' dir='ltr'><strong>Exodi</strong></span> <span class='ocrx_word' id='word_1_384' title='bbox 2980 2033 3182 2108; x_wconf 77' lang='lat' dir='ltr'><strong>(Exod.</strong></span> <span class='ocrx_word' id='word_1_385' title='bbox 3217 2035 3337 2110; x_wconf 75' lang='grc' dir='ltr'>ιιι),</span> <span class='ocrx_word' id='word_1_386' title='bbox 3376 2037 3467 2094; x_wconf 85' lang='lat' dir='ltr'><strong>ubi</strong></span> <span class='ocrx_word' id='word_1_387' title='bbox 3496 2036 3523 2077; x_wconf 67' lang='grc' dir='ltr'>ιι</span> <span class='ocrx_word' id='word_1_388' title='bbox 3556 2055 3649 2097; x_wconf 88' lang='lat' dir='ltr'><strong>ce-</strong></span> 
     </span>
    </p>
   </div>
   <div class='ocr_carea' id='block_1_49' title="bbox 2047 2122 3648 2204">
    <p class='ocr_par' dir='ltr' id='par_1_49' title="bbox 2047 2122 3648 2204">
     <span class='ocr_line' id='line_1_49' title="bbox 2047 2122 3648 2204; baseline 0.004 -23"><span class='ocrx_word' id='word_1_389' title='bbox 2047 2122 2276 2181; x_wconf 85' lang='lat' dir='ltr'><strong>lebratio</strong></span> <span class='ocrx_word' id='word_1_390' title='bbox 2303 2127 2519 2197; x_wconf 67' lang='lat' dir='ltr'><strong>pascha:</strong></span> <span class='ocrx_word' id='word_1_391' title='bbox 2550 2134 2827 2194; x_wconf 84' lang='lat' dir='ltr'><strong>narratur,</strong></span> <span class='ocrx_word' id='word_1_392' title='bbox 2854 2130 2946 2199; x_wconf 85' lang='lat' dir='ltr'><strong>qui</strong></span> <span class='ocrx_word' id='word_1_393' title='bbox 2987 2129 3060 2184; x_wconf 91' lang='lat' dir='ltr'><strong>sit</strong></span> <span class='ocrx_word' id='word_1_394' title='bbox 3090 2128 3338 2185; x_wconf 89' lang='lat' dir='ltr'><strong>decimus</strong></span> <span class='ocrx_word' id='word_1_395' title='bbox 3366 2129 3483 2187; x_wconf 90' lang='lat' dir='ltr'><strong>dies</strong></span> <span class='ocrx_word' id='word_1_396' title='bbox 3510 2172 3526 2199; x_wconf 89' lang='lat'><strong>,</strong></span> <span class='ocrx_word' id='word_1_397' title='bbox 3556 2134 3648 2204; x_wconf 86' lang='lat' dir='ltr'><strong>qui</strong></span> 
     </span>
    </p>
   </div>
   <div class='ocr_carea' id='block_1_50' title="bbox 2044 2218 3648 2295">
    <p class='ocr_par' dir='ltr' id='par_1_50' title="bbox 2044 2218 3648 2295">
     <span class='ocr_line' id='line_1_50' title="bbox 2044 2218 3648 2295; baseline 0.004 -21"><span class='ocrx_word' id='word_1_398' title='bbox 2044 2228 2271 2290; x_wconf 85' lang='lat' dir='ltr'><strong>quartus</strong></span> <span class='ocrx_word' id='word_1_399' title='bbox 2297 2220 2570 2287; x_wconf 88' lang='lat' dir='ltr'><strong>decimus,</strong></span> <span class='ocrx_word' id='word_1_400' title='bbox 2608 2230 2732 2292; x_wconf 74' lang='lat' dir='ltr'><strong>qua:</strong></span> <span class='ocrx_word' id='word_1_401' title='bbox 2765 2218 3069 2278; x_wconf 86' lang='lat' dir='ltr'><strong>immolatio</strong></span> <span class='ocrx_word' id='word_1_402' title='bbox 3100 2224 3355 2295; x_wconf 77' lang='lat' dir='ltr'><strong>perfecti,</strong></span> <span class='ocrx_word' id='word_1_403' title='bbox 3395 2225 3648 2295; x_wconf 88' lang='lat' dir='ltr'><strong>masculi,</strong></span> 
     </span>
    </p>
   </div>
   <div class='ocr_carea' id='block_1_51' title="bbox 2046 2312 3649 2388">
    <p class='ocr_par' dir='ltr' id='par_1_51' title="bbox 2046 2312 3649 2388">
     <span class='ocr_line' id='line_1_51' title="bbox 2046 2312 3649 2388; baseline 0.006 -21"><span class='ocrx_word' id='word_1_404' title='bbox 2046 2315 2286 2369; x_wconf 87' lang='lat' dir='ltr'><strong>anniculi</strong></span> <span class='ocrx_word' id='word_1_405' title='bbox 2318 2315 2440 2384; x_wconf 84' lang='lat' dir='ltr'><strong>agni</strong></span> <span class='ocrx_word' id='word_1_406' title='bbox 2470 2312 2537 2369; x_wconf 86' lang='lat' dir='ltr'><strong>ad</strong></span> <span class='ocrx_word' id='word_1_407' title='bbox 2567 2322 2879 2385; x_wconf 83' lang='lat' dir='ltr'><strong>vesperam,</strong></span> <span class='ocrx_word' id='word_1_408' title='bbox 2909 2316 3001 2386; x_wconf 90' lang='lat' dir='ltr'><strong>qui</strong></span> <span class='ocrx_word' id='word_1_409' title='bbox 3034 2317 3255 2388; x_wconf 82' lang='lat' dir='ltr'><strong>sanguis</strong></span> <span class='ocrx_word' id='word_1_410' title='bbox 3289 2314 3563 2385; x_wconf 85' lang='lat' dir='ltr'><strong>liniendus</strong></span> <span class='ocrx_word' id='word_1_411' title='bbox 3596 2321 3649 2376; x_wconf 86' lang='lat' dir='ltr'><strong>in</strong></span> 
     </span>
    </p>
   </div>
   <div class='ocr_carea' id='block_1_52' title="bbox 2046 2404 3649 2481">
    <p class='ocr_par' dir='ltr' id='par_1_52' title="bbox 2046 2404 3649 2481">
     <span class='ocr_line' id='line_1_52' title="bbox 2046 2404 3649 2481; baseline 0.005 -22"><span class='ocrx_word' id='word_1_412' title='bbox 2046 2405 2314 2475; x_wconf 85' lang='lat' dir='ltr'><strong>postibus,</strong></span> <span class='ocrx_word' id='word_1_413' title='bbox 2376 2420 2497 2477; x_wconf 68' lang='lat' dir='ltr'><strong>qure</strong></span> <span class='ocrx_word' id='word_1_414' title='bbox 2550 2408 2871 2463; x_wconf 87' lang='lat' dir='ltr'><strong>convocatio</strong></span> <span class='ocrx_word' id='word_1_415' title='bbox 2919 2404 3267 2479; x_wconf 89' lang='lat' dir='ltr'><strong>vicinorum,</strong></span> <span class='ocrx_word' id='word_1_416' title='bbox 3314 2409 3488 2481; x_wconf 67' lang='lat' dir='ltr'><strong>qua:i</strong></span> <span class='ocrx_word' id='word_1_417' title='bbox 3535 2410 3649 2467; x_wconf 86' lang='lat' dir='ltr'><strong>cal-</strong></span> 
     </span>
    </p>
   </div>
   <div class='ocr_carea' id='block_1_53' title="bbox 2042 2496 3649 2575">
    <p class='ocr_par' dir='ltr' id='par_1_53' title="bbox 2042 2496 3649 2575">
     <span class='ocr_line' id='line_1_53' title="bbox 2042 2496 3649 2575; baseline 0.005 -24"><span class='ocrx_word' id='word_1_418' title='bbox 2042 2498 2346 2564; x_wconf 85' lang='lat' dir='ltr'><strong>ciamenta,</strong></span> <span class='ocrx_word' id='word_1_419' title='bbox 2405 2499 2493 2569; x_wconf 75' lang='lat' dir='ltr'><strong>qui</strong></span> <span class='ocrx_word' id='word_1_420' title='bbox 2557 2496 2776 2567; x_wconf 76' lang='lat' dir='ltr'><strong>baculi,</strong></span> <span class='ocrx_word' id='word_1_421' title='bbox 2822 2497 2967 2569; x_wconf 85' lang='lat' dir='ltr'><strong>quod</strong></span> <span class='ocrx_word' id='word_1_422' title='bbox 3025 2498 3387 2569; x_wconf 75' lang='lat' dir='ltr'><strong>fermentum,</strong></span> <span class='ocrx_word' id='word_1_423' title='bbox 3445 2503 3459 2552; x_wconf 83' lang='lat' dir='ltr'><strong>t</strong></span> <span class='ocrx_word' id='word_1_424' title='bbox 3527 2518 3649 2575; x_wconf 67' lang='lat' dir='ltr'><strong>quas</strong></span> 
     </span>
    </p>
   </div>
   <div class='ocr_carea' id='block_1_54' title="bbox 2043 2590 3647 2663">
    <p class='ocr_par' dir='ltr' id='par_1_54' title="bbox 2043 2590 3647 2663">
     <span class='ocr_line' id='line_1_54' title="bbox 2043 2590 3647 2663; baseline 0.004 -18"><span class='ocrx_word' id='word_1_425' title='bbox 2043 2604 2257 2663; x_wconf 85' lang='lat' dir='ltr'><strong>azyma,</strong></span> <span class='ocrx_word' id='word_1_426' title='bbox 2288 2602 2513 2645; x_wconf 86' lang='lat' dir='ltr'><strong>necesse</strong></span> <span class='ocrx_word' id='word_1_427' title='bbox 2540 2599 2625 2645; x_wconf 86' lang='lat' dir='ltr'><strong>est</strong></span> <span class='ocrx_word' id='word_1_428' title='bbox 2651 2596 2706 2646; x_wconf 87' lang='lat' dir='ltr'><strong>ut</strong></span> <span class='ocrx_word' id='word_1_429' title='bbox 2732 2590 3028 2663; x_wconf 83' lang='lat' dir='ltr'><strong>adjuva‘nte</strong></span> <span class='ocrx_word' id='word_1_430' title='bbox 3061 2592 3294 2649; x_wconf 87' lang='lat' dir='ltr'><strong>Domino</strong></span> <span class='ocrx_word' id='word_1_431' title='bbox 3324 2610 3351 2647; x_wconf 91' lang='lat' dir='ltr'><strong>a</strong></span> <span class='ocrx_word' id='word_1_432' title='bbox 3382 2592 3469 2650; x_wconf 89' lang='lat' dir='ltr'><strong>die</strong></span> <span class='ocrx_word' id='word_1_433' title='bbox 3495 2610 3647 2652; x_wconf 83' lang='lat' dir='ltr'><strong>cras-</strong></span> 
     </span>
    </p>
   </div>
   <div class='ocr_carea' id='block_1_55' title="bbox 2046 2682 3649 2755">
    <p class='ocr_par' dir='ltr' id='par_1_55' title="bbox 2046 2682 3649 2755">
     <span class='ocr_line' id='line_1_55' title="bbox 2046 2682 3649 2755; baseline 0.004 -16"><span class='ocrx_word' id='word_1_434' title='bbox 2046 2684 2156 2739; x_wconf 89' lang='lat' dir='ltr'><strong>tina</strong></span> <span class='ocrx_word' id='word_1_435' title='bbox 2187 2682 2515 2751; x_wconf 85' lang='lat' dir='ltr'><strong>incipiamus</strong></span> <span class='ocrx_word' id='word_1_436' title='bbox 2536 2698 2840 2755; x_wconf 83' lang='lat' dir='ltr'><strong>exponere.</strong></span> <span class='ocrx_word' id='word_1_437' title='bbox 2876 2684 3033 2741; x_wconf 83' lang='lat' dir='ltr'><strong>Modo</strong></span> <span class='ocrx_word' id='word_1_438' title='bbox 3067 2697 3251 2743; x_wconf 90' lang='lat' dir='ltr'><strong>autem</strong></span> <span class='ocrx_word' id='word_1_439' title='bbox 3283 2703 3345 2743; x_wconf 89' lang='lat' dir='ltr'><strong>ea</strong></span> <span class='ocrx_word' id='word_1_440' title='bbox 3369 2688 3547 2744; x_wconf 86' lang='lat' dir='ltr'><strong>solum</strong></span> <span class='ocrx_word' id='word_1_441' title='bbox 3580 2686 3649 2746; x_wconf 86' lang='lat' dir='ltr'><strong>de</strong></span> 
     </span>
    </p>
   </div>
   <div class='ocr_carea' id='block_1_56' title="bbox 2045 2776 3645 2849">
    <p class='ocr_par' dir='ltr' id='par_1_56' title="bbox 2045 2776 3645 2849">
     <span class='ocr_line' id='line_1_56' title="bbox 2045 2776 3645 2849; baseline 0.004 -17"><span class='ocrx_word' id='word_1_442' title='bbox 2045 2776 2162 2848; x_wconf 84' lang='lat' dir='ltr'><strong>ipsa</strong></span> <span class='ocrx_word' id='word_1_443' title='bbox 2194 2776 2431 2832; x_wconf 84' lang='lat' dir='ltr'><strong>lcetione</strong></span> <span class='ocrx_word' id='word_1_444' title='bbox 2461 2777 2735 2848; x_wconf 81' lang='lat' dir='ltr'><strong>carpenda</strong></span> <span class='ocrx_word' id='word_1_445' title='bbox 2769 2788 2916 2846; x_wconf 89' lang='lat' dir='ltr'><strong>sunt,</strong></span> <span class='ocrx_word' id='word_1_446' title='bbox 2948 2795 3070 2849; x_wconf 69' lang='lat' dir='ltr'><strong>qua:</strong></span> <span class='ocrx_word' id='word_1_447' title='bbox 3101 2780 3467 2849; x_wconf 67' lang='lat' dir='ltr'><strong>praesentibus</strong></span> <span class='ocrx_word' id='word_1_448' title='bbox 3496 2792 3645 2838; x_wconf 86' lang='lat' dir='ltr'><strong>eate-</strong></span> 
     </span>
    </p>
   </div>
   <div class='ocr_carea' id='block_1_57' title="bbox 2046 2867 3647 2940">
    <p class='ocr_par' dir='ltr' id='par_1_57' title="bbox 2046 2867 3647 2940">
     <span class='ocr_line' id='line_1_57' title="bbox 2046 2867 3647 2940; baseline 0.004 -17"><span class='ocrx_word' id='word_1_449' title='bbox 2046 2867 2338 2924; x_wconf 89' lang='lat' dir='ltr'><strong>chumeuis</strong></span> <span class='ocrx_word' id='word_1_450' title='bbox 2383 2867 2666 2938; x_wconf 83' lang='lat' dir='ltr'><strong>explanari</strong></span> <span class='ocrx_word' id='word_1_451' title='bbox 2718 2880 2824 2923; x_wconf 88' lang='lat' dir='ltr'><strong>non</strong></span> <span class='ocrx_word' id='word_1_452' title='bbox 2858 2880 3121 2940; x_wconf 90' lang='lat' dir='ltr'><strong>possunt,</strong></span> <span class='ocrx_word' id='word_1_453' title='bbox 3155 2879 3209 2926; x_wconf 87' lang='lat' dir='ltr'><strong>et</strong></span> <span class='ocrx_word' id='word_1_454' title='bbox 3240 2876 3421 2928; x_wconf 88' lang='lat' dir='ltr'><strong>tamen</strong></span> <span class='ocrx_word' id='word_1_455' title='bbox 3456 2888 3647 2929; x_wconf 86' lang='lat' dir='ltr'><strong>neces-</strong></span> 
     </span>
    </p>
   </div>
   <div class='ocr_carea' id='block_1_58' title="bbox 2047 2956 3644 3034">
    <p class='ocr_par' dir='ltr' id='par_1_58' title="bbox 2047 2956 3644 3034">
     <span class='ocr_line' id='line_1_58' title="bbox 2047 2956 3644 3034; baseline 0.003 -18"><span class='ocrx_word' id='word_1_456' title='bbox 2047 2962 2194 3016; x_wconf 83' lang='lat' dir='ltr'><strong>sario</strong></span> <span class='ocrx_word' id='word_1_457' title='bbox 2231 2969 2357 3015; x_wconf 90' lang='lat' dir='ltr'><strong>sunt</strong></span> <span class='ocrx_word' id='word_1_458' title='bbox 2382 2956 2676 3031; x_wconf 88' lang='lat' dir='ltr'><strong>aperienda</strong></span> <span class='ocrx_word' id='word_1_459' title='bbox 2707 2961 3019 3034; x_wconf 85' lang='lat' dir='ltr'><strong>neophytis.</strong></span> <span class='ocrx_word' id='word_1_460' title='bbox 3051 2958 3110 3017; x_wconf 87' lang='lat' dir='ltr'><strong>In</strong></span> <span class='ocrx_word' id='word_1_461' title='bbox 3143 2962 3334 3019; x_wconf 85' lang='lat' dir='ltr'><strong>umbra</strong></span> <span class='ocrx_word' id='word_1_462' title='bbox 3367 2963 3515 3020; x_wconf 90' lang='lat' dir='ltr'><strong>illius</strong></span> <span class='ocrx_word' id='word_1_463' title='bbox 3562 2965 3644 3020; x_wconf 84' lang='lat' dir='ltr'><strong>le-</strong></span> 
     </span>
    </p>
   </div>
   <div class='ocr_carea' id='block_1_59' title="bbox 2047 3053 3642 3129">
    <p class='ocr_par' dir='ltr' id='par_1_59' title="bbox 2047 3053 3642 3129">
     <span class='ocr_line' id='line_1_59' title="bbox 2047 3053 3642 3129; baseline 0.001 -18"><span class='ocrx_word' id='word_1_464' title='bbox 2047 3055 2185 3128; x_wconf 79' lang='lat' dir='ltr'><strong>galis</strong></span> <span class='ocrx_word' id='word_1_465' title='bbox 2214 3053 2431 3126; x_wconf 60' lang='lat' dir='ltr'><strong>pascha:</strong></span> <span class='ocrx_word' id='word_1_466' title='bbox 2460 3066 2571 3110; x_wconf 86' lang='lat' dir='ltr'><strong>non</strong></span> <span class='ocrx_word' id='word_1_467' title='bbox 2599 3064 2740 3111; x_wconf 89' lang='lat' dir='ltr'><strong>unus</strong></span> <span class='ocrx_word' id='word_1_468' title='bbox 2770 3070 2943 3127; x_wconf 81' lang='lat' dir='ltr'><strong>agnus</strong></span> <span class='ocrx_word' id='word_1_469' title='bbox 2973 3055 3364 3127; x_wconf 87' lang='lat' dir='ltr'><strong>occidebatur,</strong></span> <span class='ocrx_word' id='word_1_470' title='bbox 3392 3058 3488 3115; x_wconf 88' lang='lat' dir='ltr'><strong>sed</strong></span> <span class='ocrx_word' id='word_1_471' title='bbox 3521 3057 3642 3129; x_wconf 90' lang='lat' dir='ltr'><strong>plu-</strong></span> 
     </span>
    </p>
   </div>
   <div class='ocr_carea' id='block_1_60' title="bbox 2051 3144 3642 3222">
    <p class='ocr_par' dir='ltr' id='par_1_60' title="bbox 2051 3144 3642 3222">
     <span class='ocr_line' id='line_1_60' title="bbox 2051 3144 3642 3222; baseline 0.003 -18"><span class='ocrx_word' id='word_1_472' title='bbox 2051 3166 2177 3215; x_wconf 87' lang='lat' dir='ltr'><strong>res;</strong></span> <span class='ocrx_word' id='word_1_473' title='bbox 2208 3144 2237 3187; x_wconf 60' lang='grc' dir='ltr'><strong>ι</strong></span> <span class='ocrx_word' id='word_1_474' title='bbox 2266 3149 2469 3222; x_wconf 83' lang='lat' dir='ltr'><strong>singuli</strong></span> <span class='ocrx_word' id='word_1_475' title='bbox 2493 3151 2638 3206; x_wconf 87' lang='lat' dir='ltr'><strong>enim</strong></span> <span class='ocrx_word' id='word_1_476' title='bbox 2676 3147 3068 3207; x_wconf 79' lang='lat' dir='ltr'><strong>accidebantur</strong></span> <span class='ocrx_word' id='word_1_477' title='bbox 3110 3165 3211 3222; x_wconf 89' lang='lat' dir='ltr'><strong>per</strong></span> <span class='ocrx_word' id='word_1_478' title='bbox 3256 3148 3480 3221; x_wconf 90' lang='lat' dir='ltr'><strong>domos,</strong></span> <span class='ocrx_word' id='word_1_479' title='bbox 3518 3167 3642 3208; x_wconf 90' lang='lat' dir='ltr'><strong>nam</strong></span> 
     </span>
    </p>
   </div>
   <div class='ocr_carea' id='block_1_61' title="bbox 347 3346 3641 3431">
    <p class='ocr_par' dir='ltr' id='par_1_61' title="bbox 347 3346 3641 3431">
     <span class='ocr_line' id='line_1_61' title="bbox 347 3346 3641 3431; baseline 0.001 -21"><span class='ocrx_word' id='word_1_480' title='bbox 347 3366 493 3431; x_wconf 79' lang='lat' dir='ltr'><strong>turus</strong></span> <span class='ocrx_word' id='word_1_481' title='bbox 513 3373 566 3431; x_wconf 83' lang='lat' dir='ltr'><strong>es</strong></span> <span class='ocrx_word' id='word_1_482' title='bbox 591 3353 815 3411; x_wconf 87' lang='lat' dir='ltr'><strong>Domino</strong></span> <span class='ocrx_word' id='word_1_483' title='bbox 835 3346 1118 3431; x_wconf 68' lang='lat' dir='ltr'><strong>rationem.</strong></span> <span class='ocrx_word' id='word_1_484' title='bbox 1147 3354 1273 3412; x_wconf 58' lang='lat' dir='ltr'><strong>Haec</strong></span> <span class='ocrx_word' id='word_1_485' title='bbox 1302 3366 1420 3431; x_wconf 79' lang='lat' dir='ltr'><strong>erat</strong></span> <span class='ocrx_word' id='word_1_486' title='bbox 1441 3362 1622 3431; x_wconf 82' lang='lat' dir='ltr'><strong>autem</strong></span> <span class='ocrx_word' id='word_1_487' title='bbox 1646 3348 1930 3423; x_wconf 81' lang='lat' dir='ltr'><strong>disciplina</strong></span> <span class='ocrx_word' id='word_1_488' title='bbox 1957 3346 2005 3416; x_wconf 74' lang='grc' dir='ltr'>Ο</span> <span class='ocrx_word' id='word_1_489' title='bbox 2038 3367 2164 3431; x_wconf 77' lang='lat' dir='ltr'><strong>cere</strong></span> <span class='ocrx_word' id='word_1_490' title='bbox 2192 3350 2567 3431; x_wconf 76' lang='lat' dir='ltr'><strong>exhibuimus.</strong></span> <span class='ocrx_word' id='word_1_491' title='bbox 2604 3346 2661 3431; x_wconf 76' lang='lat' dir='ltr'><strong>l_n</strong></span> <span class='ocrx_word' id='word_1_492' title='bbox 2695 3348 2860 3409; x_wconf 86' lang='lat' dir='ltr'><strong>editis</strong></span> <span class='ocrx_word' id='word_1_493' title='bbox 2881 3355 3134 3431; x_wconf 75' lang='lat' dir='ltr'><strong>pessime</strong></span> <span class='ocrx_word' id='word_1_494' title='bbox 3168 3356 3459 3431; x_wconf 68' lang='lat' dir='ltr'><strong>legebatur</strong></span> <span class='ocrx_word' id='word_1_495' title='bbox 3483 3375 3641 3431; x_wconf 74' lang='lat' dir='ltr'><strong>quem</strong></span> 
     </span>
    </p>
   </div>
   <div class='ocr_carea' id='block_1_62' title="bbox 347 3426 1935 3498">
    <p class='ocr_par' dir='ltr' id='par_1_62' title="bbox 347 3426 1935 3498">
     <span class='ocr_line' id='line_1_62' title="bbox 347 3426 1935 3498; baseline -0.001 -15"><span class='ocrx_word' id='word_1_496' title='bbox 347 3428 569 3493; x_wconf 78' lang='lat' dir='ltr'><strong>Arcani,</strong></span> <span class='ocrx_word' id='word_1_497' title='bbox 587 3443 690 3496; x_wconf 87' lang='lat' dir='ltr'><strong>qua</strong></span> <span class='ocrx_word' id='word_1_498' title='bbox 705 3427 966 3482; x_wconf 67' lang='lat' dir='ltr'><strong>aretehaut</strong></span> <span class='ocrx_word' id='word_1_499' title='bbox 986 3427 1178 3483; x_wconf 71' lang='lat' dir='ltr'><strong>Patres</strong></span> <span class='ocrx_word' id='word_1_500' title='bbox 1202 3426 1441 3481; x_wconf 87' lang='lat' dir='ltr'><strong>nondum</strong></span> <span class='ocrx_word' id='word_1_501' title='bbox 1471 3427 1713 3482; x_wconf 87' lang='lat' dir='ltr'><strong>initiatos</strong></span> <span class='ocrx_word' id='word_1_502' title='bbox 1731 3444 1760 3481; x_wconf 89' lang='lat' dir='ltr'><strong>a</strong></span> <span class='ocrx_word' id='word_1_503' title='bbox 1788 3442 1935 3498; x_wconf 87' lang='lat' dir='ltr'><strong>mys-</strong></span> 
     </span>
    </p>
   </div>
   <div class='ocr_carea' id='block_1_63' title="bbox 350 3499 1934 3568">
    <p class='ocr_par' dir='ltr' id='par_1_63' title="bbox 350 3499 1934 3568">
     <span class='ocr_line' id='line_1_63' title="bbox 350 3499 1934 3568; baseline -0.004 -13"><span class='ocrx_word' id='word_1_504' title='bbox 350 3501 611 3555; x_wconf 88' lang='lat' dir='ltr'><strong>teriorum</strong></span> <span class='ocrx_word' id='word_1_505' title='bbox 640 3508 959 3568; x_wconf 87' lang='lat' dir='ltr'><strong>conspectu,</strong></span> <span class='ocrx_word' id='word_1_506' title='bbox 984 3505 1041 3552; x_wconf 90' lang='lat' dir='ltr'><strong>ut</strong></span> <span class='ocrx_word' id='word_1_507' title='bbox 1070 3504 1350 3568; x_wconf 84' lang='lat' dir='ltr'><strong>&#39;sacmrum</strong></span> <span class='ocrx_word' id='word_1_508' title='bbox 1386 3509 1697 3552; x_wconf 84' lang='lat' dir='ltr'><strong>nostrorum</strong></span> <span class='ocrx_word' id='word_1_509' title='bbox 1728 3499 1934 3568; x_wconf 80' lang='lat' dir='ltr'><strong>majore</strong></span> 
     </span>
    </p>
   </div>
   <div class='ocr_carea' id='block_1_64' title="bbox 347 3564 1934 3626">
    <p class='ocr_par' dir='ltr' id='par_1_64' title="bbox 347 3564 1934 3626">
     <span class='ocr_line' id='line_1_64' title="bbox 347 3564 1934 3626; baseline -0.002 0"><span class='ocrx_word' id='word_1_510' title='bbox 347 3568 630 3626; x_wconf 52' lang='lat' dir='ltr'><strong>desiderio</strong></span> <span class='ocrx_word' id='word_1_511' title='bbox 678 3564 1126 3625; x_wconf 76' lang='lat' dir='ltr'><strong>accenderentur.</strong></span> <span class='ocrx_word' id='word_1_512' title='bbox 1185 3564 1317 3624; x_wconf 79' lang='lat' dir='ltr'><strong>Vide</strong></span> <span class='ocrx_word' id='word_1_513' title='bbox 1367 3568 1586 3623; x_wconf 82' lang='lat' dir='ltr'><strong>Ferrar.</strong></span> <span class='ocrx_word' id='word_1_514' title='bbox 1643 3569 1733 3623; x_wconf 89' lang='lat' dir='ltr'><strong>lih.</strong></span> <span class='ocrx_word' id='word_1_515' title='bbox 1778 3564 1827 3622; x_wconf 69' lang='grc' dir='ltr'><strong>η’</strong></span> <span class='ocrx_word' id='word_1_516' title='bbox 1864 3564 1934 3623; x_wconf 87' lang='lat' dir='ltr'><strong>de</strong></span> 
     </span>
    </p>
   </div>
   <div class='ocr_carea' id='block_1_65' title="bbox 348 3632 1934 3708">
    <p class='ocr_par' dir='ltr' id='par_1_65' title="bbox 348 3632 1934 3708">
     <span class='ocr_line' id='line_1_65' title="bbox 348 3632 1934 3708; baseline -0.003 -11"><span class='ocrx_word' id='word_1_517' title='bbox 348 3641 461 3697; x_wconf 80' lang='lat' dir='ltr'><strong>Rit.</strong></span> <span class='ocrx_word' id='word_1_518' title='bbox 508 3656 651 3696; x_wconf 88' lang='lat' dir='ltr'><strong>sacr.</strong></span> <span class='ocrx_word' id='word_1_519' title='bbox 703 3641 854 3697; x_wconf 84' lang='lat' dir='ltr'><strong>Eccl.</strong></span> <span class='ocrx_word' id='word_1_520' title='bbox 908 3641 1076 3696; x_wconf 80' lang='lat' dir='ltr'><strong>Cone.</strong></span> <span class='ocrx_word' id='word_1_521' title='bbox 1111 3655 1160 3695; x_wconf 89' lang='lat' dir='ltr'><strong>c.</strong></span> <span class='ocrx_word' id='word_1_522' title='bbox 1194 3640 1289 3708; x_wconf 76' lang='lat'><strong>18;</strong></span> <span class='ocrx_word' id='word_1_523' title='bbox 1322 3634 1468 3695; x_wconf 76' lang='lat' dir='ltr'><strong>Bona</strong></span> <span class='ocrx_word' id='word_1_524' title='bbox 1503 3632 1597 3693; x_wconf 86' lang='lat' dir='ltr'><strong>lib.</strong></span> <span class='ocrx_word' id='word_1_525' title='bbox 1628 3656 1645 3695; x_wconf 82' lang='lat'><strong>1</strong></span> <span class='ocrx_word' id='word_1_526' title='bbox 1675 3634 1809 3693; x_wconf 83' lang='lat' dir='ltr'><strong>Rcr.</strong></span> <span class='ocrx_word' id='word_1_527' title='bbox 1843 3634 1934 3693; x_wconf 84' lang='lat' dir='ltr'><strong>Li—</strong></span> 
     </span>
    </p>
   </div>
   <div class='ocr_carea' id='block_1_66' title="bbox 350 3708 1936 3782">
    <p class='ocr_par' dir='ltr' id='par_1_66' title="bbox 350 3708 1936 3782">
     <span class='ocr_line' id='line_1_66' title="bbox 350 3708 1936 3782; baseline -0.004 -12"><span class='ocrx_word' id='word_1_528' title='bbox 350 3723 496 3782; x_wconf 70' lang='lat' dir='ltr'><strong>turg.</strong></span> <span class='ocrx_word' id='word_1_529' title='bbox 547 3728 669 3781; x_wconf 86' lang='lat' dir='ltr'><strong>cap.</strong></span> <span class='ocrx_word' id='word_1_530' title='bbox 717 3710 804 3766; x_wconf 83' lang='grc'><strong>16.</strong></span> <span class='ocrx_word' id='word_1_531' title='bbox 847 3712 902 3767; x_wconf 87' lang='lat' dir='ltr'><strong>In</strong></span> <span class='ocrx_word' id='word_1_532' title='bbox 935 3711 1037 3767; x_wconf 90' lang='lat' dir='ltr'><strong>hoc</strong></span> <span class='ocrx_word' id='word_1_533' title='bbox 1067 3720 1301 3767; x_wconf 90' lang='lat' dir='ltr'><strong>tractatu</strong></span> <span class='ocrx_word' id='word_1_534' title='bbox 1334 3708 1671 3768; x_wconf 68' lang='lat' dir='ltr'><strong>Gaudentius</strong></span> <span class='ocrx_word' id='word_1_535' title='bbox 1702 3710 1936 3782; x_wconf 77' lang='lat' dir='ltr'><strong>latenter</strong></span> 
     </span>
    </p>
   </div>
   <div class='ocr_carea' id='block_1_67' title="bbox 347 3780 1933 3856">
    <p class='ocr_par' dir='ltr' id='par_1_67' title="bbox 347 3780 1933 3856">
     <span class='ocr_line' id='line_1_67' title="bbox 347 3780 1933 3856; baseline -0.003 -16"><span class='ocrx_word' id='word_1_536' title='bbox 347 3780 459 3856; x_wconf 75' lang='lat' dir='ltr'><strong>agit</strong></span> <span class='ocrx_word' id='word_1_537' title='bbox 498 3784 569 3840; x_wconf 91' lang='lat' dir='ltr'><strong>de</strong></span> <span class='ocrx_word' id='word_1_538' title='bbox 601 3780 1146 3856; x_wconf 83' lang='lat' dir='ltr'><strong>Eucharistia,unde</strong></span> <span class='ocrx_word' id='word_1_539' title='bbox 1181 3785 1341 3853; x_wconf 89' lang='lat' dir='ltr'><strong>paulo</strong></span> <span class='ocrx_word' id='word_1_540' title='bbox 1370 3782 1599 3838; x_wconf 82' lang='lat' dir='ltr'><strong>inferius</strong></span> <span class='ocrx_word' id='word_1_541' title='bbox 1631 3784 1743 3836; x_wconf 89' lang='lat' dir='ltr'><strong>ait:</strong></span> <span class='ocrx_word' id='word_1_542' title='bbox 1772 3780 1933 3836; x_wconf 77' lang='lat' dir='ltr'><strong>Modo</strong></span> 
     </span>
    </p>
   </div>
   <div class='ocr_carea' id='block_1_68' title="bbox 348 3855 1937 3927">
    <p class='ocr_par' dir='ltr' id='par_1_68' title="bbox 348 3855 1937 3927">
     <span class='ocr_line' id='line_1_68' title="bbox 348 3855 1937 3927; baseline -0.004 -15"><span class='ocrx_word' id='word_1_543' title='bbox 348 3855 405 3912; x_wconf 76' lang='lat' dir='ltr'><strong>ea</strong></span> <span class='ocrx_word' id='word_1_544' title='bbox 442 3857 608 3911; x_wconf 87' lang='lat' dir='ltr'><strong>solum</strong></span> <span class='ocrx_word' id='word_1_545' title='bbox 640 3855 703 3927; x_wconf 82' lang='lat' dir='ltr'><strong>de</strong></span> <span class='ocrx_word' id='word_1_546' title='bbox 729 3856 842 3923; x_wconf 83' lang='lat' dir='ltr'><strong>ipsa</strong></span> <span class='ocrx_word' id='word_1_547' title='bbox 873 3855 1088 3910; x_wconf 74' lang='lat' dir='ltr'><strong>lectione</strong></span> <span class='ocrx_word' id='word_1_548' title='bbox 1116 3856 1375 3927; x_wconf 82' lang='lat' dir='ltr'><strong>carpenda</strong></span> <span class='ocrx_word' id='word_1_549' title='bbox 1404 3864 1545 3919; x_wconf 88' lang='lat' dir='ltr'><strong>sunt,</strong></span> <span class='ocrx_word' id='word_1_550' title='bbox 1569 3868 1684 3927; x_wconf 77' lang='lat' dir='ltr'><strong>qua:</strong></span> <span class='ocrx_word' id='word_1_551' title='bbox 1710 3869 1937 3926; x_wconf 77' lang='lat' dir='ltr'><strong>prtesen-</strong></span> 
     </span>
    </p>
   </div>
   <div class='ocr_carea' id='block_1_69' title="bbox 348 3924 1936 3994">
    <p class='ocr_par' dir='ltr' id='par_1_69' title="bbox 348 3924 1936 3994">
     <span class='ocr_line' id='line_1_69' title="bbox 348 3924 1936 3994; baseline -0.003 -12"><span class='ocrx_word' id='word_1_552' title='bbox 348 3928 485 3983; x_wconf 87' lang='lat' dir='ltr'><strong>tibus</strong></span> <span class='ocrx_word' id='word_1_553' title='bbox 526 3924 909 3981; x_wconf 86' lang='lat' dir='ltr'><strong>catechumenis</strong></span> <span class='ocrx_word' id='word_1_554' title='bbox 939 3924 1215 3994; x_wconf 74' lang='lat' dir='ltr'><strong>explanari</strong></span> <span class='ocrx_word' id='word_1_555' title='bbox 1237 3943 1341 3979; x_wconf 89' lang='lat' dir='ltr'><strong>non</strong></span> <span class='ocrx_word' id='word_1_556' title='bbox 1384 3924 1627 3992; x_wconf 78' lang='lat' dir='ltr'><strong>possunt,</strong></span> <span class='ocrx_word' id='word_1_557' title='bbox 1675 3924 1723 3978; x_wconf 85' lang='lat' dir='ltr'><strong>et</strong></span> <span class='ocrx_word' id='word_1_558' title='bbox 1762 3940 1936 3978; x_wconf 80' lang='lat' dir='ltr'><strong>neces-</strong></span> 
     </span>
    </p>
   </div>
   <div class='ocr_carea' id='block_1_70' title="bbox 347 3994 1932 4070">
    <p class='ocr_par' dir='ltr' id='par_1_70' title="bbox 347 3994 1932 4070">
     <span class='ocr_line' id='line_1_70' title="bbox 347 3994 1932 4070; baseline -0.003 -17"><span class='ocrx_word' id='word_1_559' title='bbox 347 4000 486 4054; x_wconf 85' lang='lat' dir='ltr'><strong>sario</strong></span> <span class='ocrx_word' id='word_1_560' title='bbox 514 4009 684 4070; x_wconf 68' lang='lat' dir='ltr'><strong>tamen</strong></span> <span class='ocrx_word' id='word_1_561' title='bbox 709 4006 831 4070; x_wconf 71' lang='lat' dir='ltr'><strong>sunt</strong></span> <span class='ocrx_word' id='word_1_562' title='bbox 853 3997 1441 4070; x_wconf 77' lang='lat' dir='ltr'><strong>aperiendaneOphytis.</strong></span> <span class='ocrx_word' id='word_1_563' title='bbox 1468 3994 1621 4070; x_wconf 75' lang='lat' dir='ltr'><strong>iiunc</strong></span> <span class='ocrx_word' id='word_1_564' title='bbox 1640 3994 1932 4053; x_wconf 82' lang='lat' dir='ltr'><strong>Gaudentii</strong></span> 
     </span>
    </p>
   </div>
   <div class='ocr_carea' id='block_1_71' title="bbox 348 4065 1583 4138">
    <p class='ocr_par' dir='ltr' id='par_1_71' title="bbox 348 4065 1583 4138">
     <span class='ocr_line' id='line_1_71' title="bbox 348 4065 1583 4138; baseline -0.005 -13"><span class='ocrx_word' id='word_1_565' title='bbox 348 4069 529 4126; x_wconf 88' lang='lat' dir='ltr'><strong>locum</strong></span> <span class='ocrx_word' id='word_1_566' title='bbox 561 4067 744 4123; x_wconf 86' lang='lat' dir='ltr'><strong>laudat</strong></span> <span class='ocrx_word' id='word_1_567' title='bbox 776 4065 922 4123; x_wconf 80' lang='lat' dir='ltr'><strong>Bona</strong></span> <span class='ocrx_word' id='word_1_568' title='bbox 956 4068 1104 4123; x_wconf 81' lang='lat' dir='ltr'><strong>dicto</strong></span> <span class='ocrx_word' id='word_1_569' title='bbox 1132 4067 1224 4122; x_wconf 90' lang='lat' dir='ltr'><strong>lih.</strong></span> <span class='ocrx_word' id='word_1_570' title='bbox 1259 4085 1297 4138; x_wconf 82' lang='grc' dir='ltr'>ι,</span> <span class='ocrx_word' id='word_1_571' title='bbox 1328 4065 1453 4138; x_wconf 78' lang='lat' dir='ltr'><strong>cap.</strong></span> <span class='ocrx_word' id='word_1_572' title='bbox 1488 4065 1583 4123; x_wconf 86' lang='grc'><strong>16..</strong></span> 
     </span>
    </p>
   </div>
   <div class='ocr_carea' id='block_1_72' title="bbox 420 4136 1929 4207">
    <p class='ocr_par' dir='ltr' id='par_1_72' title="bbox 420 4136 1929 4207">
     <span class='ocr_line' id='line_1_72' title="bbox 420 4136 1929 4207; baseline -0.003 -11"><span class='ocrx_word' id='word_1_573' title='bbox 420 4151 445 4179; x_wconf 74' lang='grc'>⁸</span> <span class='ocrx_word' id='word_1_574' title='bbox 479 4140 759 4204; x_wconf 75' lang='lat' dir='ltr'><strong>Irenzeus,</strong></span> <span class='ocrx_word' id='word_1_575' title='bbox 813 4136 909 4195; x_wconf 90' lang='lat' dir='ltr'><strong>lib.</strong></span> <span class='ocrx_word' id='word_1_576' title='bbox 964 4156 1014 4194; x_wconf 79' lang='lat' dir='ltr'><strong>tv</strong></span> <span class='ocrx_word' id='word_1_577' title='bbox 1059 4136 1292 4194; x_wconf 68' lang='lat' dir='ltr'><strong>advers.</strong></span> <span class='ocrx_word' id='word_1_578' title='bbox 1337 4136 1467 4192; x_wconf 56' lang='lat' dir='ltr'><strong>hair.</strong></span> <span class='ocrx_word' id='word_1_579' title='bbox 1503 4153 1625 4207; x_wconf 85' lang='lat' dir='ltr'><strong>cap.</strong></span> <span class='ocrx_word' id='word_1_580' title='bbox 1662 4136 1751 4203; x_wconf 83' lang='grc'><strong>16,</strong></span> <span class='ocrx_word' id='word_1_581' title='bbox 1796 4136 1929 4193; x_wconf 90' lang='lat' dir='ltr'><strong>edit.</strong></span> 
     </span>
    </p>
   </div>
   <div class='ocr_carea' id='block_1_73' title="bbox 349 4206 1937 4280">
    <p class='ocr_par' dir='ltr' id='par_1_73' title="bbox 349 4206 1937 4280">
     <span class='ocr_line' id='line_1_73' title="bbox 349 4206 1937 4280; baseline -0.002 -13"><span class='ocrx_word' id='word_1_582' title='bbox 349 4210 728 4268; x_wconf 70' lang='lat' dir='ltr'><strong>Fctt-artlenlii</strong></span> <span class='ocrx_word' id='word_1_583' title='bbox 755 4210 1027 4265; x_wconf 81' lang='lat' dir='ltr'><strong>Parisien.</strong></span> <span class='ocrx_word' id='word_1_584' title='bbox 1065 4211 1242 4268; x_wconf 72' lang='lat'><strong>1576:</strong></span> <span class='ocrx_word' id='word_1_585' title='bbox 1277 4207 1387 4264; x_wconf 83' lang='lat' dir='ltr'><strong>Hoc</strong></span> <span class='ocrx_word' id='word_1_586' title='bbox 1427 4206 1598 4263; x_wconf 87' lang='lat' dir='ltr'><strong>autem</strong></span> <span class='ocrx_word' id='word_1_587' title='bbox 1635 4209 1752 4280; x_wconf 81' lang='lat' dir='ltr'><strong>fecit</strong></span> <span class='ocrx_word' id='word_1_588' title='bbox 1779 4206 1937 4265; x_wconf 85' lang='lat' dir='ltr'><strong>Jesus</strong></span> 
     </span>
    </p>
   </div>
   <div class='ocr_carea' id='block_1_74' title="bbox 347 4281 1936 4356">
    <p class='ocr_par' dir='ltr' id='par_1_74' title="bbox 347 4281 1936 4356">
     <span class='ocr_line' id='line_1_74' title="bbox 347 4281 1936 4356; baseline -0.003 -18"><span class='ocrx_word' id='word_1_589' title='bbox 347 4301 378 4356; x_wconf 83' lang='lat' dir='ltr'><strong>tt</strong></span> <span class='ocrx_word' id='word_1_590' title='bbox 408 4283 911 4356; x_wconf 82' lang='lat' dir='ltr'><strong>lapidunt_rcligione</strong></span> <span class='ocrx_word' id='word_1_591' title='bbox 933 4284 1207 4356; x_wconf 72' lang='lat' dir='ltr'><strong>extrahens</strong></span> <span class='ocrx_word' id='word_1_592' title='bbox 1239 4299 1352 4345; x_wconf 87' lang='lat' dir='ltr'><strong>nos,</strong></span> <span class='ocrx_word' id='word_1_593' title='bbox 1378 4290 1424 4333; x_wconf 75' lang='lat' dir='ltr'><strong>rt</strong></span> <span class='ocrx_word' id='word_1_594' title='bbox 1448 4299 1478 4334; x_wconf 90' lang='lat' dir='ltr'><strong>a</strong></span> <span class='ocrx_word' id='word_1_595' title='bbox 1505 4282 1693 4335; x_wconf 86' lang='lat' dir='ltr'><strong>nostris</strong></span> <span class='ocrx_word' id='word_1_596' title='bbox 1712 4281 1860 4356; x_wconf 76' lang='lat' dir='ltr'><strong>duris</strong></span> <span class='ocrx_word' id='word_1_597' title='bbox 1890 4292 1936 4334; x_wconf 88' lang='lat' dir='ltr'><strong>et</strong></span> 
     </span>
    </p>
   </div>
   <div class='ocr_carea' id='block_1_75' title="bbox 346 4351 1935 4423">
    <p class='ocr_par' dir='ltr' id='par_1_75' title="bbox 346 4351 1935 4423">
     <span class='ocr_line' id='line_1_75' title="bbox 346 4351 1935 4423; baseline -0.001 -15"><span class='ocrx_word' id='word_1_598' title='bbox 346 4354 687 4421; x_wconf 79' lang='lat' dir='ltr'><strong>iufructuosis</strong></span> <span class='ocrx_word' id='word_1_599' title='bbox 708 4351 1109 4421; x_wconf 72' lang='lat' dir='ltr'><strong>cogitationibus</strong></span> <span class='ocrx_word' id='word_1_600' title='bbox 1133 4356 1572 4423; x_wconf 28' lang='lat' dir='ltr'><strong>trtmsfcrcnslnos</strong></span> <span class='ocrx_word' id='word_1_601' title='bbox 1594 4394 1607 4417; x_wconf 95' lang='lat'><strong>,</strong></span> <span class='ocrx_word' id='word_1_602' title='bbox 1643 4361 1690 4404; x_wconf 86' lang='lat' dir='ltr'><strong>et</strong></span> <span class='ocrx_word' id='word_1_603' title='bbox 1715 4351 1935 4408; x_wconf 81' lang='lat' dir='ltr'><strong>similem</strong></span> 
     </span>
    </p>
   </div>
   <div class='ocr_carea' id='block_1_76' title="bbox 350 4423 1931 4493">
    <p class='ocr_par' dir='ltr' id='par_1_76' title="bbox 350 4423 1931 4493">
     <span class='ocr_line' id='line_1_76' title="bbox 350 4423 1931 4493; baseline -0.001 -14"><span class='ocrx_word' id='word_1_604' title='bbox 350 4426 571 4480; x_wconf 71' lang='lat' dir='ltr'><strong>Abrahae</strong></span> <span class='ocrx_word' id='word_1_605' title='bbox 618 4425 775 4493; x_wconf 87' lang='lat' dir='ltr'><strong>[idem</strong></span> <span class='ocrx_word' id='word_1_606' title='bbox 816 4425 869 4479; x_wconf 88' lang='lat' dir='ltr'><strong>in</strong></span> <span class='ocrx_word' id='word_1_607' title='bbox 899 4425 1042 4479; x_wconf 85' lang='lat' dir='ltr'><strong>nobis</strong></span> <span class='ocrx_word' id='word_1_608' title='bbox 1088 4426 1422 4479; x_wconf 78' lang='lat' dir='ltr'><strong>constituens.</strong></span> <span class='ocrx_word' id='word_1_609' title='bbox 1456 4424 1625 4492; x_wconf 85' lang='lat' dir='ltr'><strong>Quem</strong></span> <span class='ocrx_word' id='word_1_610' title='bbox 1669 4423 1720 4477; x_wconf 90' lang='lat' dir='ltr'><strong>in</strong></span> <span class='ocrx_word' id='word_1_611' title='bbox 1755 4423 1931 4477; x_wconf 87' lang='lat' dir='ltr'><strong>locum</strong></span> 
     </span>
    </p>
   </div>
   <div class='ocr_carea' id='block_1_77' title="bbox 348 4494 1937 4553">
    <p class='ocr_par' dir='ltr' id='par_1_77' title="bbox 348 4494 1937 4553">
     <span class='ocr_line' id='line_1_77' title="bbox 348 4494 1937 4553; baseline -0.003 -2"><span class='ocrx_word' id='word_1_612' title='bbox 348 4502 426 4553; x_wconf 83' lang='lat' dir='ltr'><strong>sic</strong></span> <span class='ocrx_word' id='word_1_613' title='bbox 446 4494 870 4552; x_wconf 69' lang='lat' dir='ltr'><strong>Fert-ardentius</strong></span> <span class='ocrx_word' id='word_1_614' title='bbox 898 4514 909 4549; x_wconf 94' lang='lat'>:</span> <span class='ocrx_word' id='word_1_615' title='bbox 937 4495 1131 4551; x_wconf 87' lang='lat' dir='ltr'><strong>Locum</strong></span> <span class='ocrx_word' id='word_1_616' title='bbox 1156 4498 1291 4549; x_wconf 85' lang='lat' dir='ltr'><strong>hunc</strong></span> <span class='ocrx_word' id='word_1_617' title='bbox 1314 4497 1488 4549; x_wconf 83' lang='lat' dir='ltr'><strong>eodem</strong></span> <span class='ocrx_word' id='word_1_618' title='bbox 1507 4512 1659 4550; x_wconf 84' lang='lat' dir='ltr'><strong>sensu</strong></span> <span class='ocrx_word' id='word_1_619' title='bbox 1682 4506 1730 4549; x_wconf 89' lang='lat' dir='ltr'><strong>et</strong></span> <span class='ocrx_word' id='word_1_620' title='bbox 1753 4496 1937 4549; x_wconf 83' lang='lat' dir='ltr'><strong>iisdem</strong></span> 
     </span>
    </p>
   </div>
   <div class='ocr_carea' id='block_1_78' title="bbox 347 4566 1935 4640">
    <p class='ocr_par' dir='ltr' id='par_1_78' title="bbox 347 4566 1935 4640">
     <span class='ocr_line' id='line_1_78' title="bbox 347 4566 1935 4640; baseline -0.001 -20"><span class='ocrx_word' id='word_1_621' title='bbox 347 4569 455 4640; x_wconf 80' lang='lat' dir='ltr'><strong>fere</strong></span> <span class='ocrx_word' id='word_1_622' title='bbox 472 4568 632 4622; x_wconf 85' lang='lat' dir='ltr'><strong>verbis</strong></span> <span class='ocrx_word' id='word_1_623' title='bbox 656 4568 1019 4640; x_wconf 80' lang='lat' dir='ltr'><strong>interpretatur</strong></span> <span class='ocrx_word' id='word_1_624' title='bbox 1048 4569 1282 4640; x_wconf 70' lang='lat' dir='ltr'><strong>Clemens</strong></span> <span class='ocrx_word' id='word_1_625' title='bbox 1310 4566 1729 4640; x_wconf 71' lang='lat' dir='ltr'><strong>Alexandrinus,</strong></span> <span class='ocrx_word' id='word_1_626' title='bbox 1764 4567 1935 4640; x_wconf 1' lang='lat' dir='ltr'><strong>(Deum</strong></span> 
     </span>
    </p>
   </div>
   <div class='ocr_carea' id='block_1_79' title="bbox 348 4638 1936 4709">
    <p class='ocr_par' dir='ltr' id='par_1_79' title="bbox 348 4638 1936 4709">
     <span class='ocr_line' id='line_1_79' title="bbox 348 4638 1936 4709; baseline -0.003 -15"><span class='ocrx_word' id='word_1_627' title='bbox 348 4656 411 4694; x_wconf 84' lang='lat' dir='ltr'><strong>ea:</strong></span> <span class='ocrx_word' id='word_1_628' title='bbox 439 4639 703 4708; x_wconf 77' lang='lat' dir='ltr'><strong>lapidibus</strong></span> <span class='ocrx_word' id='word_1_629' title='bbox 732 4638 869 4707; x_wconf 80' lang='lat' dir='ltr'><strong>ﬁlios</strong></span> <span class='ocrx_word' id='word_1_630' title='bbox 898 4638 1119 4694; x_wconf 67' lang='lat' dir='ltr'><strong>Abrahae</strong></span> <span class='ocrx_word' id='word_1_631' title='bbox 1139 4640 1431 4702; x_wconf 78' lang='lat' dir='ltr'><strong>suscitusse,</strong></span> <span class='ocrx_word' id='word_1_632' title='bbox 1465 4656 1581 4692; x_wconf 80' lang='lat' dir='ltr'><strong>cum</strong></span> <span class='ocrx_word' id='word_1_633' title='bbox 1600 4638 1856 4709; x_wconf 80' lang='lat' dir='ltr'><strong>justitiam</strong></span> <span class='ocrx_word' id='word_1_634' title='bbox 1887 4646 1936 4691; x_wconf 91' lang='lat' dir='ltr'><strong>et</strong></span> 
     </span>
    </p>
   </div>
   <div class='ocr_carea' id='block_1_80' title="bbox 347 4709 2016 4803">
    <p class='ocr_par' dir='ltr' id='par_1_80' title="bbox 347 4709 2016 4803">
     <span class='ocr_line' id='line_1_80' title="bbox 347 4709 2016 4803; baseline -0.002 -39"><span class='ocrx_word' id='word_1_635' title='bbox 347 4712 518 4803; x_wconf 52' lang='lat' dir='ltr'><strong>coeris</strong></span> <span class='ocrx_word' id='word_1_636' title='bbox 546 4709 788 4793; x_wconf 72' lang='lat' dir='ltr'><strong>duritiem</strong></span> <span class='ocrx_word' id='word_1_637' title='bbox 811 4727 985 4764; x_wconf 89' lang='lat' dir='ltr'><strong>eorum</strong></span> <span class='ocrx_word' id='word_1_638' title='bbox 1007 4711 1097 4793; x_wconf 77' lang='lat' dir='ltr'><strong>qni</strong></span> <span class='ocrx_word' id='word_1_639' title='bbox 1121 4710 1387 4793; x_wconf 76' lang='lat' dir='ltr'><strong>lapidibus</strong></span> <span class='ocrx_word' id='word_1_640' title='bbox 1411 4711 1936 4803; x_wconf 59' lang='lat' dir='ltr'><strong>duriorcscvqserant</strong></span> <span class='ocrx_word' id='word_1_641' title='bbox 1967 4740 2016 4803; x_wconf 78' lang='lat' dir='ltr'>D</span> 
     </span>
    </p>
   </div>
   <div class='ocr_carea' id='block_1_81' title="bbox 347 4779 1931 4852">
    <p class='ocr_par' dir='ltr' id='par_1_81' title="bbox 347 4779 1931 4852">
     <span class='ocr_line' id='line_1_81' title="bbox 347 4779 1931 4852; baseline 0 -19"><span class='ocrx_word' id='word_1_642' title='bbox 347 4784 592 4838; x_wconf 85' lang='lat' dir='ltr'><strong>adversus</strong></span> <span class='ocrx_word' id='word_1_643' title='bbox 635 4782 928 4849; x_wconf 80' lang='lat' dir='ltr'><strong>veritatem,</strong></span> <span class='ocrx_word' id='word_1_644' title='bbox 956 4779 1194 4837; x_wconf 75' lang='lat' dir='ltr'><strong>excitavit</strong></span> <span class='ocrx_word' id='word_1_645' title='bbox 1224 4797 1393 4852; x_wconf 82' lang='lat' dir='ltr'><strong>semen</strong></span> <span class='ocrx_word' id='word_1_646' title='bbox 1422 4781 1626 4852; x_wconf 83' lang='lat' dir='ltr'><strong>pictatis</strong></span> <span class='ocrx_word' id='word_1_647' title='bbox 1653 4782 1707 4852; x_wconf 75' lang='lat' dir='ltr'><strong>in</strong></span> <span class='ocrx_word' id='word_1_648' title='bbox 1737 4779 1931 4845; x_wconf 79' lang='lat' dir='ltr'><strong>Deum,</strong></span> 
     </span>
    </p>
   </div>
   <div class='ocr_carea' id='block_1_82' title="bbox 346 4848 1934 4924">
    <p class='ocr_par' dir='ltr' id='par_1_82' title="bbox 346 4848 1934 4924">
     <span class='ocr_line' id='line_1_82' title="bbox 346 4848 1934 4924; baseline -0.003 -17"><span class='ocrx_word' id='word_1_649' title='bbox 346 4855 585 4908; x_wconf 86' lang='lat' dir='ltr'><strong>virtutem</strong></span> <span class='ocrx_word' id='word_1_650' title='bbox 629 4854 855 4907; x_wconf 83' lang='lat' dir='ltr'><strong>sentiens</strong></span> <span class='ocrx_word' id='word_1_651' title='bbox 900 4848 964 4907; x_wconf 75' lang='lat' dir='ltr'><strong>ea:</strong></span> <span class='ocrx_word' id='word_1_652' title='bbox 995 4853 1259 4924; x_wconf 79' lang='lat' dir='ltr'><strong>lapidibus</strong></span> <span class='ocrx_word' id='word_1_653' title='bbox 1286 4851 1391 4905; x_wconf 83' lang='lat' dir='ltr'><strong>illis</strong></span> <span class='ocrx_word' id='word_1_654' title='bbox 1410 4848 1635 4924; x_wconf 52' lang='lat' dir='ltr'><strong>{nempe</strong></span> <span class='ocrx_word' id='word_1_655' title='bbox 1662 4848 1934 4924; x_wconf 78' lang='lat' dir='ltr'><strong>Gentibus,</strong></span> 
     </span>
    </p>
   </div>
   <div class='ocr_carea' id='block_1_83' title="bbox 346 4918 1941 4995">
    <p class='ocr_par' dir='ltr' id='par_1_83' title="bbox 346 4918 1941 4995">
     <span class='ocr_line' id='line_1_83' title="bbox 346 4918 1941 4995; baseline -0.004 -15"><span class='ocrx_word' id='word_1_656' title='bbox 346 4941 461 4994; x_wconf 69' lang='lat' dir='ltr'><strong>qua:</strong></span> <span class='ocrx_word' id='word_1_657' title='bbox 499 4924 830 4979; x_wconf 85' lang='lat' dir='ltr'><strong>crediderunt</strong></span> <span class='ocrx_word' id='word_1_658' title='bbox 861 4918 1119 4995; x_wconf 65' lang='lat' dir='ltr'><strong>lapidibus</strong></span> <span class='ocrx_word' id='word_1_659' title='bbox 1149 4921 1339 4993; x_wconf 83' lang='lat' dir='ltr'><strong>(Orat.</strong></span> <span class='ocrx_word' id='word_1_660' title='bbox 1375 4922 1442 4975; x_wconf 87' lang='lat' dir='ltr'><strong>ad</strong></span> <span class='ocrx_word' id='word_1_661' title='bbox 1480 4918 1719 4995; x_wconf 48' lang='lat' dir='ltr'><strong>Gra&#39;cos;</strong></span> <span class='ocrx_word' id='word_1_662' title='bbox 1744 4918 1941 4995; x_wconf 78' lang='lat' dir='ltr'><strong>Eodem</strong></span> 
     </span>
    </p>
   </div>
   <div class='ocr_carea' id='block_1_84' title="bbox 352 4988 1936 5065">
    <p class='ocr_par' dir='ltr' id='par_1_84' title="bbox 352 4988 1936 5065">
     <span class='ocr_line' id='line_1_84' title="bbox 352 4988 1936 5065; baseline -0.001 -17"><span class='ocrx_word' id='word_1_663' title='bbox 352 4988 501 5062; x_wconf 78' lang='lat' dir='ltr'><strong>pacto</strong></span> <span class='ocrx_word' id='word_1_664' title='bbox 541 5007 589 5051; x_wconf 87' lang='lat' dir='ltr'><strong>et</strong></span> <span class='ocrx_word' id='word_1_665' title='bbox 632 4988 959 5050; x_wconf 78' lang='lat' dir='ltr'><strong>Gaudentius</strong></span> <span class='ocrx_word' id='word_1_666' title='bbox 983 4988 1493 5065; x_wconf 12' lang='lat' dir='ltr'><strong>Brixiauusptract.‘</strong></span> <span class='ocrx_word' id='word_1_667' title='bbox 1513 4990 1548 5047; x_wconf 63' lang='grc' dir='ltr'><strong>(ἰ</strong></span> <span class='ocrx_word' id='word_1_668' title='bbox 1581 4998 1631 5065; x_wconf 86' lang='lat' dir='ltr'><strong>in</strong></span> <span class='ocrx_word' id='word_1_669' title='bbox 1674 4988 1903 5065; x_wconf 79' lang='lat' dir='ltr'><strong>Evang.)</strong></span> <span class='ocrx_word' id='word_1_670' title='bbox 1924 5029 1936 5046; x_wconf 92' lang='lat'><strong>.</strong></span> 
     </span>
    </p>
   </div>
   <div class='ocr_carea' id='block_1_85' title="bbox 351 5058 1937 5191">
    <p class='ocr_par' dir='ltr' id='par_1_85' title="bbox 351 5058 1937 5191">
     <span class='ocr_line' id='line_1_85' title="bbox 351 5058 1937 5191; baseline -0.003 -70"><span class='ocrx_word' id='word_1_671' title='bbox 351 5058 499 5191; x_wconf 44' lang='lat' dir='ltr'><strong>alata</strong></span> <span class='ocrx_word' id='word_1_672' title='bbox 544 5068 699 5132; x_wconf 85' lang='lat' dir='ltr'><strong>citat,</strong></span> <span class='ocrx_word' id='word_1_673' title='bbox 750 5082 872 5121; x_wconf 90' lang='lat' dir='ltr'><strong>nam</strong></span> <span class='ocrx_word' id='word_1_674' title='bbox 924 5077 1009 5120; x_wconf 88' lang='lat' dir='ltr'><strong>est</strong></span> <span class='ocrx_word' id='word_1_675' title='bbox 1061 5068 1224 5120; x_wconf 87' lang='lat' dir='ltr'><strong>tract.</strong></span> <span class='ocrx_word' id='word_1_676' title='bbox 1281 5062 1315 5119; x_wconf 70' lang='lat'><strong>2</strong></span> <span class='ocrx_word' id='word_1_677' title='bbox 1361 5060 1430 5120; x_wconf 87' lang='lat' dir='ltr'><strong>de</strong></span> <span class='ocrx_word' id='word_1_678' title='bbox 1480 5058 1673 5120; x_wconf 82' lang='lat' dir='ltr'><strong>Pasch.</strong></span> <span class='ocrx_word' id='word_1_679' title='bbox 1716 5058 1846 5120; x_wconf 60' lang='lat' dir='ltr'><strong>sive</strong></span> <span class='ocrx_word' id='word_1_680' title='bbox 1884 5058 1937 5118; x_wconf 81' lang='lat' dir='ltr'><strong>in</strong></span> 
     </span>
     <span class='ocr_line' id='line_1_86' title="bbox 396 5152 617 5191; baseline 0 0"><span class='ocrx_word' id='word_1_681' title='bbox 396 5152 465 5191; x_wconf 91' lang='lat' dir='ltr'><strong>xo</strong></span> <span class='ocrx_word' id='word_1_682' title='bbox 506 5153 617 5191; x_wconf 92' lang='lat' dir='ltr'><strong>um.</strong></span> 
     </span>
    </p>
   </div>
   <div class='ocr_carea' id='block_1_86' title="bbox 350 5140 617 5193">
    <p class='ocr_par' dir='ltr' id='par_1_86' title="bbox 350 5140 617 5193">
     <span class='ocr_line' id='line_1_87' title="bbox 350 5140 617 5193; baseline -0.007 0"><span class='ocrx_word' id='word_1_683' title='bbox 350 5140 617 5193; x_wconf 71' lang='lat' dir='ltr'><strong>Exortum.</strong></span> 
     </span>
    </p>
   </div>
   <div class='ocr_carea' id='block_1_87' title="bbox 418 5200 1941 5279">
    <p class='ocr_par' dir='ltr' id='par_1_87' title="bbox 418 5200 1941 5279">
     <span class='ocr_line' id='line_1_88' title="bbox 418 5200 1941 5279; baseline -0.001 -15"><span class='ocrx_word' id='word_1_684' title='bbox 418 5204 449 5246; x_wconf 66' lang='grc' dir='ltr'>δ</span> <span class='ocrx_word' id='word_1_685' title='bbox 477 5207 536 5265; x_wconf 88' lang='lat' dir='ltr'><strong>In</strong></span> <span class='ocrx_word' id='word_1_686' title='bbox 569 5206 781 5262; x_wconf 86' lang='lat' dir='ltr'><strong>duobus</strong></span> <span class='ocrx_word' id='word_1_687' title='bbox 806 5200 957 5262; x_wconf 69' lang='lat' dir='ltr'><strong>Yatt.</strong></span> <span class='ocrx_word' id='word_1_688' title='bbox 988 5209 1068 5262; x_wconf 87' lang='lat' dir='ltr'><strong>sic</strong></span> <span class='ocrx_word' id='word_1_689' title='bbox 1094 5207 1323 5279; x_wconf 83' lang='lat' dir='ltr'><strong>legitur:</strong></span> <span class='ocrx_word' id='word_1_690' title='bbox 1347 5205 1517 5261; x_wconf 86' lang='lat' dir='ltr'><strong>Filios</strong></span> <span class='ocrx_word' id='word_1_691' title='bbox 1543 5206 1781 5279; x_wconf 70' lang='lat' dir='ltr'><strong>Abrahae,</strong></span> <span class='ocrx_word' id='word_1_692' title='bbox 1811 5223 1941 5273; x_wconf 83' lang='lat' dir='ltr'><strong>quos</strong></span> 
     </span>
    </p>
   </div>
   <div class='ocr_carea' id='block_1_88' title="bbox 350 5276 1942 5352">
    <p class='ocr_par' dir='ltr' id='par_1_88' title="bbox 350 5276 1942 5352">
     <span class='ocr_line' id='line_1_89' title="bbox 350 5276 1942 5352; baseline -0.002 -17"><span class='ocrx_word' id='word_1_693' title='bbox 350 5280 564 5335; x_wconf 88' lang='lat' dir='ltr'><strong>redemit</strong></span> <span class='ocrx_word' id='word_1_694' title='bbox 611 5280 872 5352; x_wconf 67' lang='lat' dir='ltr'><strong>demanu</strong></span> <span class='ocrx_word' id='word_1_695' title='bbox 918 5276 1277 5352; x_wconf 74' lang='lat' dir='ltr'><strong>inimicorum,</strong></span> <span class='ocrx_word' id='word_1_696' title='bbox 1309 5280 1372 5334; x_wconf 89' lang='lat' dir='ltr'><strong>de</strong></span> <span class='ocrx_word' id='word_1_697' title='bbox 1397 5276 1689 5352; x_wconf 81' lang='lat' dir='ltr'><strong>regionibus</strong></span> <span class='ocrx_word' id='word_1_698' title='bbox 1718 5294 1942 5352; x_wconf 71' lang='lat' dir='ltr'><strong>congre-</strong></span> 
     </span>
    </p>
   </div>
   <div class='ocr_carea' id='block_1_89' title="bbox 351 5346 1935 5429">
    <p class='ocr_par' dir='ltr' id='par_1_89' title="bbox 351 5346 1935 5429">
     <span class='ocr_line' id='line_1_90' title="bbox 351 5346 1935 5429; baseline -0.001 -24"><span class='ocrx_word' id='word_1_699' title='bbox 351 5354 486 5429; x_wconf 71' lang='lat' dir='ltr'><strong>gavit</strong></span> <span class='ocrx_word' id='word_1_700' title='bbox 515 5368 603 5429; x_wconf 80' lang='lat' dir='ltr'><strong>eos</strong></span> <span class='ocrx_word' id='word_1_701' title='bbox 629 5367 660 5403; x_wconf 92' lang='lat' dir='ltr'><strong>a</strong></span> <span class='ocrx_word' id='word_1_702' title='bbox 686 5350 972 5429; x_wconf 77' lang='lat' dir='ltr'><strong>solis_ortu.</strong></span> <span class='ocrx_word' id='word_1_703' title='bbox 998 5347 1210 5429; x_wconf 68' lang='lat' dir='ltr'><strong>Cmtet&#39;a</strong></span> <span class='ocrx_word' id='word_1_704' title='bbox 1241 5346 1593 5429; x_wconf 68' lang='lat' dir='ltr'><strong>otuissa&#39;suut</strong></span> <span class='ocrx_word' id='word_1_705' title='bbox 1625 5365 1653 5403; x_wconf 89' lang='lat' dir='ltr'><strong>a</strong></span> <span class='ocrx_word' id='word_1_706' title='bbox 1681 5346 1935 5429; x_wconf 58' lang='lat' dir='ltr'><strong>librario;</strong></span> 
     </span>
    </p>
   </div>
   <div class='ocr_carea' id='block_1_90' title="bbox 395 5421 1937 5490">
    <p class='ocr_par' dir='ltr' id='par_1_90' title="bbox 395 5421 1937 5490">
     <span class='ocr_line' id='line_1_91' title="bbox 395 5421 1937 5490; baseline 0 -15"><span class='ocrx_word' id='word_1_707' title='bbox 395 5428 443 5477; x_wconf 90' lang='lat' dir='ltr'><strong>ui</strong></span> <span class='ocrx_word' id='word_1_708' title='bbox 476 5424 696 5490; x_wconf 83' lang='lat' dir='ltr'><strong>quidem</strong></span> <span class='ocrx_word' id='word_1_709' title='bbox 727 5422 974 5477; x_wconf 79' lang='lat' dir='ltr'><strong>defeetus</strong></span> <span class='ocrx_word' id='word_1_710' title='bbox 1001 5424 1244 5476; x_wconf 84' lang='lat' dir='ltr'><strong>occurrit</strong></span> <span class='ocrx_word' id='word_1_711' title='bbox 1277 5425 1439 5490; x_wconf 76' lang='lat' dir='ltr'><strong>etiam</strong></span> <span class='ocrx_word' id='word_1_712' title='bbox 1478 5423 1527 5474; x_wconf 86' lang='lat' dir='ltr'><strong>iu</strong></span> <span class='ocrx_word' id='word_1_713' title='bbox 1565 5439 1695 5474; x_wconf 63' lang='grc' dir='ltr'>ιιιεε.</span> <span class='ocrx_word' id='word_1_714' title='bbox 1728 5421 1937 5477; x_wconf 80' lang='lat' dir='ltr'><strong>Oetavii</strong></span> 
     </span>
    </p>
   </div>
   <div class='ocr_carea' id='block_1_91' title="bbox 353 5438 1746 5565">
    <p class='ocr_par' dir='ltr' id='par_1_91' title="bbox 353 5438 1746 5565">
     <span class='ocr_line' id='line_1_92' title="bbox 395 5438 1746 5490; baseline 0 -15"><span class='ocrx_word' id='word_1_715' title='bbox 395 5440 443 5477; x_wconf 91' lang='lat' dir='ltr'><strong>ttl</strong></span> <span class='ocrx_word' id='word_1_716' title='bbox 476 5438 696 5490; x_wconf 73' lang='lat' dir='ltr'><strong>quidem</strong></span> <span class='ocrx_word' id='word_1_717' title='bbox 727 5438 974 5477; x_wconf 77' lang='lat' dir='ltr'><strong>detectus</strong></span> <span class='ocrx_word' id='word_1_718' title='bbox 1001 5438 1244 5476; x_wconf 79' lang='lat' dir='ltr'><strong>occurrit</strong></span> <span class='ocrx_word' id='word_1_719' title='bbox 1277 5438 1439 5476; x_wconf 77' lang='lat' dir='ltr'><strong>etiam</strong></span> <span class='ocrx_word' id='word_1_720' title='bbox 1478 5438 1527 5474; x_wconf 76' lang='lat' dir='ltr'><strong>tu</strong></span> <span class='ocrx_word' id='word_1_721' title='bbox 1565 5439 1695 5474; x_wconf 57' lang='lat' dir='ltr'><strong>mss.</strong></span> <span class='ocrx_word' id='word_1_722' title='bbox 1728 5438 1746 5475; x_wconf 78' lang='grc' dir='ltr'><strong>ι</strong></span> 
     </span>
     <span class='ocr_line' id='line_1_93' title="bbox 353 5438 1746 5565; baseline -0.002 -17"><span class='ocrx_word' id='word_1_723' title='bbox 353 5438 699 5565; x_wconf 58' lang='grc' dir='ltr'><strong>ἓνηιιῑθειιιιιί,</strong></span> <span class='ocrx_word' id='word_1_724' title='bbox 728 5510 833 5549; x_wconf 86' lang='lat' dir='ltr'><strong>non</strong></span> <span class='ocrx_word' id='word_1_725' title='bbox 864 5506 1034 5564; x_wconf 90' lang='lat' dir='ltr'><strong>parvo</strong></span> <span class='ocrx_word' id='word_1_726' title='bbox 1066 5492 1230 5561; x_wconf 88' lang='lat' dir='ltr'><strong>hujus</strong></span> <span class='ocrx_word' id='word_1_727' title='bbox 1258 5492 1363 5546; x_wconf 90' lang='lat' dir='ltr'><strong>loci</strong></span> <span class='ocrx_word' id='word_1_728' title='bbox 1397 5486 1746 5547; x_wconf 69' lang='lat' dir='ltr'><strong>detrimento.</strong></span> 
     </span>
    </p>
   </div>
   <div class='ocr_carea' id='block_1_92' title="bbox 432 5565 1149 5636">
    <p class='ocr_par' dir='ltr' id='par_1_92' title="bbox 432 5565 1149 5636">
     <span class='ocr_line' id='line_1_94' title="bbox 432 5565 1149 5636; baseline -0.003 -16"><span class='ocrx_word' id='word_1_729' title='bbox 432 5578 452 5636; x_wconf 59' lang='grc' dir='ltr'><strong>ς</strong></span> <span class='ocrx_word' id='word_1_730' title='bbox 486 5567 601 5636; x_wconf 85' lang='lat' dir='ltr'><strong>Duo</strong></span> <span class='ocrx_word' id='word_1_731' title='bbox 628 5565 798 5636; x_wconf 64' lang='lat' dir='ltr'><strong>Yatt.,</strong></span> <span class='ocrx_word' id='word_1_732' title='bbox 828 5567 915 5636; x_wconf 86' lang='lat' dir='ltr'><strong>qui</strong></span> <span class='ocrx_word' id='word_1_733' title='bbox 940 5573 1149 5619; x_wconf 83' lang='lat' dir='ltr'><strong>vocant.</strong></span> 
     </span>
    </p>
   </div>
   <div class='ocr_carea' id='block_1_93' title="bbox 429 5633 1937 5709">
    <p class='ocr_par' dir='ltr' id='par_1_93' title="bbox 429 5633 1937 5709">
     <span class='ocr_line' id='line_1_95' title="bbox 429 5633 1937 5709; baseline -0.001 -18"><span class='ocrx_word' id='word_1_734' title='bbox 429 5634 453 5672; x_wconf 70' lang='grc' dir='ltr'>ἀ</span> <span class='ocrx_word' id='word_1_735' title='bbox 486 5634 606 5691; x_wconf 80' lang='lat' dir='ltr'><strong>Duo</strong></span> <span class='ocrx_word' id='word_1_736' title='bbox 630 5633 807 5709; x_wconf 47' lang='lat' dir='ltr'><strong>vutg,</strong></span> <span class='ocrx_word' id='word_1_737' title='bbox 838 5633 1146 5709; x_wconf 72' lang='lat' dir='ltr'><strong>quicumque</strong></span> <span class='ocrx_word' id='word_1_738' title='bbox 1166 5635 1496 5709; x_wconf 77' lang='lat' dir='ltr'><strong>invocaverit,</strong></span> <span class='ocrx_word' id='word_1_739' title='bbox 1524 5645 1589 5709; x_wconf 79' lang='lat' dir='ltr'><strong>ut</strong></span> <span class='ocrx_word' id='word_1_740' title='bbox 1620 5636 1782 5689; x_wconf 84' lang='lat' dir='ltr'><strong>etiam</strong></span> <span class='ocrx_word' id='word_1_741' title='bbox 1814 5633 1937 5690; x_wconf 85' lang='lat' dir='ltr'><strong>cod.</strong></span> 
     </span>
    </p>
   </div>
   <div class='ocr_carea' id='block_1_94' title="bbox 359 5705 1600 5781">
    <p class='ocr_par' dir='ltr' id='par_1_94' title="bbox 359 5705 1600 5781">
     <span class='ocr_line' id='line_1_96' title="bbox 359 5705 1600 5781; baseline 0 -20"><span class='ocrx_word' id='word_1_742' title='bbox 359 5705 702 5781; x_wconf 74' lang='lat' dir='ltr'><strong>Pantagathi.</strong></span> <span class='ocrx_word' id='word_1_743' title='bbox 738 5705 909 5781; x_wconf 73' lang='lat' dir='ltr'><strong>Flor.,</strong></span> <span class='ocrx_word' id='word_1_744' title='bbox 940 5705 1246 5781; x_wconf 87' lang='lat' dir='ltr'><strong>quicumque</strong></span> <span class='ocrx_word' id='word_1_745' title='bbox 1272 5708 1600 5781; x_wconf 5' lang='lat' dir='ltr'><strong>inprocuverit.</strong></span> 
     </span>
    </p>
   </div>
   <div class='ocr_carea' id='block_1_95' title="bbox 438 5776 1946 5849">
    <p class='ocr_par' dir='ltr' id='par_1_95' title="bbox 438 5776 1946 5849">
     <span class='ocr_line' id='line_1_97' title="bbox 438 5776 1946 5849; baseline 0.003 -18"><span class='ocrx_word' id='word_1_746' title='bbox 438 5789 460 5816; x_wconf 76' lang='grc' dir='ltr'>ε</span> <span class='ocrx_word' id='word_1_747' title='bbox 498 5776 610 5849; x_wconf 77' lang='lat' dir='ltr'><strong>liae</strong></span> <span class='ocrx_word' id='word_1_748' title='bbox 642 5780 761 5831; x_wconf 76' lang='grc' dir='ltr'><strong>Ιοοο</strong></span> <span class='ocrx_word' id='word_1_749' title='bbox 792 5776 899 5835; x_wconf 85' lang='lat' dir='ltr'><strong>alta</strong></span> <span class='ocrx_word' id='word_1_750' title='bbox 924 5776 1038 5834; x_wconf 80' lang='lat' dir='ltr'><strong>erat</strong></span> <span class='ocrx_word' id='word_1_751' title='bbox 1072 5795 1200 5843; x_wconf 82' lang='lat' dir='ltr'><strong>nox,</strong></span> <span class='ocrx_word' id='word_1_752' title='bbox 1232 5778 1335 5832; x_wconf 87' lang='lat' dir='ltr'><strong>nisi</strong></span> <span class='ocrx_word' id='word_1_753' title='bbox 1367 5777 1538 5833; x_wconf 82' lang='lat' dir='ltr'><strong>facem</strong></span> <span class='ocrx_word' id='word_1_754' title='bbox 1573 5778 1946 5849; x_wconf 72' lang='lat' dir='ltr'><strong>przetulissettt</strong></span> 
     </span>
    </p>
   </div>
   <div class='ocr_carea' id='block_1_96' title="bbox 361 5848 1942 5923">
    <p class='ocr_par' dir='ltr' id='par_1_96' title="bbox 361 5848 1942 5923">
     <span class='ocr_line' id='line_1_98' title="bbox 361 5848 1942 5923; baseline -0.004 -14"><span class='ocrx_word' id='word_1_755' title='bbox 361 5849 470 5909; x_wconf 85' lang='lat' dir='ltr'><strong>duo</strong></span> <span class='ocrx_word' id='word_1_756' title='bbox 498 5848 647 5908; x_wconf 77' lang='lat' dir='ltr'><strong>Vatt.</strong></span> <span class='ocrx_word' id='word_1_757' title='bbox 675 5849 834 5905; x_wconf 82' lang='lat' dir='ltr'><strong>codd.</strong></span> <span class='ocrx_word' id='word_1_758' title='bbox 867 5860 1027 5923; x_wconf 90' lang='lat' dir='ltr'><strong>atque</strong></span> <span class='ocrx_word' id='word_1_759' title='bbox 1056 5849 1192 5908; x_wconf 87' lang='lat' dir='ltr'><strong>Urb.</strong></span> <span class='ocrx_word' id='word_1_760' title='bbox 1233 5864 1463 5923; x_wconf 90' lang='lat' dir='ltr'><strong>quorum</strong></span> <span class='ocrx_word' id='word_1_761' title='bbox 1504 5848 1794 5906; x_wconf 78' lang='lat' dir='ltr'><strong>IeCtioncm</strong></span> <span class='ocrx_word' id='word_1_762' title='bbox 1828 5849 1942 5903; x_wconf 70' lang='lat' dir='ltr'><strong>siu-</strong></span> 
     </span>
    </p>
   </div>
   <div class='ocr_carea' id='block_1_97' title="bbox 2038 3420 3642 3499">
    <p class='ocr_par' dir='ltr' id='par_1_97' title="bbox 2038 3420 3642 3499">
     <span class='ocr_line' id='line_1_99' title="bbox 2038 3420 3642 3499; baseline 0.006 -22"><span class='ocrx_word' id='word_1_763' title='bbox 2038 3424 2287 3499; x_wconf 80' lang='lat' dir='ltr'><strong>quisque,</strong></span> <span class='ocrx_word' id='word_1_764' title='bbox 2338 3436 2394 3478; x_wconf 90' lang='lat' dir='ltr'><strong>at</strong></span> <span class='ocrx_word' id='word_1_765' title='bbox 2436 3420 2563 3499; x_wconf 58' lang='lat' dir='ltr'><strong>cod3</strong></span> <span class='ocrx_word' id='word_1_766' title='bbox 2613 3420 2935 3499; x_wconf 75' lang='lat' dir='ltr'><strong>Pantagathi</strong></span> <span class='ocrx_word' id='word_1_767' title='bbox 2986 3442 3133 3481; x_wconf 87' lang='lat' dir='ltr'><strong>ovem</strong></span> <span class='ocrx_word' id='word_1_768' title='bbox 3181 3420 3430 3499; x_wconf 60' lang='lat' dir='ltr'><strong>quisque,</strong></span> <span class='ocrx_word' id='word_1_769' title='bbox 3476 3420 3642 3487; x_wconf 75' lang='lat' dir='ltr'><strong>sicuti</strong></span> 
     </span>
    </p>
   </div>
   <div class='ocr_carea' id='block_1_98' title="bbox 2035 3495 3643 3571">
    <p class='ocr_par' dir='ltr' id='par_1_98' title="bbox 2035 3495 3643 3571">
     <span class='ocr_line' id='line_1_100' title="bbox 2035 3495 3643 3571; baseline 0.004 -20"><span class='ocrx_word' id='word_1_770' title='bbox 2035 3499 2200 3551; x_wconf 86' lang='lat' dir='ltr'><strong>etiam</strong></span> <span class='ocrx_word' id='word_1_771' title='bbox 2234 3496 2285 3571; x_wconf 81' lang='lat' dir='ltr'><strong>iu</strong></span> <span class='ocrx_word' id='word_1_772' title='bbox 2312 3496 2563 3571; x_wconf 86' lang='lat' dir='ltr'><strong>sequenti</strong></span> <span class='ocrx_word' id='word_1_773' title='bbox 2595 3495 2856 3562; x_wconf 85' lang='lat' dir='ltr'><strong>occidens,</strong></span> <span class='ocrx_word' id='word_1_774' title='bbox 2885 3504 2932 3550; x_wconf 90' lang='lat' dir='ltr'><strong>et</strong></span> <span class='ocrx_word' id='word_1_775' title='bbox 2961 3495 3269 3571; x_wconf 74' lang='lat' dir='ltr'><strong>comedens;</strong></span> <span class='ocrx_word' id='word_1_776' title='bbox 3300 3495 3643 3571; x_wconf 59' lang='lat' dir='ltr'><strong>Quapropter</strong></span> 
     </span>
    </p>
   </div>
   <div class='ocr_carea' id='block_1_99' title="bbox 2037 3564 3641 3643">
    <p class='ocr_par' dir='ltr' id='par_1_99' title="bbox 2037 3564 3641 3643">
     <span class='ocr_line' id='line_1_101' title="bbox 2037 3564 3641 3643; baseline 0.006 -24"><span class='ocrx_word' id='word_1_777' title='bbox 2037 3575 2185 3643; x_wconf 59' lang='lat' dir='ltr'><strong>[ecta</strong></span> <span class='ocrx_word' id='word_1_778' title='bbox 2217 3564 2401 3643; x_wconf 83' lang='lat' dir='ltr'><strong>lectio</strong></span> <span class='ocrx_word' id='word_1_779' title='bbox 2435 3578 2560 3643; x_wconf 61' lang='lat' dir='ltr'><strong>tam</strong></span> <span class='ocrx_word' id='word_1_780' title='bbox 2606 3581 2758 3636; x_wconf 65' lang='lat' dir='ltr'><strong>stepe</strong></span> <span class='ocrx_word' id='word_1_781' title='bbox 2804 3579 3049 3643; x_wconf 76' lang='lat' dir='ltr'><strong>asserta,</strong></span> <span class='ocrx_word' id='word_1_782' title='bbox 3082 3570 3153 3625; x_wconf 89' lang='lat' dir='ltr'><strong>de</strong></span> <span class='ocrx_word' id='word_1_783' title='bbox 3189 3564 3440 3628; x_wconf 77' lang='lat' dir='ltr'><strong>bonitate</strong></span> <span class='ocrx_word' id='word_1_784' title='bbox 3470 3564 3641 3643; x_wconf 77' lang='lat' dir='ltr'><strong>hujus</strong></span> 
     </span>
    </p>
   </div>
   <div class='ocr_carea' id='block_1_100' title="bbox 2035 3634 2999 3693">
    <p class='ocr_par' dir='ltr' id='par_1_100' title="bbox 2035 3634 2999 3693">
     <span class='ocr_line' id='line_1_102' title="bbox 2035 3634 2999 3693; baseline 0.001 -1"><span class='ocrx_word' id='word_1_785' title='bbox 2035 3634 2257 3692; x_wconf 88' lang='lat' dir='ltr'><strong>Codicis</strong></span> <span class='ocrx_word' id='word_1_786' title='bbox 2288 3652 2387 3691; x_wconf 89' lang='lat' dir='ltr'><strong>uos</strong></span> <span class='ocrx_word' id='word_1_787' title='bbox 2417 3635 2674 3692; x_wconf 85' lang='lat' dir='ltr'><strong>dubitare</strong></span> <span class='ocrx_word' id='word_1_788' title='bbox 2694 3634 2811 3691; x_wconf 73' lang='lat' dir='ltr'><strong>non</strong></span> <span class='ocrx_word' id='word_1_789' title='bbox 2845 3639 2999 3693; x_wconf 84' lang='lat' dir='ltr'><strong>sinit.</strong></span> 
     </span>
    </p>
   </div>
   <div class='ocr_carea' id='block_1_101' title="bbox 2114 3706 3641 3779">
    <p class='ocr_par' dir='ltr' id='par_1_101' title="bbox 2114 3706 3641 3779">
     <span class='ocr_line' id='line_1_103' title="bbox 2114 3706 3641 3779; baseline 0.005 -17"><span class='ocrx_word' id='word_1_790' title='bbox 2114 3707 2135 3779; x_wconf 15' lang='grc' dir='ltr'><strong>τί</strong></span> <span class='ocrx_word' id='word_1_791' title='bbox 2170 3706 2237 3763; x_wconf 89' lang='lat' dir='ltr'><strong>Ut</strong></span> <span class='ocrx_word' id='word_1_792' title='bbox 2272 3718 2417 3763; x_wconf 88' lang='lat' dir='ltr'><strong>totus</strong></span> <span class='ocrx_word' id='word_1_793' title='bbox 2448 3706 2535 3779; x_wconf 84' lang='lat' dir='ltr'><strong>hic</strong></span> <span class='ocrx_word' id='word_1_794' title='bbox 2567 3709 2717 3763; x_wconf 87' lang='lat' dir='ltr'><strong>locus</strong></span> <span class='ocrx_word' id='word_1_795' title='bbox 2748 3709 2978 3763; x_wconf 84' lang='lat' dir='ltr'><strong>vitiosus</strong></span> <span class='ocrx_word' id='word_1_796' title='bbox 3020 3720 3212 3779; x_wconf 88' lang='lat' dir='ltr'><strong>esset,</strong></span> <span class='ocrx_word' id='word_1_797' title='bbox 3247 3713 3301 3766; x_wconf 89' lang='lat' dir='ltr'><strong>in</strong></span> <span class='ocrx_word' id='word_1_798' title='bbox 3341 3713 3509 3769; x_wconf 82' lang='lat' dir='ltr'><strong>editis</strong></span> <span class='ocrx_word' id='word_1_799' title='bbox 3539 3729 3641 3770; x_wconf 84' lang='lat' dir='ltr'><strong>ex-</strong></span> 
     </span>
    </p>
   </div>
   <div class='ocr_carea' id='block_1_102' title="bbox 2037 3778 3639 3851">
    <p class='ocr_par' dir='ltr' id='par_1_102' title="bbox 2037 3778 3639 3851">
     <span class='ocr_line' id='line_1_104' title="bbox 2037 3778 3639 3851; baseline 0.003 -17"><span class='ocrx_word' id='word_1_800' title='bbox 2037 3778 2219 3835; x_wconf 86' lang='lat' dir='ltr'><strong>stabat</strong></span> <span class='ocrx_word' id='word_1_801' title='bbox 2265 3778 2588 3851; x_wconf 86' lang='lat' dir='ltr'><strong>occidebant,</strong></span> <span class='ocrx_word' id='word_1_802' title='bbox 2624 3789 2670 3833; x_wconf 89' lang='lat' dir='ltr'><strong>et</strong></span> <span class='ocrx_word' id='word_1_803' title='bbox 2702 3779 3059 3851; x_wconf 68' lang='lat' dir='ltr'><strong>comedebam.</strong></span> <span class='ocrx_word' id='word_1_804' title='bbox 3091 3778 3465 3851; x_wconf 79' lang='lat' dir='ltr'><strong>Reposuimus</strong></span> <span class='ocrx_word' id='word_1_805' title='bbox 3495 3786 3639 3840; x_wconf 89' lang='lat' dir='ltr'><strong>occi-</strong></span> 
     </span>
    </p>
   </div>
   <div class='ocr_carea' id='block_1_103' title="bbox 2036 3849 3633 3916">
    <p class='ocr_par' dir='ltr' id='par_1_103' title="bbox 2036 3849 3633 3916">
     <span class='ocr_line' id='line_1_105' title="bbox 2036 3849 3633 3916; baseline 0.003 -11"><span class='ocrx_word' id='word_1_806' title='bbox 2036 3853 2187 3915; x_wconf 86' lang='lat' dir='ltr'><strong>dens,</strong></span> <span class='ocrx_word' id='word_1_807' title='bbox 2220 3859 2266 3904; x_wconf 84' lang='lat' dir='ltr'><strong>et</strong></span> <span class='ocrx_word' id='word_1_808' title='bbox 2316 3850 2590 3905; x_wconf 81' lang='lat' dir='ltr'><strong>comedens</strong></span> <span class='ocrx_word' id='word_1_809' title='bbox 2627 3866 2693 3905; x_wconf 78' lang='lat' dir='ltr'><strong>ex</strong></span> <span class='ocrx_word' id='word_1_810' title='bbox 2744 3849 2928 3916; x_wconf 82' lang='lat' dir='ltr'><strong>Flor.,</strong></span> <span class='ocrx_word' id='word_1_811' title='bbox 2964 3851 3097 3907; x_wconf 90' lang='lat' dir='ltr'><strong>Urb.</strong></span> <span class='ocrx_word' id='word_1_812' title='bbox 3129 3849 3187 3908; x_wconf 83' lang='lat' dir='ltr'><strong>et</strong></span> <span class='ocrx_word' id='word_1_813' title='bbox 3216 3853 3358 3909; x_wconf 81' lang='lat' dir='ltr'><strong>Vatt.</strong></span> <span class='ocrx_word' id='word_1_814' title='bbox 3393 3855 3633 3910; x_wconf 82' lang='lat' dir='ltr'><strong>duobus.</strong></span> 
     </span>
    </p>
   </div>
   <div class='ocr_carea' id='block_1_104' title="bbox 2036 3922 3637 3993">
    <p class='ocr_par' dir='ltr' id='par_1_104' title="bbox 2036 3922 3637 3993">
     <span class='ocr_line' id='line_1_106' title="bbox 2036 3922 3637 3993; baseline 0.002 -15"><span class='ocrx_word' id='word_1_815' title='bbox 2036 3922 2225 3990; x_wconf 86' lang='lat' dir='ltr'><strong>Itaque</strong></span> <span class='ocrx_word' id='word_1_816' title='bbox 2298 3922 2571 3993; x_wconf 78' lang='lat' dir='ltr'><strong>integrum</strong></span> <span class='ocrx_word' id='word_1_817' title='bbox 2625 3922 2807 3976; x_wconf 87' lang='lat' dir='ltr'><strong>locum</strong></span> <span class='ocrx_word' id='word_1_818' title='bbox 2859 3923 3214 3980; x_wconf 86' lang='lat' dir='ltr'><strong>emendatum</strong></span> <span class='ocrx_word' id='word_1_819' title='bbox 3260 3924 3513 3981; x_wconf 88' lang='lat' dir='ltr'><strong>Urbinati</strong></span> <span class='ocrx_word' id='word_1_820' title='bbox 3581 3938 3637 3982; x_wconf 92' lang='lat' dir='ltr'><strong>et</strong></span> 
     </span>
    </p>
   </div>
   <div class='ocr_carea' id='block_1_105' title="bbox 2041 3992 2819 4049">
    <p class='ocr_par' dir='ltr' id='par_1_105' title="bbox 2041 3992 2819 4049">
     <span class='ocr_line' id='line_1_107' title="bbox 2041 3992 2819 4049; baseline -0.003 -1"><span class='ocrx_word' id='word_1_821' title='bbox 2041 3994 2188 4049; x_wconf 77' lang='lat' dir='ltr'><strong>Vatt.</strong></span> <span class='ocrx_word' id='word_1_822' title='bbox 2222 3992 2504 4048; x_wconf 58' lang='lat' dir='ltr'><strong>codicibus</strong></span> <span class='ocrx_word' id='word_1_823' title='bbox 2535 3993 2819 4048; x_wconf 89' lang='lat' dir='ltr'><strong>debemus.</strong></span> 
     </span>
    </p>
   </div>
   <div class='ocr_carea' id='block_1_106' title="bbox 2111 4060 3640 4134">
    <p class='ocr_par' dir='ltr' id='par_1_106' title="bbox 2111 4060 3640 4134">
     <span class='ocr_line' id='line_1_108' title="bbox 2111 4060 3640 4134; baseline 0.003 -14"><span class='ocrx_word' id='word_1_824' title='bbox 2111 4074 2136 4112; x_wconf 79' lang='lat'><strong><em>8</em></strong></span> <span class='ocrx_word' id='word_1_825' title='bbox 2165 4060 2308 4120; x_wconf 82' lang='lat' dir='ltr'><strong>Vult.</strong></span> <span class='ocrx_word' id='word_1_826' title='bbox 2341 4064 2471 4131; x_wconf 87' lang='lat' dir='ltr'><strong>duo,</strong></span> <span class='ocrx_word' id='word_1_827' title='bbox 2516 4063 2846 4131; x_wconf 83' lang='lat' dir='ltr'><strong>spiritaliter,</strong></span> <span class='ocrx_word' id='word_1_828' title='bbox 2895 4066 3057 4121; x_wconf 83' lang='lat' dir='ltr'><strong>sicuti</strong></span> <span class='ocrx_word' id='word_1_829' title='bbox 3108 4065 3249 4122; x_wconf 75' lang='lat' dir='ltr'><strong>infra</strong></span> <span class='ocrx_word' id='word_1_830' title='bbox 3292 4067 3548 4134; x_wconf 75' lang='lat' dir='ltr'><strong>spiritalis</strong></span> <span class='ocrx_word' id='word_1_831' title='bbox 3582 4078 3640 4126; x_wconf 88' lang='lat' dir='ltr'><strong>et</strong></span> 
     </span>
    </p>
   </div>
   <div class='ocr_carea' id='block_1_107' title="bbox 2036 4136 3638 4208">
    <p class='ocr_par' dir='ltr' id='par_1_107' title="bbox 2036 4136 3638 4208">
     <span class='ocr_line' id='line_1_109' title="bbox 2036 4136 3638 4208; baseline 0.004 -19"><span class='ocrx_word' id='word_1_832' title='bbox 2036 4137 2327 4208; x_wconf 80' lang='lat' dir='ltr'><strong>spiritales,</strong></span> <span class='ocrx_word' id='word_1_833' title='bbox 2374 4151 2499 4207; x_wconf 70' lang='lat' dir='ltr'><strong>qua:</strong></span> <span class='ocrx_word' id='word_1_834' title='bbox 2533 4136 2693 4191; x_wconf 77' lang='lat' dir='ltr'><strong>lectio</strong></span> <span class='ocrx_word' id='word_1_835' title='bbox 2714 4144 2804 4208; x_wconf 73' lang='lat' dir='ltr'><strong>est</strong></span> <span class='ocrx_word' id='word_1_836' title='bbox 2843 4138 3007 4192; x_wconf 87' lang='lat' dir='ltr'><strong>etiam</strong></span> <span class='ocrx_word' id='word_1_837' title='bbox 3051 4138 3185 4192; x_wconf 87' lang='lat' dir='ltr'><strong>alibi</strong></span> <span class='ocrx_word' id='word_1_838' title='bbox 3226 4138 3279 4193; x_wconf 86' lang='lat' dir='ltr'><strong>in</strong></span> <span class='ocrx_word' id='word_1_839' title='bbox 3322 4140 3467 4194; x_wconf 89' lang='lat' dir='ltr'><strong>libro</strong></span> <span class='ocrx_word' id='word_1_840' title='bbox 3498 4140 3638 4195; x_wconf 78' lang='lat' dir='ltr'><strong>Pan-</strong></span> 
     </span>
    </p>
   </div>
   <div class='ocr_carea' id='block_1_108' title="bbox 2041 4206 3635 4280">
    <p class='ocr_par' dir='ltr' id='par_1_108' title="bbox 2041 4206 3635 4280">
     <span class='ocr_line' id='line_1_110' title="bbox 2041 4206 3635 4280; baseline 0.002 -17"><span class='ocrx_word' id='word_1_841' title='bbox 2041 4206 2262 4277; x_wconf 82' lang='lat' dir='ltr'><strong>tagathi.</strong></span> <span class='ocrx_word' id='word_1_842' title='bbox 2296 4206 2459 4270; x_wconf 83' lang='lat' dir='ltr'><strong>Vide,</strong></span> <span class='ocrx_word' id='word_1_843' title='bbox 2492 4224 2675 4277; x_wconf 87' lang='lat' dir='ltr'><strong>supra,</strong></span> <span class='ocrx_word' id='word_1_844' title='bbox 2712 4206 2868 4280; x_wconf 61' lang='grc' dir='ltr'><strong>ΡαθΙὶ</strong></span> <span class='ocrx_word' id='word_1_845' title='bbox 2889 4209 2962 4264; x_wconf 86' lang='lat' dir='ltr'><strong>ad</strong></span> <span class='ocrx_word' id='word_1_846' title='bbox 2996 4209 3316 4264; x_wconf 83' lang='lat' dir='ltr'><strong>Benivolum</strong></span> <span class='ocrx_word' id='word_1_847' title='bbox 3349 4227 3469 4280; x_wconf 74' lang='lat' dir='ltr'><strong>pag.</strong></span> <span class='ocrx_word' id='word_1_848' title='bbox 3503 4212 3635 4277; x_wconf 65' lang='lat'><strong>227,</strong></span> 
     </span>
    </p>
   </div>
   <div class='ocr_carea' id='block_1_109' title="bbox 2039 4278 3634 4405">
    <p class='ocr_par' dir='ltr' id='par_1_109' title="bbox 2039 4278 3634 4405">
     <span class='ocr_line' id='line_1_111' title="bbox 2039 4278 3634 4405; baseline 0.004 -73"><span class='ocrx_word' id='word_1_849' title='bbox 2039 4290 2094 4405; x_wconf 57' lang='lat' dir='ltr'><strong>2t</strong></span> <span class='ocrx_word' id='word_1_850' title='bbox 2125 4292 2291 4333; x_wconf 89' lang='lat' dir='ltr'><strong>serm.</strong></span> <span class='ocrx_word' id='word_1_851' title='bbox 2328 4280 2389 4335; x_wconf 88' lang='grc'><strong>11</strong></span> <span class='ocrx_word' id='word_1_852' title='bbox 2423 4289 2700 4343; x_wconf 84' lang='lat' dir='ltr'><strong>extremo,</strong></span> <span class='ocrx_word' id='word_1_853' title='bbox 2732 4278 2800 4333; x_wconf 82' lang='lat' dir='ltr'><strong>ad</strong></span> <span class='ocrx_word' id='word_1_854' title='bbox 2850 4280 3012 4335; x_wconf 85' lang='lat' dir='ltr'><strong>verba</strong></span> <span class='ocrx_word' id='word_1_855' title='bbox 3044 4290 3101 4334; x_wconf 87' lang='lat' dir='ltr'><strong>ut</strong></span> <span class='ocrx_word' id='word_1_856' title='bbox 3142 4278 3507 4353; x_wconf 58' lang='lat' dir='ltr'><strong>spiritalibus</strong></span> <span class='ocrx_word' id='word_1_857' title='bbox 3549 4283 3634 4337; x_wconf 87' lang='lat' dir='ltr'><strong>in-</strong></span> 
     </span>
     <span class='ocr_line' id='line_1_112' title="bbox 2075 4366 2248 4404; baseline 0 0"><span class='ocrx_word' id='word_1_858' title='bbox 2075 4366 2248 4404; x_wconf 78' lang='lat' dir='ltr'><strong>terere.</strong></span> 
     </span>
    </p>
   </div>
   <div class='ocr_carea' id='block_1_110' title="bbox 2075 4366 2248 4404">
    <p class='ocr_par' dir='ltr' id='par_1_110' title="bbox 2075 4366 2248 4404">
     <span class='ocr_line' id='line_1_113' title="bbox 2075 4366 2248 4404; baseline 0 0"><span class='ocrx_word' id='word_1_859' title='bbox 2075 4366 2248 4404; x_wconf 77' lang='lat' dir='ltr'><strong>terere.</strong></span> 
     </span>
    </p>
   </div>
   <div class='ocr_carea' id='block_1_111' title="bbox 2111 4420 3344 4495">
    <p class='ocr_par' dir='ltr' id='par_1_111' title="bbox 2111 4420 3344 4495">
     <span class='ocr_line' id='line_1_114' title="bbox 2111 4420 3344 4495; baseline 0.002 -19"><span class='ocrx_word' id='word_1_860' title='bbox 2111 4420 2138 4495; x_wconf 60' lang='lat' dir='ltr'><strong>lt</strong></span> <span class='ocrx_word' id='word_1_861' title='bbox 2166 4420 2222 4495; x_wconf 68' lang='lat' dir='ltr'><strong>In</strong></span> <span class='ocrx_word' id='word_1_862' title='bbox 2257 4431 2488 4495; x_wconf 86' lang='lat' dir='ltr'><strong>utroque</strong></span> <span class='ocrx_word' id='word_1_863' title='bbox 2521 4420 2638 4477; x_wconf 86' lang='lat' dir='ltr'><strong>Vat.</strong></span> <span class='ocrx_word' id='word_1_864' title='bbox 2665 4422 2814 4490; x_wconf 85' lang='lat' dir='ltr'><strong>cod.,</strong></span> <span class='ocrx_word' id='word_1_865' title='bbox 2844 4423 3133 4495; x_wconf 56' lang='lat' dir='ltr'><strong>immutatio</strong></span> <span class='ocrx_word' id='word_1_866' title='bbox 3150 4440 3344 4495; x_wconf 67' lang='lat' dir='ltr'><strong>pascit.</strong></span> 
     </span>
    </p>
   </div>
   <div class='ocr_carea' id='block_1_112' title="bbox 2120 4492 3635 4566">
    <p class='ocr_par' dir='ltr' id='par_1_112' title="bbox 2120 4492 3635 4566">
     <span class='ocr_line' id='line_1_115' title="bbox 2120 4492 3635 4566; baseline 0.003 -19"><span class='ocrx_word' id='word_1_867' title='bbox 2120 4494 2133 4529; x_wconf 81' lang='grc' dir='ltr'>ί</span> <span class='ocrx_word' id='word_1_868' title='bbox 2181 4492 2319 4549; x_wconf 87' lang='lat' dir='ltr'><strong>Tres</strong></span> <span class='ocrx_word' id='word_1_869' title='bbox 2340 4493 2634 4563; x_wconf 80' lang='lat' dir='ltr'><strong>editiones,</strong></span> <span class='ocrx_word' id='word_1_870' title='bbox 2663 4496 3033 4550; x_wconf 69' lang='lat' dir='ltr'><strong>calceamenta.</strong></span> <span class='ocrx_word' id='word_1_871' title='bbox 3059 4492 3235 4553; x_wconf 62' lang='lat' dir='ltr'><strong>Flora.</strong></span> <span class='ocrx_word' id='word_1_872' title='bbox 3270 4496 3635 4566; x_wconf 77' lang='lat' dir='ltr'><strong>calciamenta,</strong></span> 
     </span>
    </p>
   </div>
   <div class='ocr_carea' id='block_1_113' title="bbox 2039 4567 3634 4636">
    <p class='ocr_par' dir='ltr' id='par_1_113' title="bbox 2039 4567 3634 4636">
     <span class='ocr_line' id='line_1_116' title="bbox 2039 4567 3634 4636; baseline 0.003 -16"><span class='ocrx_word' id='word_1_873' title='bbox 2039 4580 2201 4636; x_wconf 90' lang='lat' dir='ltr'><strong>quam</strong></span> <span class='ocrx_word' id='word_1_874' title='bbox 2244 4567 2526 4621; x_wconf 87' lang='lat' dir='ltr'><strong>meliorem</strong></span> <span class='ocrx_word' id='word_1_875' title='bbox 2583 4567 2871 4621; x_wconf 84' lang='lat' dir='ltr'><strong>lectionem</strong></span> <span class='ocrx_word' id='word_1_876' title='bbox 2925 4567 3145 4635; x_wconf 85' lang='lat' dir='ltr'><strong>opinor.</strong></span> <span class='ocrx_word' id='word_1_877' title='bbox 3197 4567 3297 4623; x_wconf 78' lang='lat' dir='ltr'><strong>Est</strong></span> <span class='ocrx_word' id='word_1_878' title='bbox 3334 4570 3465 4624; x_wconf 88' lang='lat' dir='ltr'><strong>item</strong></span> <span class='ocrx_word' id='word_1_879' title='bbox 3508 4569 3634 4624; x_wconf 80' lang='lat' dir='ltr'><strong>Sai-</strong></span> 
     </span>
    </p>
   </div>
   <div class='ocr_carea' id='block_1_114' title="bbox 2042 4636 3634 4705">
    <p class='ocr_par' dir='ltr' id='par_1_114' title="bbox 2042 4636 3634 4705">
     <span class='ocr_line' id='line_1_117' title="bbox 2042 4636 3634 4705; baseline 0.003 -16"><span class='ocrx_word' id='word_1_880' title='bbox 2042 4637 2252 4691; x_wconf 77' lang='lat' dir='ltr'><strong>vianica</strong></span> <span class='ocrx_word' id='word_1_881' title='bbox 2280 4636 2449 4691; x_wconf 86' lang='lat' dir='ltr'><strong>dictio</strong></span> <span class='ocrx_word' id='word_1_882' title='bbox 2474 4638 2511 4691; x_wconf 90' lang='grc' dir='ltr'><strong>Ι.</strong></span> <span class='ocrx_word' id='word_1_883' title='bbox 2544 4653 2562 4691; x_wconf 86' lang='grc' dir='ltr'><strong>ι</strong></span> <span class='ocrx_word' id='word_1_884' title='bbox 2592 4637 2660 4691; x_wconf 87' lang='lat' dir='ltr'><strong>de</strong></span> <span class='ocrx_word' id='word_1_885' title='bbox 2691 4636 2990 4693; x_wconf 68' lang='lat' dir='ltr'><strong>Gubernat.</strong></span> <span class='ocrx_word' id='word_1_886' title='bbox 3018 4636 3139 4705; x_wconf 78' lang='lat' dir='ltr'><strong>Dei,</strong></span> <span class='ocrx_word' id='word_1_887' title='bbox 3162 4640 3501 4693; x_wconf 73' lang='lat' dir='ltr'><strong>calciamenta</strong></span> <span class='ocrx_word' id='word_1_888' title='bbox 3530 4655 3634 4694; x_wconf 71' lang='lat' dir='ltr'><strong>non</strong></span> 
     </span>
    </p>
   </div>
   <div class='ocr_carea' id='block_1_115' title="bbox 2042 4707 3635 4779">
    <p class='ocr_par' dir='ltr' id='par_1_115' title="bbox 2042 4707 3635 4779">
     <span class='ocr_line' id='line_1_118' title="bbox 2042 4707 3635 4779; baseline 0.003 -19"><span class='ocrx_word' id='word_1_889' title='bbox 2042 4718 2237 4779; x_wconf 86' lang='lat' dir='ltr'><strong>rupta:</strong></span> <span class='ocrx_word' id='word_1_890' title='bbox 2269 4718 2324 4763; x_wconf 90' lang='lat' dir='ltr'><strong>et</strong></span> <span class='ocrx_word' id='word_1_891' title='bbox 2370 4707 2625 4779; x_wconf 82' lang='lat' dir='ltr'><strong>Baluzius</strong></span> <span class='ocrx_word' id='word_1_892' title='bbox 2670 4709 2721 4761; x_wconf 88' lang='lat' dir='ltr'><strong>in</strong></span> <span class='ocrx_word' id='word_1_893' title='bbox 2770 4718 2886 4779; x_wconf 89' lang='lat' dir='ltr'><strong>not.</strong></span> <span class='ocrx_word' id='word_1_894' title='bbox 2918 4708 2985 4762; x_wconf 88' lang='lat' dir='ltr'><strong>ad</strong></span> <span class='ocrx_word' id='word_1_895' title='bbox 3012 4708 3185 4779; x_wconf 82' lang='lat' dir='ltr'><strong>Salv.,</strong></span> <span class='ocrx_word' id='word_1_896' title='bbox 3242 4725 3364 4779; x_wconf 74' lang='lat' dir='ltr'><strong>pag.</strong></span> <span class='ocrx_word' id='word_1_897' title='bbox 3412 4708 3503 4777; x_wconf 71' lang='grc' dir='ltr'><strong>ιδ,</strong></span> <span class='ocrx_word' id='word_1_898' title='bbox 3536 4725 3635 4779; x_wconf 87' lang='lat' dir='ltr'><strong>pro</strong></span> 
     </span>
    </p>
   </div>
   <div class='ocr_carea' id='block_1_116' title="bbox 2044 4777 3637 4846">
    <p class='ocr_par' dir='ltr' id='par_1_116' title="bbox 2044 4777 3637 4846">
     <span class='ocr_line' id='line_1_119' title="bbox 2044 4777 3637 4846; baseline 0.003 -14"><span class='ocrx_word' id='word_1_899' title='bbox 2044 4777 2365 4833; x_wconf 74' lang='lat' dir='ltr'><strong>excalceatos</strong></span> <span class='ocrx_word' id='word_1_900' title='bbox 2415 4778 2655 4846; x_wconf 84' lang='lat' dir='ltr'><strong>reposuit</strong></span> <span class='ocrx_word' id='word_1_901' title='bbox 2697 4778 2979 4832; x_wconf 69' lang='lat' dir='ltr'><strong>excalcios.</strong></span> <span class='ocrx_word' id='word_1_902' title='bbox 3030 4777 3257 4833; x_wconf 81' lang='lat' dir='ltr'><strong>Calciari</strong></span> <span class='ocrx_word' id='word_1_903' title='bbox 3308 4777 3356 4836; x_wconf 80' lang='lat' dir='ltr'><strong>et</strong></span> <span class='ocrx_word' id='word_1_904' title='bbox 3412 4777 3637 4837; x_wconf 81' lang='lat' dir='ltr'><strong>calciare</strong></span> 
     </span>
    </p>
   </div>
   <div class='ocr_carea' id='block_1_117' title="bbox 2042 4849 3639 4920">
    <p class='ocr_par' dir='ltr' id='par_1_117' title="bbox 2042 4849 3639 4920">
     <span class='ocr_line' id='line_1_120' title="bbox 2042 4849 3639 4920; baseline 0.003 -16"><span class='ocrx_word' id='word_1_905' title='bbox 2042 4853 2184 4918; x_wconf 87' lang='lat' dir='ltr'><strong>apud</strong></span> <span class='ocrx_word' id='word_1_906' title='bbox 2236 4849 2509 4920; x_wconf 82' lang='lat' dir='ltr'><strong>junioreut</strong></span> <span class='ocrx_word' id='word_1_907' title='bbox 2548 4849 2782 4920; x_wconf 83' lang='lat' dir='ltr'><strong>Pliniqu</strong></span> <span class='ocrx_word' id='word_1_908' title='bbox 2833 4859 2891 4903; x_wconf 88' lang='lat' dir='ltr'><strong>et</strong></span> <span class='ocrx_word' id='word_1_909' title='bbox 2932 4849 3257 4905; x_wconf 82' lang='lat' dir='ltr'><strong>Suetonium</strong></span> <span class='ocrx_word' id='word_1_910' title='bbox 3310 4850 3639 4908; x_wconf 66' lang='lat' dir='ltr'><strong>observavit</strong></span> 
     </span>
    </p>
   </div>
   <div class='ocr_carea' id='block_1_118' title="bbox 2044 4919 3634 4980">
    <p class='ocr_par' dir='ltr' id='par_1_118' title="bbox 2044 4919 3634 4980">
     <span class='ocr_line' id='line_1_121' title="bbox 2044 4919 3634 4980; baseline 0.004 -7"><span class='ocrx_word' id='word_1_911' title='bbox 2044 4920 2201 4975; x_wconf 48' lang='grc' dir='ltr'><strong>γοδς.</strong></span> <span class='ocrx_word' id='word_1_912' title='bbox 2240 4919 2332 4975; x_wconf 88' lang='lat' dir='ltr'><strong>lib.</strong></span> <span class='ocrx_word' id='word_1_913' title='bbox 2368 4936 2437 4974; x_wconf 80' lang='lat' dir='ltr'><strong>vn</strong></span> <span class='ocrx_word' id='word_1_914' title='bbox 2457 4920 2525 4973; x_wconf 83' lang='lat' dir='ltr'><strong>de</strong></span> <span class='ocrx_word' id='word_1_915' title='bbox 2551 4919 2706 4974; x_wconf 89' lang='lat' dir='ltr'><strong>Vitiis</strong></span> <span class='ocrx_word' id='word_1_916' title='bbox 2736 4920 3029 4976; x_wconf 86' lang='lat' dir='ltr'><strong>sermOnis.</strong></span> <span class='ocrx_word' id='word_1_917' title='bbox 3063 4922 3152 4976; x_wconf 84' lang='lat' dir='ltr'><strong>Sic</strong></span> <span class='ocrx_word' id='word_1_918' title='bbox 3181 4923 3343 4977; x_wconf 87' lang='lat' dir='ltr'><strong>etiam</strong></span> <span class='ocrx_word' id='word_1_919' title='bbox 3370 4922 3634 4980; x_wconf 76' lang='lat' dir='ltr'><strong>Gauden-</strong></span> 
     </span>
    </p>
   </div>
   <div class='ocr_carea' id='block_1_119' title="bbox 2040 4992 3634 5116">
    <p class='ocr_par' dir='ltr' id='par_1_119' title="bbox 2040 4992 3634 5116">
     <span class='ocr_line' id='line_1_122' title="bbox 2040 4992 3634 5116; baseline 0.004 -72"><span class='ocrx_word' id='word_1_920' title='bbox 2040 4992 2174 5116; x_wconf 54' lang='lat' dir='ltr'><strong>ltios,</strong></span> <span class='ocrx_word' id='word_1_921' title='bbox 2206 4992 2367 5058; x_wconf 79' lang='lat' dir='ltr'><strong>infra,</strong></span> <span class='ocrx_word' id='word_1_922' title='bbox 2409 4992 2657 5060; x_wconf 84' lang='lat' dir='ltr'><strong>calciati,</strong></span> <span class='ocrx_word' id='word_1_923' title='bbox 2717 5000 2775 5046; x_wconf 85' lang='lat' dir='ltr'><strong>et</strong></span> <span class='ocrx_word' id='word_1_924' title='bbox 2824 4992 3210 5060; x_wconf 77' lang='lat' dir='ltr'><strong>calciamenta,</strong></span> <span class='ocrx_word' id='word_1_925' title='bbox 3269 5008 3376 5050; x_wconf 78' lang='lat' dir='ltr'><strong>non</strong></span> <span class='ocrx_word' id='word_1_926' title='bbox 3425 5011 3535 5050; x_wconf 79' lang='lat' dir='ltr'><strong>uno</strong></span> <span class='ocrx_word' id='word_1_927' title='bbox 3580 4997 3634 5051; x_wconf 90' lang='lat' dir='ltr'><strong>in</strong></span> 
     </span>
     <span class='ocr_line' id='line_1_123' title="bbox 2062 5077 2183 5116; baseline 0 0"><span class='ocrx_word' id='word_1_928' title='bbox 2062 5077 2183 5116; x_wconf 90' lang='lat' dir='ltr'><strong>oco.</strong></span> 
     </span>
    </p>
   </div>
   <div class='ocr_carea' id='block_1_120' title="bbox 2062 5077 2183 5117">
    <p class='ocr_par' dir='ltr' id='par_1_120' title="bbox 2062 5077 2183 5117">
     <span class='ocr_line' id='line_1_124' title="bbox 2062 5077 2183 5117; baseline 0 -1"><span class='ocrx_word' id='word_1_929' title='bbox 2062 5077 2183 5117; x_wconf 76' lang='lat'><strong>000.</strong></span> 
     </span>
    </p>
   </div>
   <div class='ocr_carea' id='block_1_121' title="bbox 2119 5132 3632 5206">
    <p class='ocr_par' dir='ltr' id='par_1_121' title="bbox 2119 5132 3632 5206">
     <span class='ocr_line' id='line_1_125' title="bbox 2119 5132 3632 5206; baseline 0.007 -22"><span class='ocrx_word' id='word_1_930' title='bbox 2119 5136 2131 5184; x_wconf 85' lang='lat' dir='ltr'><strong>i</strong></span> <span class='ocrx_word' id='word_1_931' title='bbox 2181 5133 2255 5188; x_wconf 89' lang='lat' dir='ltr'><strong>lta</strong></span> <span class='ocrx_word' id='word_1_932' title='bbox 2289 5132 2432 5188; x_wconf 74' lang='lat' dir='ltr'><strong>Flor.</strong></span> <span class='ocrx_word' id='word_1_933' title='bbox 2464 5145 2515 5206; x_wconf 81' lang='lat' dir='ltr'><strong>et</strong></span> <span class='ocrx_word' id='word_1_934' title='bbox 2547 5132 2689 5187; x_wconf 80' lang='lat' dir='ltr'><strong>Vati.</strong></span> <span class='ocrx_word' id='word_1_935' title='bbox 2726 5133 2857 5189; x_wconf 84' lang='lat' dir='ltr'><strong>duo.</strong></span> <span class='ocrx_word' id='word_1_936' title='bbox 2886 5134 3029 5189; x_wconf 86' lang='lat' dir='ltr'><strong>Editi</strong></span> <span class='ocrx_word' id='word_1_937' title='bbox 3060 5144 3223 5206; x_wconf 81' lang='lat' dir='ltr'><strong>atque</strong></span> <span class='ocrx_word' id='word_1_938' title='bbox 3249 5134 3413 5204; x_wconf 57' lang='grc' dir='ltr'><strong>Παλ,</strong></span> <span class='ocrx_word' id='word_1_939' title='bbox 3444 5138 3591 5193; x_wconf 72' lang='lat' dir='ltr'><strong>male</strong></span> <span class='ocrx_word' id='word_1_940' title='bbox 3614 5182 3632 5206; x_wconf 89' lang='lat'><strong>,</strong></span> 
     </span>
    </p>
   </div>
   <div class='ocr_carea' id='block_1_122' title="bbox 2042 5204 3637 5278">
    <p class='ocr_par' dir='ltr' id='par_1_122' title="bbox 2042 5204 3637 5278">
     <span class='ocr_line' id='line_1_126' title="bbox 2042 5204 3637 5278; baseline 0.002 -18"><span class='ocrx_word' id='word_1_941' title='bbox 2042 5222 2158 5277; x_wconf 77' lang='lat' dir='ltr'><strong>ante</strong></span> <span class='ocrx_word' id='word_1_942' title='bbox 2185 5220 2398 5278; x_wconf 66' lang='lat' dir='ltr'><strong>asyrum.</strong></span> <span class='ocrx_word' id='word_1_943' title='bbox 2434 5204 2598 5278; x_wconf 64' lang='lat' dir='ltr'><strong>Infra,</strong></span> <span class='ocrx_word' id='word_1_944' title='bbox 2640 5213 2797 5261; x_wconf 88' lang='lat' dir='ltr'><strong>tract.</strong></span> <span class='ocrx_word' id='word_1_945' title='bbox 2836 5206 2898 5278; x_wconf 13' lang='lat'><strong>77,</strong></span> <span class='ocrx_word' id='word_1_946' title='bbox 2930 5222 3115 5278; x_wconf 62' lang='lat' dir='ltr'><strong>azyma</strong></span> <span class='ocrx_word' id='word_1_947' title='bbox 3137 5204 3260 5262; x_wconf 79' lang='lat' dir='ltr'><strong>cum</strong></span> <span class='ocrx_word' id='word_1_948' title='bbox 3290 5204 3637 5263; x_wconf 75' lang='lat' dir='ltr'><strong>amaritudine</strong></span> 
     </span>
    </p>
   </div>
   <div class='ocr_carea' id='block_1_123' title="bbox 2043 5275 3274 5346">
    <p class='ocr_par' dir='ltr' id='par_1_123' title="bbox 2043 5275 3274 5346">
     <span class='ocr_line' id='line_1_127' title="bbox 2043 5275 3274 5346; baseline 0.001 -15"><span class='ocrx_word' id='word_1_949' title='bbox 2043 5275 2425 5332; x_wconf 73' lang='lat' dir='ltr'><strong>manducando.</strong></span> <span class='ocrx_word' id='word_1_950' title='bbox 2461 5275 2596 5331; x_wconf 81' lang='lat' dir='ltr'><strong>Vide</strong></span> <span class='ocrx_word' id='word_1_951' title='bbox 2617 5292 2738 5346; x_wconf 67' lang='lat' dir='ltr'><strong>qum</strong></span> <span class='ocrx_word' id='word_1_952' title='bbox 2770 5277 2848 5332; x_wconf 81' lang='lat' dir='ltr'><strong>ibi</strong></span> <span class='ocrx_word' id='word_1_953' title='bbox 2873 5275 3274 5334; x_wconf 67' lang='lat' dir='ltr'><strong>simulavimus.</strong></span> 
     </span>
    </p>
   </div>
   <div class='ocr_carea' id='block_1_124' title="bbox 2118 5346 3636 5418">
    <p class='ocr_par' dir='ltr' id='par_1_124' title="bbox 2118 5346 3636 5418">
     <span class='ocr_line' id='line_1_128' title="bbox 2118 5346 3636 5418; baseline 0.001 -16"><span class='ocrx_word' id='word_1_954' title='bbox 2118 5346 2139 5385; x_wconf 70' lang='grc' dir='ltr'><strong>ιε</strong></span> <span class='ocrx_word' id='word_1_955' title='bbox 2172 5346 2289 5403; x_wconf 87' lang='lat' dir='ltr'><strong>Non</strong></span> <span class='ocrx_word' id='word_1_956' title='bbox 2322 5363 2449 5418; x_wconf 77' lang='lat' dir='ltr'><strong>ergo</strong></span> <span class='ocrx_word' id='word_1_957' title='bbox 2476 5348 2528 5403; x_wconf 89' lang='lat' dir='ltr'><strong>in</strong></span> <span class='ocrx_word' id='word_1_958' title='bbox 2560 5348 2783 5416; x_wconf 71' lang='lat' dir='ltr'><strong>templo,</strong></span> <span class='ocrx_word' id='word_1_959' title='bbox 2816 5357 2876 5403; x_wconf 88' lang='lat' dir='ltr'><strong>ut</strong></span> <span class='ocrx_word' id='word_1_960' title='bbox 2900 5350 3115 5417; x_wconf 80' lang='lat' dir='ltr'><strong>quidam</strong></span> <span class='ocrx_word' id='word_1_961' title='bbox 3144 5366 3208 5405; x_wconf 83' lang='lat' dir='ltr'><strong>ex</strong></span> <span class='ocrx_word' id='word_1_962' title='bbox 3239 5348 3636 5405; x_wconf 74' lang='lat' dir='ltr'><strong>recentioribus</strong></span> 
     </span>
    </p>
   </div>
   <div class='ocr_carea' id='block_1_125' title="bbox 2045 5418 3633 5489">
    <p class='ocr_par' dir='ltr' id='par_1_125' title="bbox 2045 5418 3633 5489">
     <span class='ocr_line' id='line_1_129' title="bbox 2045 5418 3633 5489; baseline -0.001 -15"><span class='ocrx_word' id='word_1_963' title='bbox 2045 5419 2255 5474; x_wconf 83' lang='lat' dir='ltr'><strong>volunt.</strong></span> <span class='ocrx_word' id='word_1_964' title='bbox 2289 5418 2377 5475; x_wconf 89' lang='lat' dir='ltr'><strong>Sic</strong></span> <span class='ocrx_word' id='word_1_965' title='bbox 2406 5422 2569 5475; x_wconf 84' lang='lat' dir='ltr'><strong>etiam</strong></span> <span class='ocrx_word' id='word_1_966' title='bbox 2613 5435 2775 5488; x_wconf 82' lang='lat' dir='ltr'><strong>supra</strong></span> <span class='ocrx_word' id='word_1_967' title='bbox 2827 5439 2840 5475; x_wconf 90' lang='lat'><strong>:</strong></span> <span class='ocrx_word' id='word_1_968' title='bbox 2875 5421 3032 5475; x_wconf 82' lang='lat' dir='ltr'><strong>Ovem</strong></span> <span class='ocrx_word' id='word_1_969' title='bbox 3075 5423 3289 5489; x_wconf 79' lang='lat' dir='ltr'><strong>quisque</strong></span> <span class='ocrx_word' id='word_1_970' title='bbox 3319 5436 3409 5485; x_wconf 82' lang='lat' dir='ltr'><strong>per</strong></span> <span class='ocrx_word' id='word_1_971' title='bbox 3446 5434 3633 5473; x_wconf 78' lang='lat' dir='ltr'><strong>unam-</strong></span> 
     </span>
    </p>
   </div>
   <div class='ocr_carea' id='block_1_126' title="bbox 2044 5491 3633 5565">
    <p class='ocr_par' dir='ltr' id='par_1_126' title="bbox 2044 5491 3633 5565">
     <span class='ocr_line' id='line_1_130' title="bbox 2044 5491 3633 5565; baseline -0.001 -21"><span class='ocrx_word' id='word_1_972' title='bbox 2044 5508 2297 5565; x_wconf 79' lang='lat' dir='ltr'><strong>quamque</strong></span> <span class='ocrx_word' id='word_1_973' title='bbox 2343 5491 2555 5565; x_wconf 74' lang='lat' dir='ltr'><strong>tl_omum</strong></span> <span class='ocrx_word' id='word_1_974' title='bbox 2599 5491 2839 5565; x_wconf 77' lang='lat' dir='ltr'><strong>occidens</strong></span> <span class='ocrx_word' id='word_1_975' title='bbox 2888 5503 2936 5545; x_wconf 88' lang='lat' dir='ltr'><strong>et</strong></span> <span class='ocrx_word' id='word_1_976' title='bbox 2990 5493 3281 5565; x_wconf 76' lang='lat' dir='ltr'><strong>comedens.</strong></span> <span class='ocrx_word' id='word_1_977' title='bbox 3342 5492 3444 5559; x_wconf 76' lang='lat' dir='ltr'><strong>Et,</strong></span> <span class='ocrx_word' id='word_1_978' title='bbox 3498 5492 3633 5565; x_wconf 56' lang='lat' dir='ltr'><strong>inti,</strong></span> 
     </span>
    </p>
   </div>
   <div class='ocr_carea' id='block_1_127' title="bbox 2048 5561 3632 5633">
    <p class='ocr_par' dir='ltr' id='par_1_127' title="bbox 2048 5561 3632 5633">
     <span class='ocr_line' id='line_1_131' title="bbox 2048 5561 3632 5633; baseline -0.002 -15"><span class='ocrx_word' id='word_1_979' title='bbox 2048 5561 2220 5618; x_wconf 45' lang='lat' dir='ltr'><strong>tract.</strong></span> <span class='ocrx_word' id='word_1_980' title='bbox 2242 5564 2275 5617; x_wconf 77' lang='grc'><strong>4</strong></span> <span class='ocrx_word' id='word_1_981' title='bbox 2308 5581 2319 5615; x_wconf 91' lang='lat'>:</span> <span class='ocrx_word' id='word_1_982' title='bbox 2358 5562 2479 5615; x_wconf 75' lang='lat' dir='ltr'><strong>Non</strong></span> <span class='ocrx_word' id='word_1_983' title='bbox 2529 5564 2693 5615; x_wconf 86' lang='lat' dir='ltr'><strong>omnis</strong></span> <span class='ocrx_word' id='word_1_984' title='bbox 2726 5564 3007 5633; x_wconf 83' lang='lat' dir='ltr'><strong>Syuagoga</strong></span> <span class='ocrx_word' id='word_1_985' title='bbox 3037 5561 3299 5615; x_wconf 77' lang='lat' dir='ltr'><strong>occidebat</strong></span> <span class='ocrx_word' id='word_1_986' title='bbox 3332 5578 3515 5633; x_wconf 82' lang='lat' dir='ltr'><strong>unum,</strong></span> <span class='ocrx_word' id='word_1_987' title='bbox 3541 5563 3632 5616; x_wconf 76' lang='lat' dir='ltr'><strong>sed</strong></span> 
     </span>
    </p>
   </div>
   <div class='ocr_carea' id='block_1_128' title="bbox 2045 5632 3633 5708">
    <p class='ocr_par' dir='ltr' id='par_1_128' title="bbox 2045 5632 3633 5708">
     <span class='ocr_line' id='line_1_132' title="bbox 2045 5632 3633 5708; baseline 0.001 -21"><span class='ocrx_word' id='word_1_988' title='bbox 2045 5637 2198 5708; x_wconf 85' lang='lat' dir='ltr'><strong>pauci</strong></span> <span class='ocrx_word' id='word_1_989' title='bbox 2214 5632 2446 5708; x_wconf 75' lang='lat' dir='ltr'><strong>singulos</strong></span> <span class='ocrx_word' id='word_1_990' title='bbox 2462 5651 2552 5706; x_wconf 89' lang='lat' dir='ltr'><strong>per</strong></span> <span class='ocrx_word' id='word_1_991' title='bbox 2562 5632 2986 5708; x_wconf 71' lang='lat' dir='ltr'><strong>unamquamque</strong></span> <span class='ocrx_word' id='word_1_992' title='bbox 3001 5636 3229 5685; x_wconf 83' lang='lat' dir='ltr'><strong>domum.</strong></span> <span class='ocrx_word' id='word_1_993' title='bbox 3254 5632 3433 5708; x_wconf 63' lang='lat' dir='ltr'><strong>Philo,</strong></span> <span class='ocrx_word' id='word_1_994' title='bbox 3456 5633 3551 5687; x_wconf 87' lang='lat' dir='ltr'><strong>lih.</strong></span> <span class='ocrx_word' id='word_1_995' title='bbox 3575 5648 3633 5688; x_wconf 82' lang='grc' dir='ltr'><strong>ιιι</strong></span> 
     </span>
    </p>
   </div>
   <div class='ocr_carea' id='block_1_129' title="bbox 2050 5704 3635 5773">
    <p class='ocr_par' dir='ltr' id='par_1_129' title="bbox 2050 5704 3635 5773">
     <span class='ocr_line' id='line_1_133' title="bbox 2050 5704 3635 5773; baseline -0.001 -14"><span class='ocrx_word' id='word_1_996' title='bbox 2050 5704 2117 5761; x_wconf 78' lang='lat' dir='ltr'><strong>de</strong></span> <span class='ocrx_word' id='word_1_997' title='bbox 2152 5707 2264 5760; x_wconf 78' lang='lat' dir='ltr'><strong>Vita</strong></span> <span class='ocrx_word' id='word_1_998' title='bbox 2310 5704 2495 5769; x_wconf 77' lang='lat' dir='ltr'><strong>Musis,</strong></span> <span class='ocrx_word' id='word_1_999' title='bbox 2540 5705 2770 5759; x_wconf 73' lang='lat' dir='ltr'><strong>G-~lcoio</strong></span> <span class='ocrx_word' id='word_1_1000' title='bbox 2810 5705 3105 5772; x_wconf 82' lang='lat' dir='ltr'><strong>interprete</strong></span> <span class='ocrx_word' id='word_1_1001' title='bbox 3162 5720 3176 5757; x_wconf 87' lang='lat'><strong>:</strong></span> <span class='ocrx_word' id='word_1_1002' title='bbox 3238 5704 3352 5766; x_wconf 81' lang='lat' dir='ltr'><strong>Quo</strong></span> <span class='ocrx_word' id='word_1_1003' title='bbox 3408 5712 3635 5773; x_wconf 85' lang='lat' dir='ltr'><strong>tempore</strong></span> 
     </span>
    </p>
   </div>
   <div class='ocr_carea' id='block_1_130' title="bbox 2051 5773 3634 5849">
    <p class='ocr_par' dir='ltr' id='par_1_130' title="bbox 2051 5773 3634 5849">
     <span class='ocr_line' id='line_1_134' title="bbox 2051 5773 3634 5849; baseline 0 -19"><span class='ocrx_word' id='word_1_1004' title='bbox 2051 5777 2316 5849; x_wconf 88' lang='lat' dir='ltr'><strong>(loquitur</strong></span> <span class='ocrx_word' id='word_1_1005' title='bbox 2345 5776 2412 5831; x_wconf 89' lang='lat' dir='ltr'><strong>de</strong></span> <span class='ocrx_word' id='word_1_1006' title='bbox 2435 5776 2570 5849; x_wconf 78' lang='lat' dir='ltr'><strong>festo</strong></span> <span class='ocrx_word' id='word_1_1007' title='bbox 2594 5777 2842 5845; x_wconf 71' lang='lat' dir='ltr'><strong>Paschzc)</strong></span> <span class='ocrx_word' id='word_1_1008' title='bbox 2871 5791 2973 5849; x_wconf 79' lang='lat' dir='ltr'><strong>non</strong></span> <span class='ocrx_word' id='word_1_1009' title='bbox 3003 5783 3056 5827; x_wconf 90' lang='lat' dir='ltr'><strong>ut</strong></span> <span class='ocrx_word' id='word_1_1010' title='bbox 3086 5773 3220 5828; x_wconf 80' lang='lat' dir='ltr'><strong>alias</strong></span> <span class='ocrx_word' id='word_1_1011' title='bbox 3249 5776 3435 5849; x_wconf 72' lang='lat' dir='ltr'><strong>plebeii</strong></span> <span class='ocrx_word' id='word_1_1012' title='bbox 3464 5773 3634 5830; x_wconf 79' lang='lat' dir='ltr'><strong>homi-</strong></span> 
     </span>
    </p>
   </div>
   <div class='ocr_carea' id='block_1_131' title="bbox 2051 5846 3636 5903">
    <p class='ocr_par' dir='ltr' id='par_1_131' title="bbox 2051 5846 3636 5903">
     <span class='ocr_line' id='line_1_135' title="bbox 2051 5846 3636 5903; baseline -0.002 0"><span class='ocrx_word' id='word_1_1013' title='bbox 2051 5846 2411 5903; x_wconf 52' lang='lat' dir='ltr'><strong>nes&#39;victimas</strong></span> <span class='ocrx_word' id='word_1_1014' title='bbox 2440 5847 2709 5900; x_wconf 86' lang='lat' dir='ltr'><strong>adducunt</strong></span> <span class='ocrx_word' id='word_1_1015' title='bbox 2746 5848 2813 5899; x_wconf 85' lang='lat' dir='ltr'><strong>ad</strong></span> <span class='ocrx_word' id='word_1_1016' title='bbox 2860 5846 3026 5901; x_wconf 79' lang='lat' dir='ltr'><strong>altore</strong></span> <span class='ocrx_word' id='word_1_1017' title='bbox 3054 5846 3357 5902; x_wconf 85' lang='lat' dir='ltr'><strong>mactandas</strong></span> <span class='ocrx_word' id='word_1_1018' title='bbox 3386 5863 3418 5901; x_wconf 90' lang='lat' dir='ltr'><strong>a</strong></span> <span class='ocrx_word' id='word_1_1019' title='bbox 3458 5863 3636 5902; x_wconf 86' lang='lat' dir='ltr'><strong>sacer-</strong></span> 
     </span>
    </p>
   </div>
  </div>
