4096 6192
532 261 642 320 8δὸ

1620 260 1678 316 S.
1719 257 2102 317 GAUDENTII
2139 256 2396 314 BRIXLE
2435 257 2748 317 EPISCOPI

3714 254 3809 314 856

533 377 794 435 sufﬁcere
817 393 958 434 unus
981 394 1088 434 non
1117 385 1331 448 poterat
1354 375 1653 441 universis,
1684 374 1940 444 quoniam
1963 372 2130 444 ﬁgura
2159 374 2216 436 Α
2238 372 2464 427 rituales
2489 372 2870 444 intelligentia
2905 374 2956 429 in
2989 372 3073 429 his
3101 372 3284 440 dictis,
3324 389 3565 445 quarum
3594 373 3637 429 si
3668 385 3810 428 unam

533 483 680 540 erat,
733 487 839 527 non
880 473 1190 543 prOprietas
1231 472 1529 526 Dominicte
1572 469 1876 525 Passionis.
1928 468 2129 538 Figura

534 566 740 622 etenim
773 580 880 619 non
917 577 1001 619 est
1026 565 1253 630 veritas,
1285 565 1380 621 sed
1419 564 1650 620 imitatio
1689 563 1969 630 veritatis;
2004 577 2129 618 nam

538 673 594 715 et
627 659 791 714 homo
819 659 887 713 ad
917 659 1204 729 imaginem
1260 659 1355 713 Dei
1410 657 1587 713 factus
1633 667 1754 722 est,
1808 672 1908 713 nec
1949 665 2131 712 tamen

539 751 746 807 idcirco
796 752 939 807 Deus
982 761 1066 807 est
1114 771 1128 808 :
1172 753 1394 807 tametsi
1433 768 1495 807 ea
1541 751 1753 807 ratione
1807 767 1910 820 qua
1954 751 2133 821 imago

542 845 638 900 Dei
659 854 685 882 ει
715 845 935 914 dicitur,
965 845 1443 912 dicaturetDeus;
1478 847 1752 916 quomodo
1784 858 1981 901 natura
1999 862 2138 901 unus

540 936 687 992 Deus
714 947 818 1005 est,
856 939 1125 1006 positione
1159 939 1365 1009 plures.
1394 939 1538 1010 Ergo
1569 940 1621 993 in
1649 938 1749 994 hac
1772 941 2003 994 veritate
2032 953 2135 1008 qua

543 1045 754 1096 sumus,
795 1046 938 1085 unus
975 1030 1140 1104 240
1192 1050 1288 1102 pro
1335 1033 1589 1088 omnibus
1627 1045 1878 1088 mortuus
1917 1044 2040 1098 est;
2083 1043 2138 1088 et

540 1119 572 1158 ι)
602 1121 742 1177 idem
771 1137 870 1192 per
894 1122 1134 1193 singulas
1161 1125 1520 1180 ecclesiarum
1546 1125 1760 1190 domos,
1791 1125 1842 1180 in
1876 1126 2137 1198 mysterio

540 1217 697 1284 panis
728 1231 791 1271 ac
819 1217 960 1280 vini,
998 1218 1174 1272 reiicit
1205 1219 1550 1286 immolatus,
1591 1220 1827 1275 vivificat
1857 1221 2133 1292 creditus,

544 1320 938 1364 eonsecrantes
954 1309 1258 1364 sanctificat
1284 1293 1669 1368 consecratus.
1692 1311 1814 1365 Haec
1833 1311 1968 1383 Agni
1987 1329 2136 1378 caro,

546 1400 634 1454 hic
665 1402 888 1470 sanguis
915 1409 1019 1456 est.
1052 1401 1215 1457 Panis
1247 1403 1392 1458 enim
1438 1404 1530 1474 qui
1563 1403 1632 1459 de
1663 1405 1802 1460 rtelo
1831 1406 2138 1472 descendit,

546 1496 621 1548 ait
657 1512 669 1547 :
722 1494 888 1550 Panis
929 1513 1078 1562 quem
1112 1514 1202 1568 ego
1233 1497 1390 1562 dabo,
1417 1514 1537 1552 caro
1567 1515 1679 1552 mea
1720 1509 1791 1552 est
1842 1516 1937 1567 pro
1967 1499 2143 1554 stcculi

545 1591 652 1644 vita
683 1588 867 1661 (Joan.
916 1591 1014 1661 vi).
1059 1591 1228 1646 Recte
1270 1594 1434 1647 etiam
1467 1593 1576 1646 vini
1624 1595 1811 1664 specie
1861 1604 1882 1631 ο
1925 1595 2146 1664 sanguis

547 1684 666 1752 ejus
696 1685 1048 1754 exprimitur.
1077 1685 1201 1754 quia
1234 1700 1354 1739 cum
1389 1687 1504 1753 ipse
1545 1686 1596 1740 in
1632 1686 1928 1757 Evangelio
1962 1686 2093 1741 dicit
2129 1705 2140 1738 :

2232 464 2503 536 sequaris,
2585 467 2772 523 ambas
2832 465 3074 524 noveris.
3141 467 3309 524 Omne
3370 483 3581 539 corpus
3632 465 3810 522 divina:

2237 558 2532 630 Scriptura:
2595 569 2702 615 tam
2772 561 2974 617 veteris
3041 577 3203 632 quam
3273 565 3395 618 novi
3467 559 3816 626 Tastamenti,

2235 651 2436 707 Filium
2508 653 2602 708 Dei
2653 653 2936 720 continet;
3007 654 3095 709 vel
3151 663 3442 710 venturum
3520 656 3820 725 promittens

2237 743 2290 798 in
2353 745 2651 814 hominen,
2694 746 2780 801 vel
2824 745 2937 813 jam
2988 746 3200 802 venisse
3243 747 3555 803 declarans.
3613 749 3632 784 τ
3686 746 3823 804 Unde

2236 837 2433 892 beatus
2464 837 2754 909 Philippus
2783 839 3036 894 inventus
3071 854 3100 893 a
3141 837 3361 894 Christo
3394 840 3612 895 invenit
3639 839 3826 894 Nauta-

2240 931 2382 996 nael,
2413 942 2466 986 et
2509 931 2642 986 dicit
2671 932 2723 987 ei
2758 950 2770 986 :
2805 934 2965 998 Quem
2994 933 3196 1002 scripsit
3221 931 3432 1004 Moyses
3465 942 3492 978 κ
3530 933 3586 987 in
3613 931 3755 1005 Lege,
3786 941 3829 986 et

2240 1024 2556 1098 PrOphetae,
2608 1026 2894 1081 invenimus
2925 1025 3104 1081 Jesnm
3134 1029 3303 1097 [ilium
3347 1028 3550 1101 Joseph
3596 1047 3628 1081 a
3668 1027 3828 1082 Naza-

2236 1120 2346 1174 reth
2378 1117 2556 1191 (Joan.
2589 1120 2652 1190 ι).
2690 1120 2757 1175 Ει
2803 1120 2933 1188 quid
2969 1121 3152 1190 plura,
3184 1120 3539 1176 charissitni?
3576 1120 3606 1156 h
3635 1119 3690 1176 In
3726 1121 3830 1192 ipso

2240 1213 2555 1267 continetur
2586 1213 2765 1268 omnis
2811 1212 2921 1268 Lex
2949 1227 3004 1266 et
3044 1223 3219 1279 vetus,
3253 1224 3308 1268 et
3357 1227 3505 1269 nova
3541 1225 3632 1268 :et
3661 1222 3718 1267 ut
3760 1213 3830 1267 sic

2243 1304 2492 1369 dixerim,
2529 1307 2644 1376 ipse
2668 1314 2755 1360 est
2773 1306 2950 1360 anima
2975 1306 3160 1376 Legis.
3189 1307 3309 1374 Ipse
3337 1307 3492 1361 enim
3513 1321 3610 1375 per
3626 1304 3832 1376 Moysen

2242 1398 2454 1454 locutus
2483 1407 2588 1466 est,
2623 1400 2638 1437 ί
2666 1414 2788 1454 cum
2816 1400 2961 1454 dixit
2993 1400 3073 1455 illi
3114 1419 3126 1453 :
3159 1400 3566 1474 Egodaperiam
3596 1416 3652 1454 os
3683 1409 3829 1465 tuum,

2243 1503 2288 1547 et
2302 1492 2694 1564 inspiraboquw
2707 1492 2892 1547 debeas
2909 1493 3054 1564 loqui
3071 1492 3269 1566 (Exod.
3289 1497 3388 1562 tv).
3412 1493 3537 1564 Ipse
3555 1502 3608 1546 et
3624 1508 3714 1563 per
3725 1492 3836 1547 Pro-

2246 1588 2463 1655 phetas,
2489 1602 2611 1642 cum
2628 1585 2782 1653 dicit,
2823 1587 2924 1653 Qui
2944 1588 3191 1658 loquebar
3207 1590 3261 1643 in
3279 1587 3590 1661 PrOphetis,
3613 1605 3726 1643 ecce
3750 1588 3835 1642 ad-

2247 1696 2362 1733 sum
2385 1678 2622 1752 (13.1.11).
2645 1679 2768 1750 Ipse
2785 1682 2948 1735 etiam
2968 1697 3064 1751 per
3080 1685 3117 1735 Α
3130 1684 3402 1752 postolos,
3419 1697 3550 1738 cum
3567 1682 3694 1737 dicit
3722 1680 3830 1736 Patr

548 1775 663 1847 Ego
690 1793 805 1831 sum
834 1778 950 1831 vitis
981 1793 1098 1832 vera
1128 1777 1308 1850 (loan.
1340 1778 1458 1850 xv),
1495 1781 1627 1833 satis
1650 1780 1894 1834 declarat
1916 1780 2138 1852 sangui-
2172 1772 2218 1830 B
2249 1771 2330 1826 Ius
2358 1773 2676 1843 apostolus:
2703 1776 2780 1828 An
2800 1774 3207 1844 experimentum
3228 1775 3464 1843 queeritis
3487 1778 3604 1848 ejus
3631 1775 3644 1825 i
3675 1775 3756 1845 qui
3787 1773 3832 1826 in

551 1886 673 1927 nem
699 1886 856 1926 suum
885 1885 1007 1927 esse
1025 1887 1189 1927 omne
1217 1874 1402 1926 vinum
1434 1872 1579 1943 quod
1600 1872 1652 1927 in
1683 1873 1854 1943 figura
1877 1873 2153 1928 PaSsinnis

549 1963 670 2032 ejus
718 1962 944 2018 offertur
980 1981 992 2016 :
1028 1965 1171 2017 unde
1200 1964 1550 2019 beatissimus
1584 1967 1862 2034 patriaeha
1891 1966 2061 2022 Jacob
2085 1967 2154 2022 de

551 2053 778 2111 Christo
803 2058 1226 2126 prophetaverat
1255 2058 1445 2113 dicens
1470 2075 1482 2111 :
1504 2053 1719 2112 Lavabit
1750 2061 1803 2113 in
1831 2061 1947 2113 vino
1965 2059 2155 2114 stolam

557 2166 729 2214 suam,
761 2161 807 2204 et
835 2153 891 2203 in
919 2152 1170 2222 sanguine
1199 2169 1312 2206 uvw
1339 2153 1583 2206 amictum
1609 2171 1759 2207 suunt
1791 2151 1947 2222 (Gen.
1981 2152 2150 2224 χιιι).

559 2239 768 2296 Stolam
796 2243 1001 2314 quippe
1033 2243 1209 2298 nostri
1237 2246 1489 2312 corporis
1509 2242 1536 2282 ἀ
1562 2246 1943 2302 indumentum
1974 2261 2152 2313 suum,

555 2335 779 2405 proprio
819 2346 938 2391 erat
984 2336 1253 2408 sanguine
1283 2337 1594 2392 abluturus.
1626 2337 1756 2406 "Ipse
1799 2338 1965 2408 igitur
1996 2349 2154 2392 natu-

560 2442 743 2481 rarum
777 2439 994 2482 creator
1043 2438 1099 2483 et
1133 2428 1397 2484 Dominus
1420 2471 1434 2496 ,
1478 2430 1570 2499 qui
1603 2429 1854 2500 producit
1894 2430 1964 2486 de
2011 2441 2154 2486 terra

561 2534 780 2589 panem,
811 2520 878 2575 de
914 2535 1053 2590 pane
1079 2535 1272 2576 rursus
1298 2521 1446 2591 (quia
1473 2529 1531 2577 et
1561 2530 1762 2590 potest,
1812 2531 1865 2578 et
1891 2522 2160 2594 promisit)

560 2611 732 2668 efﬁcit
777 2615 1065 2684 proprium
1124 2629 1328 2684 corpus
1383 2634 1392 2668 :
1443 2626 1498 2669 et
1545 2615 1636 2685 qui
1680 2614 1748 2670 de
1793 2630 1930 2686 aqua
1973 2616 2157 2670 vinum

583 2709 721 2772 ecit,
755 2717 778 2744 υ
810 2707 942 2762 facit
973 2696 1029 2762 et
1057 2709 1124 2764 de
1165 2710 1294 2763 vino
1345 2709 1666 2780 sanguinem
1697 2725 1874 2764 suum.
1914 2710 2160 2777 Qualiter

560 2800 742 2870 itaque
777 2799 1098 2856 manducari
1127 2801 1326 2857 debeat
1362 2802 1552 2872 Agnus
1592 2802 1694 2856 iste
1720 2843 1735 2868 ,
1768 2817 1834 2857 ex
1887 2803 2000 2871 ipsa
2045 2802 2158 2857 lec-

565 2895 712 2948 tione
739 2894 1004 2950 debemus
1030 2895 1344 2950 advertere.
1372 2894 1498 2950 Non
1523 2896 1687 2950 edetis
1717 2896 1842 2966 quid
1862 2897 1927 2950 ab
1958 2912 2016 2949 eo
2043 2912 2161 2950 cru-

561 2989 710 3055 dum,
733 3005 894 3057 neque
915 3002 1114 3044 coctum
1142 2991 1196 3044 in
1233 3007 1392 3061 aqua,
1424 2990 1514 3044 sed
1546 3000 1779 3044 assatum
1807 2990 1918 3063 igni
1953 3007 1971 3044 :
2005 3000 2159 3060 caput

560 3099 676 3137 cum
698 3084 934 3154 pedibus.
957 3091 1006 3138 et
1030 3083 1314 3137 interaneis
1344 3081 1544 3154 (Exod.
1575 3098 1651 3136 xu
1658 3101 1695 3153 ).
1731 3083 1856 3137 Dua:
1887 3092 2013 3137 sunt
2051 3083 2161 3152 spi-

2257 1865 2414 1940 241
2451 1884 2531 1922 me
2562 1868 2810 1938 loquitur,
2845 1868 3080 1923 Christus
3112 1867 3320 1942 (llCor.
3349 1868 3511 1938 sui)?
3558 1869 3665 1923 llas
3689 1866 3837 1938 igitur

2257 1963 2591 2017 immaculati
2631 1961 2771 2032 Agni
2814 1977 3042 2031 carnes,
3093 1963 3146 2018 id
3182 1972 3267 2018 est
3297 1962 3575 2017 doctrinm
3607 1961 3721 2033 ejus
3748 1962 3841 2015 vis-

2253 2070 2404 2123 cera,
2439 2069 2620 2126 neque
2658 2055 2827 2110 crttda
2867 2055 2987 2110 sine
3028 2056 3490 2126 interpretatione
3522 2055 3664 2110 sumi
3694 2068 3838 2124 opor‘

2259 2156 2368 2216 tet,
2416 2163 2594 2218 neque
2623 2155 2780 2202 cocta
2813 2148 2866 2202 in
2897 2165 3061 2217 aqua,
3097 2149 3149 2204 id
3181 2158 3268 2204 est
3296 2163 3497 2204 eorum
3531 2149 3841 2202 dissertione

2254 2239 2557 2305 dissoluta,
2599 2251 2764 2311 atque
2801 2240 3062 2308 decocta,
3106 2241 3202 2312 qui
3245 2242 3394 2298 velut
3423 2259 3570 2313 aqua
3611 2240 3839 2298 deorsum

2257 2331 2458 2397 ﬂuunt,
2491 2332 2629 2388 nihil
2662 2349 2964 2402 supernum
2998 2335 3337 2401 sentientes;
3386 2335 3488 2391 sed
3521 2342 3732 2399 assata,
3767 2333 3839 2387 iu-

2257 2428 2409 2498 quit,
2439 2426 2580 2498 igni,
2616 2427 2666 2481 id
2691 2435 2778 2482 est
2807 2428 3002 2498 spiritu
3025 2427 3215 2483 divino
3235 2427 3476 2484 solidata
3508 2438 3674 2497 atque
3697 2434 3836 2481 tosta.

2262 2521 2409 2592 Ignis
2431 2522 2579 2576 enim
2604 2534 2829 2575 sursum
2855 2535 3073 2576 versum
3100 2521 3301 2576 tendit.
3333 2519 3500 2576 Unde
3521 2519 3734 2576 dicebat
3752 2517 3841 2572 Do-

2263 2615 2444 2682 minus
2475 2613 2718 2668 Judteis:
2774 2613 2879 2669 Vos
2921 2614 2987 2668 de
3016 2615 3355 2686 inferioribus
3383 2616 3532 2683 estis,
3565 2630 3656 2686 ego
3683 2613 3742 2665 de
3765 2628 3839 2665 su-

2263 2709 2440 2779 pernis
2460 2725 2576 2762 sum
2598 2707 2784 2780 (Joan.
2816 2705 2959 2778 vm).
2995 2707 3141 2779 Ergo
3162 2707 3423 2778 quoniam
3453 2707 3698 2763 membra
3722 2702 3838 2774 Agni

2266 2804 2360 2859 Dei
2393 2802 2705 2873 Scripturas
2731 2801 2852 2871 ejus
2881 2802 3144 2867 diximus,
3186 2801 3476 2858 videamus
3508 2799 3639 2872 quid
3669 2805 3840 2853 estca-

2264 2906 2362 2968 put
2393 2911 2518 2950 cum
2547 2894 2798 2965 pedibus,
2832 2904 2888 2949 et
2918 2894 3243 2960 interaneis,
3278 2894 3548 2949 videlicet
3578 2903 3629 2946 ut
3659 2889 3680 2928 ι
3708 2891 3754 2944 in
3772 2902 3841 2943 ca-

2267 2994 2375 3060 pite
2405 2989 2747 3045 divinitatem
2775 2989 3016 3058 accipias
3040 2987 3093 3042 in
3117 2997 3358 3058 quatuor
3387 2987 3835 3058 Evangelistarum

2268 3083 2614 3139 testimonio:
2667 3080 2682 3120 ι
2722 3081 2884 3152 pedes
2925 3082 2990 3136 ad
3042 3080 3545 3152 incorporationem
3574 3080 3833 3140 sumimus,

556 3265 762 3320 dotibus
783 3306 796 3329 ,
846 3265 936 3340 sed
983 3265 1186 3332 iubente
1234 3265 1368 3340 Lege
1403 3275 1507 3340 tota
1551 3281 1674 3340 gens
1704 3265 2148 3340 sacriﬁcat,_dum
2176 3276 2222 3340 ρ
2254 3265 2712 3340 sanavimusfreti
2741 3265 2986 3340 subsidio
3011 3282 3145 3322 mss.
3175 3267 3316 3322 Editi
3345 3283 3547 3338 nempe
3577 3267 3835 3338 legebant:

561 3352 658 3405 pro
698 3352 752 3388 se
797 3337 1014 3406 quisque
1060 3347 1252 3406 mactat
1295 3336 1515 3388 hostium
1545 3337 1653 3389 suis
1694 3337 1950 3390 manibus.
1997 3337 2061 3390 Et
2094 3339 2147 3392 in

564 3414 725 3460 trart.
757 3406 826 3460 de
859 3406 1061 3461 Decal:
1098 3405 1302 3460 Pascha
1332 3407 1544 3470 dicitur,
1579 3408 2153 3478 quandopopulariter

563 3479 759 3550 singuli
793 3478 1118 3551 sacriﬁcant.
1155 3494 1257 3531 non
1299 3479 1602 3549 exspectatis
1635 3477 2018 3551 sacerdotibus,
2054 3480 2153 3551 ipsi

565 3548 814 3622 permissu
872 3548 1337 3622 Legisifuugentcs
1397 3550 1688 3603 sacerdotio
1733 3551 2012 3622 quotannis
2064 3548 2154 3619 per

563 3620 896 3674 ununtdiem.
927 3621 994 3676 Ut
1031 3620 1271 3676 Philonis
1300 3623 1688 3674 auctoritatem
1718 3621 1913 3686 elevet,
1949 3621 2156 3676 Natalis

565 3691 898 3764 Alexander,
935 3701 971 3745 t.
997 3709 1035 3746 ι.
1068 3693 1206 3746 llist.
1235 3693 1446 3764 Eccles.
1481 3691 1600 3746 V'et.
1627 3693 1872 3746 TeStam.
1913 3709 1978 3764 p.
2002 3695 2109 3749 280
2140 3735 2154 3757 ,

565 3763 663 3824 ait.
699 3764 874 3834 ipsum
919 3765 1159 3836 oratorio
1189 3780 1329 3817 more
1370 3763 1538 3818 fuisse
1568 3763 1932 3836 loeutumsAt
1961 3763 2152 3836 inmy,

563 3837 620 3890 in
652 3844 806 3890 tract.
838 3836 905 3888 de
928 3835 1111 3890 Veteri
1136 3835 1448 3890 Judicorum
1476 3837 1740 3890 Paschate
1760 3835 1967 3890 Gallice
1987 3835 2156 3900 edito,

567 3923 686 3977 pag.
720 3907 843 3973 154,
880 3906 1451 3973 Philonetuexplodit,
1485 3921 1551 3962 eo
1582 3906 1724 3973 quod
1753 3906 2159 3961 AleXandrino-

567 3995 686 4033 rum
720 3979 1000 4032 schismati
1031 3978 1265 4032 faveret.
1299 3978 1550 4032 Profecto
1595 3979 1823 4032 ismrutn
1873 3988 2158 4032 auctorum

562 4051 808 4103 rationes
835 4059 887 4119 et
928 4057 1247 4119 argumenta
1291 4048 1452 4102 valde
1483 4052 1812 4103 roborantur
1845 4051 2162 4103 testimonio

533 4123 538 4128 '
567 4120 801 4173 Zenonis
836 4118 1167 4174 Veronensis
1201 4118 1468 4187 episcopi,
1503 4122 1592 4187 qui
1624 4135 1791 4173 serm.
1827 4121 1855 4171 7
1881 4120 1949 4172 de
1974 4121 2162 4173 Exodo

569 4193 689 4245 hinc
735 4190 900 4244 habet
947 4208 960 4242 :
1017 4189 1320 4244 Pharisa’us
1381 4192 1815 4259 quemadmodum
1876 4189 2162 4260 legitimum

571 4261 780 4315 Pascha
829 4262 987 4330 possit
1036 4263 1294 4315 celebrare
1341 4278 1441 4314 non
1502 4262 1685 4322 video,
1735 4261 1885 4327 cujus
1934 4263 2163 4316 eminens

570 4335 930 4403 famosuntque
951 4333 1084 4386 illud
1106 4331 1376 4398 templum,
1415 4332 1690 4386 miserabili
1716 4334 2002 4386 vastatione
2023 4351 2166 4386 cam-

568 4405 651 4476 pis
681 4413 962 4476 (aquatum,
986 4419 1082 4476 suo
1112 4404 1321 4476 puluere
1338 4406 1483 4474 jacet
1500 4405 1778 4476 sepultum.
1801 4404 1868 4456 Et
1895 4419 2065 4476 sertn.
2100 4405 2166 4458 15

569 4472 640 4530 de
686 4472 874 4529 EXodn
929 4493 943 4529 :
973 4472 1187 4528 Jndazos
1213 4472 1495 4539 legitimum
1540 4473 1744 4527 Pascha
1781 4475 2032 4528 celebrare
2063 4492 2166 4527 non

568 4562 719 4619 posse
759 4545 1182 4619 pauctsiaccipe,
1217 4542 1526 4598 Christiane.
1580 4545 1877 4619 Salomonis
1923 4544 2166 4615 templum

573 4616 750 4672 hostili
775 4618 1064 4672 vastatione
1090 4616 1388 4670 subrersum
1419 4631 1537 4668 cum
1577 4617 1728 4670 ruina
1753 4633 1848 4670 sua
1869 4619 2050 4688 jaceat
2085 4633 2166 4671 se-

571 4689 804 4759 pultum,
849 4690 935 4743 ubi
983 4688 1321 4754 sacriﬁcant?
1379 4689 1512 4742 Item
1565 4688 1716 4742 Hier.
1769 4691 1819 4741 in
1876 4689 2037 4758 epist.
2099 4689 2165 4742 ad

574 4761 864 4831 Nepotiani.
906 4779 917 4814 :
955 4759 1067 4814 Nec
1121 4760 1447 4814 immolemus
1493 4776 1704 4831 agnum,
1755 4777 1844 4812 nec
1899 4760 2166 4830 myslicnnt

573 4829 780 4887 Pascha
811 4833 1143 4899 celebremus,
1177 4832 1300 4902 quia
1331 4831 1440 4885 haec
1467 4829 1655 4901 absque
1677 4833 1868 4900 templo
1894 4833 2008 4900 ﬁeri
2035 4831 2170 4900 Lege

572 4903 933 4969 prohibentur.

649 4981 676 5009 ⁸
706 4974 762 5028 lu
801 4975 962 5028 editis
989 4974 1187 5028 dicunt.
1219 4973 1482 5040 Quamvis
1517 4973 1620 5028 hoc
1662 4973 1782 5029 loro
1834 4974 2024 5027 vitium
2073 4988 2170 5042 per

573 5058 635 5098 se
687 5053 889 5113 pateat,
937 5055 1116 5099 tamen
1166 5045 1331 5112 officii
1361 5046 1538 5099 nostri
1579 5053 1664 5100 est
1714 5060 1938 5101 monere
1980 5045 2172 5098 dicitur

572 5113 681 5185 legi
714 5117 768 5168 in
799 5115 960 5169 codd.
993 5131 1128 5169 mss.

648 5187 675 5225 δ
707 5187 901 5242 Tutum
954 5187 1096 5240 hunc
1126 5185 1418 5241 Gaudentii
1465 5188 1686 5252 locum,
1739 5188 1830 5241 ubi
1890 5195 1994 5242 tam
2051 5202 2172 5256 per-

573 5260 762 5327 spicue
810 5259 1031 5312 disserit
1054 5257 1122 5311 de
1150 5256 1377 5312 veritate
1413 5257 1751 5313 Sacramenti
1786 5261 2166 5326 Eucharistiae,

572 5332 806 5399 pretttlit
838 5329 1244 5384 illustrissimus
1265 5329 1333 5399 de
1355 5329 1554 5394 Marca,
1579 5330 1799 5386 dissert.
1829 5332 1895 5384 de
1921 5329 2166 5386 Sacram.

575 5398 966 5468 Eucharistiai,
1011 5398 1378 5456 Gaudentium
1438 5399 1684 5455 referens
1735 5403 1879 5455 inter
1919 5402 2169 5470 antiquos

572 5473 784 5536 Patres.
811 5474 907 5544 qui
938 5473 1222 5527 veritatem
1256 5471 1414 5542 hujus
1437 5472 1687 5543 mysterii
1719 5483 1908 5542 aperte
1933 5487 1996 5527 ac
2022 5473 2172 5526 lucu-

576 5549 752 5600 lenter
788 5543 1017 5610 professi
1043 5552 1190 5598 sunt.

651 5628 672 5655 ο
726 5616 906 5688 Editi,
958 5625 1066 5669 tum
1117 5615 1331 5688 sanguis
1375 5616 1510 5687 ejus.
1558 5615 1871 5688 Abjecimus
1935 5616 2164 5670 otiosam

573 5688 722 5755 illam
753 5687 1097 5755 particulam,
1128 5686 1250 5742 cum
1275 5686 1589 5754 non’exstet
1610 5686 1665 5741 in
1700 5703 1850 5748 mss.
1954 5753 1957 5755 ἓ
2122 5749 2123 5752 η

648 5759 671 5793 ά
701 5753 765 5812 Et
787 5755 874 5812 hic
897 5771 1236 5829 quoquenon
1264 5756 1536 5814 modicum
1562 5755 1758 5814 latebat
1788 5753 2165 5828 vitiumquod

2259 3336 2461 3392 Stolam
2492 3338 2683 3408 quippe
2715 3339 2878 3391 nostri
2908 3340 3141 3408 corporis
3183 3336 3569 3405 indumentum,
3617 3336 3707 3392 suo
3731 3350 3835 3408 pro-

2258 3411 2370 3477 prio
2400 3421 2509 3462 erat
2536 3411 2786 3480 sanguine
2813 3411 3110 3476 ablaturus,
3141 3426 3244 3479 qua
3272 3411 3512 3467 lectione
3543 3409 3674 3464 nihil
3709 3409 3837 3480 inep-

2260 3476 2386 3534 tius.
2425 3476 2983 3552 Flor.,ii:ndumentum
3022 3476 3195 3542 suum,
3230 3485 3445 3548 proprio
3480 3491 3591 3537 erat
3613 3476 3837 3552 sanguine

2259 3555 2566 3616 ablaturus;
2609 3550 2752 3605 Vatt.
2807 3552 2939 3618 duo,
2991 3547 3353 3607 indumentum
3406 3570 3595 3621 suum,
3647 3547 3836 3621 proprio

2260 3633 2371 3677 erat
2399 3623 2654 3693 sanguine
2675 3623 2977 3687 dilutnrus;
3009 3625 3314 3694 eodemque
3349 3627 3516 3680 modo
3548 3617 3704 3679 etiam
3729 3617 3832 3673 cod.

2262 3695 2477 3749 Octavii
2520 3695 2864 3764 Pantagatbi.

2336 3775 2357 3802 ε
2387 3760 2944 3839 Excideyt'verhum
2970 3767 3098 3836 facit
3129 3767 3182 3821 in
3226 3767 3406 3835 editis,
3457 3765 3600 3839 quod
3637 3760 3832 3839 supple-

2259 3837 2439 3891 vimus
2480 3851 2546 3890 ex
2594 3835 2742 3893 Flor.
2783 3846 2836 3892 et
2877 3833 3022 3892 Vait.
3053 3839 3286 3894 duobus.
3336 3833 3516 3896 llabét
3545 3835 3672 3893 illud
3697 3833 3832 3889 etiam

2263 3908 2406 3962 liber
2433 3907 2776 3976 Pantagathi.

2340 3979 2358 4016 ί
2395 3978 2570 4040 Flor.,
2603 3979 2737 4034 Urb.
2773 3990 2831 4035 et
2859 3980 3004 4034 Vatt.
3039 3980 3148 4034 duo
3179 3981 3367 4050 legunt
3398 3999 3411 4035 :
3484 3979 3638 4050 Unde
3681 3979 3831 4030 beatus

2263 4050 2498 4103 Andreas
2538 4051 2737 4103 dicebat
2766 4052 2834 4105 ad
2869 4051 3087 4120 fratrem
3116 4048 3267 4105 suum
3310 4053 3574 4108 Simonem
3605 4048 3827 4120 Petrum,

2269 4121 2474 4186 Quem;
2505 4131 2665 4190 atque
2697 4124 2779 4176 his
2810 4115 2974 4176 codd.
3020 4125 3299 4178 consentit
3327 4126 3468 4179 liber
3515 4115 3825 4188 Pantagallti.

2269 4191 2509 4262 Utraque
2544 4193 2707 4246 lectio
2742 4193 3070 4263 Evangelico
3098 4207 3246 4249 textu
3275 4195 3452 4250 fulciri
3489 4202 3678 4262 petest.

2341 4273 2364 4309 κ
2394 4254 2556 4325 Edili.
2578 4275 2856 4335 corrupte.
2875 4254 2929 4318 iis
2949 4264 3079 4335 Lege
3094 4278 3142 4320 et
3160 4266 3458 4334 Proithetis.
3487 4254 3630 4321 Flnr.
3654 4271 3708 4335 et_
3723 4254 3825 4335 cud-

2268 4335 2612 4402 Pantagathi,
2663 4329 2964 4405 Prophetm.
3013 4329 3220 4405 Exigua
3272 4329 3496 4407 quidem
3528 4329 3827 4407 emendatio.

2268 4408 2363 4478 sed
2391 4401 2546 4478 Valde
2589 4401 2893 4461 necessaria
2923 4424 2938 4473 ;
2995 4401 3145 4462 nihil
3180 4401 3325 4465 enim
3377 4410 3600 4478 scripsit
3638 4407 3687 4460 itt
3716 4401 3829 4456 Pro-

2269 4476 2704 4553 phetisMoyses:
2851 4549 2863 4553 _
2947 4550 2957 4553 _
3104 4552 3109 4553 ί
3191 4550 3213 4553 _
3498 4476 3507 4478 _
3657 4548 3668 4553 _
3742 4543 3751 4553 .

2341 4547 2367 4580 ἰ
2386 4546 2632 4622 _Unus_'ex
2654 4547 2806 4622 rVatt.
2833 4549 3069 4618 duobus,
3095 4552 3146 4605 in
3174 4550 3419 4617 Christo;
3473 4553 3630 4622 alter,
3652 4548 3707 4622 in
3737 4546 3831 4622 ipso

2273 4617 2497 4671 Christo.
2539 4619 2732 4688 Aptior
2767 4633 2947 4678 autem
2990 4617 3218 4677 omnino
3251 4624 3464 4678 videtur
3495 4620 3653 4678 lectio
3697 4617 3828 4688 bullis

2276 4689 2567 4765 lociquam
2593 4678 2915 4765 suppeditat
2947 4695 3082 4748 liber
3129 4695 3338 4749 Octavii
3381 4687 3691 4765 Pantagathi
3720 4703 3733 4740 :
3759 4678 3825 4736 Ἐἰ

2273 4761 2617 4838 quidplura?
2641 4763 3004 4838 clarissime_in
3028 4767 3141 4837 ipso
3171 4767 3479 4838 continetur.

2353 4831 2366 4868 ἱ
2407 4831 2526 4885 Vat.
2556 4842 2806 4903 uterque,
2833 4850 2895 4889 ac
2922 4831 3093 4900 Flori,
3122 4853 3235 4890 cum
3261 4837 3406 4890 dicit.

2350 4907 2362 4976 _l
2401 4903 2554 4976 Mss"
2586 4905 2695 4968 eius
2720 4907 2810 4976 qui
2843 4908 2895 4959 in
2928 4923 3006 4961 me
3032 4907 3286 4976 loquitur,
3315 4908 3526 4962 Christi.

2345 4965 2666 5050 {Parisiem
2698 4965 2753 5050 ei
2772 4975 2966 5032 Colon.
3000 4965 3171 5050 ediiio
3191 4980 3244 5034 in
3274 4965 3470 5050 capita.
3501 4978 3654 5035 Male.
3679 4965 3821 5040 Lugd-

2271 5055 2327 5102 et
2353 5044 2507 5117 Flor.
2541 5047 2690 5111 cod.,
2723 5049 2775 5102 in
2803 5050 2992 5117 capite.
3025 5048 3216 5106 Recte.

2352 5115 2368 5196 _1
2405 5119 2627 5196 Scilicet
2654 5119 2719 5172 ad
2752 5115 3220 5196 incarnationem,
3263 5139 3423 5196 quam
3450 5117 3821 5196 corporatioaem

2275 5189 2526 5264 l_l_i|arius_
2562 5205 2800 5264 quoque
2831 5192 3128 5260 appellavit
3173 5185 3226 5248 in
3275 5185 3423 5251 Prol.
3457 5185 3614 5264 super
3634 5185 3821 5264 ⁸ξ’ςήιΙλιειε

2276 5251 2602 5335 Philastrius
2628 5251 2756 5335 vero
2785 5251 3261 5331 incorporationem
3293 5276 3453 5321 vocat
3479 5251 3598 5335 cap.
3620 5251 3818 5335 69εΛΑιέἱ

2271 5341 2394 5404 sunt
2435 5335 2527 5402 qui
2555 5333 2695 5386 circa
2723 5325 3228 5404 incorporationetn
3261 5339 3524 5393 aberrant.
3549 5325 3688 5390 'ltem
3711 5325 3821 5402 Cas:

2269 5402 2472 5458 siodor.
2521 5405 2557 5458 Ι.
2597 5420 2641 5479 ιι
2667 5404 2845 5479 Divin.
2883 5402 3020 5460 lect.
3056 5424 3107 5462 e.
3151 5407 3255 5462 3‘2:
3305 5411 3395 5479 qui
3425 5409 3642 5479 humano
3674 5408 3819 5479 99M"

2270 5483 2374 5551 tam
2406 5492 2593 5548 ntagna
2623 5476 2842 5551 largitus
2873 5485 2972 5551 est,
3010 5487 3062 5530 ut
3099 5495 3188 5543 per
3226 5471 3818 5551 incorporatiunis'bc’ttij

2271 5547 2451 5621 ﬁcium
2493 5545 2755 5621 rumperet
2775 5549 2999 5621 piacula
3040 5545 3405 5621 peccatorum}
3439 5563 3493 5608 et
3525 5545 3817 5621 Gaudentius

2273 5617 2577 5692 ipsegtract.
2612 5617 2718 5673 υς
2763 5619 2824 5692 Si
2854 5620 3026 5674 omnia
3041 5617 3211 5692 'opera
3238 5622 3293 5676 in
3325 5623 3453 5692 ﬁde,
3485 5629 3664 5692 quanio
3683 5620 3816 5692 ηιαρξε

2273 5683 2410 5767 istud
2427 5705 2558 5767 opus
2577 5691 2954 5767 sacratissima:
2971 5683 3559 5767 incorpn‘ratinnis'rj'us
3575 5691 3592 5742 l
3611 5683 3810 5767 Εεψὲξξέξ

2275 5741 2343 5815 is
2373 5773 2383 5811 ι
2424 5741 2595 5814 aut;
2610 5741 3813 5833 "ntere;iussisiussis“iis”titanas...
