4096 6192
312 276 425 334 857

1202 279 1435 339 SERMO
1470 280 1538 348 ll,
1580 281 1671 340 DE
1711 281 1924 340 EXODI
1962 283 2307 343 LECTIUNE
2346 284 2760 348 SECUNDUS.’

3511 294 3622 352 858

317 389 468 447 circa
498 390 661 447 tinem
684 391 868 449 saeculi
890 391 1245 451 celebratam.
1276 394 1457 453 Pedes
1474 397 1622 453 enim
1647 407 1910 456 extrema:
1937 417 1994 478 Α
2016 400 2163 457 istud
2194 410 2478 475 tantopere
2498 403 2787 475 iubeatur,
2821 405 2879 462 in
2907 407 3124 465 Joanne
3152 407 3395 480 Baptista
3422 423 3628 481 cogno-

320 497 509 556 partes
534 495 663 541 sunt
688 487 978 557 corporis:
1016 484 1074 542 in
1106 487 1407 545 interaneis
1431 498 1612 546 autem
1643 492 1911 563 percipias

318 578 537 634 occulta
574 580 857 652 mysteria.
898 579 969 636 Et
1000 597 1103 636 non
1129 582 1456 655 relinquetis,
1506 583 1717 656 inquit,
1747 602 1812 641 ea:
1848 603 1910 642 eo

315 685 479 740 usque
499 672 553 725 in
572 687 744 739 mane,
768 682 817 727 et
841 689 897 727 os
930 682 956 710 ει
978 689 1082 729 non
1104 676 1441 747 confringetis
1461 693 1527 731 ea:
1544 692 1623 732 eo.
1660 677 1789 746 Quae
1809 696 1908 733 au-

315 773 419 819 tem
448 766 820 838 superfuerunt
846 784 911 822 ea:
936 783 996 823 eo
1026 785 1188 840 usque
1214 769 1266 823 in
1299 786 1470 835 mane,
1502 771 1620 842 igne
1649 771 1909 827 cremabi-

318 857 385 913 tis
415 856 620 930 (Exod.
654 857 753 929 xu)
779 876 791 912 :
824 859 930 915 hoc
959 869 1043 916 est
1063 904 1077 928 ,
1113 862 1157 916 si
1187 876 1294 932 qua
1325 866 1714 935 mysteriorum
1744 878 1912 935 supe-

316 953 575 1016 raverint,
605 950 660 1006 in
689 966 851 1008 mane
880 953 1030 1009 illius
1053 952 1254 1010 futurae
1281 955 1712 1012 resurrectionis
1734 959 1912 1013 maui-

316 1043 584 1111 l‘estanda,
628 1062 750 1117 qua:
798 1062 993 1119 capere
1036 1050 1202 1105 modo
1243 1065 1352 1105 non
1396 1066 1705 1121 possumus.
1748 1052 1910 1107 Modo

317 1136 458 1194 enim
489 1138 596 1193 scio
622 1154 687 1194 ea:
709 1150 881 1212 parte,
916 1141 1097 1213 inquit
1114 1141 1442 1212 Apostolus,
1478 1154 1603 1198 tunc
1623 1153 1801 1199 autem
1818 1160 1910 1200 co-

316 1246 584 1305 gnoscam,
607 1231 744 1286 sicut
769 1241 817 1286 et
838 1234 1076 1304 cognitus
1108 1250 1225 1288 sum
1255 1235 1297 1303 (l
1319 1233 1440 1291 Cor.
1467 1238 1605 1307 χιιι).
1643 1237 1770 1293 llaec
1797 1236 1907 1309 igni

317 1325 608 1381 eremanda
633 1335 758 1380 sunt
778 1369 794 1394 ,
845 1324 901 1381 id
928 1335 1013 1382 est
1041 1328 1236 1384 divino
1265 1327 1529 1385 tradenda
1557 1330 1779 1400 spiritui
1804 1349 1815 1385 :
1850 1338 1909 1385 ut

317 1431 379 1471 ea
413 1432 644 1487 quorum
682 1419 952 1475 rationem
981 1421 1145 1476 modo
1185 1437 1295 1477 non
1345 1423 1616 1494 capimus,
1660 1424 1907 1480 ardentis

316 1508 443 1565 lidei
470 1511 667 1581 Spiritu
710 1521 1132 1569 consumantur.
1175 1512 1203 1553 δ
1229 1515 1391 1584 Quod
1432 1524 1615 1573 autem
1646 1517 1806 1586 dixit,
1851 1535 1909 1574 os

314 1618 416 1657 non
437 1605 700 1660 conteritis
720 1621 785 1660 ea:
802 1621 862 1660 eo
888 1604 1085 1677 (Exod.
1112 1605 1213 1680 xu)
1236 1624 1250 1662 :
1278 1611 1380 1665 hoc
1404 1611 1678 1681 prmcipit,
1704 1619 1763 1665 ut
1783 1625 1905 1666 om—

257 1731 265 1737 ς
311 1710 382 1751 ne
410 1700 556 1767 quod
587 1707 674 1753 est
698 1698 752 1752 iu
784 1699 1091 1770 Scripturis
1119 1702 1422 1772 robustius,
1452 1709 1615 1774 atque
1646 1703 1900 1771 validius,

2012 493 2210 561 scitur,
2239 494 2334 566 qui
2360 510 2501 552 zona
2530 497 2758 567 pellicca
2783 499 3112 570 praecinctus
3150 512 3272 558 erat
3298 502 3445 558 circa
3473 502 3618 560 lum-

2012 583 2115 641 bos
2143 600 2272 643 suos
2312 586 2535 658 (Matth.
2581 588 2689 662 ut).
2724 590 3063 648 Lumborutn
3093 594 3236 649 ratio
3262 609 3384 665 quae
3408 596 3503 664 sit,
3534 596 3615 652 si-

2012 677 2240 749 gniﬁcat
2272 678 2579 751 Apostolus
2613 682 2683 737 ad
2715 682 3016 740 llebrteos:
3069 683 3275 754 Adhuc,
3320 686 3519 758 inquit,
3563 689 3619 744 in

2012 768 2203 825 lumbis
2241 774 2407 839 patris
2446 785 2559 828 erat
2602 774 2767 845 Levi,
2801 776 2854 830 id
2882 787 2966 832 est
3004 776 3019 814 ί
3048 779 3393 835 sacerdotale
3422 796 3617 851 genus,

2010 868 2219 937 quando
2266 869 2497 923 occurrit
2547 869 2637 924 illi
2677 869 3064 927 Melchisedech
3104 870 3297 946 (Hebr.
3330 875 3453 945 vu).
3487 873 3617 931 Illi:

2010 962 2137 1017 cui?
2168 969 2357 1018 sancto
2382 966 2571 1033 utique
2596 966 2846 1022 Abrahae.
2884 967 3033 1023 Zona
3057 984 3191 1040 ergo
3219 970 3443 1039 pellicea
3467 971 3614 1029 circa

2009 1056 2249 1123 lumbos,
2296 1057 2773 1115 mortiﬁcationem
2814 1061 3089 1132 signiticat
3129 1062 3413 1120 vitiorum.
3447 1063 3612 1120 Pellis

2010 1149 2156 1205 enim
2179 1165 2301 1221 quae
2325 1159 2545 1221 aptatur
2571 1152 2625 1208 in
2656 1169 2838 1219 usum,
2872 1154 3098 1210 nonnisi
3130 1155 3334 1211 mortui
3360 1157 3614 1213 animan-

2010 1242 2081 1298 tis
2105 1250 2207 1298 est.
2255 1243 2482 1314 Oportet
2520 1260 2653 1316 ergo
2696 1261 2797 1302 nos
2827 1261 2898 1303 ex
2933 1256 3209 1320 praecepto
3244 1249 3336 1305 Dei
3371 1250 3611 1306 mortili-

2009 1350 2136 1391 care
2178 1337 2329 1405 prius
2365 1338 2844 1408 concupiscentias
2884 1341 3118 1409 carnis;
3164 1350 3220 1397 et
3240 1342 3322 1398 sic
3354 1344 3613 1415 accipere

2007 1445 2208 1500 corpus
2244 1428 2471 1498 Christi,
2503 1432 2595 1502 qui
2627 1448 2727 1503 pro
2758 1433 2918 1488 nobis
2945 1434 3323 1491 servientibus
3356 1436 3370 1486 i
3413 1437 3467 1491 in
3499 1451 3609 1492 sm-

2006 1527 2112 1583 culi
2164 1527 2422 1599 IEgypto,
2476 1540 2560 1585 est
2609 1528 2941 1587 immolatus.
2993 1530 3220 1604 Propter
3244 1534 3384 1604 quod
3422 1535 3604 1607 probet

2006 1637 2062 1676 se
2090 1622 2265 1689 homo,
2297 1632 2358 1678 ut
2395 1624 2470 1679 ait
2505 1626 2819 1695 Apostolus,
2862 1637 2915 1681 et
2943 1628 3019 1681 sic
3051 1629 3117 1684 de
3152 1630 3253 1683 isto
3285 1646 3420 1704 pane
3459 1647 3611 1685 man-

2007 1712 2179 1778 ducet,
2226 1724 2274 1769 et
2317 1717 2383 1770 de
2412 1716 2574 1771 calice
2608 1715 2747 1771 bibat
2778 1717 2820 1791 (ι
2843 1717 2963 1775 Cor.
2994 1720 3095 1794 xi).
3128 1720 3283 1789 Quod
3313 1734 3496 1780 autem
3524 1725 3608 1779 di-

309 1802 418 1845 uon
435 1793 862 1863 comminuetur,
882 1807 1389 1868 nequequassetur,
1413 1798 1509 1854 sed
1528 1798 1766 1854 solidum
1788 1814 1899 1854 ma—
1936 1808 1982 1870 Β
2005 1811 2077 1861 cit
2114 1823 2234 1863 cum
2269 1810 2614 1867 festinatione
2659 1812 2793 1868 illud
2829 1812 3291 1882 manducandum,
3336 1818 3602 1889 praecipit,

308 1898 470 1953 neat;
496 1889 641 1959 quod
667 1900 1000 1962 praeceptum
1025 1907 1137 1947 non
1161 1892 1560 1959 custodientes,
1592 1896 1791 1949 merito
1819 1909 1901 1948 vce

306 1981 588 2051 excipiunt
624 1982 694 2038 ab
733 1998 803 2040 eo
830 1985 988 2053 cujus
1016 2001 1140 2042 ossa
1169 1987 1571 2043 comminuunt.
1614 1986 1706 2042 Va:
1734 1987 1897 2053 vobis,

305 2074 501 2146 inquit,
532 2076 754 2144 Scribat,
786 2088 836 2134 et
866 2078 1133 2137 Pharisazi
1161 2081 1475 2154 hgpocritae,
1505 2084 1597 2153 qui
1627 2084 1900 2138 decimatis

301 2166 589 2236 mentham,
641 2179 691 2225 et
737 2170 1007 2241 anethum,
1059 2185 1107 2229 et
1143 2186 1163 2213 ο
1205 2177 1493 2247 cyminum,
1538 2185 1585 2232 et
1616 2178 1898 2249 reliquistis

299 2278 419 2333 quin
456 2262 682 2333 fortiora
715 2274 838 2320 sunt
870 2265 1042 2340 Legis,
1062 2269 1350 2341 judicium,
1384 2281 1432 2325 et
1457 2271 1893 2337 misericordiam,

298 2363 348 2409 et
378 2354 533 2424 ﬁdem
563 2355 785 2427 (Matth.
816 2358 997 2433 xxm).
1032 2362 1159 2418 llaec
1179 2371 1451 2419 suntossa
1484 2367 1634 2435 agni.
1672 2365 1740 2420 Et
1763 2365 1894 2421 alibi

296 2447 368 2503 ad
389 2448 538 2519 ipsos
559 2468 574 2506 :
595 2448 814 2507 Irritum
828 2454 1028 2525 facitis,
1058 2456 1255 2528 inquit,
1278 2459 1489 2512 verbum
1507 2456 1625 2525 Dei,
1650 2467 1706 2513 ut
1723 2459 1893 2513 tradi-

295 2543 460 2598 tiones
485 2553 681 2599 vestras
704 2550 949 2603 statuatis
980 2547 1197 2619 (Matth.
1226 2548 1339 2621 xv).
1370 2549 1571 2621 Adjicit
1597 2565 1729 2606 vero
1752 2551 1892 2606 Deus

295 2635 351 2691 in
383 2636 572 2692 Exodo
600 2640 981 2709 superioribus
1012 2641 1173 2698 dictis
1202 2642 1317 2698 haec
1342 2661 1355 2698 :
1402 2643 1494 2699 Sic
1523 2652 1697 2699 autem
1722 2660 1891 2699 come-

292 2730 423 2785 detis
442 2731 594 2787 illum
611 2733 833 2805 (agnum
852 2734 1132 2805 videlicet)
1155 2755 1169 2793 :
1200 2735 1227 2775 τι
1247 2738 1409 2793 lumbi
1427 2740 1581 2794 vestri
1597 2742 1886 2813 prazcincti,

293 2822 456 2896 252
484 2835 535 2879 et
566 2827 916 2884 calciamenta
956 2839 1124 2885 uestra
1150 2832 1205 2886 in
1235 2832 1456 2905 pedibus
1481 2837 1685 2904 uestris,
1720 2845 1768 2891 et
1797 2837 1888 2891 ba-

290 2916 393 2972 culi
413 2936 468 2973 tu
491 2920 729 2976 manibus
744 2926 945 2991 uestris,
969 2934 1016 2980 et
1036 2925 1199 2980 edetis
1224 2935 1246 2963 ο
1269 2925 1405 2982 illud
1424 2929 1750 2998 festinanter.
1778 2928 1889 2984 Pa-

282 3011 414 3075 scha
432 3013 571 3068 enim
584 3023 660 3068 est
676 3013 891 3071 Domini
912 3016 1113 3091 (Exod.
1131 3019 1250 3091 xu).
1285 3020 1363 3079 De
1384 3022 1794 3093 calciamentis,
1830 3034 1886 3082 et

289 3103 504 3161 baculis
538 3103 556 3144 ί
592 3108 754 3180 longa
775 3111 914 3166 ratio
943 3119 1062 3178 est,
1096 3129 1224 3183 quae
1243 3114 1353 3169 alio
1381 3124 1629 3185 tempore
1648 3116 1885 3174 dissere-

2006 1916 2074 1956 nc
2106 1902 2257 1959 lento
2294 1909 2484 1973 corde,
2520 1915 2574 1962 et
2614 1923 2713 1964 ore
2743 1908 3028 1980 languido,
3066 1910 3479 1969 Sacramentum
3503 1913 3612 1970 Do-

1986 1998 2190 2061 .minici
2227 2000 2475 2069 corporis
2513 2015 2826 2069 sumamus,
2881 2012 2937 2059 et
2977 2004 3292 2075 sanguinis;
3344 2006 3438 2063 sed
3480 2022 3605 2064 cum

2001 2092 2625 2162 onmiaviditateanimi,
2641 2094 2799 2166 quasi
2823 2110 2952 2152 vere
2974 2097 3287 2154 esurientes
3304 2140 3318 2163 ,
3345 2100 3608 2156 etsitien-

2000 2192 2083 2241 tes
2101 2184 2398 2255 justitiam.
2426 2187 2772 2256 Beatienim,
2804 2189 2936 2246 dicit
2970 2191 3230 2247 Dominus
3266 2191 3465 2261 Jesus,
3514 2193 3606 2264 qui

1997 2283 2230 2337 esuriant
2280 2292 2329 2338 et
2368 2284 2554 2339 sitiunt
2577 2286 2883 2355 justitiam,
2930 2286 3053 2357 quia
3090 2286 3196 2358 ipsi
3230 2288 3609 2343 saturabuntur

1997 2373 2213 2445 (Matth.
2242 2374 2319 2447 v).
2343 2376 2694 2434 Concludens
2720 2387 2904 2434 autem
2936 2380 3212 2449 proposita
3240 2378 3431 2447 lectio,
3463 2393 3603 2449 prte-

1995 2467 2143 2523 clara
2170 2484 2290 2538 quae
2318 2468 2563 2532 dixerat,
2608 2470 2715 2526 line
2743 2469 3101 2541 dignissimo,
3138 2472 3252 2526 ait:
3286 2469 3498 2526 Pascha
3528 2481 3605 2527 est

1994 2561 2131 2614 enim
2180 2558 2396 2615 Domini
2450 2560 2657 2626 (Exod.
2706 2562 2843 2633 xtl).
2880 2561 2907 2601 ¹ί
2949 2562 2994 2617 0
3031 2564 3256 2618 altitudo
3300 2564 3601 2619 divitiarum

1992 2652 2267 2721 sapientia
2295 2663 2344 2707 et
2369 2654 2598 2709 scientiae
2637 2652 2737 2709 Dei
2792 2654 2976 2725 (Rom.
3029 2654 3142 2726 xt)!
3190 2652 3207 2692 1
3255 2653 3467 2709 Pascha
3492 2660 3601 2725 est",

1992 2742 2215 2814 inquit,
2262 2743 2490 2827 .Domini
2537 2763 2550 2800 :
2602 2745 2708 2801 hoc
2763 2754 2848 2802 est
2904 2747 3169 2802 transitus
3228 2747 3487 2813 Domini;
3529 2763 3599 2802 no

1989 2836 2153 2910 243
2176 2845 2451 2894 terrenum
2482 2847 2637 2908 putes
2665 2839 2807 2909 quod
2831 2840 3056 2896 cteleste
3094 2839 3348 2896 elfectum
3374 2846 3460 2895 est
3495 2854 3596 2910 per

1989 2946 2114 2988 eum
2146 2934 2237 3003 qui
2273 2932 2467 2987 transit
2503 2934 2557 2988 in
2586 2932 2749 3000 illud,
2780 2932 2845 2989 'et
2879 2932 3010 2989 fecit
3039 2932 3175 2988 illud
3206 2948 3365 2987 suum
3397 2947 3595 3002 corpus

1988 3033 2044 3081 et
2064 3027 2406 3097 sanguinem.
2442 3027 2574 3083 Nam
2606 3026 2752 3098 quod
2783 3044 2944 3096 supra
2967 3026 3305 3098 generaliter
3332 3025 3593 3096 exposui-

1988 3133 2111 3173 mus
2142 3118 2210 3173 de
2239 3118 2450 3175 edenda
2482 3134 2647 3175 carne
2674 3118 2797 3190 agni
2817 3160 2833 3185 ,
2863 3118 3177 3188 specialiter
3203 3117 3260 3172 in
3289 3117 3587 3187 degustan-

293 3197 485 3254 tur.De
514 3201 907 3269 praecinctione
933 3203 1279 3273 lumborum,
1302 3207 1447 3278 quod
1471 3209 1788 3278 frequenter
1811 3222 1883 3268 8a
1915 3202 1961 3267 C
1991 3210 2076 3267 dis
2109 3212 2434 3268 servandum
2464 3222 2549 3269 est
2580 3212 2775 3267 iisdem
2807 3211 3083 3284 mysteriis
3116 3210 3415 3266 Dominica:
3450 3208 3587 3265 Pas—

290 3303 379 3345 me
407 3290 572 3348 latius
607 3292 812 3350 dictum
844 3304 961 3363 est,
1009 3298 1250 3355 breviter
1282 3316 1431 3357 nunc
1459 3302 1699 3360 dicetur.
1732 3304 1889 3362 Scri-

289 3380 434 3438 bitur
456 3385 802 3443 inJeremia:
838 3386 906 3443 Et
932 3399 990 3444 tu
1008 3394 1267 3466 prwcinge
1291 3394 1495 3450 lumbos
1517 3407 1651 3461 tuos,
1683 3407 1732 3455 et
1751 3401 1893 3456 dices

289 3477 357 3530 ad
383 3478 634 3548 populum
658 3478 879 3546 (Jerem.
910 3482 970 3556 ι).
1000 3485 1069 3539 Et
1087 3486 1154 3540 ad
1177 3496 1427 3543 sanctum
1450 3488 1583 3544 Job:
1617 3489 1891 3566 Prwcinge

289 3578 554 3642 tamquam
568 3573 645 3628 oir
655 3572 860 3630 lumbos
875 3585 994 3631 tuos
1011 3593 1030 3632 :
1060 3579 1390 3650 interrogabo
1401 3590 1574 3636 autem
1589 3593 1658 3650 te,
1673 3583 1759 3638 tuh
1773 3602 1890 3641 vero

289 3664 607 3733 respondeas
644 3666 793 3722 mihi.
842 3668 939 3723 Ubi
969 3687 1087 3725 eras
1113 3689 1229 3726 cum
1260 3689 1355 3744 ego
1390 3675 1665 3746 fundarem
1697 3689 1887 3734 terram

289 3753 435 3830 (Job.
463 3774 697 3829 xxxvut,
734 3761 865 3834 xc)?
893 3775 947 3819 et
969 3765 1200 3836 reliqua.
1240 3766 1492 3839 Apostoli
1532 3786 1751 3843 quoque
1792 3789 1888 3829 au-

290 3853 486 3913 diunt:
519 3857 639 3915 Sint
670 3860 831 3917 lumbi
861 3866 1018 3919 vestri
1048 3869 1314 3938 prwcincti
1340 3867 1496 3941 (Luc.
1525 3868 1628 3942 xu)
1658 3887 1672 3937 ;
1708 3882 1759 3926 et
1789 3885 1888 3926 cur

293 4024 546 4095 designat.
602 4024 686 4081 Ex
736 4026 836 4083 hac
874 4027 1170 4087 Gaudentii
1210 4033 1487 4088 sententia
1530 4032 1750 4089 videtur
1789 4032 1885 4088 de-

294 4103 567 4165 sumptum
594 4097 725 4153 illud
750 4101 896 4166 quod
926 4100 1156 4158 habetur
1185 4104 1240 4158 in
1273 4104 1413 4159 libro
1435 4105 1502 4159 de
1527 4104 1782 4159 Essentia
1808 4106 1889 4159 Di-

293 4168 533 4245 viu_i_t_a_tis
554 4168 723 4245 (inter
741 4170 920 4245 Opera
946 4175 1243 4244 Augustino
1260 4177 1556 4245 adscripta,
1585 4176 1720 4230 edit.
1748 4175 1880 4230 Ben.

296 4246 338 4316 ξ.
377 4238 507 4306 Vill,
552 4238 800 4316 quisquis
847 4238 1063 4299 tandem
1116 4247 1261 4300 illius
1302 4238 1659 4302 libri'auCtor
1694 4247 1785 4316 sit)
1828 4250 1879 4301 in

295 4307 729 4386 huncmodutn':
762 4316 928 4369 Aliter
953 4318 1108 4380 pedes
1140 4316 1268 4371 Filii
1300 4317 1422 4384 Dei,
1455 4318 1745 4372 incarnatio
1766 4307 1882 4386 ejus

294 4381 624 4460 intelligitur,
650 4400 767 4456 qua:
785 4387 1046 4460 divinitati
1065 4391 1294 4458 subjecta
1314 4381 1416 4453 est,
1443 4401 1704 4459 tamquam
1728 4381 1885 4460 capiti

298 4454 470 4529 pedes.
507 4456 627 4508 Siue
657 4454 751 4526 pro
777 4474 840 4529 eo
865 4459 1004 4528 quod
1029 4454 1167 4515 circa
1195 4460 1351 4529 ﬁnem
1372 4454 1695 4526 mundi'ipsa
1723 4454 1888 4514 incar-

296 4527 613 4604 natiofacta
634 4537 730 4584 est.
786 4527 936 4604 Sicut
970 4533 1105 4586 enim
1134 4527 1225 4603 per
1263 4542 1418 4598 caput
1456 4535 1534 4604 (ut
1562 4533 1757 4585 dictum
1786 4529 1884 4601 est)

298 4595 568 4677 diuinitas,
593 4598 670 4677 ita
700 4617 792 4677 per
824 4601 978 4677 pedes
1003 4595 1302 4677 ﬁguraliter
1327 4595 1623 4677 humanitas
1653 4607 1767 4677 ejus
1794 4595 1886 4657 ex.-

297 4668 558 4745 primitur.
584 4668 717 4745 Vat.
752 4668 894 4742 duo,
929 4668 1063 4729 Urb:
1100 4685 1154 4731 et
1184 4676 1307 4730 cod.
1346 4668 1890 4745 Pantagathi'legunt

298 4742 451 4807 pedes
480 4742 551 4795 ad
576 4741 1055 4811 incorporationem
1078 4763 1273 4800 sumas.

371 4818 397 4847 ει
427 4811 552 4866 Mss.
586 4814 773 4888 codd.,
804 4832 907 4869 non
934 4818 1571 4888 comminuetis;etpaulo
1602 4827 1892 4887 post,qucc

296 4894 467 4955 autem
495 4886 864 4955 superfuerint.

368 4952 394 4991 ἱ»
426 4954 626 5009 lterum
652 4952 783 5010 dicit
812 4972 911 5026 pro
937 4958 1070 5012 dixit
1126 4958 1179 5012 in
1213 4958 1342 5013 Mss.

372 5027 672 5100 °_Utet‘que
696 5027 842 5100 val",
871 5030 1154 5097 cuminum,
1191 5038 1398 5100 mutata
1426 5045 1461 5100 y
1490 5028 1544 5084 in
1575 5047 1632 5095 u,
1665 5039 1723 5084 ut
1748 5044 1891 5100 smpe

297 5095 416 5172 [icri
464 5095 882 5172 solebat.-V_itl_e
922 5095 1171 5172 cassiod.
1214 5095 1478 5170 Orthogr.
1515 5118 1637 5172 cap.
1690 5101 1716 5155 1
1749 5109 1805 5155 et
1829 5095 1889 5155 ᾉ.

266 5228 271 5233 _
298 5164 445 5242 Vatt:
479 5166 759 5242 consentit
791 5168 930 5225 liber
954 5170 1301 5242 Pantagathi.

366 5238 393 5274 ά
422 5237 500 5315 Ita
530 5238 584 5294 in
613 5238 772 5294 editis
801 5248 858 5296 et
883 5257 1017 5297 mss.
1059 5237 1307 5315 Lugdun.
1339 5243 1538 5309 editio,
1573 5242 1694 5300 Sint
1731 5242 1894 5297 lumbi

296 5312 472 5365 vestri.

300 5391 396 5507 Ἡο
426 5381 517 5440 Sic
560 5381 768 5439 habent
804 5399 939 5439 mss.
985 5395 1041 5441 et
1079 5385 1233 5442 editi.
1287 5385 1441 5443 Unus
1484 5402 1549 5441 cx
1591 5385 1889 5451 Vaticanis,

300 5469 310 5506 Ι
362 5471 466 5507 nm.

294 5469 466 5511 tuum.

373 5524 391 5562 τ
430 5527 482 5580 In
527 5528 690 5584 editis
722 5527 813 5604 sic
853 5527 1068 5598 legitur.
1113 5527 1238 5604 Mss.
1274 5543 1409 5586 vero
1438 5527 1595 5604 longa
1626 5529 1765 5584 ratio
1794 5539 1891 5596 est,

297 5594 404 5648 alio
428 5607 680 5669 tempore.
718 5599 884 5669 Infra,
910 5594 1077 5654 tract.
1112 5601 1165 5655 5.

371 5676 397 5737 β
425 5667 573 5724 Flor.
603 5680 660 5725 et
690 5673 832 5727 Vatt.
861 5667 989 5737 duo,
1023 5672 1179 5727 latius
1202 5672 1344 5727 vobis
1374 5672 1574 5727 dictum
1595 5682 1689 5727 est.

372 5734 400 5774 ⁸³
430 5737 561 5863 giae.
592 5740 782 5810 codd.,
814 5752 870 5800 tu
892 5734 1014 5801 vero
1039 5743 1320 5819 responde.
1684 5798 1687 5807 ,
1846 5806 1849 5813 ν

379 5804 391 5844 ί
476 5811 576 5863 lor.
607 5814 729 5863 ϐοά.
760 5822 813 5863 et
842 5802 972 5863 Urb.
1005 5816 1365 5863 mstitnarttnl
1394 5806 1538 5863 hunc
1571 5798 1775 5863 iuctltm
1803 5822 1849 5863 nl

379 5804 391 5844 ί
432 5798 576 5866 Flor.
607 5798 729 5867 eod.
760 5798 813 5869 ἐι
842 5798 972 5869 Urb.
1005 5798 1365 5872 restituerunt
1394 5806 1538 5873 hunc
1571 5798 1775 5883 locum,
1803 5806 1893 5886 qiil

1992 3306 2165 3361 siouis
2195 3323 2208 3359 :
2241 3316 2296 3361 ut
2327 3320 2506 3377 neque
2544 3307 2771 3361 crudam
2799 3320 3019 3361 carnem
3040 3346 3055 3371 ,
3083 3303 3425 3374 crudumque
3453 3318 3587 3358 san-

1991 3401 2254 3472 guinem,
2297 3401 2437 3455 sicut
2475 3399 2731 3468 Judaeus,
2775 3415 2898 3456 esse
2936 3407 3123 3469 putes,
3160 3408 3215 3455 et
3245 3413 3472 3468 rcspuas
3510 3397 3592 3453 di-

1994 3511 2124 3552 cens
2161 3513 2174 3550 :
2209 3505 2248 3532 ¹ι³
2284 3494 2557 3561 Quomodo
2600 3503 2762 3567 potest
2810 3495 2956 3549 iste“
3012 3494 3139 3547 dare
3185 3508 3397 3546 carnem
3447 3507 3596 3545 suam

1994 3590 2308 3645 manducare
2337 3588 2520 3660 (Joan.
2553 3588 2676 3661 Vl)?
2715 3603 2892 3659 neque
2923 3587 2977 3642 in
3009 3588 3120 3643 olla
3148 3586 3333 3643 cordis
3363 3584 3548 3641 carnei
3572 3628 3588 3652 ,

1993 3680 2324 3737 humoribus
2348 3697 2448 3753 per
2480 3692 2727 3736 naturam
2759 3695 2977 3750 semper
3003 3679 3255 3749 obnoxii,
3290 3679 3467 3748 ipsum
3496 3678 3594 3734 de-

1994 3778 2197 3845 coquas
2217 3774 2628 3831 Sacramentum
2660 3814 2675 3839 ,
2698 3774 2718 3793 "
2747 3787 3036 3828 commune
3064 3770 3195 3826 illud
3215 3778 3288 3840 λεί
3314 3778 3592 3825 terrenqu

1996 3885 2119 3926 esse
2148 3869 2507 3933 existimans;
2534 3867 2632 3923 sed
2663 3877 2721 3923 ut
2751 3882 2848 3937 per
2879 3867 3057 3937 ignem
3091 3865 3258 3922 divini
3286 3864 3511 3935 Spiritus
3538 3864 3591 3919 id

1994 4032 2194 4088 nedum
2230 4032 2282 4086 in
2316 4031 2503 4099 editis,
2546 4045 2737 4085 verum
2769 4031 2933 4086 etiam
2968 4030 3020 4085 in
3053 4044 3188 4085 mss.
3222 4028 3486 4084 mendose
3513 4029 3592 4084 le-

1990 4107 2152 4175 gebat
2192 4102 2508 4176 sacerdotnli
2544 4119 2776 4176 genere;
2817 4112 2870 4156 at
2903 4104 2957 4157 in
2988 4104 3113 4156 cod.
3146 4100 3359 4156 Octavii
3390 4101 3589 4157 Paula-

1992 4175 2163 4247 gathi,
2198 4175 2523 4230 sacerdotale
2539 4191 2720 4247 genus.

2068 4248 2081 4295 i
2118 4247 2236 4302 Vox
2270 4247 2451 4300 sarcnli
2480 4243 2671 4301 de'erat
2708 4248 2761 4298 in
2790 4244 2972 4310 editis,
3020 4260 3253 4315 eamque
3280 4243 3591 4299 addidimus

1990 4334 2056 4373 ex
2112 4318 2244 4374 Urb.
2301 4329 2353 4371 et
2403 4317 2546 4372 Vatt.
2592 4318 2839 4381 duobus;
2891 4318 3132 4371 occurrit
3158 4317 3321 4370 etiam
3356 4318 3410 4370 in
3443 4316 3588 4370 libro

1990 4388 2334 4459 Pantagathi,
2378 4387 2477 4444 sed
2511 4388 2725 4444 modico
2754 4390 2958 4443 librarii
2990 4390 3124 4442 vitio
3151 4403 3250 4457 pro
3276 4388 3454 4443 sazculi
3486 4387 3586 4441 ΛΞ-

1911 4480 1964 4542 D
1989 4469 2164 4570 gyptoT
2183 4462 2379 4570 legito;
2405 4459 2599 4514 sarculo
2630 4460 2871 4570 .tqugplti.

2167 4550 2197 4570 n
2228 4547 2314 4570 nm
2384 4545 2447 4570 m-
2472 4547 2642 4570 limina
2666 4547 2711 4570 ει.
2760 4548 2769 4570 .
2824 4549 2871 4570 ...

2120 4530 2314 4587 Totum
2344 4531 2449 4586 hoc
2472 4547 2642 4598 usque
2664 4530 2890 4585 ad'tllud
2912 4577 2926 4600 ,
2959 4531 3134 4586 Nescit
3160 4530 3484 4584 mendacium
3503 4547 3591 4584 ve-

1991 4605 2143 4671 ritas,
2167 4603 2394 4671 protulit
2408 4602 2585 4657 Marca
2603 4602 2915 4657 Dissert.’de
2933 4602 3176 4657 Sacram.
3208 4602 3582 4667 Eucharistiae;

1989 4675 2080 4745 qui
2115 4677 2266 4729 locus
2296 4690 2420 4729 cum
2455 4674 2594 4726 adeo
2626 4674 2920 4745 prmclarus
2948 4672 3041 4736 sit,
3073 4676 3269 4745 merito
3298 4672 3439 4726 hunc
3463 4672 3585 4727 Ser-

1993 4743 2207 4802 titouetn
2238 4745 2607 4813 Scriptoribus
2649 4743 2853 4797 nostris
2881 4746 2947 4797 ad
2980 4743 3336 4798 asserendum
3369 4752 3424 4796 et
3462 4757 3586 4811 pro-

1993 4817 2338 4887 pugnandum
2384 4815 2740 4887 Eucharistjze
2774 4816 3133 4887 mysterium,
3176 4813 3414 4887 maximo
3450 4814 3585 4887 usui

1993 4883 2162 4941 fuisse
2185 4887 2545 4941 indicavimus
2576 4885 2629 4940 in
2663 4883 2924 4938 Praeffad
2954 4883 3318 4940 Gaudentium
3352 4901 3406 4939 n.
3441 4885 3531 4940 i0.

2071 4956 2087 4994 ¹
2122 4958 2203 5013 Ex
2224 4958 2372 5028 Vatt.
2397 4970 2563 5028 unus:
2595 4954 2803 5010 Pascha
2825 4964 2898 5009 est
2922 4958 3077 5028 enim,
3112 4953 3368 5028 Dominus
3393 4957 3585 5028 inquit,

1993 5030 2048 5084 id
2073 5039 2166 5084 est.
2195 5024 2376 5085 Alter:
2405 5026 2613 5081 Pascha
2636 5036 2710 5080 est
2731 5028 2885 5088 enim,
2915 5027 3102 5095 inquit,
3135 5024 3368 5082 Domini.
3399 5024 3584 5084 Flora:

1997 5100 2206 5156 Pascha
2232 5112 2325 5161 est,
2359 5099 2524 5169 inquit
2551 5097 2830 5151 Dominus.
2859 5098 2994 5169 god.
3023 5098 3341 5169 Pantagathi
3366 5103 3586 5157 caeteris

1997 5175 2231 5227 melius:
2267 5167 2473 5224 Pascha
2502 5180 2596 5237 est,
2629 5169 2817 5235 inquit.
2851 5167 3084 5224 Domini.

2066 5253 2107 5280 ω
2135 5242 2289 5299 Unus
2318 5258 2384 5297 ex
2412 5242 2551 5295 Vatt.
2588 5239 2857 5313 Quomodo
2886 5250 3074 5313 posset.

2066 5323 2095 5350 ιι
2120 5314 2441 5384 Lugdunen.
2471 5313 2663 5373 editio,
2705 5311 2831 5365 dare
2857 5311 3062 5366 carnem
3088 5330 3235 5367 suum
3263 5314 3331 5366 ad
3358 5314 3585 5384 m’andu-

1996 5383 2240 5440 candum.
2270 5384 2519 5454 Reliqua:
2550 5384 2842 5449 editiOues,
2870 5398 2932 5438 ac
2955 5400 3088 5449 mss.
3114 5385 3302 5451 codd.,
3328 5383 3453 5437 dare
3476 5400 3590 5438 car-

1996 5474 2111 5513 nem
2140 5474 2288 5512 suam
2313 5457 2643 5510 manducare.

2072 5538 2097 5565 ⁰
2132 5528 2281 5585 Unus
2307 5543 2370 5583 ex
2404 5527 2545 5583 Vatt.
2573 5536 2628 5582 et
2652 5527 2823 5589 Flor.,
2857 5543 3128 5580 commune
3154 5526 3285 5581 illud
3316 5537 3589 5589 retentum.

1998 5601 2119 5656 Vat.
2148 5602 2310 5665 alter,
2336 5598 2487 5662 illud,
2516 5609 2560 5652 et
2592 5609 2889 5663 terrenum;
2915 5613 3034 5668 qua!
3055 5598 3274 5665 quidem
3307 5599 3589 5656 verissima

1997 5685 2081 5729 est
2110 5674 2291 5737 lectio,
2318 5682 2372 5726 et
2393 5671 2669 5726 consentit
2690 5668 2833 5739 quod
2865 5684 3027 5739 supra
3060 5668 3221 5734 dixit,
3255 5685 3318 5724 ne
3341 5681 3597 5726 terrenum

2040 5752 2149 5817 utes
2175 5743 2317 5817 quod
2341 5737 2807 5817 calestc‘eljfect'um
2850 5746 2947 5817 est.)
2980 5737 3198 5817 Utinm,
3229 5755 3499 5817 commune
3524 5742 3593 5817 ila

2022 5809 2091 5867 ad
2143 5804 2422 5867 terrenum;
2473 5804 2651 5883 Ediil,
2698 5816 2965 5865 commune
3015 5804 3145 5864 illud
3195 5812 3592 5885 ttclttrreltunti
