4120 6174
537 271 644 329 8‘i9

1627 271 1682 332 s.
1718 261 2097 333 canonum
2133 261 2389 357 satius
2431 261 2734 333 EPiSCGi‘l

3723 279 3827 342 860

534 385 786 441 etinctum
818 385 959 460 quod
991 389 1370 446 annuntiatum
1403 399 1521 458 est;
1559 390 1752 445 credas
1782 407 1793 443 ε
1825 390 1954 460 quia
1982 388 2126 460 quod
2158 400 2211 452 Α
2249 391 2437 445 neil'cla
2469 406 2562 446 sua
2611 401 2933 462 permanere
2981 395 3124 465 apud
3175 409 3295 462 nos,
3348 397 3526 453 voluit
3566 399 3773 455 animas
3800 411 3821 441 ε

540 479 743 550 accipis
771 524 783 549 ,
814 494 1011 552 corpus
1043 493 1126 538 est
1155 484 1298 538 illius
1331 485 1484 552 panis
1515 484 1756 539 caelestis
1782 525 1795 549 ,
1827 491 1882 538 et
1913 483 2136 554 sanguis

540 583 623 627 est
652 573 796 628 Illius
836 587 1007 629 sacrm
1034 576 1181 630 vitis.
1215 576 1346 631 Nam
1375 587 1496 630 cum
1532 579 1725 646 panem
1755 576 2133 632 housecratum

540 674 595 719 et
625 667 812 719 vinum
841 666 1121 738 discipulis
1148 669 1261 723 suis
1295 671 1622 739 porrigeret.
1655 669 1733 723 sit:
1762 671 1836 723 ait
1871 688 1882 721 τ
1913 667 2032 722 Hoc
2062 677 2136 722 est

543 773 732 827 corpus
768 775 935 814 meum
980 777 997 813 :
1037 760 1121 814 hic
1149 772 1222 815 est
1265 765 1476 833 sanguis
1515 778 1658 816 meus
1703 751 1921 834 (Matth.
1975 776 2132 827 xm;

539 849 670 906 Luc.
703 853 1201 923 xxu).Cretlauius,
1224 866 1428 926 qttmso,
1455 857 1540 910 cui
1569 855 1926 911 credidimus.
1953 854 2138 910 Nescit

544 946 889 1002 mendacium
923 950 1145 1005 veritas.
1194 949 1318 1003 Itico
1344 964 1464 1004 cum
1493 949 1562 1004 de
1595 963 1828 1018 corpore
1853 959 1955 1004 suo
1984 961 2137 1001 man-

541 1038 790 1095 ducando
820 1051 876 1096 et
905 1046 1167 1114 sanguine
1211 1059 1314 1099 suo
1357 1029 1592 1099 bibendo
1619 1044 1792 1098 turbis
1821 1044 2138 1112 loqueretur

542 1135 885 1203 stupentibus
923 1153 985 1192 ac
1018 1139 1457 1204 mussitantibus;
1489 1137 1666 1192 Durus
1695 1148 1766 1192 cst
1815 1140 1896 1191 hic
1936 1155 2132 1206 sermo,

543 1236 590 1278 et
621 1229 735 1297 quis
765 1245 881 1282 eum
912 1238 1080 1301 potest
1123 1232 1305 1286 audire
1332 1230 1516 1302 (Joan.
1551 1247 1633 1299 v1,
1675 1231 1808 1302 6|)?
1841 1242 1892 1286 ut
1925 1232 2136 1286 abster-

541 1332 692 1388 geret
729 1336 824 1388 per
856 1323 1032 1392 ignem
1067 1325 1347 1380 cmicStem
1385 1337 1476 1379 eas
1508 1325 1871 1395 cogitationes
1898 1337 2030 1393 quas
2063 1323 2141 1378 Vi-

544 1413 737 1466 tandas
766 1427 893 1469 esse
922 1417 1171 1484 praedixi,
1206 1419 1284 1472 sic
1315 1419 1512 1487 adjecit
1547 1436 1560 1472 :
1597 1417 1825 1490 Spiritus
1853 1427 1926 1472 est
1953 1419 2043 1489 qui
2070 1419 2142 1471 vi-

541 1507 732 1574 viﬁt‘ut,
765 1524 883 1561 nam
915 1525 1037 1563 raro
1069 1510 1200 1564 nihil
1232 1511 1644 1580 prodestJ’erbu
1671 1527 1787 1582 qua:
1816 1528 1910 1581 ego
1937 1511 2138 1564 loeutus

540 1617 652 1654 sum
679 1600 836 1662 rubis,
870 1604 1085 1673 spiritus
1116 1614 1163 1656 et
1199 1606 1298 1658 vita
1332 1615 1449 1658 sunt
1479 1604 1662 1673 (Ioan.
1697 1619 1778 1668 v1,
1811 1604 1926 1674 iii).
1960 1603 2025 1656 Et
2053 1602 2136 1656 id-

541 1695 690 1748 circo
718 1702 880 1763 caput
907 1695 1210 1750 divinitatis
1245 1697 1365 1766 ejus
1396 1711 1518 1751 cum
1559 1696 1789 1766 pedibus
1823 1698 2138 1764 incorpora-

2242 485 2483 554 pretidso
2506 487 2768 557 sanguine
2791 497 2889 544 Suo
2915 489 3242 545 sanctiﬁcari
3272 495 3368 561 per
3394 491 3686 563 imaginem
3711 509 3826 564 pro-

2238 579 2370 650 pria:
2400 580 2707 647 Passionis;
2739 591 2792 637 et
2822 581 2944 638 ideo
2975 583 3258 655 discipulis
3289 584 3538 641 lidelibus
3569 585 3820 658 mandat,

2237 689 2374 745 quos
2402 671 2428 711 δ
2459 677 2663 745 primos
2708 675 2970 733 Ecclesia:
3011 693 3122 733 suae
3150 679 3434 734 constituit
3475 680 3785 737 sacerdotes
3808 726 3821 751 ,

2239 777 2293 820 ut
2336 767 2707 823 indesinenter
2747 769 2848 823 ista
2890 770 3015 824 vita:
3045 778 3264 826 interna:
3307 772 3563 844 mysteria
3606 781 3825 830 exerce-

2237 865 2379 926 rent,
2407 877 2528 930 qua:
2556 868 2782 916 necesse
2808 871 2890 916 est
2915 875 2943 916 a
2971 863 3180 918 cunctis
3210 863 3588 919 Sacerdotibus
3605 877 3696 934 per
3717 865 3828 920 sin-

2237 952 2391 1023 gulas
2421 953 2585 1007 totius
2623 954 2771 1008 orbis
2802 953 3074 1009 [Scelestus
3099 955 3392 1022 celebrari,
3421 972 3699 1026 usquequo
3727 959 3828 1015 ite—

2240 1055 2356 1097 rum
2386 1043 2638 1099 Christus
2681 1045 2748 1100 tle
2775 1046 2932 1100 caelis
2970 1046 3261 1112 adveniat,
3304 1062 3411 1118 quo
3437 1057 3492 1104 et
3520 1050 3623 1119 ipsi
3650 1065 3830 1107 sacer-

2238 1137 2395 1190 dotes
2423 1179 2436 1201 ,
2471 1144 2524 1189 et
2564 1149 2756 1191 omnes
2799 1139 3005 1206 pariter
3045 1138 3283 1193 ﬁdelium
3325 1141 3527 1209 populi,
3560 1142 3833 1211 exemplar

2239 1229 2513 1284 Passionis
2553 1229 2753 1284 Chrisli
2779 1225 2904 1285 an'te
2942 1232 3128 1286 oeulos
3159 1231 3421 1288 habentes
3448 1230 3691 1305 quotidie
3716 1280 3730 1303 ,
3775 1238 3828 1290 Et

2239 1333 2490 1395 gerentes
2514 1325 2563 1379 in
2589 1323 2839 1379 manibus
2862 1369 2875 1392 ,
2897 1340 2991 1382 ore
3014 1329 3174 1382 etiam
3198 1336 3478 1384 sumentes
3498 1345 3559 1382 ac
3576 1333 3793 1398 pectore
3813 1371 3828 1395 ,

2241 1417 2631 1488 redemptionis
2659 1422 2858 1472 nostrte
2885 1427 2908 1456 ο
2940 1417 3288 1474 indelebilem
3317 1424 3632 1475 memoriam
3659 1425 3835 1476 tenea-

2243 1525 2382 1575 tnus,
2426 1521 2481 1566 et
2512 1518 2700 1564 contra
2743 1523 2955 1565 venena
2995 1511 3198 1566 diaboli
3241 1513 3453 1568 dulcem
3505 1513 3829 1570 medicinam

2241 1604 2560 1674 sempiterni
2605 1606 2884 1660 tutaminis
2929 1609 3367 1675 consequamur;
3414 1606 3554 1663 sicut
3600 1607 3832 1678 Spiritus

2243 1706 2464 1754 sanctus
2503 1699 2750 1753 hortatur
2782 1717 2795 1754 :
2851 1698 3069 1753 Gustatc
3104 1708 3153 1754 et
3179 1701 3343 1755 videte
3380 1704 3624 1773 quoniam
3666 1705 3833 1758 sueris

545 1787 710 1840 tionis
767 1799 820 1842 et
877 1790 1228 1845 interioribus
1273 1792 1438 1846 simul
1485 1791 1743 1861 jubemur
1805 1791 2136 1844 manducare
2173 1803 2212 1861 Β
2243 1805 2314 1849 ρει
2344 1793 2602 1848 Dominus
2645 1793 2760 1865 (Ps.
2794 1795 3008 1864 χχχιιι).
3056 1794 3211 1862 Quod
3259 1805 3439 1850 autem
3484 1796 3833 1851 Sacramenta

545 1884 852 1956 mysteriis,
888 1895 946 1940 ut
976 1887 1178 1957 pariter
1212 1889 1500 1955 universa,
1531 1887 1991 1958 quemadmodum
2024 1897 2137 1940 tra-

544 1979 655 2032 dita
685 1989 833 2045 sunt,
865 1980 1178 2047 credamus,
1209 1998 1314 2034 non
1349 1981 1709 2048 ini‘ringentes
1731 1995 1792 2035 os
1815 1980 1985 2048 ipsius
2007 1977 2137 2033 illud

542 2073 930 2127 solidissimum
957 2091 970 2128 :
1007 2073 1123 2128 Hoc
1149 2085 1224 2128 est
1258 2091 1442 2145 corpus
1471 2089 1639 2127 meum
1671 2090 1686 2126 :
1714 2072 1798 2125 hic
1823 2082 1896 2126 est
1927 2072 2140 2144 sanguis

543 2179 687 2219 meus
706 2165 922 2236 (Matth.
953 2183 1106 2232 xxVI;
1131 2167 1257 2220 Luc.
1284 2166 1438 2238 χχιι).
1467 2169 1521 2224 Si
1542 2165 1669 2237 quid
1694 2176 1872 2220 autem
1903 2175 1925 2202 α
1949 2179 2141 2234 super-

545 2258 711 2315 fuerit
739 2261 900 2316 etiam
933 2278 1075 2316 nunc
1108 2262 1161 2316 in
1197 2263 1623 2332 uniuscujusque
1651 2276 1837 2328 Sensit,
1872 2260 2015 2332 quod
2042 2275 2140 2314 ex-

547 2353 824 2423 positione
861 2355 965 2409 ista
999 2372 1105 2409 non
1149 2355 1397 2424 ceperit,
1432 2355 1631 2409 ardore
1663 2357 1785 2409 iidei
1817 2363 2139 2410 concreme-

543 2453 630 2500 tur
679 2464 692 2499 :
741 2449 996 2517 quoniam
1050 2446 1186 2501 Deus
1235 2458 1412 2502 uoster
1453 2447 1479 2486 ι)
1521 2449 1656 2520 ignis
1710 2463 2011 2502 consumens
2067 2455 2141 2500 est

543 2538 709 2611 (Heb.
761 2555 856 2606 xu,
910 2540 1032 2612 29),
1081 2556 1340 2612 purgans,
1388 2541 1669 2608 erudiens,
1723 2549 1779 2595 et
1831 2539 2142 2595 illuminans

543 2633 709 2688 corda
741 2642 927 2687 uestra
958 2633 1023 2688 ad
1055 2635 1468 2705 intelligentiam
1500 2634 1806 2688 divinorum
1829 2675 1842 2698 ,
1876 2641 1933 2687 ut
1959 2641 2013 2686 et
2058 2633 2141 2702 ip-

544 2728 659 2782 sius
699 2743 728 2781 a
769 2726 995 2783 Christo
1049 2728 1280 2783 instituti
1328 2728 1582 2784 sacriﬁcii
1633 2728 1873 2782 cmlestis
1920 2741 2139 2781 causam

543 2821 920 2891 rationemque
953 2836 1271 2886 noscamus,
1316 2821 1668 2878 inenarrabili
1698 2820 1844 2875 dono
1878 2820 1993 2890 ejus
2023 2819 2140 2874 sine

544 2909 650 2966 line
663 2915 863 2982 gratias
877 2912 1125 2968 relaturi.
1148 2913 1280 2967 Nam
1307 2928 1436 2968 vere
1452 2914 1594 2967 istud
1617 2920 1703 2967 est
1730 2910 2139 2966 haereditarium

543 3018 741 3058 munus
787 3004 1124 3059 Testamenti
1163 3005 1283 3074 ejus
1314 3007 1459 3071 novi,
1507 3005 1649 3074 quod
1691 3004 1850 3058 nobis
1877 3018 1940 3057 ea
1979 3011 2142 3057 nocte

543 3113 648 3167 qua
677 3098 994 3153 tradebatur
1022 3099 1455 3169 cruciligendus,
1490 3109 1762 3168 tamquam
1792 3097 1989 3168 pignus
2029 3111 2143 3152 sum

2243 1888 2492 1957 corporis
2523 1888 2638 1955 sui,
2688 1897 2739 1941 et
2764 1888 3079 1957 sanguinis,
3118 1889 3168 1942 in
3212 1888 3397 1958 specie
3435 1889 3590 1956 panis
3629 1897 3683 1944 et
3724 1889 3832 1944 vini

2243 1981 2522 2036 oli'erenda
2568 1981 2884 2046 constituit,
2927 1981 3128 2051 duplex
3171 1981 3312 2035 ratio
3351 1988 3452 2035 est.
3490 1981 3735 2035 Primum
3777 1985 3836 2037 iit

2243 2075 2620 2129 immaculatus
2654 2074 2744 2127 Dei
2791 2075 2978 2143 Agnus
3018 2072 3250 2128 hostiam
3293 2063 3548 2129 mundani
3581 2074 3838 2130 mundato

2243 2171 2441 2240 populo
2500 2167 2742 2221 traderet
2785 2165 3202 2233 celebrandam,
3251 2167 3375 2222 sine
3418 2166 3674 2229 ustione,
3719 2167 3834 2223 sine

2243 2263 2506 2330 sanguine
2535 2304 2548 2328 ,
2589 2261 2609 2301 τ
2651 2260 2770 2314 sine
2815 2257 3046 2326 brodio,
3093 2267 3118 2302 κ
3161 2258 3210 2313 id
3269 2265 3352 2314 est
3387 2260 3510 2327 jure
3550 2259 3792 2314 carnium
3819 2298 3833 2325 ,

2243 2365 2299 2410 et
2341 2369 2460 2425 qua!
2498 2353 2750 2408 omnilms
2804 2352 2869 2404 ad
2913 2349 3252 2405 olierendum
3297 2357 3548 2421 prompta
3590 2346 3736 2406 esset
3775 2357 3836 2405 ac

2245 2447 2438 2502 facilis.
2473 2446 2680 2502 Deinde
2701 2445 2974 2512 quomodo
3003 2459 3194 2514 panem
3218 2444 3287 2499 de
3313 2445 3500 2499 multis
3523 2443 3689 2499 tritici
3714 2455 3838 2514 gra-

2244 2541 2330 2596 nis
2377 2542 2426 2596 in
2463 2541 2722 2610 pollinem
2756 2538 2993 2594 redactis
3023 2553 3120 2607 per
3147 2553 3339 2607 aquam
3369 2538 3564 2592 cantici
3595 2579 3608 2603 ,
3648 2546 3703 2592 et
3742 2548 3839 2606 per

2245 2638 2424 2707 ignem
2451 2643 2678 2690 necesSe
2706 2642 2788 2687 cst
2816 2634 3219 2698 consummari;
3251 2633 3650 2688 rationabiliter
3681 2633 3733 2687 in
3770 2639 3836 2686 eo

2247 2731 2410 2799 iigura
2436 2727 2698 2798 accipitur
2718 2727 2966 2795 corporis
2993 2726 3220 2786 Christi,
3247 2723 3274 2762 ιι
3306 2732 3466 2795 quem
3499 2724 3750 2778 novimus
3773 2735 3837 2779 ex

2248 2823 2596 2876 nultitudine
2639 2821 2809 2874 totius
2851 2819 3071 2874 humani
3109 2819 3328 2889 generis
3370 2825 3534 2871 unum
3573 2822 3693 2872 esse
3718 2819 3840 2872 cor-

2248 2929 2348 2983 pus
2405 2913 2698 2981 eiiectum,
2769 2927 2866 2981 per
2920 2911 3099 2982 ignem
3167 2912 3339 2964 sancti
3405 2911 3642 2980 Spiritus
3703 2924 3837 2964 con-

2245 3017 2594 3062 Sutnmatum.
2649 3003 2664 3044 ί
2714 3004 2880 3060 Natus
2929 3014 3011 3059 est
3052 3006 3196 3059 enim
3243 3005 3309 3059 de
3356 3004 3564 3073 Spiritu
3606 3011 3836 3068 sancto;

2244 3108 2300 3152 et
2364 3100 2618 3166 quoniam
2683 3097 2763 3152 sic
2829 3111 2952 3150 eum
3016 3095 3246 3151 decebat
3325 3095 3555 3165 implere
3618 3108 3837 3150 omnem

539 3198 848 3265 praesentia:
892 3197 1203 3266 dereliquit.
1265 3198 1376 3253 lioc
1415 3198 1543 3251 illud
1589 3208 1672 3252 est
1725 3197 1978 3252 viaticum
2009 3211 2135 3251 nos-

2241 3189 2400 3263 255
2425 3189 2718 3260 justitiam,
2761 3203 2928 3258 aquas
2981 3186 3241 3256 Baptismi
3270 3195 3330 3241 ut
3378 3195 3729 3241 consecraret
3757 3187 3840 3240 in-

537 3289 606 3341 tri
637 3288 869 3352 itineris,
895 3304 1004 3358 quo
1033 3289 1084 3341 in
1124 3289 1221 3342 hac
1253 3289 1336 3343 via
1366 3290 1492 3342 vitze
1521 3289 1717 3344 alimur
1743 3303 1807 3342 ac
1841 3289 2132 3355 nutrimur,

537 3384 714 3435 donec
753 3381 818 3434 ad
862 3383 1036 3448 ipsum
1070 3397 1364 3453 pergamus
1394 3382 1463 3438 de
1505 3384 1607 3438 hoc
1643 3384 1845 3437 sacculo
1873 3381 2138 3437 receden-

539 3483 654 3537 tes;
686 3475 825 3527 umle
845 3474 1057 3528 dicebat
1079 3476 1220 3529 idem
1249 3475 1511 3530 Dominus
1533 3492 1548 3530 :
1571 3474 1691 3546 Nisi
1707 3477 2140 3530 mmiducavcritis

539 3581 703 3618 meum
728 3582 954 3629 carnem,
977 3576 1026 3619 et
1055 3566 1281 3620 bibet-itis
1303 3584 1469 3621 meum
1683 3571 2004 3636 sanguinem.
2039 3583 2141 3622 non

541 3655 738 3712 habetis
766 3660 918 3711 vitam
941 3660 992 3711 iu
1019 3659 1157 3712 rotis
1176 3658 1361 3727 (Jnau.
1391 3665 1460 3731 ιι)
1485 3664 1634 3730 ipsis.
1664 3660 1842 3716 Voluit
1873 3665 2015 3716 enim
2042 3662 2128 3716 be-

539 3822 679 3896 Cod.
705 3824 1043 3896 i’antegathi,
1077 3843 1344 3880 commune
1373 3825 1528 3890 illud,
1569 3835 1620 3879 et
1653 3832 1930 3896 terrenum.

611 3904 636 3931 ⁸
669 3895 721 3950 lu
766 3893 896 3952 mss:
940 3900 1115 3954 tribus
1142 3901 1327 3964 codd.,
1359 3897 1638 3961 superavit.
1666 3893 1759 3951 Sic
1797 3896 1959 3949 etiam
1989 3893 2132 3949 Gau-

542 3967 780 4041 dentins,
815 3985 977 4039 supra
1006 3987 1018 4023 :
1051 3973 1094 4024 si
1121 3989 1223 4041 qua
1254 3972 1613 4041 mysteriorum
1637 3971 2017 4041 superaverint.

613 4037 639 4075 δ
673 4035 791 4114 Eat.
827 4035 1242 4114 uterque,i'guis
1276 4035 1598 4114 comburens.
1637 4035 1773 4092 Urb.
1807 4053 2047 4107 quoque.

620 4121 640 4180 ς
677 4109 822 4165 Flor.
856 4114 978 4166 eod.
1009 4125 1061 4164 et
1093 4109 1221 4169 Urb.
1256 4111 1457 4164 addunt
1493 4111 1803 4180 redemptus.

615 4179 640 4217 (³
675 4184 768 4237 Sic
815 4184 1010 4254 legitur
1053 4186 1102 4239 in
1163 4184 1306 4238 Vatt.
1363 4177 1701 4254 duobusset
1751 4179 1882 4254 [λιιι.
1944 4177 2129 4254 Editi,

547 4255 713 4318 male,
768 4241 961 4320 primos
1002 4267 1048 4311 et
1095 4256 1345 4310 Ecclesia:
1385 4270 1514 4310 sate.
1567 4241 1730 4306 Liber
1775 4241 2131 4320 i‘atttagzithi,

547 4327 737 4398 primos
770 4327 1016 4382 Ecclesia:
1044 4345 1173 4382 sum.

621 4407 643 4434 θ
679 4399 1056 4454 iiestituerunt
1099 4400 1386 4454 lectionem
1430 4396 1577 4451 Flor.
1618 4393 1741 4450 end.
1785 4403 1843 4449 et
1875 4393 2007 4450 Uri).
2055 4391 2132 4447 Ir-

546 4482 797 4542 rcpserat
841 4486 1073 4542 namque
1103 4482 1212 4524 tam
1242 4471 1293 4525 in
1337 4470 1604 4524 editiones
1641 4482 1801 4542 quain
1853 4468 1903 4520 in
1959 4479 2126 4542 mss.,

545 4540 810 4595 indelebili
840 4538 1106 4598 memoria.
1144 4542 1252 4599 Sed
1285 4543 1422 4598 liber
1454 4539 1779 4609 Pantagathi
1813 4545 2016 4593 retinet.
2044 4538 2131 4590 iu-

548 4613 812 4667 delehilrm
843 4616 1162 4670 memoriam.

627 4683 644 4722 ί
681 4685 885 4742 Novum
917 4690 1164 4742 vocabuli
1190 4703 1378 4755 genus,
1407 4685 1550 4756 quod
1585 4685 1816 4738 fortasse
1845 4698 1948 4735 non
1963 4679 2139 4756 _i_ntel-

548 4756 780 4825 ligentes
815 4749 1473 4829 librariisupposuerunt.
1511 4759 1638 4811 Sine
1669 4759 1843 4829 broruo
1877 4755 1927 4806 in
1962 4749 2135 4829 Flora,

549 4823 679 4884 Urb.
720 4839 775 4884 et
826 4833 967 4886 Vati.
1018 4823 1250 4889 duobus.
1291 4831 1354 4885 Et
1389 4831 1608 4898 quidem
1645 4829 1755 4881 sine
1792 4825 1966 4877 bruma
2010 4823 2140 4898 leg“

543 4901 704 4955 etiam
748 4901 888 4957 liber
934 4903 1146 4959 Oelavii
1199 4895 1544 4971 Pantagathi,
1588 4916 1614 4952 a
1653 4917 1758 4966 quo
1809 4899 1933 4971 item
1985 4895 2140 4949 abest

542 4973 812 5038 glossema
861 4991 1134 5047 sequens,
1182 4977 1235 5030 id
1286 4969 1510 5047 est—jure
1557 4975 1811 5047 carmina.
1865 4969 2134 5032 Bromns,

545 5047 736 5123 Grtece
777 5039 1230 5123 ﬁpcfipo'g,_Plinio
1263 5045 1357 5101 lib.
1386 5039 1683 5123 ’ξιιμ-ρπβ.
1723 5039 1793 5094 ‘25
1815 5081 1828 5104 ,
1853 5055 2030 5123 semen
2064 5049 2136 5092 est

545 5117 740 5184 spicam
777 5117 989 5189 féreutis
1025 5119 1230 5183 herbae,
1275 5119 1506 5172 nascitur
1544 5117 1915 5189 iutcr‘segetes
1966 5126 2140 5189 auena:

544 5185 850 5258 genere;'et
877 5192 973 5245 lib.
1009 5209 1158 5255 xvui,
1188 5207 1236 5246 c.
1278 5192 1296 5243 'l
1319 5193 1359 5248 i.
1400 5185 1798 5262 Bromos_siligo
1826 5185 2137 5262 receptum;

547 5255 618 5314 ita
653 5271 710 5315 ut
746 5263 917 5317 hostia
948 5265 1058 5317 sine
1088 5265 1264 5317 lii-omo
1309 5262 1449 5315 idem
1483 5263 1554 5314 sit
1589 5255 1897 5313 Gaudentio
1929 5261 1989 5308 a'c
2022 5258 2139 5326 sine

547 5335 654 5387 ulla
691 5336 867 5391 aliena
903 5335 1170 5407 mixtura,
1208 5335 1359 5407 quod
1391 5334 1596 5407 optime
1628 5327 1886 5407 convenit
1921 5326 2136 5407 Eucha-

540 5408 730 5459 l‘iSliCO
763 5407 918 5475 pani;
957 5405 1179 5474 proinde
1212 5402 1316 5459 non
1351 5405 1626 5456 immerito
1657 5402 1778 5469 quis
1805 5403 1983 5467 putet,
2027 5402 2138 5451 sine

544 5479 721 5534 bronto
754 5495 936 5535 veram
966 5494 1090 5534 esse
1121 5479 1411 5549 lectionem
1441 5491 1509 5549 es
1539 5485 1813 5549 consensu
1850 5483 2011 5549 mssa

618 5549 816 5605 Vocem
851 5550 1087 5604 brodium
1121 5567 1188 5601 ex
1227 5547 1539 5601 Gaudentio
1580 5543 1924 5607 tleSumptatn
1951 5581 1964 5605 ,
1997 5543 2139 5593 inter

543 5619 745 5677 Italicte
774 5624 973 5690 lingua:
1006 5620 1263 5688 Origines
1303 5621 1487 5671 retulit
1519 5615 1776 5690 Octavius
1803 5609 2101 5690 Ferrarius
2121 5651 2136 5674 ,

547 5709 610 5747 ac
645 5681 991 5763 ιιιηνιειδωιηι
1027 5681 1305 5763 ιιυίίιτιιίριι
1341 5690 1521 5763 lingua
1554 5689 1694 5738 inter
1719 5681 2139 5763 Colitisnoptime

547 5751 776 5819 meritus
804 5761 1052 5834 .‘Egidius
1087 5762 1386 5833 Meuagius.
1422 5751 1629 5829 Lingua
1661 5751 2032 5834 vero_itali_ca,
2063 5755 2135 5809 uti

543 5825 1109 5906 observavitlipsius
1140 5835 1209 5891 de
1237 5825 1385 5892 r'ecta
1419 5825 1759 5904 pronuntiat.
1788 5825 1906 5890 Lat.
1940 5825 2139 5898 linguae

2161 4507 2214 4569 D

2241 3285 2504 3355 greditur,
2539 3290 2595 3336 et
2623 3281 2815 3337 exinde
2847 3281 3035 3350 plenus
3061 3279 3272 3350 Spiritu
3301 3287 3516 3347 sancto,
3549 3281 3639 3350 qui
3673 3293 3842 3349 super

2243 3393 2366 3433 eum
2409 3377 2460 3430 in
2488 3376 2654 3446 ﬁgura
2695 3375 2962 3430 columbze
2987 3374 3371 3441 descenderat,
3406 3389 3435 3427 a
3473 3373 3710 3428 Jordane
3754 3388 3843 3429 re-

2243 3471 2506 3543 greditur,
2551 3479 2784 3524 testante
2817 3467 3157 3538 Evangelism
3195 3484 3208 3520 :
3241 3467 3395 3520 Iesus
3447 3476 3618 3520 autem
3653 3465 3842 3536 plenus

2247 3567 2449 3635 Spiritu
2481 3574 2658 3618 sancto
2683 3578 2943 3635 regressus
2972 3572 3046 3614 est
3076 3561 3138 3613 ab
3158 3558 3391 3613 Iordane
3421 3558 3587 3629 (Luc.
3617 3562 3716 3627 tv).
3754 3559 3845 3614 Si-

2240 3659 2446 3713 militer
2469 3665 2524 3711 et
2543 3654 2823 3726 sanguinis
2849 3653 2966 3721 ejus
2999 3651 3012 3702 i
3051 3653 3232 3705 vinum
3287 3666 3353 3705 ex
3375 3651 3624 3720 pluribus
3642 3651 3840 3718 acinis,

2239 3836 2289 3876 c.
2325 3823 2389 3884 5,
2423 3818 2569 3871 mille
2601 3830 2775 3870 annos
2806 3822 2934 3868 ante
2977 3813 3147 3883 ipsius
3179 3827 3352 3867 .evum
3386 3823 3535 3866 nata.
3570 3812 3841 3884 Equidem

2242 3889 2582 3962 pergaudeo,
2620 3888 2825 3962 italicae
2849 3886 3060 3962 linguas
3084 3884 3192 3954 jam
3230 3894 3339 3962 tum
3371 3884 3708 3962 exordientis
3749 3900 3846 3962 se-

2245 3957 2387 4017 initia
2419 3961 2561 4028 apud
2593 3959 2958 4015 Gaudentium
2994 3969 3239 4011 nostrum
3286 3957 3553 4028 inveniri;
3589 3957 3847 4023 quamvis

2236 4053 2342 4087 non
2370 4019 2490 4086 ideo
2515 4031 2706 4086 Latina
2734 4031 2938 4099 lingua,
2961 4030 3188 4098 ejusque
3211 4041 3341 4081 usus
3365 4019 3655 4081 Gaudentii
3679 4035 3848 4099 astate

2235 4107 2458 4161 Omnino
2483 4106 2591 4171 jam
2623 4097 2853 4156 desiisse
2881 4097 3151 4170 putandus
3177 4102 3282 4164 sit;
3315 4113 3438 4171 nam
3471 4103 3546 4152 ttti
3580 4097 3841 4171 animad-

2235 4178 2399 4232 vertit
2438 4163 2607 4231 .ianus
2647 4163 2966 4242 Rutgersius
3005 4171 3099 4225 lib.
3141 4187 3298 4242 tvar.
3346 4169 3497 4224 Lect.
3540 4186 3587 4223 c.
3635 4163 3701 4223 i5
3741 4187 3754 4222 :
3791 4171 3845 4242 si

2233 4251 2372 4321 quod
2413 4245 2676 4321 ver/utinm
2705 4241 2820 4321 join
2861 4244 3152 4321 inclinante
3187 4241 3361 4296 Latini
3401 4242 3654 4321 sermonis
3691 4241 3845 4312 puri-

2236 4312 2360 4384 iate,
2395 4336 2457 4372 ex
2488 4312 2715 4372 alterius
2735 4319 2926 4386 lingua?
2953 4317 3078 4386 [cecc
3110 4315 3362 4369 Romana:
3392 4312 3690 4386 ndhteserit,
3727 4321 3843 4367 non

2236 4410 2299 4446 ex
2330 4409 2385 4445 eo
2416 4393 2590 4443 statim
2634 4384 2866 4462 sequitur
2897 4384 3191 4462 universum
3231 4386 3508 4462 interiisse.
3542 4384 3842 4453 Vulgarem

2243 4478 2401 4533 porro
2429 4465 2666 4530 linguam
2698 4458 2764 4514 ex
2794 4461 2982 4514 Latina
3016 4460 3156 4533 inaic
3182 4458 3562 4533 protiun'tia'ta,
3592 4465 3643 4509 et
3669 4470 3844 4533 prave

2241 4528 2551 4589 constructa
2596 4544 2803 4594 ortam,
2841 4543 3004 4600 atque
3037 4529 3233 4584 eximie
3257 4572 3270 4596 ,
3315 4529 3627 4600 secundum
3653 4529 3848 4600 diver—

2241 4623 2354 4662 sam
2385 4609 2674 4670 regionum
2705 4615 2756 4658 et
2785 4596 3110 4674 populorun‘t
3137 4600 3401 4674 intiolcm,
3425 4598 3486 4674 _i_n
3521 4599 3701 4674 Varias,
3721 4596 3847 4650 dia-

2242 4679 2407 4733 lecto;
2428 4667 2681 4742 divisam,
2710 4667 2940 4729 insinuat
2965 4673 3305 4728 Fontaninus
3333 4672 3399 4724 de
3425 4667 3589 4723 Horta
3609 4670 3838 4732 υυιυυ..

2242 4751 2292 4804 in
2326 4750 2587 4819 apponi!”
2624 4765 2744 4819 pag.
2780 4749 2904 4808 552,
2949 4746 3074 4801 335.
3107 4744 3297 4799 Utrum
3334 4749 3506 4805 recte,
3541 4758 3606 4793 an
3637 4755 3802 4819 seeos
3828 4785 3842 4807 ,

2241 4812 2470 4876 aliorum
2511 4812 2634 4876 esto
2661 4812 2962 4890 judicium;
3013 4823 3257 4890 necch
3289 4827 3623 4890 inagnppere
3665 4812 3846 4890 inter-

2239 4895 2409 4956 cedn,
2455 4893 2582 4963 quin
2623 4885 2824 4964 cuique
2863 4899 3027 4960 prout
3071 4887 3240 4950 lubet,
3289 4886 3388 4939 hac
3429 4885 3496 4939 de
3533 4897 3593 4939 re
3627 4885 3847 4939 sentire

2244 4965 2477 5020 liliet‘unt
2511 4967 2598 5018 sil.

2315 5047 2338 5084 ε
2375 5037 2601 5091 Videtur
2628 5037 2899 5106 glossema
2927 5034 3027 5088 hoc
3055 5047 3083 5086 a
3112 5027 3349 5086 librariis
3377 5027 3642 5082 additum.
3671 5027 3848 5083 Deest

2241 5111 2454 5178 (ltitique
2485 5111 2534 5163 in
2566 5123 2693 5162 mss.
2958 5175 3008 5178 Α-
3053 5176 3061 5178 _
3289 5175 3292 5178 .

2311 5178 2340 5217 h
2369 5170 2460 5234 Sic
2509 5178 2881 5234 emendandus
2921 5175 3211 5231 videbatur
3251 5173 3476 5228 omnino
3519 5171 3608 5225 hic
3643 5170 3842 5236 locus,

2241 5252 2450 5306 eti-unsi
2485 5253 2554 5306 ita
2583 5255 2636 5305 in
2671 5250 2817 5304 Flor.
2856 5247 2910 5302 et
2937 5247 3070 5303 Uri).
3113 5261 3216 5299 non
3250 5256 3511 5300 exstaret.
3551 5242 3846 5298 Editiones

2242 5324 2450 5378 ctVatt.
2482 5325 2586 5378 duo
2618 5323 3009 5392 praeieruutqui
3039 5321 3291 5374 novimus.

2319 5394 2332 5432 ί
2371 5383 2725 5451 [ἶυιὶιιὶιιὶιίιιιε
2753 5383 2958 5462 integra
2994 5393 3096 5444 ﬁde
3123 5392 3414 5445 lectionem
3447 5383 3848 5462 Flor.rcod._et

2240 5467 2470 5522 duorum
2494 5468 2634 5521 Vatt.
2662 5467 2716 5520 ln
2741 5456 2902 5520 editis
2931 5465 2997 5519 ab
3022 5463 3103 5516 his
3120 5462 3300 5516 verbis
3329 5460 3582 5530 usquead
3603 5456 3734 5511 illud
3762 5460 3849 5513 Si-

2240 5539 2516 5595 militerita
2532 5540 2711 5594 omnia
2738 5538 2948 5590 inversa
2981 5551 3043 5590 ac
3072 5539 3387 5603 perturbata
3422 5542 3567 5597 runt,
3591 5541 3647 5583 ut
3673 5545 3848 5603 nemo

2240 5623 2402 5679 queat
2453 5627 2640 5665 veram
2681 5608 3006 5663 SCitlt'lllillili
3057 5602 3310 5679 elicere;_
3341 5612 3394 5656 at
3441 5604 3582 5679 liber
3623 5602 3848 5679 Octavii

2243 5673 2562 5754 Pantagathi
2598 5694 2808 5736 rectam
2845 5682 3134 5754 lectionem
3167 5675 3488 5754 praeferens,
3522 5673 3852 5728 Florentino

2242 5765 2295 5810 et.
2332 5748 2471 5808 Vati.
2505 5755 2718 5808 duobus
2749 5752 2985 5823 petl'ccle
3013 5748 3314 5823 consentit.

2320 5827 2332 5876 i
2398 5827 2698 5881 Praeclarus
2749 5813 2824 5879 'D.
2881 5821 3166 5894 Augustini
3222 5820 3415 5888 locus,
3462 5826 3625 5873 tract.
3675 5813 3755 5882 26
3794 5818 3852 5874 in
