4096 6192
610 215 719 274 865

1706 220 1767 276 S.
1808 218 2186 297 GAUDENJ‘II

2325 224 2492 283 ΙΧΙΑΕ
2531 222 2842 283 EPISCOPI
3797 222 3875 281 sat

610 335 869 404 nuntiet,
902 334 1102 406 quibus
1134 334 1253 391 ﬁeri
1289 334 1589 392 salubriter
1611 334 1770 406 jubet
1802 336 2084 393 instantia.
2116 336 2218 394 Ju-
2243 342 2297 404 Α
2321 348 2408 397 est
2437 340 2525 396 vel
2551 338 2795 410 cogitare
2819 378 2834 405 ,
2863 334 3010 407 quod
3045 334 3222 402 Dens,
3251 334 3344 407 qui
3395 348 3510 390 non
3543 333 3711 389 solum
3737 332 3882 391 bonus

617 428 773 486 datos
796 435 927 483 tunc
955 429 1008 483 in
1035 427 1124 483 bis
1173 428 1649 485 observationibus
1693 439 1963 487 secutura:
2006 430 2216 487 verita-

616 522 689 578 tis
716 520 911 577 umbra
935 520 1167 576 salvavit
1192 537 1207 575 :
1244 521 1559 592 signiﬁcans
1591 521 1799 592 pariter
1838 522 1988 595 quod
2017 538 2210 580 eorum

615 614 861 687 posteri,
894 614 1292 670 beneﬁciorum
1328 616 1684 673 immemores
1723 617 2033 674 divinorum
2065 661 2082 685 ,
2138 620 2221 690 ip-

614 722 737 765 sum
765 708 1150 765 advenientem
1178 709 1503 766 trucidaturi
1540 721 1728 767 essent
1755 753 1770 778 ,
1802 714 1958 782 cujus
1983 714 2084 769 sub
2104 730 2222 769 um-

613 800 712 857 bra
757 800 953 857 salvati
999 811 1147 857 sunt.
1180 802 1266 859 Ab
1298 802 1429 872 ipsis
1474 804 1623 858 enim
1666 801 1923 861 Christus
1971 805 2024 859 in
2075 805 2221 862 hunc

615 893 880 950 mundum
928 894 1155 950 veniens
1176 935 1192 960 ,
1226 894 1357 949 sicut
1399 896 1506 949 ovis
1532 896 1601 948 ad
1631 896 1890 951 victimam
1932 898 2118 952 ductus
2146 907 2221 953 est

607 983 746 1057 (Isa.
778 986 933 1054 uti);
965 988 1123 1054 cujus
1150 984 1287 1057 Agni
1311 1000 1410 1041 nos
1431 989 1749 1058 sanguinem
1769 988 2003 1060 (signum
2030 989 2222 1045 videli-

608 1090 700 1136 cet
741 1077 1045 1150 Passionis)
1083 1080 1163 1134 vel
1191 1079 1246 1133 in
1271 1078 1484 1135 duobus
1517 1080 1769 1150 postibus
1795 1124 1811 1148 ,
1842 1096 1941 1137 seu
1974 1080 2083 1138 ﬁde
2116 1122 2132 1149 ,
2163 1093 2221 1138 et

616 1187 826 1244 opere,
858 1187 956 1228 seu
1007 1172 1176 1229 corde
1204 1213 1245 1239 ,_
1276 1184 1331 1228 et
1365 1187 1499 1241 ore;
1554 1183 1582 1212 ι
1623 1174 1709 1230 vel
1761 1173 1817 1229 in
1867 1174 2222 1231 liminarihus

612 1265 883 1323 habentes
914 1277 1228 1322 nostrarum
1263 1266 1528 1323 frontium
1559 1268 1628 1322 ab
1671 1271 1823 1324 omni
1855 1269 2076 1324 incursu
2119 1283 2226 1324 sre-

609 1360 815 1414 vientis
865 1357 1041 1428 plagae
1094 1359 1453 1430 protegimur.
1486 1358 1644 1427 Quod
1670 1371 1855 1415 autem
1886 1359 2105 1416 decima
2132 1360 2222 1418 die

611 1466 787 1524 agnus
856 1451 1160 1522 accipitur,
1243 1461 1299 1507 et
1367 1451 1779 1522 quartadecima
1849 1453 2168 1509 immolatur
2203 1497 2218 1521 ,

608 1542 638 1584 δ
673 1545 780 1601 hoc
824 1541 1123 1615 signiﬁcari
1157 1541 1457 1615 perspicio,
1489 1544 1615 1613 quia
1634 1542 1952 1599 Judaeorum
1987 1546 2224 1616 populus

614 1638 818 1695 Filium
866 1637 961 1693 Dei
1008 1635 1065 1691 in
1113 1636 1388 1707 Decalogo
1434 1636 1595 1708 Legis
1626 1649 1911 1708 acceptum
1946 1684 1961 1708 ,
2017 1648 2073 1694 et
2104 1648 2226 1710 post

2321 434 2613 504 etjustus,
2642 430 2742 488 sed
2785 432 2902 501 ipsa
2930 429 3147 486 bonitas
3173 437 3291 497 est,
3350 429 3371 467 τ
3432 440 3493 484 et
3531 427 3648 499 ipsa
3669 429 3881 500 iustitia;

2318 527 2407 583 vel
2432 526 2623 598 jubeat
2652 523 2819 598 248
2864 522 3107 594 aliquid,
3157 522 3246 578 vel
3272 532 3437 593 cogat
3490 520 3645 589 ﬁeri,
3699 531 3722 569 ε
3765 520 3879 593 quod

2318 614 2518 675 factum
2571 622 2813 675 damnet.
2863 618 2943 672 An
3001 616 3236 672 fortasse
3288 625 3595 686 putamus,
3649 613 3678 650 ιι
3718 615 3829 684 quia
3850 615 3884 669 si

2322 712 2715 783 ptenitnissent
2744 710 3009 766 Israelita:
3031 752 3047 776 ,
3068 709 3233 764 aliter
3258 708 3618 777 omnipotens
3644 705 3799 762 Filius
3818 705 3889 762 Dei

2322 808 2537 862 salvare
2568 821 2679 861 non
2726 804 2975 875 potuerit
3018 801 3320 857 mundum?
3343 800 3481 866 Quis
3512 800 3650 853 enim
3696 799 3890 867 cognorit

2323 916 2533 956 sensum
2558 897 2775 953 Domini
2805 899 2830 953 ?
2860 907 2952 952 aut
2972 899 3087 966 quis
3112 896 3451 951 consiliarius
3478 895 3595 965 ejus
3630 894 3725 964 {uit
3745 891 3888 964 (Rom.

2325 1012 2375 1050 ιιι
2394 1039 2409 1063 ,
2439 995 2531 1064 54)
2556 994 2580 1049 ?
2605 978 2908 1049 Considera
2941 992 2997 1046 iu
3031 990 3325 1061 Evangelio
3351 1031 3369 1055 ,
3402 986 3680 1057 quomodo
3704 1000 3892 1055 exspec-

2324 1089 2518 1143 taverit
2537 1088 2788 1142 Christus
2811 1086 3192 1156 paenitentiam
3220 1083 3551 1140 Iudaeorum
3575 1099 3589 1146 ;
3620 1080 3705 1135 tibi
3733 1094 3892 1151 expro-

2322 1181 2447 1238 brat
2486 1180 2807 1236 civitatibus
2844 1180 2897 1234 in
2927 1179 3129 1251 quibus
3157 1177 3315 1233 facta;
3348 1185 3485 1231 sunt
3532 1174 3772 1245 plurima:
3806 1177 3893 1226 vh-

2323 1282 2467 1330 tutes
2491 1275 2610 1345 ejus
2634 1317 2649 1341 ,
2682 1273 2827 1344 quod
2857 1288 2963 1327 non
2994 1272 3207 1344 egerint
3232 1269 3620 1341 paenitentiam
3645 1285 3658 1322 :
3691 1264 3777 1321 Va:
3796 1265 3887 1331 tibi,

2326 1368 2538 1439 inquit“
2575 1366 2885 1422 Cltorozaim
2913 1366 2935 1419 !
2964 1380 3041 1420 me
3085 1365 3178 1419 tibi
3206 1408 3221 1433 ,
3273 1360 3606 1417 Bethsaida!
3630 1359 3744 1431 quia
3784 1357 3824 1410 si
3851 1356 3891 1408 in

2328 1460 2470 1533 Tyro
2498 1469 2545 1514 et
2579 1460 2781 1516 Sidone
2821 1462 2972 1531 [σεται
3014 1467 3181 1513 essent
3215 1458 3439 1511 virtutes
3480 1469 3598 1525 qua
3631 1453 3770 1522 facta
3800 1454 3892 1504 sunt

2325 1553 2381 1609 in
2406 1553 2576 1618 vobis,
2612 1553 2737 1607 olim
2768 1553 2944 1622 utique
2966 1552 3020 1605 in
3061 1550 3234 1604 cilicio
3263 1557 3311 1603 et
3345 1549 3528 1602 cinere
3562 1545 3783 1600 sedentes
3806 1556 3891 1611 pc-

2327 1645 2601 1700 nitentiam
2628 1645 2871 1718 egissent.
2929 1641 3294 1697 Verumtamen
3327 1641 3449 1694 dico
3490 1636 3667 1692 vobis:
3696 1633 3821 1704 Tyro
3857 1640 3892 1683 et

618 1729 1156 1801 transmigrationem
1222 1729 1556 1802 Babylonis,
1588 1731 1768 1786 tsicnt
1826 1732 2092 1801 scriptum
2140 1740 2225 1788 est
2255 1754 2303 1816 Β
2330 1738 2522 1794 Sidoni
2559 1736 2822 1790 remissius
2863 1736 2959 1789 erit
2987 1736 3044 1788 in
3084 1734 3169 1788 die
3201 1733 3401 1805 judicii
3426 1772 3443 1796 ,
3474 1745 3634 1802 quam
3662 1726 3805 1781 vobis.
3842 1722 3892 1777 Et

627 1822 850 1897 (Matth.
900 1823 941 1895 ι)
964 1864 981 1889 ,
1014 1822 1423 1890 quartadecima
1449 1824 1815 1894 generatione
1861 1836 2177 1882 nascentem
2207 1870 2222 1894 ,

620 1917 994 1973 cruciﬁxurus
1035 1928 1178 1972 esset
1225 1916 1295 1971 ad
1325 1932 1642 1987 veSperum.
1694 1919 1774 1974 Ad
1803 1935 2094 1988 veSperum
2126 1937 2225 1976 au-

623 2017 732 2063 tem
755 2050 770 2074 ,
803 2006 918 2064 sive
944 2007 1106 2078 hujus
1135 2008 1355 2077 mundi,
1383 2008 1507 2080 quia
1541 2011 1859 2066 novissimis
1886 2011 2227 2083 temporibus

625 2100 813 2156 saeculi
859 2115 1051 2171 passus
1091 2110 1215 2167 est;
1248 2101 1364 2156 sive
1388 2102 1554 2157 etiam
1586 2104 1652 2158 ad
1685 2103 1855 2172 ipsius
1899 2105 2036 2160 solis
2065 2120 2227 2162 occa-

623 2209 746 2252 Sum
769 2236 786 2263 ,
816 2196 1074 2266 quoniam
1118 2195 1385 2251 cruciﬁxo
1417 2195 1652 2252 Domino
1680 2197 1883 2253 occidit
1912 2198 2017 2253 sol.
2064 2201 2226 2255 Meri-

623 2288 716 2345 die
765 2304 1003 2361 namque
1046 2289 1109 2343 ab
1137 2288 1268 2344 hora
1312 2298 1457 2344 sexta
1495 2289 1716 2345 tenebrae
1741 2295 1895 2363 facta:
1918 2302 2041 2347 sunt
2069 2309 2229 2365 super

626 2382 924 2438 universam
952 2392 1146 2437 terram
1195 2398 1356 2453 usque
1404 2381 1474 2436 ad
1520 2381 1707 2438 horam
1754 2399 1949 2439 nonam
2006 2383 2226 2457 (Matth.

626 2478 827 2547 xxvu).
869 2473 1009 2542 Quid
1041 2474 1219 2545 potuit
1264 2484 1522 2529 essetam
1566 2476 1901 2546 vesperum?
1931 2476 2041 2532 Nec
2092 2476 2229 2533 illud

627 2564 868 2621 Otiosum
911 2576 1102 2634 putes,
1132 2560 1279 2636 quod
1311 2580 1435 2621 cum
1469 2566 1725 2635 superius
1757 2567 2083 2638 imperativo
2112 2582 2231 2623 mo-

626 2658 699 2714 do
724 2657 936 2714 dictum
986 2659 1093 2724 sit,
1124 2667 1331 2713 sumant
1360 2674 1503 2713 ovem
1531 2676 1625 2730 per
1651 2658 1867 2727 domos,
1894 2661 2034 2716 infra
2086 2660 2232 2716 indi-

590 2798 595 2803 .
629 2750 809 2806 cativo
840 2750 1005 2807 modo
1036 2753 1459 2819 pronuntietur,
1488 2751 1723 2806 occident
1755 2768 1876 2807 eum
1900 2752 2067 2807 omnis
2095 2751 2233 2806 mul-

632 2845 801 2899 titudo
849 2860 1127 2918 synagogas
1146 2845 1378 2914 ﬁliorum
1410 2842 1580 2899 Israel
1612 2855 1634 2883 ο
1658 2845 1726 2898 ad
1754 2860 2036 2913 uesperam.
2072 2843 2228 2899 Occi—

625 2939 781 3009 dent,
809 2940 921 3007 ait;
956 2955 1063 2995 non
1091 2980 1107 3005 ,
1141 2939 1402 2993 occidant.
1430 2938 1713 3010 Synagoga
1762 2940 1965 3009 quippe
2011 2937 2230 2994 Judreo-

621 3047 742 3088 rum
770 3031 914 3103 quod
946 3041 1067 3087 erat
1110 3031 1413 3086 crudeliter
1462 3031 1701 3096 factura,
1736 3030 2062 3099 praedictum
2096 3038 2182 3084 est
2211 3047 2226 3095 ;

2330 1837 2385 1882 tu
2401 1871 2416 1895 ,
2439 1825 2831 1900 Capltarnaum,
2855 1842 2971 1899 qua:
2996 1844 3157 1896 usque
3176 1827 3231 1881 in
3253 1825 3447 1881 coelum
3467 1822 3749 1889 extollcris,
3769 1831 3893 1887 usque

2326 1922 2382 1975 in
2411 1920 2674 1988 infernum
2704 1919 3051 1991 demergeris,
3084 1919 3262 1987 inquit
3289 1935 3305 1984 ;
3331 1918 3463 1990 quia
3501 1919 3549 1971 si
3575 1916 3631 1969 in
3678 1909 3883 1968 Sodomis

2326 2015 2480 2080 facile
2510 2011 2729 2081 fuissent
2764 2011 2977 2066 virtutes
3014 2027 3130 2081 qua:
3162 2010 3317 2078 facta
3343 2017 3474 2064 sunt
3506 2008 3561 2062 in
3584 2016 3633 2060 te
3654 2047 3670 2072 ,
3699 2001 3883 2057 mansit-

2326 2111 2438 2156 sent
2459 2103 2632 2173 utique
2657 2118 2820 2174 usque
2847 2103 2902 2156 in
2937 2102 3244 2157 hodiernum
3282 2102 3460 2167 diem;
3490 2100 3584 2155 sed
3612 2106 3771 2151 tamen
3797 2092 3885 2145 dico

2327 2194 2500 2261 vobis,
2525 2195 2648 2265 quia
2678 2203 2828 2249 terra:
2848 2192 3205 2250 Sodomorum
3231 2194 3503 2249 remissius
3532 2191 3635 2247 erit
3666 2190 3715 2244 in
3744 2187 3891 2256 dicjtt-

2330 2288 2502 2357 dicii,
2552 2305 2707 2360 quam
2774 2288 2917 2344 vobis
2966 2287 3203 2360 (Matth.
3250 2304 3345 2354 x1;
3400 2288 3535 2342 Luc.
3583 2281 3725 2356 1t).i
3781 2281 3889 2335 Prae

2329 2384 2564 2439 scientia
2611 2382 2836 2454 quidem
2870 2383 2969 2440 Dei
2996 2399 3107 2439 non
3151 2383 3404 2447 fallitur;
3438 2381 3540 2438 sed
3588 2394 3687 2436 nec
3726 2371 3887 2431 homini

2330 2489 2595 2531 concessa
2625 2475 2798 2530 semel
2842 2475 3147 2530 voluntatis
3176 2475 3401 2530 libertas
3450 2473 3727 2535 aufertur,
3755 2479 3811 2520 ne
3831 2459 3889 2516 ni-

2331 2567 2405 2623 hil
2439 2571 2453 2618 l
2494 2568 2564 2624 de
2589 2585 2655 2624 eo
2681 2568 2929 2638 judicare
2979 2568 3154 2638 possit
3178 2568 3293 2638 Lqui
3317 2567 3470 2623 liber
3521 2580 3634 2620 non
3679 2559 3820 2617 luerit
3850 2555 3888 2608 in

2330 2662 2564 2735 agendo.
2619 2662 2987 2718 Pertinaciam
3036 2660 3168 2716 mali
3225 2660 3459 2717 damnat
3507 2660 3655 2715 Deus
3705 2662 3889 2709 comet“

2331 2757 2545 2811 sionem
2594 2755 2910 2825 paenitentis
2955 2754 3332 2824 amplectitur.
3373 2753 3491 2810 Sed
3536 2751 3687 2807 dicas
3718 2764 3731 2800 :
3762 2742 3888 2799 Num-

2332 2846 2461 2918 quid
2477 2845 2741 2903 mentiri"
2761 2848 2941 2917 potuit
2965 2848 3126 2911 Deus,
3157 2847 3248 2916 qui
3269 2846 3527 2900 facturos
3540 2858 3637 2898 cos
3664 2834 3886 2911 praedite-

2333 2941 2403 2993 rit
2442 2939 2591 3010 quod
2639 2939 2928 2995 fecerunt?
2956 2938 3174 3007 Quanta
3196 2940 3272 2992 sit
3301 2940 3480 2993 virtus
3525 2924 3886 3002 omnipotenti:

2290 3043 2304 3063 ‘
2332 3032 2452 3099 ejus
2482 3034 2503 3074 1
2535 3047 2641 3087 non
2680 3033 3029 3102 assequimur
3053 3071 3069 3096 ,
3111 3031 3202 3101 qui
3233 3037 3381 3085 uocat
3427 3045 3495 3084 ea
3545 3041 3660 3098 qua:
3688 3036 3778 3076 non
3798 3020 3885 3070 sunt

625 3142 760 3193 non,
791 3139 848 3180 ut
876 3125 1030 3180 ﬁeret
1058 3168 1073 3191 ,
1099 3123 1315 3194 jussum
1345 3131 1430 3177 est
1460 3139 1475 3178 :
1525 3119 1552 3159 ει
1600 3137 1701 3177 nec
1726 3122 1855 3177 ideo
1881 3120 2086 3176 factum
2112 3130 2224 3186 est,
2255 3155 2301 3218 Ο
2333 3133 2597 3197 tamquam
2640 3139 2757 3194 qua:
2780 3120 2915 3178 'sunt
2943 3121 3128 3195 (Rom.
3155 3137 3246 3188 ιν,
3281 3121 3396 3194 17).
3430 3117 3648 3175 Mentiri
3677 3127 3787 3169 eum
3814 3122 3885 3177 pu-

625 3217 751 3287 quia
802 3214 1124 3285 praedictum
1154 3222 1293 3278 erat;
1321 3211 1418 3268 sed
1446 3212 1573 3267 ideo
1608 3212 1932 3282 prmdictum
1960 3221 2066 3279 est,
2101 3212 2226 3283 quia

625 3317 746 3364 erat
792 3307 1078 3373 futurum;
1114 3318 1172 3361 ut
1213 3305 1613 3375 prarscien‘tiam
1664 3320 1816 3360 suam
1866 3306 2009 3361 Deus
2048 3304 2102 3360 in
2140 3305 2227 3360 bis

624 3413 747 3472 quae
778 3414 875 3469 per
906 3400 1214 3454 libertatem
1246 3398 1462 3454 arbitrii
1494 3397 1780 3454 hominum
1823 3396 2006 3454 futura
2027 3408 2185 3454 erant
2212 3441 2226 3466 ,

565 3542 578 3558 κ
623 3490 963 3549 ostenderet.
1018 3490 1355 3546 Libertatem
1401 3490 1642 3546 diximus
1689 3490 1941 3558 arbitrii,
1973 3493 2099 3561 quia
2131 3507 2229 3545 vo-

2334 3224 2574 3271 taremus
2615 3216 2894 3286 potuisse,
2926 3214 2973 3268 si
3000 3229 3067 3268 ea
3094 3229 3216 3283 quae
3243 3213 3542 3282 praedixit,
3573 3206 3780 3277 impleta
3804 3211 3886 3254 non

2330 3306 2584 3363 fuissent.
2614 3310 2758 3378 Ergo
2779 3316 2837 3363 et
2854 3307 3115 3362 Ninivitis
3136 3308 3403 3362 mentitus
3428 3306 3558 3362 est?
3596 3299 3736 3357 Dixit
3755 3294 3884 3357 enim,

2329 3400 2503 3455 adhuc
2532 3401 2768 3455 triduum
2788 3442 2803 3467 ,
2833 3412 2881 3455 et
2915 3398 3105 3455 Ninive
3137 3410 3177 3437 ιιι
3212 3410 3472 3456 evertetur
3501 3396 3681 3471 (J0me
3701 3406 3753 3447 ιιι
3771 3429 3785 3456 ,
3805 3400 3881 3441 set.

2333 3490 2502 3565 LXX)
2531 3510 2545 3545 :
2572 3502 2627 3548 et
2671 3508 2861 3548 eversa
2892 3508 3003 3547 non
3054 3500 3185 3559 est,
3215 3492 3339 3563 quia
3394 3487 3769 3562 paenitentiam
3804 3475 3887 3546 egit

628 3585 847 3642 luerunt
896 3584 1277 3642 Judreil‘acere
1306 3584 1453 3655 quod
1504 3582 1781 3640 fecerunt:
1812 3595 1866 3640 et
1896 3586 2082 3656 utique
2121 3595 2142 3623 ε
2182 3585 2228 3640 si
2307 3585 2385 3662 .in
2444 3586 2835 3656 praedicatione
2897 3585 3075 3640 Jonas.
3136 3593 3163 3620 ιι
3233 3584 3343 3640 Sed
3402 3582 3671 3652 intellige.
3731 3575 3884 3662 Setino

625 3677 972 3746 noluissent,
1008 3693 1113 3734 non
1146 3675 1428 3734 fecissent.
1476 3674 1641 3733 Certe
1670 3677 1907 3748 ingentis
1949 3676 2230 3748 sacrilegii
2314 3660 2428 3735 Dei
2475 3678 2685 3749 gladius
2736 3685 2825 3734 est
2877 3692 2944 3733 ex
2997 3687 3226 3747 utraque
3286 3686 3446 3747 parte
3482 3683 3673 3732 acutus
3723 3660 3882 3739 (Hebr-

700 3902 727 3932 =|
764 3891 830 3947 In
861 3892 1124 3948 liminibus
1173 3892 1356 3964 legunt
1406 3891 1580 3948 Vatic.
1643 3898 1877 3960 uterque
1901 3932 1916 3957 ,
1953 3889 2102 3945 Flor.
2140 3899 2217 3964 _et

630 3963 796 4031 Urh.;
828 3968 919 4035 qui
960 3966 1206 4036 profecto
1229 3960 1420 4019 'codd.
1454 3976 1759 4036 consensus
1812 3966 2097 4036 motiuisse
2122 3960 2218 4016 de-

629 4032 1029 4090 buerat'etia—m
1079 4037 1131 4089 in
1184 4036 1355 4104 priori
1404 4033 1647 4089 editione
1697 4048 1794 4101 pro
1846 4032 2214 4104 liminnribus,

626 4106 770 4170 quod
802 4105 1030 4162 barbare
1056 4102 1261 4161 dictum
1282 4150 1297 4174 ,
1327 4104 1745 4174 supponendum
1777 4102 2212 4174 essetiminibus.

625 4174 772 4230 Infra
791 4192 1043 4247 quoque,
1068 4193 1234 4232 serui.
1262 4172 1295 4232 6
1325 4172 1450 4231 init.
1480 4174 1680 4239 habet,
1709 4176 1850 4245 quod
1875 4172 2009 4247 illud
2033 4172 2214 4241 limen,

626 4256 684 4302 et
709 4248 776 4301 ad
810 4247 903 4301 ﬁn.
946 4251 1001 4301 in
1026 4249 1203 4303 limine
1251 4248 1435 4316 frontis
1462 4262 1481 4312 ;
1531 4261 1699 4312 quare
1726 4262 1756 4299 a
1787 4259 1920 4298 mss.
1982 4246 2220 4300 lectione

625 4335 732 4373 non
765 4329 849 4373 est
896 4319 1290 4374 recedendum.
1337 4316 1472 4371 Cod.
1505 4316 1713 4372 Octavii
1757 4316 2079 4386 Pantagathi
2114 4331 2213 4386 pro

2330 3888 2467 3943 illud
2484 3886 2709 3943 admisit
2732 3886 2782 3941 in
2809 3896 3047 3954 textum;
3064 3883 3370 3957 eodemque
3386 3886 3520 3942 vitio
3538 3881 3737 3939 laborat
3753 3879 3882 3928 etiam

2329 3958 2847 4035 liher_Pautagathi.
2882 4030 2894 4035 _
2932 4026 2943 4035 ἰ
3152 4030 3164 4035 _
3444 4029 3457 4035 _
3631 4034 3637 4035 ί
3819 4010 3882 4035 ,,.

2399 4028 2426 4067 ιι
2464 4026 2839 4100 Pantagathus
2880 4026 2949 4101 in'i
2994 4030 3240 4101 margine
3283 4029 3645 4101 rescripserat
3686 4026 3880 4101 φάηδξξ

2328 4111 2385 4172 ει
2413 4103 2465 4155 ἰιι
2497 4095 2689 4156 eodem
2734 4102 2874 4156 libro
2903 4100 2995 4155 ubi
3027 4095 3260 4157 inferius
3295 4100 3426 4156 editi
3469 4095 3661 4155 habent
3687 4095 3880 4172 νειιαιζξπ

2329 4170 2637 4297 Zodiernum
2683 4172 2853 4238 diem,
2893 4172 3092 4243 legitur
3122 4156 3216 4228 ibi
3271 4182 3484 4227 tantum
3528 4181 3684 4239 usque
3722 4156 3769 4214 in
3806 4156 3880 4208 Ito-

2368 4261 2585 4297 ternum.
3868 4294 3877 4297 _

2368 4261 2585 4299 ternum.
3806 4298 3829 4304 _
3867 4294 3877 4304 .

2402 4315 2417 4353 ί
2468 4298 2618 4370 llunc
2645 4315 2819 4369 locum
2853 4315 3195 4386 designavit,
3237 4316 3331 4372 ubi
3359 4316 3429 4372 de
3455 4307 3780 4386 praescientia
3806 4298 3877 4386 De}

626 4390 893 4444 liminibus
930 4392 1085 4456 lapsu
1116 4390 1324 4443 librarii
1355 4386 1547 4442 scribit
1577 4386 1898 4452 luminibus;
1928 4375 2026 4443 sed
2052 4375 2215 4442 etiam
2246 4394 2301 4455 ι)
2324 4387 2493 4441 verba
2544 4387 2780 4451 faciens,
2812 4375 3110 4442 nonnullos
3154 4375 3223 4444 εἰ
3251 4375 3509 4443 Patribits
3537 4381 3740 4439 laudat,
3767 4375 3879 4456 initi:

631 4461 735 4517 hoc
766 4461 931 4515 modo
959 4463 1252 4531 genuinam
1279 4460 1569 4531 lectionem
1605 4460 1826 4513 asserit.

700 4534 726 4574 δ
770 4533 826 4587 In
858 4530 988 4586 mss.
1019 4534 1127 4587 [uec
1157 4530 1465 4604 signiﬁcari.
1522 4600 1542 4604 _
1660 4600 1672 4604 _
1846 4580 1849 4585 .

706 4611 729 4639 °
774 4604 1014 4674 Uterque
1057 4599 1224 4670 Vat,
1259 4599 1389 4674 Urb.
1428 4610 1487 4674 et
1521 4600 1773 4674 Lugdnn.
1807 4599 1983 4674 editio
2008 4599 2078 4654 ad
2105 4615 2217 4653 ves-

630 4692 814 4745 perum
837 4718 852 4742 ,
885 4670 1040 4732 sicuti
1089 4678 1252 4731 etiam
1285 4670 1624 4731 Gaudentius
1678 4673 1815 4745 ipse
1845 4670 2007 4742 paulo
2057 4684 2218 4725 antea

630 4743 735 4802 non
773 4763 875 4803 una
908 4749 1045 4803 vice.
1078 4748 1219 4803 Vatt.
1263 4748 1393 4802 item
1425 4760 1590 4814 snpra
1627 4758 1682 4799 et
1723 4743 1964 4800 Urbinas
2004 4757 2221 4813 quoque

628 4819 776 4890 istius
820 4818 976 4886 solis,
1010 4835 1109 4890 pro
1136 4819 1341 4886 ipsius;
1372 4832 1497 4890 qute
1531 4825 1652 4871 esto
1689 4816 1826 4875 levia
1856 4816 1966 4869 sint
1990 4857 2005 4879 ,
2040 4826 2220 4868 tamen

633 4888 888 4961 (lusimus
923 4887 1032 4945 non
1063 4887 1557 4961 praetermittenda.

701 4956 727 4995 ἀ
768 4959 894 5014 Ηιεε
948 4955 1113 5017 verba
1163 4962 1358 5016 desunt
1388 4962 1439 5013 in
1474 4973 1604 5013 mss.
1631 4956 1765 5011 vitio
1794 4964 1945 5011 certe
1971 4955 2225 5011 librario-

632 5046 778 5095 rum,
809 5030 967 5085 aliter
1013 5034 1157 5086 vnim
1188 5032 1461 5087 sententia
1494 5047 1600 5084 non
1631 5037 1883 5093 conStat;
1914 5043 2020 5098 qua
2061 5027 2222 5096 culpa

636 5116 746 5157 non
772 5113 921 5157 caret
949 5103 1114 5158 etiam
1146 5103 1282 5157 liber
1322 5100 1534 5156 Octavii
1563 5100 1911 5168 Pantagatbi.

705 5183 727 5209 ε
770 5174 864 5228 Sic
893 5171 1259 5228 Florentinus.
1316 5173 1459 5226 Vatt.
1508 5173 1616 5227 duo
1656 5180 1820 5234 atque
1846 5170 1975 5224 editi
2019 5168 2219 5223 voluis-

625 5254 756 5300 sent.
790 5244 947 5301 Male.
980 5246 1039 5299 In
1073 5259 1175 5297 IIIS.
1200 5243 1534 5312 Pantagathii
1564 5245 1608 5296 si
1650 5242 1934 5296 noluissent
1958 5258 2059 5294 non
2087 5242 2223 5311 {ece-

627 5326 785 5382 rant,
835 5329 889 5373 at
939 5317 1111 5387 ipsius
1159 5329 1318 5369 manu
1370 5318 1421 5368 in
1473 5312 1719 5384 margine
1768 5315 2094 5381 rescriptum
2141 5322 2227 5366 est

627 5387 877 5460 facerent.

707 5458 725 5497 τ
773 5460 917 5515 Vatt.
950 5458 1060 5515 duo
1082 5500 1099 5527 ,
1131 5467 1179 5512 et
1223 5457 1279 5511 in
1322 5471 1479 5526 apere
1499 5454 1730 5526 justitia.

698 5541 724 5579 ις
762 5530 961 5586 Nescio
1011 5523 1289 5600 quomodo
1321 5523 1426 5584 huc
1477 5523 1765 5600 irrepserit
1793 5524 2021 5600 verbum
2053 5523 2224 5579 admi-

625 5602 890 5673 rabiliter,
919 5594 1061 5673 quod
1085 5602 1363 5673 legiturin
1393 5614 1527 5654 mss.
1551 5595 1831 5673 Scriptum
1852 5603 1974 5673 erat
1993 5594 2227 5673 fortasse

627 5665 1120 5755 ξάμριοφζρειείηφ
1139 5665 1220 5748 'ab.
1258 5672 1448 5755 "liquo.
1470 5665 1793 5755 ..ουίυεφμιι
1818 5665 2226 5755 Ψεεβθὲιὲεηὲίὲ

634 5732 787 5797 locus
841 5732 1010 5800 ruidu'
1048 5732 1368 5812 placuerat;
1418 5732 1545 5800 déln
1609 5732 1958 5795 librariorum
2014 5734 2227 5792 inscitia

2322 4471 2460 4527 quos
2483 4468 2535 4511 et
2557 4449 2919 4512 Gaudentium
2953 4459 3272 4515 Brixianam
3295 4500 3309 4522 ,
3343 4457 3689 4513 doctissimus
3724 4449 3879 4527 ayclf”

2323 4514 2537 4601 Operis
2546 4528 2613 4582 de
2640 4528 3013 4584 Moderatione
3052 4514 3399 4601 ingeniorum
3451 4529 3705 4601 adversus
3742 4514 3878 4601 loga-

2325 4581 2452 4724 θέω
2482 4581 3551 4723 truereponu‘m;"1iu'."ﬁi;"e;;;i7(1..
3582 4595 3684 4651 585
3708 4634 3722 4659 ,
3772 4581 3873 4639 edit-

2374 4685 2476 4724 ene
2509 4709 2522 4723 .

2374 4679 2522 4724 enet.

2402 4744 2414 4790 ι
2468 4740 2617 4795 Flor.
2647 4741 2772 4797 cod.
2795 4742 3073 4814 judicari.
3105 4758 3230 4813 quae
3258 4744 3494 4799 fortasse
3540 4747 3621 4795 est
3657 4724 3873 4814 Y9”???

2327 4813 2439 4883 tio,
2470 4814 2713 4881 mihique
2742 4803 2914 4883 magis
2943 4803 3151 4868 ιιι-ιιιιεί
3174 4856 3189 4878 ,
3233 4816 3359 4870 licet
3391 4803 3867 4883 inutarernolgejfifﬂg

2325 4870 2564 5009 ﬁndicari
2597 4870 2744 5007 Ilegit
2794 4870 2958 4940 eiiam
2991 4886 3116 4941 cod.
3167 4870 3270 4941 nis.
3305 4886 3397 4958 qui
3429 4887 3530 4941 fuit
3557 4882 3677 4937 olim
3702 4870 3867 4928 Οειεινιι

2370 4965 2589 5009 ειηιειεζειι
2612 4972 2671 5009 ιι.

2370 4956 2671 5009 ειηιειεζειιιιὶ.

2694 5025 3003 5101 ιιιιίιιδῳιε
3028 5025 3150 5081 Val.
3199 5037 3256 5082 et
3297 5027 3426 5085 Urb.
3451 5074 3466 5098 ,
3499 5033 3686 5101 pateret
3713 5014 3859 5101 fo’f;

2327 5098 2418 5168 qui
2447 5102 2679 5169 facturos
2728 5114 2811 5169 eos
2860 5088 3220 5167 praedixerat,
3251 5088 3465 5169 quibus
3497 5088 3693 5156 accedit
3735 5088 3863 5142 etiam

2328 5171 2453 5240 cod.
2471 5239 2481 5240 ί
2498 5168 2856 5240 Pantagatlti.
2888 5238 2895 5240 _
3274 5168 3279 5169 ί
3736 5230 3746 5240 .

2407 5237 2425 5277 ι
2469 5239 2547 5294 lta
2576 5242 2625 5293 in
2652 5233 2784 5294 mss.
2823 5238 3000 5305 Ed'iti,
3025 5240 3282 5298 mendose
3310 5287 3324 5309 ,
3373 5259 3479 5297 non
3525 5233 3856 5309 consequimu’t-

2399 5319 2441 5347 ιιι
2464 5309 2800 5365 Subvertetnr
2852 5290 3053 5365 habent.
3082 5290 3432 5378 mssido’dd“
3462 5290 3550 5369 cui
3584 5290 3773 5380 lectioni.
3802 5290 3859 5380 in;

2331 5391 2419 5437 vet
2444 5359 2796 5452 vaganti;
2841 5359 3859 5453 utiattigisse-3",“;ius:assumsit

2331 5431 2425 5509 sa;
2453 5431 2699 5522 minus
2724 5431 2946 5524 Tigna.“
2960 5431 3852 5524 ἰᾷὶιιξᾶἶεῖιῖιιῖιὲ’Χυῖιῖιξιῑηιιεξξξο

2330 5504 2694 5579 musaea;
2732 5504 2825 5579 D'éi
2836 5504 3664 5593 “.3;iiii/"angit;:30".qu
3680 5504 3855 5593 qﬂf‘dl‘i‘

2331 5566 2476 5722 ξίὴἱὶι
2514 5566 2971 5721 ἇίέὲέ’νίάέὶιᾶυὲ
2984 5566 3463 5654 ῑιειέιὶῗὸἶὶιεέιῖἱιέ
3493 5566 3569 5655 «ῖὲ’
3590 5566 3850 5651 iocineri!»

2355 5701 2371 5720 ο
2402 5679 2456 5720 XI
2474 5703 2486 5722 ς
2517 5681 2565 5720 ο.
2653 5702 2665 5719 ο

2355 5701 2371 5720 ο
2402 5679 2486 5720 XI.
2517 5681 2565 5720 ο.
2611 5679 2665 5720 5ο

2406 5703 2454 5771 δ’
2472 5703 2698 5791 bruti-3i.
2742 5722 2973 5809 ιηιειιιισε
2992 5725 3112 5807 quia
3144 5734 3308 5795 tum
3342 5730 3455 5797 tm.
