4120 6174
231 263 342 321 863

1134 261 1370 322 SERMO
1404 261 1499 333 ιιι,
1540 262 1632 321 nu
1674 259 1886 323 EXODI
1922 240 2271 322 LECTIONE
2308 260 2637 321 manus.

3439 260 3550 321 866

231 376 334 447 tv).
389 373 582 430 Ninive
648 373 811 430 aliter
866 374 1163 432 evertenda
1214 377 1396 433 fuerat
1417 419 1433 445 ,
1480 389 1537 435 et
1564 390 1589 415 ιι
1633 393 1824 434 eversa
1850 379 1904 439 Α
1927 379 2050 448 quia
2073 374 2227 432 Iesus
2255 385 2326 431 est
2356 376 2594 457 Christus
2616 370 2790 427 Filius
2820 369 2940 440 Dei,
2974 380 3023 426 et
3052 372 3393 429 utcredentes
3416 416 3431 440 ,
3468 376 3547 428 vi-

229 476 317 523 cst
367 468 547 524 aliter.
575 467 887 525 Evertenda
942 470 1114 526 fuerat
1169 471 1387 527 excidio
1418 513 1434 537 ,
1480 473 1526 528 si
1580 488 1835 544 perman—

231 559 401 615 sisset
465 559 518 614 in
591 574 690 615 sua
745 562 1036 632 nequitia:
1122 561 1149 601 ι’
1220 548 1414 620 eversa
1481 575 1565 620 est
1632 565 1833 636 iniqui-

230 661 317 709 tas
341 650 506 725 249
533 651 684 722 ejus,
715 654 841 724 quia
876 655 1147 723 ptBuiIuiI.
1201 655 1352 711 Sicut
1394 657 1550 712 distat
1597 658 1777 712 coelum
1805 675 1838 711 a

232 752 398 813 terra,
431 745 567 801 dicit
597 745 739 801 Deus
767 746 1101 814 hominibus,
1135 749 1211 802 ita
1246 749 1441 804 distant
1479 767 1658 804 sensus
1683 751 1783 804 mei
1806 766 1839 803 a

231 838 469 895 sensibus
512 840 721 907 vestris,
755 848 803 894 et
834 841 1167 912 cogitationes
1198 858 1324 897 metu
1366 859 1398 896 a
1442 844 1837 916 cegitationibus

231 931 416 986 vestris
445 929 546 1002 (Is.
572 933 686 1003 LV).
716 932 987 1003 Scriptum
1017 944 1100 989 est
1133 953 1147 988 :
1199 934 1402 989 Altiora
1443 946 1491 990 te
1530 952 1593 990 ne
1616 936 1835 1007 quaesie-

234 1027 332 1093 ris,
361 1036 408 1079 et
437 1026 742 1080 sublimiora
786 1038 834 1079 te
860 1043 923 1080 ne
951 1037 1210 1083 scrutatus
1237 1029 1398 1099 fueris
1422 1046 1441 1095 ;
1484 1031 1672 1083 multos
1703 1028 1841 1084 enint

233 1116 592 1190 supplantavit
645 1118 873 1190 suspicio
904 1135 1079 1174 eorum
1108 1117 1311 1190 (Eccli.
1341 1136 1423 1187 ιιι,
1455 1119 1581 1192 ‘22).
1620 1119 1837 1175 Justum

237 1207 422 1281 itaque
448 1221 470 1249 ο
503 1210 668 1266 crede
698 1210 1014 1278 Dominum,
1061 1212 1407 1279 charissime,
1455 1222 1512 1269 et
1538 1228 1753 1280 verum,
1785 1219 1843 1269 et

234 1302 384 1374 pium
410 1302 466 1356 in
499 1302 762 1358 omnibus
789 1303 978 1370 dictis,
998 1314 1163 1377 atque
1183 1306 1445 1375 operibus
1466 1306 1606 1373 suis,
1634 1315 1696 1362 ut
1719 1322 1844 1376 per-

235 1395 437 1454 fectant
458 1397 779 1467 sapientiam
798 1398 1174 1468 consequaris.
1199 1399 1378 1472 Agnus
1391 1399 1536 1455 enim
1559 1403 1841 1472 perfectus,

235 1488 502 1545 masculus
523 1529 540 1556 ,
572 1490 749 1561 inquit
774 1530 790 1556 ,
820 1492 1094 1545 anniculus
1136 1492 1233 1546 erit
1262 1491 1403 1547 vobis
1432 1490 1651 1563 (Exod.
1685 1492 1838 1565 xu):

238 1592 298 1638 ut
327 1583 464 1638 nihil
489 1583 768 1640 mediocre
787 1583 855 1640 de
883 1584 1129 1655 perfecto
1148 1585 1379 1652 sentias,
1411 1586 1546 1641 nihil
1570 1585 1841 1641 inﬁrmum

236 1674 307 1732 de
335 1675 618 1743 masculo,
650 1676 786 1732 nihil
832 1676 902 1733 de
930 1678 1190 1734 anniculo
1218 1678 1603 1750 semiplenum.
1654 1678 1841 1735 Perfe-

235 1777 357 1824 ctus
383 1776 486 1834 est,
515 1768 639 1839 quia
665 1769 719 1822 in
750 1786 810 1823 eo
838 1768 1086 1823 habitavit
1114 1771 1279 1825 omnis
1299 1771 1568 1843 plenitudo
1595 1770 1844 1825 divinita—

236 1860 304 1914 tis
330 1861 672 1930 corporaliter
702 1858 947 1933 (Coloss.
971 1878 1010 1917 ιι
1031 1862 1074 1934 ).
1121 1862 1397 1919 Masculus
1428 1874 1547 1931 est,
1586 1862 1612 1901 ά
1644 1868 1843 1935 quippe

220 1954 361 2026 quia
393 1955 475 2009 vir
501 1955 650 2011 nasci
677 1954 934 2026 dignatus
956 1966 1041 2011 est
1068 1971 1138 2012 ex
1164 1955 1408 2027 Virgine,
1442 1965 1500 2011 ut
1527 1958 1683 2012 sexui
1708 1958 1843 2013 utri-

237 2062 344 2119 que
373 2047 707 2104 consuleret.
741 2048 1045 2105 Auniculus
1079 2057 1206 2115 est,
1245 2048 1375 2119 quia
1418 2058 1541 2119 post
1578 2049 1710 2104 illud
1740 2050 1844 2104 Ba-

236 2140 494 2211 ptismum
529 2148 553 2176 °
585 2139 730 2210 quod
778 2154 880 2209 pro
920 2140 1077 2195 nobis
1106 2139 1160 2195 in
1199 2139 1443 2196 Jordane
1494 2150 1840 2211 susceperat,

242 2230 265 2272 τ
297 2250 468 2305 usque
497 2233 567 2289 ad
614 2226 895 2289 Passionis
934 2248 1048 2289 suae
1096 2233 1237 2289 diem
1280 2234 1439 2289 unius
1472 2235 1598 2289 anni
1633 2245 1847 2307 tempus

235 2325 539 2398 impletur;
587 2336 644 2381 et
691 2341 755 2383 ea
797 2336 1005 2381 tantum
1052 2327 1256 2397 scripta
1293 2335 1422 2382 sunt
1452 2326 1505 2382 in
1537 2328 1846 2399 Evangeliis

235 2436 359 2492 quae
388 2421 442 2475 in
473 2421 567 2476 illo
591 2436 737 2476 anno
767 2420 853 2476 vel
881 2420 1103 2489 docuit,
1154 2420 1242 2477 vel
1268 2419 1399 2476 fecit
1424 2464 1440 2488 ,
1486 2436 1590 2478 nec
1620 2423 1732 2492 ipsa
1767 2431 1847 2478 ta-

238 2530 364 2571 men
410 2513 615 2570 omnia.
668 2512 759 2571 Sic
802 2515 950 2569 enim
997 2512 1131 2569 dicit
1171 2513 1516 2584 Evangelista
1554 2513 1841 2570 Joannes:

238 2609 415 2666 Multa
445 2609 656 2682 quidem
696 2619 747 2663 et
792 2607 901 2663 alia
947 2610 1095 2681 signa
1134 2610 1253 2680 fecit
1282 2607 1438 2664 Jesus
1483 2610 1538 2663 in
1575 2617 1847 2680 conspectu

239 2701 619 2771 discipulorum
646 2715 893 2764 suorum,
929 2709 954 2746 8
982 2714 1172 2756 eorum
1202 2700 1401 2770 quippe
1430 2714 1565 2772 quos
1591 2709 1717 2773 post
1743 2702 1848 2757 Ba—

240 2793 499 2865 ptismum
525 2792 783 2848 scribitur
807 2791 1039 2863 elegisse
1062 2833 1080 2857 ,
1128 2808 1245 2863 quae
1282 2808 1384 2846 non
1409 2801 1529 2846 sunt
1562 2794 1753 2865 scripta
1792 2794 1847 2849 in

239 2884 338 2940 Itoc
369 2882 500 2941 libro
540 2901 559 2939 :
602 2884 712 2939 hare
738 2892 913 2939 autem
937 2884 1129 2954 scripta
1157 2893 1299 2950 sunt,
1328 2894 1383 2938 ut
1410 2882 1575 2956 250
1600 2885 1843 2955 credatis,

1937 479 2043 522 tant
2071 458 2317 523 retentam
2346 466 2577 521 habeatis
2603 467 2657 520 in
2684 466 2887 519 nomine
2920 465 3032 536 ejus
3064 464 3084 537 (
3106 464 3267 519 Joan.
3295 482 3362 521 xx
3392 465 3433 537 ).
3470 465 3549 522 De

1941 562 2024 617 his
2054 571 2241 619 autem
2270 577 2392 633 qua:
2421 572 2551 617 ante
2597 560 2747 615 illum
2779 560 2950 631 gessit
2976 576 3177 614 annum
3203 600 3219 627 ,
3272 560 3354 615 sic
3401 560 3547 617 idem

1938 655 2176 712 Joannes
2199 656 2252 710 in
2279 655 2568 724 postremis
2599 653 2947 710 sermonibus
2975 653 3103 710 libri
3125 663 3387 710 tesmtur:
3414 654 3555 711 Sunt

1939 756 2112 802 autem
2140 757 2189 801 et
2214 747 2379 802 multa
2409 748 2513 801 alia
2539 762 2656 818 qua:
2681 746 2802 817 fecit
2827 745 2984 801 Jesus
3009 763 3029 812 ;
3055 763 3171 819 qute
3191 748 3235 801 si
3260 747 3555 802 scribantur

1939 855 2029 911 per
2056 839 2262 911 singula
2288 880 2302 906 ,
2335 854 2425 893 nec
2469 840 2641 909 ipsum
2689 838 2915 894 arbitror
2949 839 3203 895 mundum
3233 856 3417 912 capere
3464 855 3553 896 eos

1939 930 2095 987 libros
2122 933 2209 1003 qui
2238 932 2586 987 scriberentur
2614 931 2797 1005 (Joan.
2827 931 2965 1005 χχι).
3001 932 3165 990 Solus
3188 933 3351 1003 plane
3379 931 3554 987 Lucas

1940 1025 2274 1093 evangelista
2305 1025 2629 1080 memoravit
2653 1026 3005 1094 praeteriens,
3042 1025 3190 1095 quod
3211 1024 3236 1061 δ
3260 1023 3552 1082 duodecim

1939 1130 2204 1171 annorum
2235 1116 2527 1186 praedictus
2557 1116 2822 1173 Dominus
2850 1117 3013 1173 Jesus
3047 1116 3100 1172 in
3134 1118 3337 1189 templo
3360 1134 3551 1189 reper-

1942 1220 2031 1267 tus
2059 1211 2134 1265 sit
2164 1226 2193 1265 a
2228 1210 2569 1281 parentibus,
2598 1210 2797 1267 sedens
2822 1212 2873 1267 in
2906 1213 3088 1269 medio
3118 1213 3431 1281 doctorum,
3459 1229 3559 1272 au-

1942 1302 2098 1359 diens
2123 1319 2239 1369 eos,
2268 1313 2324 1359 et
2353 1303 2719 1376 interrogans,
2746 1305 2961 1375 etquod
2985 1305 3186 1363 dixerit
3204 1308 3553 1378 parentibus:

1947 1398 2087 1466 Quid
2113 1398 2422 1471 quaerebatis
2448 1414 2531 1454 me
2571 1401 2595 1453 ?
2640 1399 2942 1455 nesciebatis
2968 1403 3091 1472 quia
3120 1403 3172 1455 in
3200 1399 3281 1455 Itis
3306 1417 3423 1472 qua:
3453 1400 3557 1455 Pa-

1944 1491 2035 1544 tris
2066 1492 2164 1544 mei
2179 1501 2297 1545 sunt
2323 1500 2523 1563 oportet
2555 1508 2633 1545 me
2661 1509 2771 1547 esse
2796 1492 2950 1563 (Luc.
2985 1491 3092 1566 tt)?
3139 1493 3237 1549 llic
3267 1503 3355 1551 est
3376 1510 3555 1553 annus

1947 1581 2162 1637 Domini
2194 1592 2471 1653 acceptus,
2507 1599 2671 1652 quem
2705 1582 2719 1619 ί
2758 1600 2826 1640 ex
2874 1584 3025 1641 Isaias
3057 1585 3199 1640 libro
3224 1586 3295 1642 de
3321 1601 3555 1657 persona

1944 1686 2041 1727 sua
2072 1674 2337 1744 scriptum
2371 1674 2424 1728 in
2456 1690 2732 1745 synagoga
2759 1674 2945 1747 legens
2970 1676 3230 1732 Dominus
3251 1676 3414 1734 Jesus
3439 1679 3549 1735 ait:

1948 1764 2123 1821 Hodie
2164 1767 2376 1836 impleta
2421 1776 2493 1821 est
2544 1767 2652 1822 [nec
2696 1767 2973 1837 Scriptura
3016 1770 3069 1823 in
3112 1770 3325 1824 auribus
3376 1773 3558 1828 vestris

1949 1859 2102 1929 (Luc.
2136 1876 2209 1926 tv,
2236 1860 2351 1931 21).
2387 1861 2485 1917 Hic
2514 1872 2599 1917 est
2626 1878 2829 1928 annus,
2861 1867 3016 1933 cujus
3044 1878 3303 1920 coronam
3337 1866 3356 1938 (
3380 1867 3553 1922 victo-

1947 1954 2134 2010 rialem
2181 1954 2379 2024 quippe
2424 1954 2690 2013 circulum
2738 1956 3003 2026 operibus
3049 1957 3310 2013 bonitatis
3350 1957 3557 2017 Christi

1947 2046 2406 2119 benedicendum)
2438 2047 2710 2118 PrOpbeta
2741 2048 2898 2104 laetus
2929 2049 3197 2105 nuntiavit
3221 2051 3275 2105 in
3311 2051 3552 2122 psalmo:

1947 2138 2250 2208 Benedices,
2289 2140 2492 2211 inquit,
2525 2158 2769 2197 coronam
2808 2145 2933 2197 anni
2972 2143 3302 2217 benignitatis
3339 2156 3441 2202 tua:
3463 2190 3479 2216 ,
3507 2155 3557 2202 et
3644 2198 3659 2207 .

1949 2235 2120 2304 campi
2151 2234 2225 2287 tui
2247 2231 2583 2304 replebuntur
2604 2234 2835 2289 ubertate
2856 2232 2975 2308 (Ps.
3003 2237 3151 2309 thv)
3177 2256 3188 2290 :
3218 2237 3381 2294 corda
3401 2253 3555 2295 nem-

1951 2338 2019 2394 pe
2056 2323 2398 2380 credentium
2432 2325 2784 2395 populorum,
2836 2336 3098 2398 percepto
3143 2329 3354 2386 semine
3398 2330 3556 2388 verbi

1948 2417 2093 2485 vitae,
2121 2418 2299 2474 fructu
2327 2418 2491 2474 etiam
2523 2420 2828 2476 centesimo
2856 2421 3259 2480 redundabunt.
3313 2424 3469 2492 Quod
3509 2425 3557 2484 si

1947 2509 2002 2565 iu
2042 2524 2207 2566 cruce
2251 2511 2411 2566 simul
2459 2525 2584 2567 cum
2611 2512 2829 2568 Christo
2876 2514 3229 2584 pendentium
3279 2516 3552 2575 latronum

1947 2603 2135 2660 fractis
2182 2604 2473 2670 cruribus,
2519 2605 2646 2662 ideo
2691 2605 2996 2663 Salvatoris
3040 2624 3200 2665 crura
3232 2610 3399 2667 tracta
3444 2627 3553 2671 non

1952 2709 2100 2761 sunt,
2130 2700 2289 2754 sicuti
2316 2711 2539 2755 sanctus
2564 2700 2899 2771 evangelista
2918 2711 3177 2769 testatur;
3198 2715 3252 2758 ut
3279 2704 3557 2775 Scriptura

1951 2793 2272 2865 impleretur,
2295 2808 2411 2865 quae
2428 2794 2503 2848 ait
2527 2809 2547 2848 :
2571 2792 2642 2849 0s
2662 2795 2676 2845 l
2717 2812 2821 2849 non
2840 2798 3192 2870 confringetur
3207 2815 3271 2854 ea:
3290 2816 3347 2855 eo
3370 2800 3557 2872 (Joan.

1954 2882 2087 2957 χιι)
2128 2903 2139 2938 :
2188 2883 2377 2940 debuit
2410 2884 2566 2955 juxta
2599 2885 2913 2956 praedictam
2946 2887 3210 2945 rationem
3238 2890 3425 2963 Agnus
3451 2892 3557 2950 iste

313 3097 340 3128 α
378 3087 660 3144 Amiserat
687 3086 931 3157 leporem
966 3099 1185 3141 omnem
1236 3083 1520 3157 locusiste
1543 3084 1679 3139 vitio
1716 3100 1830 3139 ma-
1859 3084 1906 3149 C
1937 3082 2269 3157 clerigornm.

242 3162 310 3219 la:
355 3154 856 3227 interpunctionis,
914 3170 1148 3226 eumque
1200 3154 1542 3227 restituimus
1588 3157 1833 3211 subsidio

240 3233 405 3289 unius
431 3226 553 3285 cod.
580 3228 788 3287 Octavii
828 3228 1147 3297 Pantagathi
1169 3268 1184 3292 ,
1223 3226 1318 3295 qui
1349 3230 1500 3282 solus
1538 3229 1640 3281 hoc
1674 3228 1835 3283 modo

239 3316 390 3362 reete
417 3303 722 3371 distinguit.
758 3299 903 3354 Editi
939 3302 1220 3369 hucusque
1242 3297 1429 3367 inepte
1459 3297 1768 3353 ltabuerunt
1790 3307 1837 3353 et

241 3392 418 3431 eversa
442 3382 536 3429 est.
572 3370 736 3427 Aliter
765 3370 1037 3425 evertenda
1065 3370 1270 3439 fuerat:
1325 3381 1381 3423 at
1437 3379 1639 3437 puncto
1667 3372 1839 3425 inter-

240 3450 426 3521 posito
444 3489 461 3514 ,
488 3460 593 3500 vox
615 3443 769 3521 aliter
798 3444 850 3497 in
881 3442 1119 3521 alienam
1151 3439 1337 3521 sedem
1362 3441 1839 3521 tratisdueta,_ele-

238 3511 455 3590 ἐπαύεθ’
488 3532 595 3571 non
645 3513 1052 3590 inodo,»sed_et
1098 3511 1479 3590 perspicuitati
1526 3511 1836 3590 ofﬁciebat,

240 3582 365 3662 qua:
414 3591 535 3643 loco
561 3602 665 3662 suo
712 3585 928 3662 reddita
971 3583 1149 3662 lycum
1200 3582 1378 3662 ipsum
1410 3583 1663 3651 genuinae
1691 3582 1837 3662 puri-

239 3653 339 3717 t'ati
365 3671 529 3730 atque
571 3657 890 3730 integritati;
909 3653 1165 3730 reddidit.
1192 3653 1541 3730 llaec‘autcm
1581 3653 1840 3730 emenda:

241 3737 353 3799 tio,
376 3722 627 3801 quamvis
670 3722 796 3797 a'pta
825 3727 967 3782 adeo
1008 3740 1072 3781 ac
1100 3723 1309 3788 facilis,
1331 3722 1556 3801 ingerat
1585 3727 1637 3779 in
1668 3723 1841 3801 priori

240 3795 487 3860 editione
516 3795 827 3870 indaginem
872 3808 1115 3870 nostram
1135 3838 1151 3861 ,
1183 3795 1610 3870 conniventibus
1637 3796 1845 3865 pariter

240 3885 297 3932 et
330 3874 519 3929 vitium
553 3867 835 3927 tuentibus
859 3867 1200 3925 editionibus
1222 3867 1386 3923 simul
1415 3882 1480 3922 ac
1505 3882 1641 3922 mss.

308 3944 339 3985 δ
394 3944 624 4015 Egregie
666 3944 718 3997 in
748 3941 890 3995 hunc
919 3954 1147 4015 sensum
1172 3942 1311 4015 Aug.
1345 3938 1398 3992 in
1442 3954 1523 4015 P_Sg
1560 3955 1591 3993 ιο
1632 3955 1646 3992 :
1684 3938 1849 4015 Stetit

241 4007 466 4082 Ninive,
504 4007 572 4069 an
611 4030 784 4069 eversa
812 4020 885 4065 est
917 4010 1149 4065 Ninive?
1196 4007 1361 4082 dliter
1386 4009 1604 4082 quidem
1646 4009 1848 4063 videtur

242 4076 537 4144 hominibus
562 4128 578 4150 .
610 4096 658 4141 et
698 4084 849 4138 aliter
888 4083 1053 4136 visum
1099 4089 1172 4135 est
1200 4076 1332 4134 Deo.
1376 4078 1491 4151 Ego
1519 4090 1691 4135 autem
1723 4090 1847 4147 puto

240 4160 512 4227 impletum
556 4157 715 4225 fuisse
752 4154 892 4227 quod
913 4151 1198 4227 _Propheta
1244 4152 1577 4227 prwdixel'at.
1633 4152 1851 4227 Respice

281 4220 360 4285 uie
382 4231 481 4298 [uit
518 4220 728 4293 Ninive,
760 4220 808 4281 et
838 4225 950 4280 vide
975 4220 1097 4295 quia
1124 4220 1295 4278 eversa
1318 4232 1413 4276 est.
1447 4220 1642 4279 Eversa
1662 4224 1717 4276 in
1740 4239 1851 4275 ina-

270 4319 322 4368 o,
352 4300 610 4369 cdiﬁcata
650 4300 703 4352 in
729 4299 883 4352 bono.

319 4383 343 4411 ε
396 4363 594 4426 Deerat
639 4370 692 4425 in
739 4369 901 4425 editis
920 4383 1024 4422 vox
1054 4365 1200 4421 crede
1225 4410 1240 4433 ,
1273 4364 1402 4420 licet
1427 4363 1495 4420 ad
1524 4364 1850 4420 iniciendum

243 4452 416 4501 totum
468 4442 609 4496 hunc
650 4442 830 4495 locum
860 4439 1084 4494 omnino
1113 4436 1446 4493 necessaria.
1488 4436 1853 4507 Reposuimus

242 4531 367 4572 eam
408 4529 475 4571 ex
506 4513 720 4568 duobus
752 4511 900 4566 Vatt.
946 4519 1003 4566 et
1052 4509 1181 4566 Urb.
1226 4509 1586 4577 eamdemque
1631 4508 1853 4563 exhibet

242 4587 409 4644 etiam
447 4584 583 4638 liber
614 4582 823 4638 Octavii
871 4580 1188 4651 Pantaguthi
1231 4579 1335 4634 hoc
1379 4580 1540 4635 modo
1578 4597 1594 4635 :
1640 4577 1852 4635 Iustum

240 4658 393 4735 crede
424 4655 611 4735 Deum,
637 4653 968 4735 charissime;
995 4650 1385 4735 qdideiudein
1412 4651 1660 4735 sequenti
1684 4668 1855 4735 anno-

242 4730 452 4785 tatione
477 4726 643 4782 habet
681 4744 692 4780 :
725 4727 915 4798 quippe
939 4722 1029 4795 qui
1056 4724 1133 4778 vir
1153 4727 1323 4797 fuerat
1355 4723 1498 4778 nasci
1521 4722 1763 4794 dignatus
1789 4738 1854 4776 ea:

251 4798 487 4855 Vimine.

316 4818 686 4949 ggltgitroque
713 4866 1010 4949 venibis.
1031 4874 1087 4920 et
1129 4865 1279 4949 Fige.
1300 4865 1379 4948 sic
1406 4863 1605 4935 legitur
1629 4881 1642 4918 :
1666 4865 1855 4936 quippe

243 4943 335 5013 qui
363 4943 439 4996 vir
455 4934 625 5010 [uera't
653 4940 795 4995 nasci
831 4938 1077 5009 dignatus
1102 4953 1168 4992 es:
1197 4934 1430 5006 Virgine.
1470 4934 1477 4935 ί
1678 4934 1688 4936 ἡ
1758 4934 1766 4936 ἡ
1794 4934 1801 4935 “

320 5022 344 5050 ο
376 5011 708 5077 Baptismum
734 5018 886 5067 recto
914 5024 1046 5063 casu
1079 5022 1177 5075 pro
1207 5005 1506 5076 Baptismus
1557 5006 1728 5062 semel
1756 5005 1856 5060 ob-

244 5093 432 5143 semis
462 5083 620 5140 Vo~s.
653 5084 748 5140 lib.
776 5097 853 5141 ut.
900 5079 969 5135 de
996 5078 1157 5135 Vitiis
1187 5094 1355 5134 serui.
1384 5092 1435 5132 c.
1461 5077 1497 5132 2
1518 5119 1533 5143 ,
1580 5076 1724 5147 quod
1774 5084 1855 5131 ta-

245 5172 375 5213 men
408 5155 619 5210 dubitat
645 5170 769 5211 esse
800 5150 1004 5207 librarii
1031 5160 1294 5207 erratum.
1348 5149 1454 5205 Sed
1489 5158 1683 5219 praeter
1713 5148 1855 5203 hunc

248 5226 542 5286 Gaudentii
574 5226 781 5290 locum,
813 5223 908 5294 qui
938 5237 1071 5294 usus
1098 5233 1184 5277 est
1208 5231 1407 5294 neutro
1433 5235 1633 5294 genere
1655 5260 1669 5284 ,
1703 5220 1850 5294 inve-

247 5299 596 5364 nituretiam
620 5300 672 5352 in
701 5289 933 5353 Decreto
961 5292 1238 5364 Anastasii
1264 5308 1416 5363 papa:
1436 5289 1576 5364 apud
1607 5289 1854 5364 A_gobar-

247 5362 497 5430 dum.lde
528 5370 770 5440 privili-g.
798 5374 855 5423 et
876 5365 1002 5440 jure
1033 5362 1319 5440 sacerdotii
1342 5362 1483 5440 cap.
1507 5362 1574 5417 t7
1601 5379 1613 5415 :
1643 5362 1854 5440 Baptis-

250 5432 607 5497 mumsive'ab
633 5432 893 5505 adultero,
923 5432 1000 5490 vel
1040 5452 1072 5506 a
1103 5435 1216 5504 fure
1245 5434 1400 5506 fuerit
1417 5433 1619 5506 datum,
1640 5433 1717 5506 ad
1734 5449 1854 5505 per-

254 5513 530 5581 cipientem
555 5530 743 5567 manus
769 5504 1000 5582 pervenit
1036 5504 1312 5582 illibatum.
1361 5504 1603 5582 _Et_apud
1637 5504 1854 5582 Petrum

256 5573 503 5637 Damiaui
537 5584 589 5637 in
622 5573 865 5651 libro'qui
898 5578 1204 5651 appellatur
1224 5573 1593 5651 Gratissimus,
1623 5590 1745 5651 cap.
1777 5576 1812 5631 9
1839 5592 1854 5630 :

256 5652 387 5709 Tria
412 5657 651 5727 profecto
667 5648 1298 5727 prtectpua'Sacratnen‘ta
1324 5649 1379 5703 in
1414 5656 1603 5727 sancta
1618 5648 1859 5717 frequen-

254 5719 433 5806 tantur
454 5719 688 5806 Eeclesia
711 5742 728 5789 ;
753 5719 1087 5806 Baptismum
1110 5719 1376 5806 videlicet,
1397 5722 1629 5806 corporis
1654 5735 1856 5806 quoque

253 5805 303 5853 et
330 5798 602 5869 sanguinis
629 5791 889 5852 Dominici
917 5796 1141 5850 salutare
1165 5791 1496 5865 mysterium,
1524 5801 1572 5848 et
1597 5791 1856 5846 ordinatio

2016 3153 2035 3192 ί
2066 3154 2315 3235 fuerunt
2342 3154 2393 3209 in
2426 3154 2528 3235 hac
2556 3156 2829 3235 sententia
2861 3158 3174 3235 complures
3216 3175 3281 3217 ex
3322 3163 3561 3235 antiquis

1944 3227 2219 3306 Patribus,
2252 3225 2560 3306 prmseltim
2587 3229 2679 3306 qui
2705 3237 2935 3306 mortem
2956 3225 3167 3306 Christi
3179 3249 3323 3288 anno
3340 3225 3558 3306 (ιιιίιίιο-

1939 3298 2156 3353 decimo
2184 3297 2398 3368 imperii
2419 3298 2623 3353 Tiberii
2643 3300 2874 3355 Caesaris
2896 3301 3109 3357 duobus
3132 3297 3382 3360 Geminis
3402 3323 3553 3365 coss.

1941 3371 2331 3440 consignarnnt
2356 3411 2371 3435 ,
2404 3384 2577 3438 eoque
2621 3371 2673 3424 in
2725 3388 2955 3427 numero
2984 3386 3279 3433 censentur
3299 3379 3557 3436 Clemens

1940 3440 2370 3519 Alexandrinus,
2387 3440 3173 3519 ‘Tertullianus,_‘l_.actautius,
3200 3453 3554 3519 Augustinus,

1943 3510 2332 3582 Hieronymus.
2379 3511 2519 3579 Quid
2551 3521 2744 3568 contra
2769 3514 2857 3568 alii
2890 3510 3166 3572 senserint
3194 3510 3376 3575 vidéo.
3420 3510 3563 3577 Feu;

1943 3580 2231 3659 ardeinius
2258 3597 2372 3659 pra:
2393 3585 2610 3659 exteris
2637 3586 2688 3659 in
2724 3592 2838 3659 not.
2871 3585 2940 3641 ad
2973 3587 3233 3659 irenteum
3268 3591 3302 3646 l.
3340 3608 3377 3658 ι,
3411 3608 3461 3648 c.
3501 3594 3558 3659 1,

1944 3652 2079 3707 satis
2102 3652 2306 3725 fervide
2335 3654 2581 3725 prqtulit.
2614 3654 2953 3710 clarissimos
2983 3657 3194 3725 Patres,
3217 3652 3555 3720 Clementem

1947 3723 2827 3791 Alexandrinnm,Tertu|lianum,
2852 3734 2907 3781 et
2924 3723 3286 3785 Gaudentium
3305 3747 3555 3790 nostrum

1948 3794 2039 3865 (de
2066 3795 2291 3863 reliquis
2323 3795 2483 3865 tacet)
2506 3798 2726 3868 fervore
2755 3797 3140 3868 disputationis
3167 3802 3391 3858 alterius
3421 3806 3552 3862 alis-

1950 3876 2207 3943 tract_o_s_,
2260 3882 2366 3943 non
2416 3867 3047 3943 satis_animadvertisse
3089 3870 3273 3933 locum
3326 3874 3556 3943 Irentci,

1949 3954 2057 4007 quo
2086 3936 2431 3991 Valentinum
2461 3978 2475 4000 .
2528 3938 2754 4007 ejusque
2794 3950 3129 4010 senatores,
3174 3944 3406 4001 similem
3445 3936 3558 4005 fcré

1949 4015 2276 4086 sententiam
2304 4017 2519 4086 secutos
2551 4011 2934 4086 repreliendit._
2972 4011 3231 4086 Poterant
3279 4015 3396 4072 lucc
3437 4034 3560 4086 par-

1950 4080 2072 4153 cius
2112 4080 2285 4153 (pace
2312 4079 2573 4153 boniviri
2600 4080 2804 4136 dictum
2834 4083 2943 4153 sit)
2975 4098 3005 4137 a
3046 4079 3555 4146 Fcu-ardeutio'hu-

1946 4150 2188 4221 jusmOdi
2220 4152 2353 4205 viris
2377 4151 2560 4222 objici.
2615 4153 2785 4208 Nobis
2817 4154 2904 4208 hic
2924 4150 3138 4210 tantum
3171 4162 3447 4216 monuisse
3490 4162 3558 4216 Il-

1953 4231 2075 4277 ceat
2099 4264 2112 4283 .
2162 4222 2522 4278 Gaudentium
2559 4231 2801 4279 nostrum
2849 4225 3020 4280 videri
3060 4229 3176 4283 haec
3208 4248 3235 4281 ιι
3267 4230 3557 4287 Philastrio

1955 4301 2294 4370 mutuatum,
2316 4294 2418 4370 qui
2447 4309 2569 4370 cap.
2600 4295 2739 4370 106,
2764 4294 2829 4349 de
2848 4298 3000 4351 annis
3029 4309 3079 4352 et
3109 4312 3334 4370 tempore
3365 4299 3558 4358 Christi

1955 4364 2034 4444 sic
2062 4365 2227 4444 habet
2258 4383 2271 4419 :
2306 4363 2559 4444 Dominus
2587 4368 2778 4444 qutein
2806 4385 2908 4444 uno
2929 4386 3063 4423 anno
3090 4363 3269 4443 gessit,
3287 4383 3337 4427 et
3362 4375 3560 4444 docuit,

1884 4467 1931 4528 ο
1957 4436 2204 4528 besse-sola
2219 4436 2769 4528 ibi.
2810 4437 2961 4528 ‘Natn
2986 4436 3112 4528 qua?
3123 4454 3241 4528 ante
3272 4447 3409 4528 facta
3441 4436 3561 4528 sunl

1957 4506 2021 4561 ab
2051 4523 2133 4570 eo,
2173 4524 2236 4587 ac
2265 4506 2407 4562 dicta
2434 4510 2617 4587 primis
2646 4510 2856 4587 triginta
2883 4506 3034 4566 annis
3065 4506 3336 4587 (subaudi
3366 4519 3561 4587 scripta

1958 4596 2061 4656 non
2089 4581 2229 4648 sunt)
2258 4584 2543 4635 secundum
2568 4580 2771 4656 beatum
2800 4580 3085 4656 Joannem,
3123 4586 3212 4656 qui
3236 4585 3363 4640 dicit
3388 4580 3561 4642 intin-

1957 4650 2081 4730 dum
2125 4668 2227 4705 non
2263 4666 2446 4720 capere
2490 4667 2657 4723 posse,
2703 4652 2747 4706 si
2788 4653 3025 4708 universa
3062 4650 3401 4711 scriberentur
3445 4673 3563 4730 qua:

1983 4730 2170 4776 ecerat.

1959 4724 2684 4878 [friati'lihronpaptagathh
2701 4808 2886 4878 eorum
2917 4803 3257 4878 quippequos
3297 4809 3410 4870 post
3456 4798 3561 4855 Ba-

1958 4863 2203 4933 ptismum
2233 4865 2287 4917 in
2310 4862 2585 4936 Scriptura
2611 4862 2759 4936 legis,
2791 4862 3309 4941 subaudi,'elegisse,
3348 4880 3439 4927 aut
3470 4888 3561 4927 ro-

1958 4951 2119 4989 εαδεε.

2031 5003 2058 5041 ιι
2105 5006 2243 5060 Male
2267 5004 2495 5077 omnino
2534 5005 2721 5071 legunt
2744 5007 3074 5077 exemplaria
3122 5011 3262 5067 edita
3293 5014 3563 5071 duodecim

1958 5092 2215 5131 annorum
2244 5076 2511 5143 praeditus.
2570 5076 2994 5134 Emendavimus
3023 5094 3202 5139 autem
3233 5099 3300 5141 ex
3329 5085 3477 5142 Flor.
3510 5095 3566 5143 et

1963 5147 2117 5230 Urb...
2151 5150 2203 5230 in
2235 5149 2428 5230 quibus
2450 5148 2724 5230 duodecim
2738 5166 3001 5230 annorum
3034 5156 3358 5230 praedictus;
3388 5159 3563 5230 iisque

1959 5218 2198 5291 concinit
2224 5218 2386 5274 etiam
2413 5220 2535 5275 cod.
2566 5219 2772 5276 Octavii
2803 5218 3144 5291 Pantaga'tlii.

2038 5288 2054 5327 ί
2087 5290 2225 5368 Egiti
2258 5305 2447 5346 omnes
2485 5308 2548 5347 ac
2578 5306 2745 5368 mssl,
2773 5292 2838 5368 de
2866 5288 3026 5349 [snite
3064 5294 3214 5351 libro'
3237 5314 3301 5353 ea:
3338 5313 3560 5368 persona

1958 5378 2075 5417 sua.
2122 5362 2355 5439 Prorsus
2394 5370 2660 5439 repugnat
2682 5363 2822 5439 illud
2853 5381 2918 5439 ex
2953 5383 3171 5435 persona
3211 5362 3349 5431 διευς
3380 5370 3562 5439 itaque

1960 5433 2303 5507 reposuimus
2360 5449 2424 5488 ex
2470 5432 2627 5507 [sane
2675 5433 2807 5490 libro
2850 5438 2915 5491 de
2946 5432 3165 5502 persona
3221 5455 3316 5492 sua
3342 5479 3357 5503 ,
3398 5432 3560 5507 quam

1959 5505 2399 5630 emeéhdatiouem
2438 5506 2659 5562 cuilibet
2703 5508 2929 5563 cordate
2957 5507 3150 5563 lectori
3182 5505 3462 5578 probatam
3493 5511 3561 5566 iri

1959 5591 2061 5630 con
2148 5591 2306 5630 imus.

1958 5591 2306 5632 COﬂlldlmuS.

2036 5647 2147 5725 i_ln
2176 5656 2411 5725 utroque
2439 5647 2562 5725 Vat.
2590 5663 2657 5705 ac
2677 5649 2856 5725 Flor!
2886 5664 2989 5703 non
3011 5650 3379 5725 confringetis,
3401 5667 3563 5724 quam

1961 5718 2251 5776 lectionem
2282 5719 2448 5776 habet
2476 5721 2638 5775 etiam
2664 5719 2790 5776 cod.
2821 5718 3146 5789 Pantagatlii
3171 5763 3186 5789 ,
3218 5718 3286 5779 ῑιι
3312 5718 3373 5781 et
3393 5718 3451 5781 in
3479 5739 3567 5782 se-

1960 5793 2148 5863 quetiti
2171 5792 2323 5862 cujus
2350 5797 2424 5846 est
2456 5793 2622 5847 omnis
2649 5790 2833 5845 honor.
