4120 6174
538 290 637 346 871

1628 290 1689 346 8.
1727 284 2109 345 GAUDENTII
2151 283 2415 343 ΒΒΙΧΙᾹΞ
2456 280 2767 341 EPISCOPI

3692 285 3784 342 872

538 406 702 461 nibus
747 406 869 460 vina
916 404 1228 468 fundentes,
1258 413 1284 440 ει
1307 403 1563 474 spiritum
1612 403 1767 459 sitire
1799 402 2131 456 balbutiunt.
2164 402 2213 461 Α
2241 397 2423 453 dinem
2463 406 2807 460 teneremus;
2844 394 2968 464 quia
2998 390 3286 462 oportebat
3320 391 3339 429 ί
3373 390 3423 445 in
3463 390 3545 446 illa
3576 394 3783 464 splendi-

541 496 805 563 1’L‘avete,
832 513 1037 569 quaeso,
1062 498 1129 552 ab
1153 496 1236 551 his
1257 496 1535 565 omnibus,
1562 512 1629 550 ne
1654 495 1969 564 indignatus
1995 494 2139 548 Deus

545 599 953 659 contemptores
1001 600 1055 645 et
1095 589 1345 646 inimicos
1368 606 1527 657 suos,
1567 590 1658 659 qui
1692 589 1982 643 noluerunt
2013 603 2137 643 eum

546 698 779 751 regnare
811 698 977 749 super
1009 697 1098 749 se,
1158 683 1337 737 tradat
1368 683 1475 737 illis
1529 681 1728 737 inferni
1788 682 2090 737 tortoribus
2124 698 2135 734 :

546 776 657 829 illic
672 775 928 845 erit/lctus
949 784 997 828 et
1011 774 1207 829 stridor
1220 774 1683 845 dentiumUlatth.
1711 790 1825 839 vut;
1841 773 1971 827 Luc.
1995 774 2140 841 χιιι).

546 866 809 931 Servate,
859 866 1145 935 neophyti,
1190 877 1573 922 ornamentum
1606 868 1798 938 gratia:
1830 866 2089 920 salutaris
2126 882 2139 917 :

547 962 718 1017 sobrii
744 970 920 1017 estote
952 977 1052 1031 per
1078 963 1289 1025 omnia,
1315 977 1385 1016 ne
1415 961 1550 1015 illud
1584 960 1839 1015 inebriati
1868 959 2141 1029 perdatis:

551 1055 772 1111 solliciti
804 1055 1095 1110 convenite
1121 1055 1188 1109 ad
1217 1055 1511 1111 ecclesiam
1535 1072 1547 1107 :
1576 1054 1920 1109 orationibus
1942 1095 1955 1119 ,
1990 1052 2147 1124 hym-

552 1151 636 1204 nis
660 1189 676 1216 ,
709 1148 928 1217 psalmis
953 1190 967 1213 ,
998 1157 1054 1203 et
1082 1148 1308 1202 canticis
1349 1147 1720 1218 spiritualibtts
1754 1146 2037 1201 nobiscum
2070 1146 2148 1199 vi-

550 1240 784 1313 gilanter
816 1241 1131 1296 incumbite.
1174 1241 1302 1297 llaec
1326 1241 1438 1295 sint
1470 1241 1565 1295 otii
1597 1241 1762 1295 vestri
1792 1254 1996 1308 Opera;
2030 1239 2149 1308 qui-

554 1334 655 1387 bus
686 1333 927 1389 debitum
953 1332 1245 1387 reddentes
1264 1330 1486 1387 Christo
1509 1332 1740 1387 Domino
1788 1331 2104 1386 famulatum
2131 1374 2144 1395 ,

556 1426 865 1483 mercedem
901 1427 1026 1480 vita:
1078 1434 1299 1481 aeternae
1350 1426 1611 1496 consequi
1650 1425 1718 1479 ab
1757 1424 1873 1494 ipso
1904 1424 2146 1492 possitis.

559 1531 580 1559 ο
604 1520 725 1575 Sint
750 1520 913 1590 igitur
932 1518 1179 1573 convivia
1208 1528 1389 1573 vestra
1412 1518 1614 1583 sobria,
1643 1528 1793 1573 casta
1816 1516 2013 1571 cubilia
2044 1534 2056 1568 :
2082 1516 2155 1569 sit

561 1615 840 1669 modestus
870 1612 1104 1678 animus,
1140 1627 1323 1666 sermo
1370 1594 1615 1680 placidus
1643 1652 1657 1675 ,
1702 1610 1848 1663 mitis
1879 1610 2150 1663 incessus.

559 1706 726 1761 Orate
755 1715 809 1758 ut
834 1704 1099 1759 benelicia
1139 1704 1330 1774 gratiae
1356 1718 1469 1759 suae
1496 1704 1634 1757 Deus
1663 1710 1949 1758 conservet
1979 1702 2033 1757 in
2061 1717 2155 1756 vo-

2245 490 2468 545 dissima
2517 498 2681 543 nocte
2730 486 3037 557 vigiliarum
3065 527 3080 553 ,
3133 484 3375 540 secundo
3422 491 3655 553 tractatu,
3698 504 3790 544 non

2245 584 2516 639 dictorum
2564 582 2872 652 sequentia,
2908 579 3004 635 sed
3051 592 3289 648 congrua
3332 577 3600 648 neopltytis
3634 582 3791 648 expla-

2245 677 2398 738 nari;
2428 686 2483 729 ut
2514 672 2707 729 edendi
2736 671 3006 742 paschalis
3030 668 3286 725 sacriﬁcii
3307 668 3633 739 disciplinam
3655 672 3796 729 rudes

2247 768 2508 839 neopltyti
2560 768 2860 834 discerent,
2912 764 3163 820 instructi
3211 763 3397 818 ﬁdeles
3452 774 3793 835 agnoscerent.

2245 861 2453 929 Quibus
2495 860 2702 931 pariter
2729 868 2783 915 et
2827 859 2896 914 de
2926 859 3113 914 habitu
3155 857 3458 921 edentium,
3502 872 3653 911 unam
3690 874 3798 928 spe-

2248 957 2386 1011 ciem
2422 956 2853 1024 temporiaptam
2872 952 3141 1015 disserui,
3176 950 3312 1006 duas
3343 959 3449 1003 tam
3474 949 3628 1020 ipsis,
3662 968 3800 1021 quam

2250 1048 2660 1105 catechumenis
2709 1045 3007 1102 reservavi.
3055 1044 3143 1099 Ait
3183 1045 3329 1099 enim
3362 1060 3374 1095 :
3407 1042 3494 1097 Sic
3537 1052 3695 1097 autem
3733 1062 3807 1099 co-

2249 1142 2463 1197 medetis
2512 1140 2700 1207 illum,
2739 1139 2793 1193 id
2834 1149 2919 1194 est
2955 1153 3152 1208 agnum
3188 1153 3200 1189 :
3233 1146 3256 1183 t5
3292 1134 3477 1189 Lumbi
3512 1138 3654 1190 vestri
3694 1156 3808 1209 prte-

2251 1238 2434 1300 cincti,
2470 1248 2516 1289 et
2561 1233 2901 1287 calciamenta
2930 1240 3097 1287 vestra
3127 1232 3180 1285 iu
3209 1230 3423 1302 pedibus
3448 1231 3636 1292 vestris,
3658 1238 3699 1283 et
3727 1230 3808 1283 ba-

2254 1330 2358 1385 culi
2389 1330 2443 1382 in
2476 1329 2708 1381 manibus
2733 1327 2910 1381 vestris
2932 1323 3133 1397 (Exod.
3170 1327 3286 1392 xu).
3312 1322 3463 1377 Tunc
3488 1323 3552 1377 de
3582 1324 3813 1393 βαρείης-

2253 1423 2401 1476 tione
2436 1420 2742 1474 lumborum
2783 1417 3018 1472 diximus
3040 1459 3053 1483 ,
3107 1430 3251 1470 nunc
3281 1415 3348 1470 de
3382 1415 3737 1470 calciamentis
3764 1425 3813 1471 et

2255 1512 2464 1567 baculis
2494 1527 2853 1579 exponamus.
2900 1506 3033 1575 Qua:
3074 1508 3199 1564 ideo
3244 1507 3408 1563 hodie
3452 1517 3817 1579 proponuntur,

2256 1608 2380 1678 quia
2425 1618 2549 1661 tunc
2580 1606 2832 1673 sequenti
2864 1606 2973 1670 die,
3011 1614 3065 1659 et
3099 1604 3294 1669 tertio,
3325 1602 3420 1657 illa
3462 1607 3606 1672 prius
3632 1619 3738 1672 qua:
3763 1604 3823 1659 dc

2258 1698 2543 1770 principiis
2594 1699 2847 1753 loetionis
2892 1697 3143 1752 consulto
3186 1698 3595 1765 praeterieram,
3628 1711 3825 1752 necesse

562 1801 686 1868 bis,
719 1808 773 1854 et
806 1797 940 1855 ﬁdes
988 1806 1172 1853 vestra
1198 1800 1366 1868 magis
1408 1802 1688 1868 magisque
1730 1796 2010 1867 proﬁciat,
2038 1796 2152 1849 lar-
2184 1799 2232 1859 Β
2261 1793 2425 1849 fuerit
2462 1794 2743 1863 explicari.
2798 1793 2984 1862 Agnus
3028 1790 3123 1846 Dei
3168 1805 3366 1858 verus,
3408 1806 3567 1860 quem
3614 1790 3826 1846 Joannes

563 1894 747 1964 gieute
777 1890 1002 1947 Christo
1052 1891 1283 1945 Domino
1327 1890 1647 1959 Salvatore,
1697 1892 1785 1945 cui
1831 1907 1934 1945 una
1986 1892 2156 1944 virtus

563 1984 867 2055 eademque
899 1983 1152 2039 divinitas
1176 2000 1298 2038 cum
1327 1984 1487 2038 Patre
1505 1992 1702 2038 etcum
1725 1982 1928 2053 Spiritu
1945 1991 2155 2052 sancto,

563 2090 690 2135 ante
713 2080 927 2147 omnia,
972 2088 1027 2135 et
1052 2094 1194 2134 nunc
1221 2122 1235 2147 ,
1263 2089 1318 2135 et
1343 2094 1590 2150 semper,
1626 2088 1679 2134 et
1710 2079 1762 2133 in
1805 2090 2002 2134 cuncta
2052 2094 2158 2133 ste-

564 2173 707 2229 cula.
730 2173 925 2229 Amen.

1165 2266 1433 2328 SERMO
1480 2266 1552 2327 V.

856 2410 938 2453 DE
964 2409 1163 2453 EXODI
1195 2410 1508 2454 LECTIONE
1538 2409 1836 2462 QUINTUS.

637 2535 818 2609 255.
861 2536 1118 2591 Ordinem
1170 2536 1418 2592 lectionis
1469 2537 1660 2601 Exodi,
1695 2536 1782 2592 ubi
1835 2536 1921 2591 lex
1953 2533 1978 2572 ά
2008 2534 2157 2591 cele-

571 2627 759 2685 brandi
786 2630 983 2701 pascha
1008 2630 1359 2697 describitur,
1390 2630 1597 2685 idcirco
1622 2629 2156 2699 prteposteravimus,

571 2734 593 2761 ο
628 2736 684 2781 ιιι
716 2728 768 2780 in
801 2724 1077 2797 mysteriis
1118 2723 1451 2793 reseraudis,
1484 2723 1685 2779 debita:
1728 2722 2050 2778 reverentiae
2082 2737 2172 2777 or-

569 2860 733 2917 habet
762 2876 775 2913 :
810 2859 940 2914 Cum
968 2859 1339 2913 solemnitatem
1367 2858 1502 2911 hanc
1544 2856 1788 2910 Ecclesiis
1831 2856 2009 2909 merito
2041 2854 2164 2909 reli-

570 2934 715 3005 giosa
746 2932 1031 2985 observatio
1078 2930 1455 3005 introduxerit,
1502 2929 1662 2981 miror
1710 2944 1803 2981 cur
1832 2928 1972 3005 apud
2001 2944 2161 3005 quos-

570 3000 691 3058 dam
725 3005 957 3070 inﬁdeles
990 3007 1143 3056 hodie
1172 3015 1276 3055 tam
1307 3004 1626 3073 pernicrosus
1658 3016 1805 3073 error
1852 3000 2159 3073 increverit,

572 3085 626 3129 ut
658 3091 812 3148 super
840 3076 1066 3148 tumulos
1096 3069 1459 3148 defunctorum
1487 3071 1623 3148 cibos
1644 3082 1691 3124 et
1722 3072 1839 3148 vina
1861 3069 2158 3148 conferant,

572 3140 733 3217 quasi
754 3162 971 3217 egressa:
996 3147 1059 3199 de
1098 3140 1396 3217 corporibus
1427 3144 1611 3196 anima:
1636 3143 1867 3217 carnales
1896 3140 2033 3193 cibos
2076 3156 2160 3193 re-

572 3213 801 3287 quirant:
829 3219 1107 3272 Silicernia
1132 3213 1717 3287 vocabanturgprandia
1751 3213 1867 3287 hinc
1913 3223 2160 3287 niortuof

576 3280 726 3353 rum;
759 3288 901 3342 unde
928 3288 1294 3341 Tertullianus
1316 3329 1330 3352 ,
1359 3284 1585 3353 Apolog.
1616 3284 1681 3338 15
1716 3302 1727 3338 :
1766 3283 1878 3348 Quo
1897 3280 2069 3347 di/Tert
2100 3283 2161 3335 ab

574 3362 730 3423 epulo
756 3358 900 3413 Jovis
933 3357 1295 3411 silicernium?
1326 3355 1460 3409 Vide
1485 3371 1666 3422 porro,
1724 3355 1766 3407 si
1804 3355 1976 3417 lubet,
2030 3354 2161 3408 Ser-

578 3432 724 3483 vium
753 3429 819 3483 ad
849 3429 975 3483 illud
1005 3428 1133 3483 lEn.
1184 3443 1260 3480 v.:
1306 3426 1607 3494 Libavitque
1638 3428 1825 3497 dapes;
1865 3425 2164 3497 Josepltum

576 3501 908 3571 Scaligerntn
936 3544 950 3566 ,
983 3499 1232 3569 castigat.
1258 3498 1324 3571 ad
1369 3498 1629 3571 Festum;
1655 3495 1719 3571 et
1744 3496 1991 3571 qu;e_vit'i
2022 3495 2168 3549 docti

579 3566 1004 3627 notaveruutad
1052 3566 1364 3625 Terentium
1423 3570 1473 3622 in
1535 3568 1793 3638 Adelphis
1843 3566 1939 3631 IV,
1972 3582 2047 3621 sc.
2096 3582 2164 3631 ιι;

579 3654 738 3713 prout
757 3645 917 3699 etiam
938 3659 1060 3713 qua:
1086 3641 1423 3696 clarissimus
1445 3642 1686 3695 Joannes
1717 3639 1984 3713 Antonius
2033 3638 2167 3692 Vul-

579 3712 697 3787 pius
725 3712 1043 3787 detluxitad
1069 3712 1341 3787 Catullum
1370 3754 1384 3776 ,
1431 3728 1598 3767 carm.
1635 3727 1725 3766 1.1x
1750 3754 1762 3774 ,
1806 3712 1858 3765 5.
1972 3781 1985 3787 _
2074 3750 2079 3755 .

656 3796 681 3824 ει
712 3788 777 3841 Et
806 3785 893 3840 hic
915 3787 1067 3841 locus
1098 3786 1331 3851 pessime
1356 3795 1609 3853 acceptus
1634 3792 1750 3837 erat
1773 3798 1875 3835 non
1908 3781 2080 3835 solum
2118 3783 2168 3835 in

580 3858 776 3923 editis,
806 3857 901 3912 sed
943 3859 1105 3912 etiam
1128 3856 1181 3909 in
1217 3870 1347 3910 mss.
1393 3855 1536 3909 Editi
1568 3855 1713 3908 enim
1746 3856 1822 3908 sic
1864 3854 2168 3915 habebant,

580 3932 701 3985 vina
725 3929 1003 4001 fundentes
1025 3929 1263 4001 spiritum
1290 3924 2171 4001 balbutiunt._Bulbu_tire_scaurum

580 3996 795 4056 dixerat
820 3996 1062 4067 apposite
1102 3999 1293 4053 Horat.
1330 3998 1367 4059 Ι.
1401 3998 1576 4053 Serm.
1610 3998 1676 4060 3;
1720 3996 1971 4049 balbutire
2022 3996 2173 4067 spiri-

583 4082 692 4125 tum
721 4071 848 4139 quid
873 4073 943 4124 sit
964 4112 978 4131 ,
1007 4086 1113 4124 non
1146 4084 1432 4139 assequar.
1464 4069 1609 4122 Vatt.
1641 4069 1781 4130 duo,
1814 4067 2057 4139 spiritum
2088 4067 2175 4120 siti

582 4136 896 4197 balbutiunt.
931 4141 1079 4196 Flor.
1110 4151 1165 4195 et
1197 4136 1327 4195 Urb.
1354 4180 1369 4203 ,
1403 4140 1661 4210 Spiritum
1688 4140 1774 4191 siti
1800 4136 2171 4203 rebalbutinnt,

583 4213 670 4268 ubi
705 4213 1053 4266 manifestum
1074 4221 1159 4266 est
1190 4209 1470 4280 scriptoris
1496 4210 1751 4264 mendum
1792 4210 1881 4278 qui
1911 4209 2173 4279 syllabam

582 4301 638 4338 re
662 4286 825 4338 ﬁnem
876 4283 1071 4352 prioris
1110 4284 1401 4348 dictionis,
1450 4282 1661 4336 initium
1705 4292 1985 4352 sequentis
2026 4282 2174 4335 fecit.

581 4355 769 4425 Itaque
798 4350 909 4408 bini
932 4354 1139 4409 codicis
1180 4353 1467 4422 priesidio,
1500 4364 1552 4425 et
1592 4352 1814 4425 modica
1853 4350 2176 4425 conjectura

578 4422 1049 4482 usi-restitttintus.
1079 4425 1321 4494 spiritum
1348 4425 1492 4477 sitire
1514 4423 1825 4477 bulbutiunt.
1852 4422 2178 4476 Florentino

580 4496 902 4553 etUrbinati
935 4498 1177 4563 concinit
1208 4510 1311 4549 ms.
1337 4495 1459 4549 cod.
1502 4496 1593 4563 qui
1650 4495 1747 4548 fuit
1789 4494 1996 4547 Oetavii
2042 4495 2180 4548 Pan-

582 4567 784 4695 :agaéhi
811 4609 825 4631 ,
872 4583 979 4638 quo
1010 4561 1066 4622 iri
1096 4569 1219 4622 loco
1268 4566 1407 4621 Vatt.
1442 4561 1653 4621 duobus
1696 4574 1954 4634 priestare
1982 4564 2177 4635 depre-

606 4656 691 4695 ten
737 4652 861 4694 itur.

606 4652 861 4696 lendlllﬂ‘.

653 4711 680 4750 δ
710 4712 952 4767 Habebat
978 4712 1080 4767 hoc
1106 4710 1441 4766 Gaudentius
1471 4725 1536 4765 ex
1573 4709 1861 4777 disciplina
1907 4706 2179 4763 Ambrosii

584 4784 677 4855 qui
704 4783 1444 4855 adﬂntemoriasSanctorum
1471 4782 1641 4852 pultes
1667 4823 1679 4844 ,
1708 4790 1754 4855 et
1784 4796 1975 4855 panes,
2000 4789 2181 4855 etme-

582 4851 700 4907 rum
720 4853 903 4909 all‘erri
937 4854 1310 4923 prohibuerat.
1335 4851 1478 4909 teste
1499 4854 1803 4923 Augustino
1821 4869 1892 4921 vt,
1925 4852 2081 4904 Conf.
2104 4851 2139 4903 2
2161 4867 2177 4915 ;

584 4940 754 4995 quare
776 4928 935 4992 paulo
967 4933 1086 4992 post
1115 4925 1335 4993 subjicit
1364 4942 1382 4979 :
1414 4924 1588 4980 Sobrii
1634 4933 1794 4977 estote
1840 4939 1929 4995 per
1959 4923 2177 4995 omnia:

582 4992 796 5050 solliciti
825 4999 1086 5050 convenite
1128 4998 1196 5048 ad
1222 4992 1510 5051 ecclesiam.
1541 4996 1880 5065 Augustinus
1916 4994 2029 5059 ipse
2051 4992 2174 5047 eod.

582 5081 752 5121 sernt.
780 5068 848 5122 15
874 5085 887 5121 :
930 5066 1133 5121 Parare
1183 5068 1371 5138 aliquis
1394 5070 1503 5121 suis
1529 5068 1700 5120 charis
1729 5067 1852 5119 dicit
1898 5068 2034 5138 quod
2071 5067 2182 5135 ipse

584 5138 834 5204 devorat;
867 5140 1005 5209 quod
1026 5146 1236 5211 prwstat
1261 5135 1453 5205 ventri,
1486 5140 1707 5209 imputat
1738 5137 1936 5205 pietati.
1970 5135 2178 5190 Cessate

582 5224 705 5281 ergo
729 5252 744 5273 ,
779 5213 1004 5280 fratres,
1036 5214 1100 5263 ab
1150 5212 1246 5263 hoc
1289 5212 1468 5278 gentili
1513 5212 1837 5280 inﬁdelitatis
1875 5225 2079 5272 errore;
2125 5216 2180 5261 et

584 5282 746 5353 paulo
776 5291 895 5350 post
928 5299 942 5335 :
974 5281 1176 5335 Anima:
1201 5282 1425 5349 fratrum
1470 5296 1855 5353 parentumque
1884 5292 2178 5353 nostrorum

586 5352 800 5406 minime
824 5352 948 5407 cibis
974 5354 1267 5409 carnalibus
1290 5352 1628 5408 delectantur.
1666 5352 1877 5419 Offendi
1906 5352 1984 5404 Itis
2013 5352 2178 5420 magis

583 5433 795 5495 possunt
821 5442 975 5495 quam
1007 5423 1273 5481 delectari.

659 5506 681 5534 ο
712 5494 789 5549 De
812 5495 1083 5549 convivali
1121 5505 1363 5550 veterum
1396 5495 1832 5550 Christianorum
1864 5504 2177 5561 temperan-

587 5568 658 5622 tia
708 5576 764 5622 et
790 5566 1097 5635 frugalitate
1124 5566 1322 5620 Minue.
1356 5566 1469 5620 Fel.
1531 5566 1580 5619 in
1613 5567 1838 5619 Octavio
1866 5582 1877 5616 :
1932 5561 2176 5635 Convivia

584 5655 687 5692 non
717 5634 917 5691 tantum
959 5637 1147 5701 pudica
1174 5635 1396 5691 colimus
1418 5678 1432 5697 .
1461 5637 1552 5690 sed
1584 5646 1631 5690 et
1671 5636 1880 5699 sobria;
1908 5650 1998 5687 nec
2038 5634 2172 5687 enim

580 5708 911 5778 indulgemus
948 5709 1143 5778 epulis.
1173 5718 1265 5762 aut
1290 5708 1574 5762 convivium
1606 5723 1743 5761 mero
1781 5707 2015 5760 ducimus
2036 5750 2050 5773 ,
2082 5707 2173 5759 sed

580 5776 831 5850 gravitate
856 5776 1171 5832 hilaritatem
1205 5790 1566 5851 temperamus.
1592 5779 1669 5837 De
1695 5778 1924 5851 publicis
1952 5786 2007 5833 et
2056 5778 2168 5847 pri-

2263 1886 2505 1955 Baptista
2560 1885 2936 1951 demonstrat,
2990 1882 3246 1938 Christus
3298 1889 3408 1938 est.
3459 1881 3616 1948 Ecce,
3657 1882 3828 1952 inquit,

2264 1979 2440 2051 Agnus
2490 1976 2617 2043 Dei,
2651 1992 2766 2031 ecce
2814 1977 2903 2045 qui
2952 1973 3092 2028 tollit
3122 1984 3333 2046 peccata
3384 1974 3562 2027 mundi
3589 1972 3830 2045 (Joan.t).

2263 2070 2434 2140 llujus
2466 2084 2687 2124 carnem
2712 2078 2819 2122 tam
2850 2067 3040 2123 ﬁdeles
3070 2069 3120 2121 in
3147 2067 3413 2137 mysterio
3438 2064 3489 2134 h,
3516 2082 3670 2136 quam
3698 2065 3836 2120 simul

2263 2162 2505 2218 universi
2537 2161 2826 2216 credentes
2855 2160 2907 2215 in
2940 2160 3080 2225 ﬁde,
3116 2160 3188 2213 ita
3218 2159 3490 2215 debemus
3515 2157 3701 2226 edere,
3730 2171 3836 2212 nos-

2265 2256 2443 2326 trique
2491 2254 2676 2310 cordis
2718 2253 2732 2290 ί
2778 2253 3138 2310 interioribus
3180 2254 3616 2320 commendare,
3666 2264 3841 2308 utnon

2266 2350 2441 2405 solum
2475 2348 2797 2419 pra'cinctos
2829 2350 2842 2398 i
2886 2348 3187 2403 habeamus
3219 2350 3474 2403 castitate
3502 2348 3730 2413 lumbos,
3763 2362 3841 2399 ve-

2268 2460 2387 2497 rum
2416 2444 2581 2497 etiam
2610 2444 2822 2496 calciati
2842 2443 3035 2507 simus,
3068 2452 3125 2495 ut
3157 2443 3233 2496 ait
3266 2442 3570 2511 Apostolus
3602 2445 3652 2494 in
3682 2457 3850 2512 prapo-

2268 2538 2468 2590 ralione
2500 2536 2768 2610 Evangelii
2812 2539 2953 2605 pacis
2981 2535 3200 2607 (Ep/tes.
3235 2536 3332 2608 νι).
3371 2536 3531 2593 Sicut
3575 2538 3715 2592 enim
3757 2535 3849 2589 eal-

2268 2630 2535 2686 ciamenta
2601 2634 2878 2686 terrestria
2944 2631 3243 2685 carnalium
3304 2631 3517 2700 pedum
3582 2630 3853 2686 munimina

2280 2735 2402 2779 sunt
2423 2768 2437 2793 ,
2470 2734 2525 2781 et
2552 2724 2638 2781 vel
2672 2724 2952 2795 asperitati
2984 2724 3234 2794 frigoris,
3258 2725 3346 2779 vel
3384 2737 3705 2796 serpentum
3735 2737 3853 2778 mor-

2270 2856 2410 2909 vatis
2445 2865 2690 2911 veterum
2718 2855 3153 2911 Christianorum
3182 2855 3451 2910 conviviis
3485 2856 3639 2925 plura
3670 2856 3858 2910 Elmen-

2271 2927 2534 2996 horstius,
2558 2937 2670 2983 not.
2698 2928 2764 2981 ad
2798 2927 2991 2981 Minue.
3019 2926 3132 2981 Fel.
3167 2941 3285 2996 pag.
3312 2927 3447 2983 508.

2341 2995 2367 3033 ἀ
2396 2999 2450 3051 ln
2485 3015 2617 3054 mss.
2653 3000 2825 3064 Flor.,
2869 2998 2999 3054 Urb.
3043 3008 3097 3051 et
3118 2995 3261 3051 Vatt’.
3284 2998 3533 3066 duobus,
3573 2998 3864 3053 celebranda

2271 3070 2501 3140 paschae,
2533 3073 2620 3125 cui
2647 3071 2867 3125 lectioni
2896 3069 3105 3125 accedit
3136 3070 3259 3123 eod.
3294 3070 3650 3142 Pantagathi.

2349 3150 2370 3177 ο
2400 3143 2541 3195 Editi
2595 3144 2778 3209 inepte
2826 3142 3097 3211 legebant,
3149 3150 3205 3193 ut
3244 3141 3512 3211 mysteriis
3547 3141 3860 3196 resert'audis.

2276 3212 2419 3265 Vatt.
2462 3213 2603 3277 duo,
2634 3214 2893 3284 mysteriis
2941 3214 3253 3267 reserandis.
3287 3212 3575 3269 Particula
3620 3217 3671 3267 in
3707 3213 3865 3267 addita

2269 3294 2351 3337 est
2381 3300 2445 3338 ex
2483 3284 2630 3338 Flor.
2664 3295 2718 3339 et
2742 3285 2897 3349 Urb.;
2928 3300 3161 3352 eamque
3202 3286 3531 3352 Suppeditat
3558 3287 3719 3340 etiam
3756 3284 3860 3337 eod.

2272 3356 2608 3424 Pantagatlti,
2635 3356 2729 3411 sed
2756 3372 2880 3409 mox
2912 3370 3033 3409 cunt
3063 3354 3385 3411 Florentino
3417 3368 3476 3412 et
3510 3358 3647 3412 Urb.
3683 3354 3736 3409 in
3762 3354 3863 3409 edi-

2271 3428 2476 3550 tion‘pm
2505 3444 2747 3483 errorem
2781 3427 3079 3493 consentit,
3106 3427 3291 3497 legens
3319 3429 3377 3481 in
3420 3429 3687 3500 mysteriis
3723 3443 3866 3481 reser-

2271 3515 2365 3550 van
2410 3516 2473 3550 ιδ.

2271 3515 2473 3551 vanats.

2347 3568 2365 3606 ί
2400 3567 2909 3639 Splendidissimam
2960 3578 3158 3636 vocat,
3193 3570 3321 3640 quia
3378 3569 3645 3626 accensis
3687 3568 3872 3626 facibus

2272 3650 2436 3709 atque
2475 3642 2692 3709 ignibus
2730 3658 2850 3695 eam
2876 3640 3159 3696 celebrare
3184 3653 3404 3698 veteres
3426 3642 3728 3698 Christiani
3752 3641 3877 3694 sole-

2274 3713 2425 3767 bant.
2460 3712 2621 3781 Greg.
2652 3711 2783 3766 Naz.
2814 3714 2968 3767 Orat.
3006 3712 3041 3765 2
3070 3713 3135 3766 de
3164 3713 3364 3767 Pasch.
3387 3757 3403 3779 ,
3442 3716 3498 3770 .I.
3536 3713 3699 3767 Billio
3727 3712 3878 3766 inter-

2278 3794 2427 3851 prete
2450 3802 2461 3835 :
2488 3782 2755 3837 Prteclara
2778 3783 2981 3851 quidem
3005 3784 3149 3837 nobis
3178 3784 3273 3855 fuit
3312 3784 3569 3840 hesterna
3606 3783 3883 3851 splendoris

2280 3855 2631 3929 luminumque
2662 3861 2994 3918 solemnitas.
3030 3854 3492 3929 quamprimum
3535 3860 3697 3929 juata
3728 3854 3881 3924 publi-

2278 3943 2432 3997 ceque
2456 3928 2772 3999 peregimus,
2815 3943 2971 4001 omne
3003 3943 3163 4001 genus
3191 3926 3481 4001 hominum
3524 3926 3721 4001 ferme.
3755 3936 3888 4001 atque

2277 4014 2452 4051 omnes
2493 3998 2799 4071 magistratu
2840 4006 2889 4053 et
2919 3998 3173 4071 dignitate
3203 4000 3477 4071 insignes,
3525 3998 3746 4071 copioso
3785 3999 3887 4069 igne

2280 4079 2480 4122 nectent
2528 4067 2906 4123 collustrantes.
2949 4067 3121 4126 Ouem
3165 4070 3216 4123 in
3268 4067 3462 4124 locum
3511 4067 3606 4126 sici
3636 4067 3882 4122 Nicetas:

2281 4139 2571 4204 Praeclara,
2602 4140 2799 4206 inquit,
2844 4143 2998 4193 etiam
3040 4141 3139 4206 fuit
3181 4142 3433 4194 hesterna
3483 4142 3747 4195 luminum
3774 4139 3890 4192 cele-

2280 4210 2464 4272 britas.
2501 4213 2595 4265 hoc
2616 4220 2690 4263 est
2712 4221 2866 4282 costus
2893 4212 2981 4264 ille
3000 4213 3087 4277 qui
3129 4212 3194 4265 ad
3237 4228 3526 4280 vesperam
3562 4213 3742 4282 magni
3774 4209 3890 4263 Sab-

2282 4284 2385 4336 bati
2416 4282 2784 4336 celebrabatur.
2814 4280 3124 4353 Pervigilem
3152 4284 3289 4336 enim
3319 4293 3541 4338 noctem
3565 4280 3891 4338 traducebant

2282 4369 2445 4424 usque
2464 4358 2531 4406 ad
2555 4356 2737 4407 horam
2764 4355 3035 4421 septimam
3056 4397 3071 4422 ,
3102 4363 3379 4408 cantantes
3414 4373 3483 4409 ac
3521 4357 3795 4423 lampades
3820 4367 3893 4404 ac-

2284 4425 2579 4493 cendentes,
2613 4434 2765 4491 atque
2804 4426 3151 4479 imminentem
3180 4425 3497 4483 Servatoris
3543 4427 3711 4481 ηυδετὶ
3742 4437 3895 4477 resur-

2284 4498 2560 4549 rectionem
2601 4505 2971 4561 exspectantes.
3006 4497 3098 4550 Sic
3131 4496 3292 4550 etiam
3326 4497 3498 4553 Zeno
3547 4495 3893 4554 Veronensis.

2285 4583 2447 4622 serm.
2504 4567 2632 4621 lad
2684 4573 2986 4637 ueophytos
3018 4584 3029 4619 :
3063 4566 3186 4621 Post
3245 4568 3609 4623 devotissima
3660 4567 3897 4637 completa

2208 4650 2259 4709 ι)
2285 4639 2780 4711 ετρὶίιιὶοηὶδνδᾳενιε
2808 4635 2951 4711 casta
2969 4640 3201 4711 jejunio,
3226 4650 3343 4708 post
3383 4642 3717 4695 clarissima
3754 4635 3896 4711 noctis

2283 4726 2379 4763 suo
2422 4712 2526 4764 sole
2571 4708 2747 4782 dulces
2778 4708 3131 4782 vigiliasfve
3184 4720 3352 4767 nocte
3410 4712 3745 4782 vigiliarum
3795 4708 3901 4761 vide

2284 4796 2595 4853 thsupra
2626 4781 3037 4853 observavimus
3059 4781 3124 4836 ad
3154 4788 3309 4837 tract.
3353 4782 3411 4848 1,
3453 4781 3514 4853 ρί.
3550 4783 3688 4837 251.

2356 4862 2380 4899 8
2415 4852 2595 4925 Editio
2622 4852 2795 4922 Lugd.
2824 4852 3010 4908 subdit
3043 4863 3225 4919 erunt;
3260 4862 3316 4906 at
3353 4850 3516 4911 libér
3561 4850 3900 4925 Pantagathi,

2284 4923 2469 4978 Lumbi
2498 4924 2600 4977 sint
2626 4925 2797 4977 vestri.

2359 4994 2383 5031 ¹ι
2414 4996 2525 5049 llnc
2569 5004 2647 5049 est
2700 4996 2751 5048 ιιι
2792 4994 3175 5059 Sacramento;
3208 4994 3644 5052 Sacramentum
3674 4997 3813 5053 enim
3857 4999 3900 5046 et

2288 5067 2594 5138 lllgsterium
2639 5066 2779 5134 apud
2828 5076 3043 5119 veteres
3070 5066 3259 5122 Patres
3308 5068 3476 5123 idem
3524 5065 3906 5133 signiﬁcat,dc

2286 5154 2395 5208 quo
2428 5140 2579 5207 plura
2612 5138 2857 5205 exempla
2904 5138 3153 5208 proferre
3193 5153 3535 5208 possumus.
3572 5141 3729 5195 Zeno
3760 5138 3902 5193 Vero-

2287 5206 2495 5273 nensis,
2522 5224 2685 5263 serm.
2720 5211 2739 5262 l
2780 5208 2850 5263 de
2892 5207 3165 5262 Abraham
3199 5226 3211 5261 :
3243 5206 3506 5265 Festinet
3557 5213 3783 5280 denique
3821 5208 3903 5259 ἰηιο

2283 5283 2421 5351 plere
2462 5281 2779 5347 sacriﬁcium
2808 5295 2825 5331 :
2860 5296 2923 5331 ne
2954 5297 3097 5332 mora
3127 5280 3285 5347 faciat
3333 5294 3665 5350 peccatum,
3691 5296 3905 5351 necessa-

2282 5348 2372 5404 riis
2425 5353 2759 5405 sacramentis
2817 5360 3163 5421 prteparatur.
3214 5348 3355 5417 Quae
3430 5348 3794 5410 Sacramenta
3836 5348 3907 5403 hic

2284 5422 2439 5488 dixit,
2481 5423 3013 5497 postApaulqjoeat
3064 5420 3355 5497 Mysteria;
3402 5426 3609 5497 itaque
3655 5425 3776 5482 haec
3816 5420 3906 5476 duo

2282 5508 2581 5564 synonyma
2613 5492 2768 5564 facit.
2798 5492 2934 5547 Vide
2959 5492 3149 5561 (iangii
3181 5492 3581 5552 Glossarium.

2362 5562 2375 5601 ε
2416 5562 2564 5621 Unus
2613 5580 2677 5619 ex
2728 5563 2898 5627 Vatt.,
2958 5564 3288 5618 interioribus
3350 5570 3645 5634 condere;
3694 5578 3749 5623 at
3788 5565 3906 5621 liber

2282 5634 2628 5704 Pantagatbi,
2656 5635 2989 5691 interioribus
3020 5635 3427 5692 commendare.

2313 5711 2369 5789 ,ι
2404 5710 2493 5789 Sic
2539 5707 2711 5763 Paris.
2739 5706 2871 5763 edit.
2923 5717 2978 5763 et
3023 5722 3157 5763 mss.
3195 5706 3369 5763 codd.
3431 5710 3583 5769 Duae
3637 5711 3903 5773 editiones,

2278 5788 2491 5834 cinctos.
