4096 6192
376 237 483 292 875

1294 240 1528 299 SERMU
1574 242 1633 309 ν,
1664 238 1764 298 DE
1808 242 2019 302 EXODI
2058 247 2399 305 LECTIONE
2438 251 2763 320 QUINTUS.

3574 272 3680 329 874

375 349 497 416 sui,
527 348 612 405 vel
639 349 921 419 spinarum
953 351 1219 408 resiStunt
1246 354 1448 409 aculeis
1483 374 1496 409 :
1527 355 1598 410 ita
1626 356 1783 427 Legis
1810 356 1973 430 256
1999 368 2046 428 Α
2079 369 2222 415 terra
2269 362 2641 421 decernuntur
2685 384 2808 425 esse
2859 373 3119 430 solvenda
3153 394 3165 430 :
3201 392 3337 448 quas
3382 388 3562 439 tamen
3614 390 3685 444 ob

375 441 575 497 divina:
607 456 902 515 praecepta,
943 446 1142 514 quibus
1196 462 1413 516 gressus
1466 460 1770 504 nostrarum
1822 468 1976 506 tuen-

376 538 509 591 tium
540 538 752 592 munire
782 538 1150 607 praecipimur,
1181 551 1487 610 repugnant
1515 553 1569 595 ct
1593 544 1829 612 serpenti
1860 543 1977 598 dia-

373 629 522 697 bolo,
556 641 611 687 et
636 633 940 702 asperrimo
970 634 1227 704 Aquiloni
1261 635 1581 705 Gentilium,
1613 638 1979 694 cthaeretico-

372 739 493 779 rum
556 723 794 795 undique
847 726 1335 797 compungentium
1395 730 1567 799 spinis
1617 745 1682 785 ac
1737 730 1975 786 tribulis.

370 816 692 888 liujusmodi
727 833 858 889 ergo
887 818 1267 875 calciamentis
1297 823 1371 875 uti
1406 821 1669 878 debemus
1707 832 1979 895 quotquot

367 909 571 981 pascha
617 911 965 967 Dominicum
1021 913 1385 970 celebramus.
1432 914 1691 980 Quoniam
1731 916 1872 984 Lex,
1918 926 1977 972 ut

367 1003 664 1074 Apostolus
708 1004 815 1071 ait,
862 1005 1154 1075 spiritualis
1190 1016 1266 1061 est
1299 1004 1477 1079 (Rom.
1513 1006 1633 1078 vn);
1662 1008 1730 1062 Et
1780 1007 1975 1078 pascha

366 1109 600 1153 nostrum
646 1099 945 1156 immolatus
980 1111 1057 1156 est
1097 1101 1333 1157 Christus
1363 1103 1405 1175 (1
1433 1102 1553 1158 Cor.
1585 1105 1662 1173 v).
1690 1104 1875 1176 Itaque
1919 1115 1973 1161 et

367 1193 532 1250 lumbi
575 1195 751 1250 nostri
805 1198 1085 1267 praecincti
1132 1213 1252 1253 esse
1280 1198 1508 1267 debent,
1548 1209 1603 1254 el
1634 1200 1847 1253 calciati
1881 1216 1973 1270 pe-

364 1289 479 1345 des.
500 1289 640 1358 Quid
665 1290 808 1344 enim
830 1291 1052 1362 prodest
1079 1291 1309 1359 homini,
1335 1294 1379 1347 si
1409 1293 1580 1348 solam
1596 1295 1845 1362 corporis
1879 1293 1971 1347 ha-

364 1386 489 1441 beat
519 1386 862 1452 castitatem;
904 1395 961 1442 ct
1010 1387 1281 1453 incautus,
1311 1396 1362 1442 et
1392 1398 1417 1425 ιι
1445 1389 1565 1443 sine
1610 1387 1970 1444 instructionc

360 1479 842 1535 calciamentorum
869 1478 1145 1549 Legalium
1171 1523 1184 1547 ,
1229 1480 1393 1536 malis
1428 1481 1591 1536 fuerit
1635 1481 1967 1552 supradictis

360 1572 630 1628 obnoxius
663 1590 677 1629 :
709 1574 795 1629 vel
824 1573 970 1644 quod
1016 1574 1264 1644 quotidie
1293 1574 1347 1627 in
1382 1590 1482 1629 usu
1530 1586 1614 1629 est
1665 1574 1850 1629 cordis
1882 1574 1965 1630 sui

357 1666 677 1724 calcaneum
717 1677 912 1737 patens
955 1668 1195 1738 praebeat
1239 1668 1569 1723 comestioui
1606 1670 1965 1738 serpentum?

2083 467 2298 522 causas,
2315 456 2602 514 evidenter
2627 470 2711 516 est
2729 466 3129 533 exponendum.
3147 470 3418 537 Quamdiu
3443 476 3495 531 in
3521 477 3681 549 hujus

2081 550 2266 604 stt-culi
2283 550 2519 621 [Egyplo
2542 570 2959 629 conversamur,
2987 576 3205 633 Oportet
3228 583 3326 623 nos
3356 573 3555 640 pascha
3573 574 3679 629 Do-

2080 641 2210 695 mini
2241 642 2608 712 celebrantes,
2640 650 3011 710 calciamentis
3042 657 3118 711 uti
3150 671 3460 719 sanctarum
3489 665 3680 739 Scrip-

2079 738 2323 830 turarum
2346 752 2361 803 ;
2394 736 2521 807 quia
2552 750 2699 797 tutus
2727 759 2832 798 non
2868 755 3047 816 potest
3074 765 3197 806 esse
3222 769 3444 822 gressus
3471 736 3679 830 noster,

2080 824 2185 878 nisi
2225 828 2492 885 mandatis
2538 831 2834 889 Dominicis
2881 848 3223 911 contegatur,
3260 861 3547 921 uSquequo
3593 824 3677 907 in;

2078 924 2285 972 tremns
2352 918 2407 975 in
2472 922 2621 977 illam
2706 938 2951 984 sanctam
3019 935 3405 1000 promissionis
3454 918 3673 1000 terram

2076 1025 2199 1112 quae
2223 1013 2387 1081 justis
2416 1024 2503 1070 est
2536 1032 2862 1088 praeparata.
2913 1022 3063 1079 Beati
3103 1030 3247 1083 enim
3297 1034 3479 1100 mites,
3508 1038 3671 1112 257

2074 1104 2152 1158 ait
2176 1107 2437 1163 Dominus
2465 1109 2649 1179 Jesus,
2692 1117 2939 1184 quoniam
2976 1120 3077 1191 ipsi
3116 1124 3451 1194 possidebunt
3482 1104 3671 1187 15:72.3.

2075 1196 2290 1267 (Matth.
2316 1200 2395 1270 v);
2432 1219 2540 1258 non
2568 1206 2758 1275 utique
2780 1208 2941 1265 istam
2976 1221 3177 1269 terram
3201 1234 3362 1287 quam
3392 1227 3673 1290 possident

2076 1302 2417 1385 peccatores,
2452 1296 2546 1350 sed
2579 1298 2724 1353 illam
2757 1301 2811 1356 in
2842 1318 2943 1373 qua
2976 1322 3083 1360 non
3114 1320 3240 1364 sunt
3267 1315 3461 1385 spinae,
3485 1328 3539 1373 ct
3574 1324 3670 1375 tri-

2074 1383 2185 1485 buli
2214 1402 2229 1441 :
2261 1388 2312 1441 in
2346 1404 2449 1459 qua
2480 1407 2586 1446 non
2609 1405 2734 1448 sunt
2768 1410 3078 1467 serpentes,
3110 1415 3162 1457 et
3189 1408 3389 1476 scorpii
3420 1383 3670 1485 :unippe

2073 1477 2165 1531 ubi
2198 1478 2451 1536 diabolus
2481 1499 2604 1539 cum
2634 1488 2854 1544 caeteris
2896 1490 3194 1550 immundis
3232 1477 3515 1567 spiritibus
3561 1477 3670 1564 non

2070 1571 2304 1627 accedit.
2324 1574 2438 1629 Erit
2462 1577 2608 1631 enim
2628 1588 2649 1614 ο
2680 1591 2806 1635 tunc
2838 1599 2939 1637 una
2964 1601 3087 1640 cum
3112 1587 3224 1643 suis
3250 1594 3582 1652 satellitibus
3610 1601 3664 1657 in

2072 1666 2195 1736 igne
2227 1678 2461 1765 aeterno,
2513 1688 2675 1741 quem
2720 1679 2935 1745 paravit
2979 1678 2997 1716 ί
3036 1680 3176 1736 Deus
3204 1685 3391 1756 utique
3420 1689 3663 1765 diabolo,

357 1764 415 1822 Si
466 1767 671 1837 cogitet
720 1767 883 1835 mala,
916 1767 960 1821 si
1003 1767 1362 1837 concupiscat
1399 1766 1599 1831 aliena,
1632 1764 1659 1803 ι)
1692 1767 1736 1821 si
1776 1766 1962 1823 dolum
1997 1761 2043 1820 B
2070 1768 2124 1814 et
2143 1762 2352 1831 angelis
2382 1765 2504 1833 ejus
2532 1764 2747 1836 (Matth.
2777 1772 2928 1842 xxv).
2959 1773 3236 1833 Habemus
3257 1789 3311 1834 et
3340 1791 3363 1829 ε
3396 1761 3666 1845 Joannem

355 1860 678 1927 meditetur,
709 1859 756 1914 si
784 1860 991 1914 nutriat
1021 1859 1179 1926 iram,
1212 1859 1257 1913 si
1290 1857 1579 1913 insidietur
1610 1858 1885 1928 proximo,
1918 1858 1963 1912 si

355 1950 646 2007 mendacio
684 1952 923 2017 studeat,
955 1952 1002 2005 si
1040 1950 1366 2007 comedatur
1404 1951 1596 2019 livore,
1631 1951 1674 2004 si
1716 1949 1965 2005 tabescat

354 2042 579 2109 invidia,
601 2044 644 2098 si
673 2054 939 2100 venenato
961 2060 1059 2100 ore
1082 2043 1331 2099 detrahat
1362 2043 1553 2110 bonis;
1577 2052 1631 2098 et
1660 2043 1785 2097 dum
1811 2059 1964 2099 men-

351 2136 506 2193 dacis
536 2148 557 2176 ε
593 2138 793 2208 lingum
841 2137 1051 2208 spiculo
1091 2138 1337 2192 lacerare
1384 2136 1579 2190 nititur
1614 2134 1957 2205 innocentes,

352 2230 627 2287 morsibus
654 2232 985 2299 daemonum,
1016 2232 1108 2302 qui
1141 2248 1237 2302 per
1265 2232 1442 2302 ipsum
1491 2231 1809 2302 loquuntur,
1845 2231 1960 2302 ipse

351 2323 534 2394 potius
586 2325 851 2381 lanietur?
880 2324 1022 2393 Quid
1070 2325 1269 2395 profuit
1318 2323 1644 2395 praecinctos
1702 2323 1963 2379 habuisse

352 2414 598 2483 lumbos,
630 2417 675 2473 si
705 2416 1012 2472 divinorum
1044 2416 1427 2473 mandatorum
1457 2416 1814 2472 calciamenta
1848 2432 1957 2471 non

349 2525 602 2578 servans,
636 2526 853 2583 gressus
880 2510 1065 2568 cordis
1089 2511 1167 2566 tui
1198 2510 1276 2582 (id
1301 2519 1387 2567 est
1416 2509 1612 2565 animm
1643 2518 1750 2564 tua:
1776 2506 1957 2580 bases)

348 2604 748 2661 crudelissima:
778 2606 1084 2661 concisioni
1108 2604 1444 2661 tradideris?
1469 2604 1817 2659 Contrarium
1848 2604 1957 2658 for-

348 2696 491 2752 sitan
541 2697 789 2754 videatur
837 2700 1143 2771 aliquibus,
1190 2699 1335 2771 quod
1366 2714 1489 2755 cum
1534 2699 1621 2754 hic
1670 2708 1958 2770 tantopere

348 2790 610 2848 calciatos
654 2808 777 2849 esse
831 2794 1033 2850 debere
1072 2810 1100 2848 a
1151 2794 1263 2849 Deo
1303 2794 1516 2863 jussum
1562 2793 1668 2859 sit,
1711 2792 1838 2847 alibi
1889 2792 1957 2847 ab

348 2882 543 2939 eodem
596 2885 831 2942 Domino
880 2887 993 2942 Deo
1048 2886 1309 2957 jubeatur
1358 2895 1551 2943 sancto
1601 2883 1807 2957 Moysi,
1844 2881 1955 2940 etd

347 2986 539 3032 sancto
604 2978 774 3035 Josue
816 2994 832 3035 :
872 2979 1033 3035 Solve
1079 2978 1419 3034 calciamenta
1469 2979 1532 3033 de
1585 2979 1800 3050 pedibus
1855 2978 1955 3032 tuis

347 3065 547 3138 (Exod.
577 3085 672 3136 m;
700 3069 817 3127 Jos.
841 3072 919 3143 v).
951 3070 1151 3144 Ingens
1180 3072 1402 3144 quidem
1429 3073 1570 3128 ratio
1598 3080 1703 3139 est,
1729 3080 1783 3125 et
1810 3070 1954 3126 mul-

2069 1851 2394 1922 Baptistam,
2426 1857 2518 1927 qui
2546 1856 2747 1915 dixerit
2775 1862 2843 1917 de
2887 1864 3179 1924 Salvatore
3202 1872 3425 1930 humani
3453 1882 3674 1947 generis

2068 1946 2298 2002 Domino
2319 1947 2499 2003 Jesu:
2548 1949 2711 2022 Cujus
2736 1970 2830 2025 ego
2857 1972 2961 2011 non
3006 1977 3121 2013 sttm
3174 1961 3388 2034 dignus,
3449 1946 3666 2041 inquit,

2065 2042 2345 2113 corrigiam
2370 2043 2831 2101 calciamentorum
2854 2052 3052 2109 solvere
3085 2056 3269 2127 (Joan.
3306 2060 3370 2132 t).
3419 2062 3524 2120 Sed
3558 2069 3664 2123 alia

2065 2133 2116 2188 in
2143 2134 2369 2192 Christo
2402 2139 2544 2193 ratio
2574 2150 2682 2196 est.
2720 2140 2823 2197 ille
2870 2160 2978 2199 non
3026 2158 3251 2218 propter
3298 2168 3357 2209 se
3403 2157 3670 2218 calciatus

2064 2237 2170 2291 est,
2202 2228 2297 2283 sed
2336 2241 2567 2300 pr0pter
2590 2246 2724 2298 nos;
2758 2236 3015 2304 quoniam
3069 2250 3213 2296 terra
3243 2246 3515 2304 susﬁnere
3557 2268 3666 2309 non

2063 2330 2280 2390 poterat
2310 2323 2616 2393 majestatis
2647 2326 2768 2396 ejus
2814 2330 2957 2384 nuda
2990 2333 3246 2404 vestigia.
3293 2337 3664 2403 Calciamenta

2060 2428 2181 2470 cum
2202 2415 2355 2483 dicit,
2372 2433 2598 2488 gressus
2623 2422 2867 2477 ostendit
2889 2434 3201 2483 sanctarum
3222 2430 3659 2507 Scripturarum,

2060 2507 2256 2578 quibus
2283 2511 2553 2580 graditur,
2587 2521 2644 2568 et
2689 2515 2891 2570 circuit
2916 2513 2940 2553 ιι
2984 2522 3179 2575 notitia
3210 2524 3330 2593 ejus
3383 2530 3435 2582 in
3475 2547 3667 2590 omnes

2061 2604 2153 2673 qui
2187 2603 2438 2659 habitant
2465 2620 2633 2676 super
2661 2619 2884 2664 terram.
2905 2611 2970 2666 Et
2999 2614 3125 2669 ideo
3148 2617 3393 2678 Joannes
3422 2624 3669 2697 Baptista

2062 2695 2115 2749 in
2140 2695 2439 2767 Evangelio
2472 2708 2634 2769 negat
2659 2702 2750 2756 vel
2782 2702 3045 2761 idoneum
3075 2723 3136 2763 se
3160 2715 3396 2780 esse,vel
3417 2695 3661 2792 dignum,

2059 2788 2153 2858 qui
2181 2789 2359 2844 solvat
2383 2792 2673 2863 corrigiam
2722 2795 3208 2857 calciamentorum
3250 2806 3393 2877 ejus,
3432 2788 3493 2866 id
3529 2826 3615 2871 est

2059 2895 2374 2938 sermonem
2394 2882 2513 2952 ejus
2538 2902 2552 2951 ;
2588 2885 2701 2941 sive
2727 2894 2790 2942 ut
2812 2888 3081 2947 edisserat
3100 2909 3270 2951 unum
3294 2898 3362 2955 de
3392 2882 3665 2965 mandatis

2059 2977 2217 3049 ejus;
2247 2980 2363 3036 sive
2386 2988 2441 3035 ut
2469 2981 2678 3038 nudare
2706 2983 2905 3051 valeat,
2925 2999 2980 3041 et
3011 2989 3301 3047 evidenter
3316 2999 3608 3059 ostendere
3642 3006 3653 3042 ί

2060 3071 2277 3127 calciati
2307 3073 2486 3129 adhuc
2517 3074 2571 3129 in
2595 3075 2700 3131 isto
2740 3078 2942 3132 saeculo
2968 3079 3134 3136 Verbi
3194 3084 3288 3140 Dei
3347 3097 3659 3154 veneranda

345 3161 610 3232 tiplicium
656 3166 1089 3236 propositionum
1145 3167 1467 3238 ambagibus
1523 3165 1897 3237 praestruenda
1931 3181 1944 3219 :
1975 3148 2019 3210 Ο
2052 3164 2483 3235 veSIigia.Modo
2497 3168 2632 3221 enim
2652 3171 3023 3242 per‘speculztm
3044 3174 3342 3233 videmusin
3360 3148 3660 3256 aenigmate,

343 3254 441 3310 sed
469 3254 595 3325 quia
627 3255 865 3313 brevitas
893 3259 1147 3329 congruit
1176 3266 1229 3314 et
1278 3257 1630 3329 prtedicautis
1672 3258 1868 3324 labori,
1893 3266 1947 3312 et

343 3348 624 3404 memoriae
672 3350 970 3419 auditoris,
1022 3351 1151 3407 nolo
1192 3367 1291 3407 vos
1339 3351 1550 3423 longius
1598 3350 1837 3406 trahere.
1866 3349 1947 3407 lbi

342 3439 581 3495 solvitur
604 3442 864 3513 qumstio,
912 3441 1006 3498 ubi
1051 3443 1412 3499 calciamenta
1466 3443 1774 3510 solvuntur,
1818 3445 1942 3499 dum

342 3535 524 3589 statim
538 3549 701 3591 causa
714 3535 973 3607 adjicitur
993 3555 1004 3591 :
1023 3537 1197 3603 Solve,
1219 3537 1416 3607 inquit,
1431 3537 1769 3593 calciamenta
1787 3536 1851 3590 de
1863 3552 1945 3607 pe-

341 3628 489 3684 dibus
505 3631 632 3697 tuis;
659 3631 803 3686 locus
820 3632 952 3686 enim
968 3634 1024 3687 in
1041 3649 1141 3703 quo
1157 3641 1285 3699 stas,
1303 3641 1437 3686 terra
1454 3641 1633 3685 sancta
1650 3640 1721 3685 est
1735 3628 1934 3703 (Exod.

342 3737 427 3787 tu;
460 3723 574 3779 .Ios.
604 3725 681 3795 v).
705 3722 1026 3781 Ostenditur
1053 3741 1182 3797 ergo
1207 3735 1351 3781 terra
1380 3724 1626 3797 Egypti,
1662 3723 1750 3779 ubi
1781 3723 1941 3779 datur

339 3817 632 3889 praeceptio
662 3817 757 3873 illa
783 3821 1060 3889 superior,
1085 3828 1273 3876 sancta
1305 3835 1411 3875 non
1440 3833 1587 3887 esse,
1621 3826 1677 3873 et
1707 3816 1833 3873 ideo
1864 3816 1939 3871 ibi

338 3908 583 3966 habenda
626 3911 955 3968 mandantur
1000 3912 1388 3978 calciamenta;
1422 3913 1477 3967 in
1524 3922 1707 3967 sancta
1757 3918 1936 3966 autem

409 4078 436 4139 ξι
466 4068 643 4127 Editio
673 4069 873 4139 Lugd.,
908 4071 1069 4135 male,
1100 4072 1211 4126 sine
1237 4071 1643 4126 constructione.

408 4138 531 4195 blta
580 4142 705 4197 cod.
742 4138 889 4197 Flor.
924 4152 980 4199 et
1023 4142 1155 4199 Urb.
1206 4144 1261 4198 ln
1312 4143 1473 4198 editis
1532 4144 1685 4198 deest
1713 4142 1936 4213 si;qute

339 4219 517 4267 tamen
552 4213 813 4281 particula
847 4214 1084 4270 habetur
1107 4214 1270 4270 etiam
1322 4215 1374 4268 in
1420 4213 1564 4268 libro
1590 4213 1931 4281 Pantagathi.

409 4294 431 4321 ο
466 4283 521 4338 1η
570 4285 761 4356 tribus.
793 4301 954 4353 mss.,
981 4284 1176 4353 linguae
1192 4284 1447 4356 spiculis;
1477 4295 1530 4340 et
1572 4285 1714 4340 hanc
1742 4285 1932 4340 lectio-

338 4370 461 4425 nem
496 4355 659 4411 habet
687 4357 850 4412 etiam
884 4358 1025 4413 liber
1050 4355 1395 4425 Panta’gathi.

404 4423 430 4462 ἀ
453 4426 585 4481 Tres
620 4443 777 4493 mss.,
800 4440 983 4484 sancto
1008 4427 1136 4485 Jesu
1166 4423 1334 4493 Nave,
1368 4428 1542 4498 iisque
1576 4437 1842 4484 consonat
1870 4427 1936 4481 li-

331 4496 429 4553 ber
481 4498 831 4569 Pantagathi;
871 4512 925 4556 et
969 4501 1197 4556 fortasse
1242 4500 1345 4556 hoc
1387 4496 1550 4555 modo
1596 4498 1932 4556 Gaudentius

332 4569 648 4641 scripserat,
708 4579 763 4624 at
823 4571 1167 4627 librariorum
1224 4572 1471 4635 inscitia,
1515 4572 1712 4641 quibus
1767 4587 1932 4641 porro

330 4638 571 4711 ignomm
596 4650 712 4695 erat
734 4642 836 4698 hoc
865 4644 991 4700 item
1024 4644 1246 4699 nomine
1274 4642 1458 4697 vocari
1474 4638 1721 4698 sanctum
1739 4638 1928 4709 Josue,

330 4711 528 4765 notiuri
553 4714 923 4780 appellatione
971 4716 1044 4769 uti
1096 4715 1305 4769 maluit.
1335 4714 1509 4769 Eccli.
1553 4730 1675 4769 var
1706 4732 1717 4767 :
1753 4712 1931 4767 Fortis

329 4782 381 4856 in
404 4782 534 4836 bello
554 4780 707 4856 Jesus
735 4783 878 4839 Nare
899 4802 1161 4856 successor
1187 4784 1379 4856 Moysi.
1410 4785 1632 4840 Hieron.
1661 4787 1716 4856 in
1744 4799 1865 4854 cap.
1892 4800 1931 4838 tt

328 4852 517 4908 Matth.
544 4854 711 4924 :Lege
738 4857 925 4909 librum
950 4855 1077 4911 Jesu
1105 4856 1205 4925 ﬁlii
1228 4852 1393 4910 Nare.
1429 4860 1569 4925 Aug.
1600 4857 1667 4911 de
1689 4852 1925 4911 Civllib.

326 4938 479 4988 xvm,
535 4940 651 4995 cap.
692 4927 753 4980 il
785 4943 797 4981 :
834 4927 1000 4995 Moysi
1031 4928 1271 4981 successit
1317 4925 1467 4982 Iesus
1502 4927 1668 4980 Nave.
1721 4926 1930 4980 Philas-

327 4995 485 5062 trius,
519 5011 637 5065 cap.
668 4997 734 5050 l7
761 5014 773 5050 :
801 4997 866 5050 Et
894 4995 1117 5062 Iosiam,
1144 5010 1191 5052 et
1229 4997 1408 5053 Jesum
1459 4999 1626 5065 [ilium
1676 4997 1851 5061 Nave;
1874 5006 1928 5050 et

324 5080 445 5139 cap.
486 5065 755 5139 ᾎῖχροδι
799 5068 971 5139 Moysi
1012 5070 1415 5139 defunctionem,
1451 5069 1928 5136 successionemque

323 5134 453 5211 {esu
474 5136 573 5211 ﬁlii
602 5135 768 5211 Nave.
802 5134 1141 5196 Gaudentius
1170 5141 1306 5211 ipse,
1344 5134 1413 5196 tr.
1449 5141 1507 5195 il
1541 5138 1790 5211 :Septem
1817 5134 1926 5192 die-

326 5208 418 5262 bus
444 5206 585 5275 [ilius
613 5207 779 5264 Nave.

399 5288 421 5315 ⁸
455 5278 545 5335 Sic
569 5281 915 5349 reposuimus
944 5297 1011 5337 ex
1042 5283 1290 5339 Florent.
1324 5292 1380 5339 et
1406 5282 1540 5339 Urb.
1570 5298 1691 5338 cum
1720 5281 1776 5336 in
1807 5280 1925 5337 edi-

325 5350 699 5477 tisulegeretur
727 5362 874 5421 tum;
904 5354 1001 5409 sed
1034 5365 1159 5409 tunc
1180 5364 1265 5411 est
1291 5356 1455 5412 etiam
1482 5355 1534 5409 in
1567 5354 1691 5411 cod.
1725 5354 1924 5410 Panta-

325 5437 385 5477 tta
434 5439 493 5476 11.

322 5424 493 5491 gathi.

401 5492 420 5529 ί
446 5493 594 5568 Flor.
613 5494 745 5568 Urb.
764 5507 819 5552 et
840 5496 965 5553 cod.
990 5496 1343 5568 Pantagatlti,
1369 5498 1544 5567 utique
1564 5498 1664 5568 ipsi
1686 5496 1916 5551 diabolo.

324 5560 639 5641 VattLduo,
676 5566 932 5641 Dominus
962 5570 1140 5638 utique
1163 5560 1263 5641 ipsi
1294 5560 1532 5641 diaboio.

400 5642 425 5679 8
455 5634 591 5712 Tres
616 5652 747 5690 Inss.
781 5640 952 5712 codd.
1004 5634 1077 5696 ita
1112 5634 1345 5712 legunt:
1401 5638 1666 5695 Habemus
1716 5649 1764 5696 et
1794 5656 1917 5694 san-

324 5704 745 5783 ctumjoannem
773 5708 1063 5783 Baptistam
1090 5704 1302 5768 diiisse.

395 5774 425 5816 ιι
452 5776 545 5834 Sic
577 5787 688 5845 tres
716 5774 863 5837 mss.'
886 5784 1051 5840 codd.
1080 5794 1135 5840 ct
1164 5785 1341 5841 Paris.
1378 5784 1571 5843 editio.
1608 5784 1747 5843 Aliae
1794 5784 1917 5841 duae

767 5875 1046 5937 Ρηιιοι..
1096 5877 1243 5939 XX.

2057 3258 2256 3329 inquit,
2298 3269 2420 3313 tunc
2443 3276 2560 3315 vero
2603 3260 2740 3330 {acie
2781 3266 2849 3315 ad
2872 3264 3060 3332 faciem
3106 3267 3151 3336 (Ι
3185 3268 3305 3324 Cor.
3355 3278 3517 3346 xm):
3570 3281 3659 3336 ubi

2054 3369 2158 3406 non
2188 3354 2284 3407 erit
2311 3354 2513 3424 aliquid
2544 3356 2804 3409 occultant
2849 3360 2990 3427 quod
3031 3376 3133 3414 non
3183 3367 3513 3437 revelabitur,
3560 3390 3653 3427 nec

2052 3444 2410 3499 absconditum
2437 3446 2578 3516 quod
2609 3463 2714 3502 non
2744 3449 2933 3503 scietur
2973 3450 3256 3525 (Matt/1.x)
3280 3472 3293 3509 :
3320 3461 3541 3527 quando
3583 3466 3651 3521 ad

2051 3535 2202 3591 illum
2227 3537 2466 3592 futurum
2489 3538 2632 3593 diem
2652 3538 2851 3595 festum
2873 3541 3137 3599 Dominus
3151 3544 3313 3602 Jesus
3330 3548 3509 3620 (Joan.
3526 3556 3653 3627 vn),

2050 3644 2161 3683 non
2192 3628 2331 3685 sicut
2359 3633 2460 3685 sub
2490 3631 2809 3700 incredulis,
2850 3632 2863 3683 i
2902 3636 3059 3703 quasi
3109 3638 3163 3691 in
3194 3643 3418 3697 occulto
3448 3661 3647 3703 ascen-

2047 3722 2177 3790 det;
2211 3728 2307 3778 sed
2337 3724 2481 3780 sicut
2511 3724 2779 3795 scriptum
2804 3735 2923 3781 est:
2972 3726 3116 3783 Deus
3146 3732 3327 3800 palam
3372 3738 3555 3807 veniet,
3602 3754 3650 3795 et

2046 3814 2191 3870 Deus
2216 3828 2406 3882 noster,
2436 3825 2484 3870 et
2532 3833 2635 3872 non
2657 3817 2828 3871 silebit
2878 3818 2998 3890 (Ps.
3031 3822 3202 3892 xux).
3248 3823 3546 3896 Propterea
3594 3844 3651 3888 ct

2046 3910 2293 3982 Apostoli
2317 3912 2369 3966 in
2400 3911 2715 3983 Evangeliis
2742 3912 2873 3969 alibi
2903 3914 3267 3983 prohibentur
3286 3930 3511 3990 portare
3538 3929 3652 3984 cal-

2049 4069 2322 4144 editiones
2354 4084 2461 4144 non
2486 4068 2780 4144 habent-:6
2801 4072 2937 4142 ejus,
2966 4088 3128 4144 quam
3160 4078 3414 4135 voculam
3446 4083 3647 4143 retinet

2037 4142 2200 4196 etiam
2234 4142 2372 4196 liber
2392 4141 2733 4212 Pantagathi.

2120 4211 2132 4249 ί
2160 4212 2444 4292 Frequens
2473 4211 2822 4292 haaclocutio
2846 4217 3104 4292 estapud
3133 4217 3347 4288 Patres,
3372 4238 3477 4292 qua
3504 4226 3641 4284 Ver-

2039 4283 2166 4360 bum
2196 4284 2293 4340 Dei
2325 4298 2499 4360 carne
2527 4286 2777 4360 indutum
2819 4283 3099 4341 calciaium
3128 4283 3643 4360 appellabantmit-

2040 4356 2401 4440 bros.'serm.
2432 4356 2581 4440 17in
2609 4374 2697 4439 ps.
2728 4373 2923 4426 cxvm,
2961 4360 3093 4440 edit.
3120 4356 3285 4417 Frob.
3313 4373 3362 4440 _t.
3410 4382 3488 4432 tv,
3512 4386 3637 4440 pag.

1960 4461 2015 4522 D
2199 4425 2307 4522 Pe‘r
2329 4429 2499 4510 feritur
2516 4429 2723 4522 insigne
2740 4430 3088 4514 generationis
3112 4425 3637 4522 agno‘scimusjuxila

2038 4499 2173 4579 illud
2205 4516 2221 4553 :
2257 4498 2538 4579 Accingere
2558 4498 2802 4579 gladium
2829 4498 3203 4579 tuum-circuiri
3234 4509 3423 4579 femur,
3450 4498 3635 4579 poten-

2037 4572 2232 4643 tissime
2256 4588 2273 4634 ;
2301 4586 2405 4641 quo
2432 4572 2776 4643 signiﬁcatur,
2799 4572 2937 4641 quod
2965 4572 3139 4626 Filius
3162 4572 3281 4639 Dei,
3305 4572 3421 4631 cum
3444 4572 3628 4638 semet-

2035 4641 2206 4720 ipsum
2235 4640 2573 4720 exinanisset,
2609 4640 2759 4720 Verbi
2786 4640 3052 4696 accinctus
3083 4644 3432 4720 divinitatem,
3454 4661 3505 4703 et
3542 4670 3631 4720 ge.

2034 4714 2353 4791 iterationem
2381 4712 2648 4791 calciatus
2692 4711 2997 4791 hunteytam,
3026 4713 3293 4791 prodierit
3319 4711 3631 4791 cati-Virgine

2034 4784 2271 4864 qmnibus
2298 4781 2790 4864 daturus-salutem:
2823 4783 2989 4853 Greg.
3025 4786 3172 4864 hom.
3195 4786 3238 4864 Δ7
3283 4789 3334 4839 iu
3371 4781 3576 4864 Evang.
3613 4814 3626 4850 :

2033 4852 2354 4933 Inearnatus
2382 4853 2639 4933 Dominus
2668 4854 2876 4933 veniens
2898 4852 3047 4924 quasi
3068 4856 3332 4912 calciatus
3358 4852 3627 4933 apparuit,

2032 4927 2154 4995 quia
2174 4928 2231 4999 in
2250 4925 2519 4999 divinitate
2535 4941 2632 4999 sua
2655 4926 2936 4999 morticina
2954 4935 3147 4999 nostra:
3166 4925 3517 4999 corruptionis
3543 4925 3629 4991 as;

2031 4993 2270 5077 sumpsit.
2302 4997 2370 5051 Et
2395 4997 2560 5065 paulo
2588 4994 2728 5049 inl‘ra
2761 5013 2773 5049 :
2809 4994 2887 5077 In
2908 4993 3196 5077 Idumteam
3219 4993 3342 5077 ergo
3368 5000 3629 5077 Dominus

2031 5068 2431 5145 calciamentum
2446 5084 2596 5145 suum
2622 5083 2677 5120 se
2704 5069 2975 5145 egolaudare
2998 5072 3207 5145 asserit,
3237 5068 3359 5145 quia
3390 5076 3515 5130 dum
3536 5097 3628 5145 per

2031 5154 2233 5192 carnem
2258 5137 2507 5194 Gentibus
2536 5139 2779 5205 innotuit,
2812 5142 2960 5210 quasi
2986 5140 3216 5196 calciata
3245 5137 3315 5196 ad
3362 5162 3454 5199 nos
3494 5137 3625 5203 divi-

2026 5210 2164 5263 nitas
2192 5211 2342 5264 venit.

2104 5283 2117 5331 l
2153 5281 2244 5335 Sic
2260 5278 2674 5337 emendavimus
2698 5281 2823 5338 freti
2846 5285 3169 5339 auctoritate
3191 5282 3322 5339 Urb.
3344 5296 3397 5339 et
3428 5288 3627 5342 utrius-

2023 5367 2131 5425 que
2150 5351 2286 5425 (Vat.
2317 5352 2545 5409 codicis.
2573 5352 2748 5420 Flor.,
2776 5355 2899 5425 quia
2921 5356 2977 5409 in
3011 5355 3212 5409 occulto
3239 5358 3502 5410 ascendet.
3555 5359 3614 5414 lu

2026 5423 2470 5496 editiscorrupte
2498 5423 2803 5496 legebatur,
2845 5428 2967 5493 quia
3016 5427 3068 5479 in
3112 5425 3313 5478 occulto
3362 5429 3617 5485 ascendit.

2024 5493 2164 5568 Cod.
2193 5493 2538 5568 Pantagathi,
2557 5493 2717 5568 quasi
2738 5498 2791 5549 in
2818 5499 3017 5551 occulto
3039 5496 3313 5568 ascendet;
3332 5513 3501 5568 quare
3532 5499 3620 5557 hic

2023 5565 2299 5638 discrepat
2326 5566 2549 5631 aFlor.,
2571 5565 2737 5638 Supra
2767 5583 2900 5623 vero
2928 5583 2955 5621 a
2985 5568 3156 5638 νειμ,
3193 5566 3324 5620 alibi
3352 5568 3420 5621 ab
3450 5567 3616 5626 Urbi-

2023 5648 2175 5705 nate;
2201 5636 2407 5695 idcirco
2432 5639 2501 5694 ab
2528 5636 2727 5695 horum
2750 5638 2914 5694 codd.
2933 5639 3084 5691 nullo
3115 5636 3463 5708 desumptum
3494 5656 3617 5700 esse

2022 5720 2261 5782 oportet,
2293 5711 2388 5782 qui
2414 5710 2483 5765 ab
2511 5711 2576 5766 iis
2609 5721 2714 5765 tam
2746 5724 2892 5779 saepe
2912 5707 3187 5764 dissentit.

3002 5871 3082 5937 28
