4096 6192
529 237 637 294 879

1605 237 1665 293 S.
1706 234 2092 293 GAUDENTII
2132 230 2395 291 BRIXIAS
2435 233 2745 294 EPISCOPI

3720 237 3807 295 880

523 348 710 402 uitatis
739 348 860 418 ejus
894 356 1171 417 extorres,
1205 346 1444 419 Aagyptii
1474 348 1850 419 appellantur;
1884 364 2022 419 quos
2050 356 2130 403 ta-
2155 352 2211 413 Α
2236 345 2467 401 Satanas
2506 346 2790 402 insurrexit
2832 347 3084 403 adversus
3123 347 3385 420 seipsum,
3426 344 3455 385 11
3495 348 3684 404 divisus
3714 362 3806 416 est;

523 457 652 496 men
697 442 944 497 hortatur
987 443 1100 511 ipse
1147 441 1407 496 Dominus
1451 441 1517 496 ad
1566 441 1832 507 salutem,
1884 442 2073 498 dicens
2118 459 2132 497 :

524 531 669 587 Dum
709 534 905 589 habetis
934 535 1119 600 lucem,
1153 534 1347 590 credite
1374 535 1428 589 in
1457 533 1651 604 lucem,
1690 546 1745 589 ut
1775 537 1873 606 ﬁlii
1904 538 2033 592 lucis
2061 539 2135 591 si-

522 628 591 682 tis
619 625 802 698 (Joan.
849 624 973 696 xu).
1007 626 1196 697 Itaque
1250 637 1277 664 ⁸
1317 628 1363 683 si
1406 628 1712 683 voluntaria
1764 629 1896 684 ﬁdes
1953 638 2135 699 potest

524 733 621 773 eos
661 718 801 774 ﬁlios
848 718 986 774 lucis
1026 718 1267 785 efﬁcere,
1303 718 1405 775 hoc
1450 719 1593 791 quod
1640 721 1989 777 tenebrarum
2036 722 2133 776 ﬁlii

520 822 673 879 sunt,
715 812 903 868 vitium
938 813 1235 869 voluntatis
1262 822 1368 880 est,
1405 830 1512 869 non
1543 826 1772 870 naturas.
1806 815 1974 871 Nocte
2000 830 2133 887 ergo

521 921 630 975 qua
662 920 866 977 corpus
895 907 1151 962 exanime
1178 907 1494 977 relinquens
1524 908 1576 962 in
1614 923 1778 965 cruce
1809 908 1905 963 Dei
1933 907 2127 978 Filius,

516 997 742 1052 transiit
766 1013 891 1053 cum
918 1000 1103 1054 anima
1133 999 1199 1053 ad
1223 999 1521 1070 Egyptum
1556 1000 1894 1067 interiorem,
1925 1010 1981 1056 ut
2013 1000 2132 1055 ani-

522 1107 639 1147 mas
666 1091 721 1145 in
750 1090 966 1148 inferno
994 1092 1196 1162 positas
1222 1092 1499 1158 visitaret;
1528 1102 1657 1149 tunc
1684 1093 1811 1149 fecit
1832 1092 2129 1149 vindictam

517 1187 575 1241 in
612 1202 806 1242 omnes
842 1186 1153 1242 immundos
1180 1186 1405 1256 spiritus
1434 1186 1819 1258 ABgyptiorum
1851 1187 2006 1253 deos,
2040 1187 2127 1241 in-

520 1282 798 1338 terﬁciens
847 1282 900 1337 in
949 1281 1329 1352 primogenitis
1372 1280 1519 1336 vires
1552 1282 1884 1352 principatus
1913 1295 2124 1336 eorum.

517 1374 653 1429 Nam
682 1374 927 1431 Passioni
962 1373 1240 1443 proximus
1272 1372 1407 1428 dicit
1436 1374 1701 1429 Dominus
1730 1375 1891 1429 Jesus
1921 1390 1934 1425 :
1969 1371 2128 1427 Nunc

514 1468 775 1535 judicium
809 1477 886 1521 est
912 1467 1070 1539 hujus
1096 1466 1298 1531 mundi,
1330 1482 1469 1519 nunc
1494 1464 1656 1536 hujus
1678 1465 1861 1519 mundi
1887 1466 2126 1537 princeps

514 1560 722 1631 ejicitur
747 1561 910 1629 foras.
936 1556 1004 1612 Et
1032 1575 1126 1628 ego
1146 1556 1175 1595 ι)
1199 1574 1313 1611 cum
1340 1559 1595 1613 exaltatus
1618 1560 1786 1629 fuero,
1816 1560 1991 1612 omnia
2018 1566 2126 1611 tra-

516 1650 640 1704 hum
665 1652 735 1704 ad
762 1667 840 1706 me
870 1652 1044 1719 ipsum
1073 1649 1254 1720 (Joan.
1289 1653 1411 1721 xu).
1461 1651 1756 1706 Revocavit
1790 1652 1973 1722 itaque
2007 1666 2125 1706 om-

514 1761 641 1801 nem
680 1755 987 1802 creaturam
1034 1762 1187 1801 suam
1233 1747 1301 1801 ad
1342 1762 1403 1803 se
1438 1746 1700 1802 Dominus
1736 1745 1915 1815 Jesus,
1960 1760 2119 1814 quam
2154 1760 2202 1821 Β

514 1843 619 1897 sibi
653 1852 674 1879 ο
704 1841 1030 1913 iniquissimi
1062 1852 1418 1912 usurpatores
1447 1841 1754 1896 divinitatis
1791 1840 1987 1895 rebelli
2012 1839 2125 1911 spi-

512 1936 625 1988 ritu
666 1934 1071 2004 manciparant;
1117 1944 1179 1989 ut
1226 1934 1394 2003 ipsius
1435 1934 1628 1989 ditioni
1666 1933 1911 2002 subjecta
1941 1938 2129 1987 essent

510 2029 715 2096 omnia,
743 2041 837 2095 per
857 2042 1017 2097 quem
1043 2026 1182 2081 facta
1204 2036 1331 2080 sunt
1358 2026 1643 2092 universa;
1671 2033 1725 2079 et
1758 2025 1849 2095 qui
1890 2023 2125 2094 protexit

516 2116 543 2155 ἀ
590 2118 752 2190 262
794 2134 856 2174 ac
899 2126 1149 2189 proteget
1177 2117 1465 2172 credentes
1494 2118 1544 2172 in
1578 2132 1637 2173 se
1666 2134 1696 2171 a
1725 2116 1882 2187 plaga
1913 2114 2123 2170 contri-

512 2213 705 2277 tionis,
741 2228 836 2282 per
865 2212 1077 2281 signum
1115 2210 1299 2265 crucis
1328 2226 1461 2275 sua},
1496 2225 1619 2265 cum
1650 2210 1851 2264 dicitur
1881 2226 1895 2263 :
1931 2207 1999 2261 Et
2027 2208 2123 2262 erit

513 2303 654 2358 vobis
682 2304 895 2375 sanguis
922 2305 979 2356 in
1007 2304 1157 2375 signo
1190 2312 1211 2340 ο
1240 2304 1293 2356 in
1319 2302 1557 2357 domibus
1590 2319 1606 2355 :
1638 2319 1726 2357 uos
1754 2302 1898 2357 eritis
1925 2301 1995 2356 ibi
2026 2318 2043 2355 :
2075 2310 2122 2356 et

512 2394 696 2449 uidebo
735 2395 1063 2465 sanguinem,
1096 2404 1143 2447 et
1170 2405 1438 2467 protegam
1464 2411 1548 2448 vos
1575 2392 1775 2466 (Exod.
1805 2393 1926 2459 xu}.
1962 2392 2123 2461 Qua)-

512 2489 744 2545 rendum
792 2497 996 2556 tamen,
1047 2489 1366 2559 priusquam
1416 2498 1760 2544 transeamus
1803 2488 1871 2543 ad
1918 2495 2121 2543 extera

513 2599 637 2654 quae
666 2596 990 2653 sequuntur,
1020 2584 1298 2654 quomodo
1328 2583 1495 2649 dicat,
1537 2582 1822 2655 Protegam
1846 2599 1934 2636 vos
1964 2581 2121 2652 quasi

513 2677 580 2731 ab
612 2677 719 2731 alio
748 2676 1190 2732 'exterminatore
1220 2692 1233 2729 :
1266 2684 1321 2730 et
1350 2676 1551 2731 iterum
1594 2676 1828 2747 Moyses,
1864 2673 2123 2729 Transibit

511 2769 769 2826 Dominus
811 2780 1101 2841 percutere,
1143 2769 1242 2836 ait,
1274 2769 1575 2842 ngyptios,
1609 2780 1656 2823 et
1685 2770 1872 2823 videbit
1900 2770 2119 2841 sangui-

513 2880 630 2917 nem
670 2865 725 2917 in
764 2861 974 2929 limine,
1005 2871 1051 2918 et
1084 2864 1137 2916 in
1166 2862 1395 2933 utrisque
1433 2862 1684 2932 postibus,
1716 2874 1760 2917 et
1791 2861 2123 2933 pertransibit

513 2957 704 3010 ostium
732 2954 933 3027 (Exod.
966 2957 1087 3025 su).
1128 2953 1271 3020 Quid
1303 2968 1436 3024 ergo
1463 2956 1586 3009 est?
1619 2953 1881 3009 Dominus
1910 2953 2125 3009 transiit

510 3059 800 3119 percutere
831 3049 1122 3122 Egyptios
1150 3049 1206 3104 in
1236 3063 1400 3103 manu
1432 3047 1913 3103 exterminatoris?
1939 3045 2118 3102 Absit.

510 3144 647 3199 Nam
675 3153 798 3214 post
831 3143 1085 3213 pusillum
1117 3140 1247 3197 dicit
1282 3159 1296 3197 :
1332 3140 1400 3193 Et
1428 3157 1532 3195 non
1562 3139 1787 3194 dimittet
1813 3139 2126 3194 extermina-
2149 3143 2195 3206 C

512 3248 674 3292 torem
704 3239 901 3291 intrare
928 3237 981 3290 in
1010 3236 1193 3290 domos
1221 3246 1433 3289 vestras.
1467 3234 1524 3291 Si
1554 3234 1671 3304 ipse
1703 3234 1959 3304 percutit,
1987 3249 2123 3305 quo-

511 3331 678 3386 modo
720 3330 935 3397 dicitur,
982 3344 1085 3383 non
1128 3327 1350 3382 dimittet
1394 3328 1591 3381 intrare
1631 3326 2125 3381 exterminatorem?

507 3423 627 3478 lloc
656 3424 836 3492 itaque
868 3421 923 3475 in
952 3428 1104 3475 textu
1131 3420 1301 3490 ipsius
1332 3419 1582 3475 lectionis
1610 3418 1894 3486 sollicitus,
1923 3418 2120 3487 lector,

508 3514 823 3581 considera,
862 3512 1008 3584 quod
1048 3512 1139 3567 ubi
1168 3511 1300 3567 dicit
1343 3510 1361 3549 ί
1406 3513 1614 3582 percuti
1656 3511 1966 3583 A‘ngptios,
2008 3527 2119 3567 non

511 3606 667 3672 dicit,
709 3608 779 3661 ab
823 3605 1250 3661 exterminatore
1280 3622 1293 3658 :
1330 3605 1419 3659 ubi
1457 3617 1641 3661 autem
1668 3604 1823 3672 dicit,
1856 3604 2119 3662 Hebraeos

507 3697 875 3770 protegendos
899 3698 990 3769 qui
1018 3696 1291 3768 percussit
1319 3696 1631 3768 IEgyptios.
1664 3707 1689 3741 κ
1716 3696 1813 3753 sed
1840 3698 1908 3752 ab
1937 3707 2122 3753 exter-

510 3791 821 3847 utinatoris.
859 3789 1265 3845 Exterminator
1290 3797 1476 3846 autem
1510 3804 1619 3844 non
1650 3789 1885 3859 percutit
1909 3788 2119 3861 Egyp-

510 3884 644 3954 tios,
679 3899 910 3955 quorum
938 3884 1147 3939 amicus
1176 3892 1233 3938 et
1259 3882 1518 3953 princeps
1544 3893 1664 3947 est;
1694 3881 1975 3953 quoniam,
2006 3883 2118 3938 sic-

510 3978 588 4033 uti
631 3977 705 4033 ait
746 3978 1005 4033 Dominus
1053 3980 1106 4031 itt
1151 3975 1448 4045 Evangelio
1499 3974 1664 4029 Marci
1708 3974 2042 4044 beatissimi,
2074 3976 2119 4030 si

590 4144 613 4168 ιι
646 4132 738 4189 Sic
763 4132 1047 4202 legendum
1073 4145 1194 4187 esse
1217 4130 1401 4202 docuit
1425 4143 1730 4202 consensus
1756 4143 1889 4183 mss.
1920 4145 2021 4200 pro
2049 4146 2115 4187 eo

516 4204 728 4274 quodin
761 4200 920 4258 editis
937 4201 1584 4274 occurrebat,voluntatis
1609 4200 1775 4274 ﬁdes;
1807 4216 1968 4270 quam
2000 4202 2114 4258 lec—

514 4272 717 4330 tionem
746 4276 973 4345 abrogat
1003 4276 1172 4330 etiam
1200 4272 1680 4341 cod.Pantagathi,
1707 4274 1999 4342 praeferens
2027 4290 2118 4327 vo-

519 4346 753 4400 luntaria
785 4346 935 4415 fides.

591 4416 616 4455 ι’
649 4417 704 4472 In
737 4414 911 4472 tribus
943 4432 1075 4471 mss.
1101 4425 1157 4471 et
1185 4415 1328 4471 libro
1355 4414 1695 4485 Pantagathi,
1724 4432 1838 4470 cum
1863 4416 2121 4472 exaltatus

519 4491 667 4560 fuero
701 4507 735 4543 a
762 4499 919 4543 terra.

594 4573 615 4599 θ
659 4561 795 4617 Tres
827 4576 959 4617 mss.
986 4558 1173 4627 codd.,
1210 4558 1509 4628 nequissimi
1540 4567 1897 4629 usurpatores.

586 4631 611 4669 ἀ
658 4634 784 4691 Mss.
832 4643 1086 4703 quatuor,
1134 4632 1375 4704 protegit,
1401 4630 1599 4702 quibus
1626 4630 1952 4701 suffragatur
1995 4630 2119 4686 cod.

519 4705 859 4761 Pautaaatbi.

594 4723 983 4843 :“glggriﬁlilrb.
1008 4775 1219 4832 etVatl.
1246 4774 1384 4843 duo,
1414 4776 1464 4827 in
1488 4773 1724 4828 domibus
1749 4774 2006 4845 inquibus
2033 4790 2119 4828 vos

515 4850 690 4912 eritis;
734 4850 1037 4920 eodemque
1064 4847 1225 4903 modo
1251 4847 1374 4903 cod.
1410 4846 1749 4916 Pantagathi,
1782 4844 1869 4901 cui
1902 4844 2119 4901 lectioni

516 4920 666 4974 favet
699 4920 947 4990 Vulgata.

597 4990 614 5028 ί
645 4992 733 5046 Sic
752 4987 861 5045 tres
882 5006 1012 5045 mss.
1038 4990 1318 5045 Editiones
1338 4989 1590 5060 legebant
1610 4991 1895 5057 percutiam
1914 4987 2118 5061 :Eggp.

514 5063 653 5127 tios;
692 5069 748 5115 at
787 5064 986 5130 percuti
1026 5061 1305 5133 .Egyptios
1343 5062 1503 5117 habet
1546 5062 1708 5116 etiam
1736 5062 1874 5118 liber
1913 5060 2113 5115 Panta-

555 5134 691 5189 allii.

513 5150 928 5280 gais'fiirbacod.
956 5213 1009 5280 et
1042 5204 1211 5280 Lugd.
1240 5204 1428 5280 e_ditio,
1452 5205 1956 5280 abexterminatore,
1981 5223 2117 5280 quo-

516 5278 681 5334 modo
713 5277 875 5333 habet
905 5278 1069 5332 etiam
1101 5276 1223 5329 cod.
1257 5276 1594 5345 Pulttagallti.

586 5348 616 5387 h
657 5352 745 5407 Sic
779 5349 933 5405 editi.
978 5348 1034 5402 In
1064 5356 1299 5417 quatuor
1340 5362 1471 5399 mss.
1516 5359 1571 5401 et
1603 5347 1737 5421 libro
1769 5349 2109 5421 Pantagathi,

512 5422 708 5478 divisus
737 5431 830 5489 est,
861 5422 1047 5490 inquit,
1080 5427 1218 5490 stare
1245 5433 1347 5471 non
1379 5428 1563 5486 potest,
1597 5418 1752 5487 ﬁnem
1778 5418 1951 5476 habet.

571 5492 586 5531 ί
609 5495 802 5549 lterum
819 5489 1124 5564 primonatis
1139 5489 1341 5564 habent
1354 5504 1509 5564 mss;
1530 5498 1585 5544 et
1605 5492 1763 5564 paulo
1780 5504 1913 5559 post.
1928 5535 1941 5556 ,
1962 5493 2107 5547 Flor.

2238 437 2355 504 hoc,
2385 439 2576 510 inquit,
2611 443 2782 511 facere
2805 458 2909 495 non
2936 450 3125 511 potest,
3156 450 3247 495 aut
3275 442 3434 511 ﬁnem
3461 442 3609 496 habet
3638 442 3804 516 (Marc.

2237 531 2340 601 tu).
2373 531 2480 587 Sed
2509 533 2717 603 utique,
2744 531 3052 589 charissimi
3072 576 3085 599 ,
3116 543 3407 605 percutere
3434 535 3548 590 vult
3575 537 3809 591 extermi-

2236 634 2397 679 nator
2425 625 2707 693 Hebraeos,
2741 626 2856 681 Deo
2885 626 3228 697 percutiente
3255 626 3564 699 Egyptios.
3587 626 3712 682 Nam
3736 644 3811 685 re-

2238 716 2585 773 tributionem
2617 719 2835 774 molitur
2866 720 2919 774 in
2948 734 3140 774 servos
3173 719 3290 787 Dei,
3318 720 3586 776 satellites
3611 734 3733 775 suos
3756 720 3814 774 ab

2234 825 2302 866 eo
2328 826 2617 881 percussos
2643 812 2962 884 indignans;
2997 815 3254 884 quoniam
3285 813 3537 871 diabolus
3567 824 3691 870 tunc
3718 830 3816 870 ma-

2234 903 2379 958 xime
2412 903 2744 971 aecenditur,
2773 919 2899 960 cum
2926 904 3304 977 exstinguitur.
3334 905 3486 961 Tunc
3512 906 3656 961 enim
3681 906 3821 961 saevit

2234 993 2287 1047 in
2330 993 2428 1049 Dei
2468 994 2723 1061 fan‘lulos,
2765 996 2983 1066 quando
3028 997 3198 1067 prima
3238 999 3410 1053 virtus
3440 999 3559 1070 ejus
3592 997 3609 1036 ί
3640 999 3691 1054 in
3719 999 3819 1070 pri-

2233 1087 2526 1157 mogenitis
2542 1088 2832 1155 occiditur,
2855 1088 2981 1144 dum
3011 1090 3096 1146 vel
3120 1090 3499 1160 idololatriam,
3531 1091 3617 1147 vel
3648 1106 3818 1162 super-

2233 1178 2548 1246 stitionem,
2590 1180 2678 1235 vel
2725 1188 2955 1238 caeteros
3002 1183 3326 1254 principales
3371 1200 3589 1241 errores
3633 1186 3817 1241 damno-

2232 1285 2360 1324 num
2404 1274 2417 1320 l
2472 1271 2616 1328 Deus
2658 1272 2926 1344 disperdit
2954 1289 3021 1330 ex
3062 1276 3241 1331 nobis.
3274 1276 3414 1333 Dicit
3441 1278 3592 1333 enim
3616 1277 3704 1333 ille
3731 1293 3815 1334 ne-

2230 1362 2531 1433 quissimus
2576 1380 2926 1421 murmurans
2963 1378 3153 1423 contra
3204 1368 3373 1425 Deum
3425 1388 3439 1424 :
3490 1368 3574 1425 Tu
3618 1379 3821 1441 propter

2229 1454 2493 1511 Hebrzeos
2514 1466 2636 1512 tuos
2659 1443 2899 1528 percutis
2923 1475 3076 1516 meos
3106 1458 3411 1533 Egyptios,
3440 1470 3495 1518 et
3521 1477 3626 1532 ego
3656 1468 3685 1509 k
3713 1478 3820 1533 pro-

2231 1555 2353 1618 pter
2381 1547 2664 1621 .Egyptios
2702 1567 2855 1607 meos
2897 1568 3229 1625 persequar,
3267 1563 3322 1611 et
3356 1555 3682 1611 interﬁciam
3728 1555 3820 1611 He-

2228 1641 2407 1698 brteos
2448 1653 2590 1700 tuos.
2626 1645 2759 1701 Nam
2777 1647 2913 1702 dixit
2956 1649 3228 1715 inimicus,
3272 1665 3586 1721 persequens
3607 1667 3822 1721 compre-

2229 1739 2453 1796 hendam
2480 1739 2497 1777 ι
2524 1742 2725 1810 pariter
2752 1743 2946 1810 spolia,
2974 1742 3181 1815 replebo
3210 1745 3441 1798 animam
3464 1760 3655 1811 meam,
3677 1746 3822 1801 inter-

2230 1830 2405 1899 ﬁciam
2454 1832 2615 1903 263
2667 1834 2844 1905 gladio
2885 1850 3020 1905 meo,
3082 1835 3443 1891 dominabitur
3488 1854 3677 1893 manus
3719 1854 3821 1893 mea

2232 1924 2432 1996 (Exod.
2458 1942 2549 1992 xv,
2580 1927 2636 1998 9)
2663 1945 2675 1982 :
2700 1928 2795 1983 sed
2820 1928 3119 1985 frustratur
3140 1929 3261 2000 ejus
3282 1931 3599 1998 minacitas,
3626 1931 3671 1987 si
3696 1946 3819 2003 pra:-

2228 2027 2389 2088 cepto
2434 2019 2676 2089 Domini,
2722 2036 2829 2092 quo
2868 2038 2970 2077 nos
3016 2032 3162 2079 tutos
3191 2038 3314 2079 esse
3348 2035 3574 2095 posseIn
3604 2040 3822 2097 praemo-

2227 2111 2368 2175 nuit,
2392 2113 2645 2182 gnaviter
2659 2129 2972 2184 pareamus.
3006 2115 3285 2187 Adjicitur
3310 2117 3485 2185 enim,
3508 2132 3560 2173 et
3578 2120 3819 2174 custodia

2223 2219 2509 2260 sermonem
2533 2205 2672 2261 hunc
2718 2208 3011 2281 legitimum
3042 2209 3133 2264 tibi
3164 2211 3267 2281 ipsi
3294 2221 3344 2266 et
3371 2212 3497 2281 [iliis
3542 2214 3646 2266 tuis
3680 2226 3821 2283 usque

2223 2294 2281 2349 in
2307 2306 2561 2352 aeternum
2584 2298 2785 2371 (Exod.
2811 2316 2909 2368 xu,
2932 2301 3027 2371 24)
3063 2302 3309 2358 :scilicet
3342 2313 3399 2358 ut
3423 2318 3651 2375 semper
3679 2304 3819 2359 solli-

2223 2387 2317 2441 citi
2339 2389 2509 2445 simus
2541 2390 2741 2461 pascha
2769 2392 2989 2447 Domini
3032 2393 3278 2464 legitimo
3300 2395 3485 2451 studio
3510 2396 3817 2461 celebrare.

2224 2488 2281 2535 et
2300 2481 2591 2551 vigilanter
2621 2484 2802 2541 facere
2828 2500 2892 2540 ea
2923 2501 3045 2556 qua:
3065 2487 3225 2543 nobis
3252 2496 3533 2559 praecepta
3571 2498 3731 2556 sunt,
3761 2504 3820 2544 ne

2224 2586 2327 2643 per
2374 2585 2745 2645 contemptum
2792 2587 3078 2645 nostrum,
3121 2589 3221 2635 aut
3252 2581 3649 2652 negligentiam
3701 2597 3817 2637 nos-

2224 2676 2385 2737 tram,
2432 2672 2830 2729 exterminatur
2875 2672 3082 2730 aditum
3118 2677 3408 2746 grassandi
3441 2678 3707 2749 reperiat,
3733 2676 3817 2733 Dei

2224 2768 2557 2834 protectoris
2614 2769 2844 2824 tuitione
2890 2779 3166 2826 cessante.
3200 2769 3285 2827 Sit
3324 2787 3456 2843 ergo
3487 2773 3819 2844 unusquique

2223 2865 2472 2913 nostrum
2496 2859 2552 2914 in
2582 2868 2740 2930 parte
2780 2861 3024 2930 Domini,
3069 2863 3161 2934 qui
3198 2866 3468 2934 percussit
3502 2865 3816 2938 Egyptios;

2225 2947 2300 3002 sit
2334 2950 2605 3017 Israelita,
2640 2953 2810 3009 Deum
2838 2970 3059 3026 semper
3081 2964 3266 3012 mente
3296 2956 3598 3028 aspiciens,
3624 2966 3684 3014 ut
3708 2972 3819 3029 pro-

2229 3053 2452 3116 tegatur
2500 3063 2528 3100 a
2575 3047 2736 3118 plaga’
2778 3050 3249 3107 exterminatoris.
3297 3052 3544 3122 Habeat,
3586 3055 3818 3127 quinimo

2230 3136 2529 3193 habeamus
2564 3138 2618 3193 in
2655 3139 2902 3209 utrisque
2934 3142 3187 3211 postibus
3213 3185 3228 3211 ,
3270 3144 3487 3201 scilicet
3536 3146 3595 3202 in
3642 3145 3815 3211 corde,

2222 3240 2277 3287 et
2308 3230 2360 3285 in
2393 3246 2510 3297 ore,
2534 3233 2829 3289 salutarem
2872 3235 3089 3291 Domini
3120 3236 3460 3295 Passionem.
3489 3240 3814 3308 Quomodo?

2221 3323 2362 3379 sicut
2383 3322 2543 3381 docet
2571 3324 2866 3395 Apostolus
2898 3344 2914 3384 :
2956 3327 3125 3383 Corde
3153 3331 3385 3385 creditur
3413 3333 3481 3386 ad
3497 3333 3771 3398 justitiam
3795 3371 3811 3399 ,

2222 3434 2311 3472 ore
2335 3427 2507 3473 autem
2547 3420 2805 3490 confessio
2834 3423 2893 3490 ﬁt
2924 3422 2978 3476 in
3021 3422 3241 3477 salutem
3264 3424 3451 3495 (Rom.
3487 3425 3572 3494 χ).
3615 3425 3816 3481 Habea-

2223 3528 2348 3569 mus
2370 3524 2396 3550 η
2421 3523 2477 3570 et
2505 3515 2557 3570 in
2584 3515 2773 3571 limine
2796 3515 2994 3571 frontis
3019 3518 3236 3588 signum
3261 3519 3548 3589 sanguinis
3579 3521 3737 3593 Agni,
3766 3528 3817 3574 ut

2224 3621 2333 3662 non
2375 3608 2521 3663 sinat
2559 3609 3051 3665 exterminatorem
3095 3610 3241 3666 Deus
3288 3611 3517 3669 introire
3564 3613 3633 3669 ad
3676 3626 3811 3667 nos:

2221 3713 2401 3769 neque
2438 3700 2585 3755 enim
2618 3700 2965 3757 solummodo
3005 3709 3139 3757 tunc
3168 3702 3317 3759 istud
3343 3703 3553 3760 factum
3599 3714 3683 3761 est
3736 3703 3814 3760 vel

2219 3788 2275 3845 in
2306 3789 2535 3847 historia
2564 3791 2747 3861 Legis,
2765 3792 2854 3849 vel
2873 3792 2927 3847 in
2948 3804 3194 3865 tempore
3224 3795 3408 3851 crucis
3433 3795 3648 3852 Domini
3668 3795 3812 3862 Jesu,

2221 3883 2318 3939 sed
2356 3893 2411 3938 et
2442 3900 2585 3941 nunc
2616 3901 2836 3957 semper
2858 3887 3003 3943 Deus
3046 3888 3193 3943 ultor
3232 3889 3423 3961 populi
3461 3890 3548 3947 sui
3595 3889 3810 3962 percutit

2219 3979 2507 4052 ngyptios
2547 3997 2815 4054 :semper
2856 3982 3256 4040 exterminator
3307 3984 3564 4041 diabolus
3620 3987 3812 4042 intrare

2293 4132 2321 4217 'f
2360 4135 2453 4217 Sic
2499 4137 2857 4217 mssacodd.‘
2896 4137 3042 4194 Editi
3089 4153 3221 4217 vero
3267 4151 3476 4217 prapter
3518 4142 3809 4217 Egyptian

2219 4206 2359 4281 Huic
2395 4207 2809 4281 Qaudentianze
2844 4206 3285 4281 interpretationi
3331 4206 3559 4270 obstare
3600 4206 3808 4271 Videtur

2219 4278 2375 4334 locns
2400 4278 2531 4348 Sap.
2562 4296 2718 4345 xvut,
2747 4280 2837 4347 15,
2868 4280 2952 4349 16,
2992 4278 3086 4337 ubi
3132 4282 3309 4338 innuit
3362 4288 3807 4342 exterminatorem

2223 4349 2395 4431 [uisse
2437 4368 2467 4405 a
2498 4353 2608 4407 Deo
2658 4351 2883 4409 missum
2930 4352 2997 4431 ad
3054 4354 3465 4431 percutiendosg
3493 4357 3804 4431 [Egyptian

2230 4421 2918 4497 Omnipotenssennotuus
2948 4424 3014 4497 de
3043 4426 3172 4481 calo
3206 4442 3238 4479 a
3278 4428 3542 4497 regalibus
3563 4421 3804 4494 's'e'dibus,

2229 4494 2393 4570 durus
2422 4494 2707 4570 debellator
2726 4535 2742 4561 ,
2770 4496 2825 4547 in
2872 4496 3096 4570 mediam
3126 4494 3449 4553 exterminii
3480 4511 3676 4555 terram
3698 4516 3806 4570 pro—

2227 4562 2406 4640 silivit.
2441 4563 2833 4619 Exterminator
2862 4565 3068 4635 pariter
3094 4578 3322 4640 vocatur
3357 4571 3447 4640 qui
3481 4562 3716 4637 perdidit
3757 4572 3803 4625 in

2226 4636 2449 4709 deserto
2468 4646 2883 4709 murmurantes
2911 4650 3100 4693 contra
3130 4636 3439 4695 Dominum.
3462 4636 3673 4697 Iudith.
3697 4657 3800 4709 vut,

2222 4706 2296 4779 25
2327 4725 2337 4759 :
2375 4706 2475 4773 Qui
2496 4708 2866 4779 improperium
2903 4711 3329 4765 murmurationis
3358 4729 3468 4767 sua:
3497 4724 3681 4768 contra
3704 4706 3802 4768 Da-

2222 4778 2422 4831 minam
2447 4778 2797 4849 protulerunt,
2825 4782 3150 4835 exterminati
3171 4792 3294 4836 sunt
3324 4782 3386 4836 ab
3415 4786 3801 4840 exterminatu-

2222 4863 2302 4904 re.
2334 4849 2403 4923 Et
2428 4847 2455 4903 li
2475 4847 2603 4904 Cor.
2639 4867 2707 4904 x:
2738 4850 2886 4906 Sicut
2904 4852 3119 4923 quidam
3141 4869 3318 4907 eorum
3344 4862 3800 4921 murmurauerunt,

2220 4930 2270 4975 et
2294 4922 2553 5002 perierunt
2578 4922 3124 5002 abﬁextermiiiatore.

2302 4989 2331 5072 ξ·
2350 4991 2439 5047 Sic
2462 4992 2963 5072 editi:_Flo_r.,Ut;b.
2993 5004 3047 5049 et
3072 4995 3357 5072 Vatt.du_o,
3382 4999 3797 5072 partiborspolia,

2220 5062 2418 5132 quibus
2448 5064 2668 5142 accedit
2712 5066 2849 5120 liber
2871 5065 3233 5142 Pantagathi.
3261 5062 3622 5142 pandentius
3650 5062 3799 5142 'quo-

2219 5150 2359 5213 que.-
2403 5145 2558 5213 tract:
2606 5136 2694 5206 η,
2742 5136 2977 5213 partibor
3020 5137 3214 5208 spolia.
3260 5140 3486 5213 Vulgata
3526 5136 3709 5199 editio'
3742 5153 3797 5195 ac

2219 5205 2386 5270 LXX,
2414 5206 2641 5260 dividam
2664 5209 2853 5277 spolia.

2288 5286 2326 5314 ω
2361 5279 2786 5334 Emendavimus
2814 5281 2994 5335 locum
3018 5280 3160 5336 hunc
3183 5296 3247 5338 ex
3280 5282 3386 5339 ﬁde
3409 5282 3543 5341 Urb.
3575 5295 3629 5341 et
3660 5284 3793 5339 Vatt.

2216 5348 2374 5404 codd.
2403 5349 2699 5405 Parisiens.
2725 5351 2893 5407 editio
2916 5351 3045 5422 legit
3064 5355 3379 5423 praemonui,
3406 5356 3566 5412 male.
3590 5356 3792 5419 Colon.,

2215 5423 2503 5500 prwiiionui
2547 5423 2793 5494 graviter,
2849 5423 3105 5500 deterius.
3159 5423 3792 5500 Engdunquprwmontti.

2250 5493 2435 5565 raviter
2481 5493 2790 5565 pereamus,
2842 5495 3099 5565 pessime.
3159 5493 3288 5552 Mss.
3348 5493 3514 5556 code
3572 5494 3792 5556 concinit

511 5575 564 5619 ct
591 5564 725 5637 Urb.
757 5561 855 5633 pro
869 5562 948 5616 vel
965 5562 1342 5637 idololatriam,
1362 5562 1447 5637 uel
1462 5561 1899 5637 superstitionem,
1929 5564 2112 5637 legunt
2211 5561 2367 5637 liber»
2401 5563 2613 5637 Octavii
2664 5561 3003 5637 Pantagathi.

511 5638 589 5690 vel
605 5631 878 5707 gdolatriw
903 5634 1338 5706 superstitionem.
1365 5631 1531 5687 Liber
1564 5631 1905 5703 Pantagatbi,
1938 5631 2109 5689 idola-

511 5708 623 5759 triw
651 5707 1084 5776 superstitionem.

584 5776 599 5829 i
642 5778 776 5832 'l‘res
803 5776 1094 5845 editiones,
1126 5777 1291 5845 male,
1320 5776 1603 5849 disperdet.

2286 5642 2315 5671 τι
2341 5635 2666 5712 ᾼάἀὶᾀῇιῃυξ
2710 5635 3037 5707 particulam
3086 5639 3494 5712 coniunctionis
3536 5659 3599 5699 ex
3639 5641 3793 5706 mss.,'

2213 5721 2335 5779 quae
2365 5708 2418 5762 in
2450 5707 2607 5764 editis
2631 5708 2806 5764 deest.
