4096 6192
323 323 423 382 881

1206 325 1441 382 SERMO
1482 324 1595 395 VII,
1638 325 1729 382 DE
1770 325 1984 385 EXODI
2020 325 2365 385 LECTIONE
2407 328 2772 387 SEPTIMUS.

3527 335 3636 390 882

326 441 379 498 in
406 440 599 497 domos
624 440 992 497 lsraelitarum
1025 442 1213 497 nititur
1243 442 1471 514 cupiens
1502 456 1600 497 eos
1628 441 1920 497 occidere:
1951 445 2006 508 Α
2030 442 2175 497 enim
2195 441 2439 509 Iudaeus,
2468 442 2612 498 Filio
2636 443 2731 499 Dei
2757 444 2895 515 (Deo
2922 453 2976 501 et
2998 444 3229 516 homini)
3261 445 3409 501 velut
3434 446 3644 503 homini

326 550 547 606 semper
577 536 674 591 Dei
702 535 875 591 Filius
909 545 1090 592 tuetur
1131 551 1283 605 suos,
1332 544 1386 591 et
1423 537 1662 607 protegit
1688 551 1803 603 eos,
1837 536 1925 591 ubi

329 627 547 697 signum
571 642 683 682 suae
713 627 988 683 Passionis
1010 629 1346 700 cognoverit.
1369 628 1473 698 lpsi
1494 627 1667 700 gloria
1689 643 1808 683 cum
1830 627 1933 682 Pa-

330 736 435 792 tre,
458 734 514 782 et
540 740 664 782 eum
691 725 897 798 Spiritu
927 737 1119 782 saneto
1148 742 1247 797 per
1276 724 1459 781 omnia
1484 724 1709 780 sarcula.
1732 725 1928 781 Amen.

899 842 1169 904 SERMO
1211 843 1353 920 v11,

614 984 700 1026 DE
730 983 931 1029 EXODI
960 984 1278 1028 LECTIONE
1310 983 1645 1029 SEPTIMUS.

404 1089 676 1145 Discussis
735 1090 1098 1147 validioribus
1158 1091 1539 1147 mandatorum
1594 1090 1933 1161 paschalium

335 1182 620 1248 membris,
653 1192 764 1239 tres
803 1183 981 1238 adhuc
1020 1183 1358 1255 superfuisse
1400 1185 1468 1241 de
1514 1186 1794 1255 proposita
1827 1185 1937 1241 lec-

335 1274 483 1331 tione
532 1274 705 1331 Exodi
754 1277 1006 1347 species,
1056 1278 1146 1333 die
1199 1278 1456 1333 hesterno
1513 1276 1866 1348 praediximus
1918 1294 1932 1332 :

335 1381 562 1437 quarum
632 1367 866 1437 primam
942 1368 1012 1424 de
1079 1369 1464 1443 interiectione
1534 1368 1935 1439 primitivorum

337 1456 577 1531 {Egypth
602 1461 807 1528 statim,
830 1470 994 1530 prout
1015 1462 1317 1531 potuimus,
1348 1462 1692 1532 interpretati
1717 1476 1934 1528 sumus;

335 1550 468 1608 duas
494 1567 639 1608 nunc
665 1552 917 1608 residuas
963 1552 1031 1609 de
1062 1553 1433 1624 prohibitione
1470 1553 1750 1618 fermenti,
1783 1562 1839 1609 et
1867 1553 1937 1609 de

335 1656 543 1718 septem
576 1646 769 1703 diebus
805 1661 1153 1720 azymorum,
1182 1649 1397 1704 Domini
1424 1650 1598 1720 gratia
1633 1649 1931 1718 largiente,

337 1742 699 1816 proponimus
752 1742 1155 1813 explanandas.
1202 1744 1410 1815 Septem
1459 1743 1661 1813 diebus,
1718 1744 1934 1814 inquit,

336 1853 521 1908 azyma
569 1836 733 1891 edetis

337 1932 651 2003 fermentum
673 1930 736 1982 de
758 1928 997 1983 domibus
1031 1931 1210 1983 vestris
1244 1946 1263 1984 :
1301 1930 1466 1983 omnis
1495 1932 1579 1999 qui
1613 1927 1777 2001 264.
1800 1944 1948 1981 man-

339 2023 605 2077 ducaverit
638 2021 944 2092 fermentum
980 2038 1013 2075 α
1040 2023 1209 2092 primo
1250 2022 1336 2076 die
1374 2037 1536 2092 usque
1573 2022 1627 2074 in
1671 2020 1947 2092 septimum

340 2115 499 2181 diem,
526 2113 555 2153 δ
588 2114 837 2184 disperiet
877 2113 1053 2168 anima
1098 2114 1245 2169 illius
1277 2132 1339 2169 ea:
1371 2114 1541 2168 Israel
1579 2112 1780 2185 (Exod.
1822 2116 1944 2183 xu).

343 2206 741 2263 Haereticorum
784 2215 1033 2262 veterum
1072 2206 1290 2277 quidam
1315 2248 1329 2271 ,
1363 2221 1427 2261 ex
1462 2206 1664 2278 quibus
1694 2217 1823 2262 sunt
1867 2208 1950 2262 iu-

343 2317 508 2358 sanus
536 2301 801 2367 Marcion,
834 2311 890 2357 et
916 2301 1272 2357 exsecrabilis
1296 2300 1651 2367 Manichmus,
1681 2304 1947 2373 quoniam

345 2396 539 2466 Spiritu
565 2396 773 2451 erroris
802 2394 1014 2452 inducti
1039 2395 1357 2466 Scripturas
1378 2410 1570 2451 omnes
1591 2396 1797 2451 veteris
1819 2396 1951 2452 Tes-

347 2491 571 2546 tamenti
631 2489 972 2561 respuendas
1020 2505 1145 2547 esse
1192 2490 1573 2556 contendunt;
1633 2506 1733 2560 per
1781 2491 1951 2546 multa

346 2585 749 2658 Scripturarum
772 2585 1034 2655 capitula,
1069 2585 1235 2641 Deum
1270 2584 1433 2655 Legis
1473 2584 1713 2655 antiqua:
1746 2586 1950 2639 malum

345 2689 612 2736 conantur
661 2693 953 2744 asserere,
998 2680 1154 2750 quasi
1201 2688 1297 2733 aut
1340 2678 1480 2733 alius
1526 2680 1598 2733 sit
1643 2678 1785 2734 Deus
1826 2678 1951 2733 novi

346 2770 689 2827 Testamenti
718 2786 882 2843 quam
916 2771 1005 2841 qui
1041 2786 1108 2827 ex
1145 2770 1290 2840 Lege
1324 2774 1513 2841 utique
1557 2771 1956 2841 praenuntiatus

346 2863 592 2930 advenit,
640 2872 737 2918 aut
762 2865 817 2918 in
858 2863 1272 2934 comparatione
1302 2863 1559 2919 bonitatis
1610 2863 1730 2929 Dei,
1763 2864 1957 2934 aliquis

348 2954 589 3025 legitime
615 2955 792 3011 bonus
816 2969 939 3011 esse
977 2955 1190 3026 possit:
1222 2970 1344 3010 cum
1372 2956 1454 3010 vel
1489 2956 1702 3027 Angeli,
1741 2956 1826 3010 vel
1859 2954 1958 3011 ho—

351 3049 524 3103 mines
569 3048 697 3104 hinc
740 3048 947 3105 habere
968 3047 1283 3119 judicentur
1329 3049 1555 3119 aliquod
1602 3048 1954 3119 participium

350 3138 633 3208 bonitatis,
667 3141 713 3195 si
738 3141 942 3198 bonum
968 3140 1140 3195 Deum
1174 3141 1375 3209 sciant,
1400 3140 1651 3207 adorent,
1685 3156 1959 3196 veneren-

2034 544 2242 590 tantum
2270 537 2509 603 cuidam,
2538 552 2670 591 sane
2702 538 2845 593 bono
2874 538 3113 606 doctori,
3141 540 3354 595 dixerat
3388 557 3401 594 :
3438 540 3645 614 Magis-

2031 637 2109 682 ter
2156 628 2303 692 bone,
2336 628 2463 697 quid
2508 631 2722 700 faciam,
2768 640 2825 684 ut
2866 632 3025 686 vitam
3063 643 3307 687 arternam
3337 634 3638 703 possideam

2034 718 2259 791 (Ibid.)?
2281 722 2347 776 Et
2373 722 2578 778 idcirco
2606 724 2871 779 Dominus
2897 725 2965 779 ad
2999 725 3173 792 illum,
3198 726 3324 795 quid
3356 742 3437 781 me
3483 726 3641 793 dicis,

2033 814 2132 877 ait,
2177 813 2415 868 bonum?
2444 830 2591 868 nemo
2632 814 2818 881 bonus,
2865 817 2968 871 nisi
3010 833 3145 870 unus
3174 816 3337 872 Deus.
3383 816 3536 873 Unus
3559 829 3647 874 est

2034 905 2183 963 enim
2212 906 2356 962 Dens
2379 907 2471 962 ubi
2512 907 2745 963 Deitatis
2770 909 2917 964 nulla
2944 909 3145 966 divisio
3172 920 3275 965 est.
3320 911 3425 967 Per
3453 928 3647 968 omnes

2034 996 2204 1052 libros
2234 1010 2543 1053 sanctarum
2572 999 3005 1069 Scripturarum,
3028 1009 3085 1057 et
3110 1002 3323 1057 Patrem
3350 1003 3543 1068 Deum,
3591 1016 3647 1061 et

2037 1090 2235 1146 Filium
2262 1092 2457 1157 Deum,
2500 1103 2554 1147 et
2581 1091 2847 1162 Spiritum
2878 1101 3125 1149 sanctum
3159 1095 3329 1149 Deum
3378 1096 3645 1166 legimus,

2040 1198 2147 1238 non
2171 1184 2327 1249 deos,
2349 1183 2474 1254 quia
2496 1182 2631 1238 deos
2658 1200 2763 1239 non
2794 1184 2925 1240 sinit
2945 1185 3054 1240 dici
3077 1184 3271 1242 Unitas
3300 1187 3645 1258 maje>tatis;

2038 1285 2121 1331 est
2160 1278 2304 1331 enim
2346 1278 2462 1332 sola
2512 1278 2566 1332 in
2598 1278 2867 1333 Trinitate
2921 1295 3279 1349 personarum
3331 1281 3647 1350 distinctio,

2040 1384 2148 1424 non
2168 1379 2377 1425 naturae
2400 1370 2713 1426 diversitas.
2731 1370 2886 1439 Quod
2921 1373 2969 1427 si
2987 1372 3226 1428 Marcion
3247 1382 3302 1429 et
3322 1374 3652 1431 Manichacus

2040 1464 2371 1520 meruissent
2394 1465 2705 1533 advertere,
2739 1481 3032 1535 numquam
3066 1466 3313 1537 profecto
3358 1467 3651 1535 dixissent,

2040 1575 2207 1613 unum
2244 1558 2463 1629 quidem
2503 1560 2671 1615 Deum
2708 1560 2835 1614 novi
2870 1560 3207 1617 Testamenti
3244 1562 3649 1631 bonum,alinm

2040 1665 2169 1706 vero
2183 1650 2404 1715 malum,
2427 1651 2518 1719 qui
2538 1665 2636 1721 per
2655 1651 2852 1722 Legem
2873 1659 3111 1707 veterem
3136 1653 3205 1707 sit
3225 1653 3458 1708 locutus.
3484 1653 3501 1691 ι
3520 1659 3653 1710 Ausi

2041 1753 2168 1799 sunt
2196 1753 2251 1799 et
2288 1744 2343 1798 in
2384 1744 2693 1815 supradicta
2734 1743 2876 1815 Lege
2904 1760 3217 1816 azymorum
3243 1745 3559 1803 adscribere
3600 1752 3653 1802 ei

790 1852 809 1890 .'
854 1853 886 1889 a
935 1836 1102 1904 primo
1140 1845 1309 1891 autem
1359 1837 1442 1891 die
1471 1845 1497 1873 α
1526 1836 1935 1891 exterminabitis
1965 1847 2013 1907 Β
2039 1837 2323 1901 saevitiam,
2346 1837 2613 1905 dicentes,
2642 1837 2876 1892 hominis
2902 1841 3138 1892 animam
3158 1838 3399 1909 disperdi
3427 1850 3657 1911 propter

2048 1929 2210 2002 265
2242 1929 2569 1984 fermentum
2605 1932 2760 1999 panis
2788 1975 2801 1997 ,
2836 1944 2944 1999 quo
2973 1930 3106 1984 nihil
3155 1932 3330 2001 possit
3372 1946 3496 1987 esse
3529 1949 3655 1987 cru-

2049 2022 2250 2078 delius.
2277 2022 2557 2078 Vecordes
2582 2024 2727 2078 enim
2754 2038 2863 2077 non
2890 2023 3314 2091 intellexerunt,
3336 2025 3423 2079 vel
3447 2036 3655 2095 quanta

2051 2127 2197 2171 esset
2240 2116 2292 2170 in
2345 2115 2601 2170 mandato
2635 2115 2877 2183 utilitas,
2916 2116 3000 2171 vel
3029 2117 3174 2185 quod
3211 2118 3356 2173 Deus
3387 2118 3653 2188 majorem

2052 2223 2273 2263 causam
2308 2218 2439 2263 tunc
2472 2209 2776 2264 ulciscendi
2816 2208 3045 2277 habeat,
3073 2211 3119 2265 si
3152 2210 3207 2264 in
3238 2211 3448 2280 exiguis
3496 2212 3661 2267 rebus

2056 2301 2174 2374 (ubi
2217 2301 2362 2356 nulla
2393 2300 2691 2356 difﬁcultas
2719 2310 2805 2356 est
2834 2301 3191 2372 observandi)
3222 2304 3494 2373 pervicaci
3546 2314 3663 2359 tan-

2054 2404 2167 2450 tum
2195 2395 2390 2466 spiritu
2421 2403 2829 2451 contemnatur.
2848 2394 3087 2450 Facilius
3116 2398 3479 2452 necessitatis
3506 2399 3660 2469 igno-

2054 2490 2159 2545 scit
2187 2491 2329 2545 Deus
2357 2505 2517 2561 quam
2554 2490 2991 2560 praesumptioni.
3025 2491 3275 2561 Denique
3308 2502 3506 2547 sancto
3558 2494 3661 2546 Da-

2054 2582 2145 2637 vid
2180 2596 2287 2636 non
2312 2582 2612 2651 imputatur
2644 2580 2711 2635 ad
2742 2589 3058 2651 peccatum,
3091 2580 3235 2651 quod
3260 2582 3311 2635 in
3335 2583 3663 2638 necessitate

2057 2676 2219 2731 famis
2244 2677 2578 2731 constitutus
2602 2675 3023 2731 manducaverit
3049 2687 3272 2732 sanctos
3305 2692 3497 2746 panes,
3523 2694 3663 2748 quos

2057 2787 2168 2827 non
2192 2772 2391 2827 licebat
2418 2770 2752 2825 manducare
2773 2769 2879 2824 nisi
2902 2769 3034 2825 solis
3057 2770 3442 2826 sacerdotibus
3465 2772 3505 2842 (l
3528 2771 3659 2842 Reg.

2060 2864 2202 2936 xxi).
2234 2865 2329 2919 llic
2356 2879 2485 2920 vero
2533 2863 2851 2927 videamus,
2883 2862 3015 2931 quid
3075 2862 3251 2932 potuit
3308 2864 3659 2918 necessitatis

2060 2958 2400 3013 incumbere.
2435 2956 2603 3013 Jussit
2648 2955 2796 3010 Deus
2822 2954 3087 3010 lsraelitis
3136 2963 3193 3009 ut
3223 2964 3432 3025 septem
3467 2956 3663 3010 diebus

2059 3051 2312 3122 paschae,
2368 3050 2755 3105 fermentatum
2816 3047 2921 3102 sibi
2978 3063 3171 3117 panem
3238 3063 3346 3103 non
3417 3048 3663 3103 facerent

2062 3144 2263 3219 (Exod.
2296 3142 2418 3214 xu).
2455 3142 2510 3198 Si
2537 3143 2923 3197 fermentatum
2958 3140 3074 3196 fieri
3098 3141 3357 3211 jussisset
3380 3187 3393 3208 ,
3427 3141 3665 3212 diligen-

352 3243 465 3300 tur,
518 3250 580 3289 ac
629 3234 896 3306 diligant;
944 3235 1276 3306 perhibente
1322 3236 1554 3291 Domino
1598 3236 1723 3291 Jesu
1749 3278 1763 3303 ,
1804 3236 1949 3307 quod
1981 3241 2026 3305 C
2058 3239 2131 3293 tia
2166 3237 2275 3293 illic
2302 3236 2613 3292 necessaria
2643 3234 2851 3304 fuerat,
2886 3249 2952 3288 ne
2985 3233 3243 3289 deesset:
3274 3233 3419 3304 quod
3457 3233 3665 3304 jussit,

357 3338 378 3365 ο
414 3326 577 3381 bonus
612 3326 770 3381 homo
805 3327 869 3381 de
903 3326 1037 3381 bono
1080 3328 1325 3382 thesauro
1369 3328 1542 3382 cordis
1590 3329 1677 3382 sui
1717 3331 1953 3399 proferat

353 3419 488 3473 bona
516 3419 731 3488 (Matth.
766 3419 882 3489 xu).
908 3415 935 3456 ἀ
966 3419 1074 3475 Sed
1106 3420 1249 3475 Deus
1296 3420 1390 3474 Dei
1424 3420 1616 3485 Filius,
1648 3420 1947 3490 perfectam

351 3511 649 3567 bonitatem
671 3526 797 3567 cum
819 3512 1002 3580 Patre,
1027 3521 1082 3567 et
1098 3511 1304 3582 Spiritu
1336 3522 1529 3567 sancto
1562 3513 1874 3582 possidens,
1901 3522 1957 3568 et

354 3620 512 3660 unam
562 3607 742 3661 sciens
788 3621 913 3661 esse
955 3606 1254 3661 bonitatem
1281 3606 1585 3673 Trinitatis,
1618 3608 1759 3662 sicut
1789 3623 1952 3663 unam

352 3702 735 3768 divinitatem;
764 3700 988 3772 indigne
1013 3702 1159 3766 tulit,
1192 3703 1395 3757 bonum
1420 3704 1654 3773 sejnxta
1682 3703 1955 3759 conditio-

352 3814 476 3854 nem
500 3798 817 3853 creabilium
844 3798 1119 3855 bonorum
1144 3799 1469 3868 nuncupari,
1493 3798 1673 3852 etait:
1704 3798 1845 3864 Quid
1876 3814 1955 3851 me

349 3891 480 3946 dicis
501 3891 691 3945 bonum
722 3890 940 3963 (Matth.
991 3893 1149 3964 xix)?
1185 3893 1300 3946 Hoc
1336 3902 1422 3946 est
1454 3909 1467 3945 :
1500 3891 1639 3945 Nolo
1673 3892 1824 3946 dicas
1855 3891 1955 3946 bo-

351 3999 502 4051 num,
542 3999 703 4055 quem
746 3985 963 4051 nescis;
994 3986 1133 4040 scito
1184 3986 1361 4055 prius,
1395 3993 1417 4020 ε
1442 3984 1533 4055 qui
1564 3985 1687 4051 sim,
1731 3996 1783 4039 et
1827 3999 1951 4039 cum

355 4076 521 4132 Deum
546 4092 733 4133 verum
755 4079 1101 4148 cognoveris,
1123 4078 1427 4147 amplector
1461 4088 1517 4131 nt
1534 4074 1697 4133 dicas
1727 4078 1950 4143 bonum,

352 4171 475 4241 quia
516 4187 664 4225 nemo
706 4172 894 4238 bonus,
940 4171 1042 4226 nisi
1068 4188 1201 4224 unus
1249 4169 1390 4224 Deus
1430 4168 1651 4243 (Matth.
1689 4170 1827 4241 χιχ).
1862 4170 1956 4225 Ille

428 4341 453 4369 ⁸
484 4330 631 4386 Vati.
657 4330 786 4398 duo,
817 4330 1242 4386 exterminabitur
1282 4330 1607 4399 fermentum.
1651 4325 1712 4381 In
1747 4326 1955 4399 Kalen-

356 4404 510 4457 dario
538 4402 767 4458 Jutlaico
808 4403 896 4457 die
938 4403 1341 4471 decimaquarta
1374 4400 1576 4453 mensis
1624 4398 1789 4471 Aibib,
1835 4398 1956 4452 sive

358 4475 522 4532 Nisan
576 4495 589 4531 :
645 4474 888 4541 Pascha,
936 4470 1302 4527 exterminatio
1345 4471 1602 4539 fermenti.
1637 4470 1811 4538 Hujus
1852 4485 1954 4523 au-

362 4557 467 4601 tem
497 4545 967 4600 extertninationis
994 4555 1229 4615 quatuor
1262 4552 1421 4597 erant
1449 4542 1674 4615 gradus,
1710 4556 1911 4615 nempe
1941 4559 1951 4593 :

362 4617 687 4687 Expurgatio
716 4617 973 4687 fermenti,
1004 4614 1273 4687 inquisitio
1305 4614 1567 4687 fermenti,
1597 4614 1956 4687 exterminatio

2060 3329 2286 3386 desidiae
2340 3336 2456 3393 est,
2509 3342 2618 3382 non
2667 3326 2895 3381 laboris.
2947 3325 3347 3397 Negligentiam
3378 3326 3570 3397 jubet,
3608 3338 3671 3382 ut

2059 3421 2431 3477 obedientiam
2466 3420 2694 3490 probet;
2726 3428 2783 3475 et
2808 3435 2915 3474 non
2943 3419 3023 3474 vis
3046 3429 3105 3475 ut
3125 3419 3349 3475 damnet
3378 3419 3526 3474 illam
3558 3422 3672 3475 ani-

2060 3530 2204 3570 mam
2230 3528 2351 3584 quae
2380 3511 2724 3583 diligentiam
2758 3511 3196 3567 commodaverit
3225 3523 3285 3567 ut
3311 3513 3671 3567 contemnat?

2060 3611 2171 3668 Sed
2217 3611 2329 3679 jam
2380 3608 2695 3675 videamus,
2727 3606 2900 3674 llqua:
2950 3604 3117 3661 fuerit
3150 3606 3202 3660 in
3252 3606 3368 3676 ipsa
3420 3620 3666 3676 praecep-

2063 3705 2212 3759 tione
2252 3701 2507 3757 utilitatis
2559 3700 2699 3753 ratio
2727 3700 2811 3754 vel
2844 3699 3051 3754 Judazis
3099 3699 3466 3755 historialiter
3496 3715 3671 3769 usque

2056 3796 2125 3850 ad
2150 3794 2353 3849 Christi
2384 3792 2739 3862 praesentiam
2760 3833 2774 3857 ,
2807 3791 2893 3846 vel
2937 3791 3098 3845 nobis
3139 3790 3305 3846 hodie
3335 3807 3456 3861 qum
3487 3791 3669 3846 (editi-

2057 3890 2203 3945 Catio
2230 3886 2469 3955 sitjuxta
2499 3883 2913 3955 intelligentiam
2945 3883 3313 3953 spiritualem.
3341 3883 3471 3939 Filii
3504 3884 3671 3940 Israel

2058 3999 2181 4038 cum
2234 3987 2621 4051 premerentur
2652 3980 2709 4034 in
2741 3977 2980 4051 rEgypto
3023 3980 3285 4049 gravibus
3337 3980 3671 4048 captivitatis

2063 4075 2313 4145 injuriis,
2378 4082 2663 4144 gementes
2729 4073 3202 4142 proclamaverunt
3253 4072 3321 4126 ad
3382 4072 3669 4128 Dominum

2066 4170 2235 4224 Deum
2286 4177 2347 4221 ut
2399 4181 2493 4222 eos
2522 4166 2739 4236 eripere
2769 4164 3089 4236 dignaretur
3122 4162 3321 4235 (Exod.
3355 4165 3460 4235 nt).
3492 4164 3673 4233 Elegit

2065 4324 2228 4381 etiam
2270 4323 2391 4379 cod.
2442 4322 2787 4393 Pantagathi.
2829 4321 2996 4387 Etliti,
3030 4321 3171 4389 quod
3221 4321 3375 4375 homo
3426 4323 3490 4377 de
3537 4323 3670 4377 bono

2067 4398 2333 4451 thesauro.
2372 4395 2687 4451 Lectionem
2737 4410 2766 4447 a
2815 4394 2977 4448 nobis
3032 4393 3236 4448 editam
3294 4400 3477 4448 tuetur
3541 4393 3674 4449 Vul-

2065 4479 2285 4595 gatliaSic
2334 4539 2509 4605 Flor.,
2556 4537 2695 4594 Urb.
2732 4546 2787 4590 et
2814 4536 2939 4590 cod.
2988 4535 3334 4603 Pantagathi.
3370 4535 3490 4591 Duo
3519 4536 3666 4591 Vatt.

2070 4626 2229 4680 vero,
2282 4610 2389 4665 Sed
2436 4610 2711 4680 Dominus.
2747 4607 2935 4662 Lectio
2984 4607 3291 4661 editionum
3328 4618 3447 4661 erat
3502 4626 3516 4662 :
3567 4607 3676 4663 Sed

362 4662 683 4687 υκν--ιυ---ν
2485 4682 2532 4691 η

362 4693 624 4761 fermenti,
685 4702 738 4761 et
790 4690 1073 4761 exsecratio
1123 4687 1383 4757 fermenti.
1433 4684 1648 4739 Videsis
1710 4662 2395 4761 Buxtorf.Ddicas_:__D_ei
2427 4679 2623 4761 Fttius.

361 4759 564 4833 Synag.
597 4759 722 4814 Jud.
757 4774 879 4833 (_:_:tp.
909 4760 996 4833 147.

434 4831 461 4870 ι)
490 4825 637 4887 linus
665 4845 729 4885 ex
760 4825 904 4884 Vatt.
930 4831 1167 4896 itemque
1197 4828 1470 4892 Florent.,
1513 4827 1808 4897 disperiat;
1837 4825 1959 4880 cod.

366 4919 501 4958 vero
541 4902 755 4961 Octavii
794 4901 1141 4969 Pantagathi,
1173 4901 1436 4969 dispereat
1467 4899 1644 4951 anima
1689 4899 1806 4951 illa.
1840 4897 1967 4951 ιιωο

367 4984 548 5031 autem
587 4990 743 5042 penna
782 4972 973 5027 eadem
1005 4982 1088 5026 est
1133 4988 1292 5040 quam
1324 4971 1686 5042 comminatus
1735 4977 1819 5022 est
1860 4969 1967 5020 Do-

369 5050 549 5103 minus
571 5040 1045 5099 circumcisionem
1072 5041 1502 5114 negligentibus,
1534 5040 1671 5095 Gen.
1710 5054 1850 5099 xm,
1877 5053 1967 5114 vo-

368 5130 632 5183 caturque
663 5115 852 5168 anima:
879 5116 1069 5168 excisio
1088 5111 1405 5177 exvlsraele;
1434 5113 1615 5180 deqna
1637 5111 1971 5183 quam_\'arie

370 5180 611 5243 sentiant
642 5189 968 5254 interpretes
997 5186 1119 5240 vide
1158 5186 1297 5255 apud
1348 5182 1699 5255 Constantia.
1736 5180 1975 5255 l‘Empe-

373 5276 524 5325 reur,
559 5261 610 5312 in
637 5265 751 5311 not.
786 5252 853 5310 ad
880 5256 1172 5324 Bertram.,
1194 5252 1268 5311 ’de
1297 5258 1431 5315 Rep.
1457 5256 1625 5325 llebr.
1646 5253 1742 5307 lib.
1768 5270 1806 5316 ι,
1834 5268 1885 5325 c.
1909 5252 1975 5315 Ως

375 5324 672 5394 Goduvin.,
702 5329 737 5382 l.
773 5343 854 5393 Ill,
906 5342 956 5382 c.
1007 5329 1062 5391 4,
1097 5343 1240 5382 vers.
1282 5328 1367 5381 19.
1420 5324 1628 5381 Prioris
1664 5325 1829 5380 verba
1857 5324 1978 5377 hzec

319 5392 327 5402 ’
375 5411 503 5459 sunt
537 5420 550 5457 ;
582 5392 836 5471 Theologi
864 5400 1027 5453 nostri
1060 5410 1114 5451 ut
1145 5399 1431 5471 plurimum
1469 5398 1768 5471 rejectionem
1796 5412 1822 5450 e
1846 5404 1978 5448 coetu

377 5473 632 5528 Ecclesia?
665 5490 727 5526 ac
755 5468 991 5542 fidelium
1029 5468 1359 5542 ista'phrasi
1385 5468 1651 5537 designari
1681 5475 1978 5542 autumant.

385 5544 667 5599 Pauciores
714 5538 1038 5616 supplicium
1078 5542 1305 5616 capitale
1342 5541 1442 5593 huc
1478 5538 1896 5616 reuocant._Ego_
1927 5539 1979 5590 in

383 5618 481 5670 hac
528 5609 791 5682 varietate,
819 5609 1025 5669 'eorum
1075 5609 1381 5668 sententiam
1439 5612 1649 5664 minime
1703 5609 1985 5663 absurdam

386 5688 553 5742 sentio
597 5688 684 5756 qui
724 5696 937 5741 mortem
970 5698 1338 5753 pratmaturam
1372 5683 1612 5756 indicari,
1641 5681 1984 5756 arbitrantur.

464 5768 486 5796 ο
517 5752 830 5827 Adjecimus
866 5759 925 5812 τὸ
952 5758 1117 5812 bonus
1145 5773 1211 5811 ex
1245 5770 1404 5821 mss.,
1441 5755 1725 5827 inquibus
1754 5752 1991 5827 habetur

390 5831 527 5901 quod
558 5822 721 5883 bonus
759 5828 823 5882 de
852 5827 983 5882 bono
1015 5828 1275 5896 thesauro,
1309 5841 1471 5897 quem
1502 5822 1556 5880 in
1602 5825 1823 5881 modum
1866 5822 1992 5893 legit

2151 4764 2173 4791 ε
2208 4753 2351 4807 Editi
2384 4752 2633 4821 legebant
2655 4750 2744 4819 qui
2775 4766 2909 4802 sum.

2152 4823 2261 4878 1Ἰιι
2322 4819 2480 4885 mss.,
2532 4822 2660 4874 Ausi
2698 4830 2819 4873 sunt
2858 4820 2997 4875 enim
3048 4828 3117 4885 et,
3169 4833 3329 4887 quam
3382 4819 3677 4876 lectionem

2079 4894 2247 4949 habet
2289 4896 2452 4948 etiam
2493 4893 2614 4945 cod.
2660 4890 3002 4958 Pantagathi.
3062 4890 3280 4944 Poterat
3312 4901 3494 4945 autem
3531 4903 3681 4947 totus

2080 4968 2165 5019 hic
2195 4963 2486 5021 Gaudentii
2514 4965 2665 5016 locus
2694 4961 2927 5029 proferri
2958 4962 3023 5015 ad
3056 4961 3435 5016 illustrandum
3461 4963 3677 5018 Philas-

2080 5038 2270 5102 trium,
2304 5036 2392 5091 ubi
2434 5035 2543 5103 agit
2587 5035 2652 5086 de
2680 5033 2954 5087 Marcione
2986 5041 3040 5087 et
3082 5033 3419 5101 Manichzeis,
3449 5050 3569 5105 cap.
3602 5035 3675 5090 45

2078 5117 2133 5163 et
2160 5109 2256 5170 (il;
2308 5105 2522 5177 plenius
2575 5105 2718 5160 enim
2772 5114 2826 5159 et
2872 5105 3175 5159 distinctius
3228 5120 3680 5177 eorutnerrores

2079 5175 2535 5249 cxplicat,prout
2593 5177 2902 5231 monuimus
2953 5177 3115 5230 etiam
3170 5177 3223 5231 in
3274 5176 3568 5246 Spicilegio
3610 5175 3679 5230 ad

2080 5248 2236 5306 notas
2265 5248 2522 5312 Fabricii,
2551 5262 2736 5317 supra,
2769 5264 2889 5319 pag.
2922 5248 3047 5303 175.

2156 5332 2181 5369 8
2225 5320 2370 5376 Vatt.
2402 5322 2533 5389 duo,
2562 5316 2783 5391 ignoscit
2812 5319 3090 5374 Dominus.
3122 5318 3288 5391 Liber
3316 5316 3639 5391 Pantagathi
3661 5358 3678 5383 ,

2083 5394 2307 5464 ignoscit
2333 5391 2488 5446 Deus.
2523 5388 2689 5457 Editi,
2714 5392 2949 5460 ignoscat
2974 5406 2993 5453 ;
3015 5401 3069 5445 et
3094 5390 3258 5464 paulo
3288 5403 3453 5464 supra
3473 5388 3575 5464 _ubi
3601 5389 3681 5443 le-

2086 5458 2231 5535 gitur
2262 5464 2513 5532 pervicaci
2541 5458 2752 5517 tantnm—
2770 5464 2981 5532 spiritu,
3013 5461 3137 5535 cod.
3169 5458 3485 5535 Pantagathi
3517 5474 3680 5535 repo-

2090 5529 2172 5611 nit
2194 5529 2449 5611 pervicaci
2468 5546 2635 5611 tamen
2655 5529 2867 5611 spiritu,
2897 5532 3041 5611 quod
3067 5531 3252 5611 procul
3276 5529 3443 5611 dubio
3462 5531 3681 5611 melius.

2163 5600 2205 5643 δ’
2229 5608 2319 5663 Sic
2342 5606 2488 5663 Vatt.
2518 5608 2648 5671 duo,
2673 5600 2728 5659 et
2746 5608 2877 5661 liber
2900 5600 3253 5671 Pantagathi;
3280 5602 3332 5654 in
3358 5600 3543 5667 editis,
3567 5617 3683 5672 quae

2086 5683 2279 5749 fuerat,
2315 5690 2371 5733 et
2420 5680 2582 5747 paulo
2615 5689 2735 5747 post
2769 5678 3113 5745 reposuimus
3134 5688 3251 5749 qua:
3298 5671 3585 5749 (edi/iratior
3620 5674 3689 5725 sit

2094 5742 2159 5807 ex
2203 5742 2358 5816 n:$s.,
2394 5742 2519 5803 licet
2545 5742 2771 5805 verbum
2794 5742 2860 5801 sit
2888 5760 3003 5825 non.
3019 5752 3198 5800 exstet
3224 5744 3277 5797 in
3305 5742 3506 5813 editisa
