4096 6192
556 373 662 431 883

1631 370 1689 425 S.
1731 361 2107 426 GAUDENTII
2147 359 2410 423 BNXIIE
2453 357 2757 423 EPISCOPI

3748 365 3837 420 881

560 507 628 547 ex
667 490 802 564 ipsis
833 489 1098 546 continuo
1131 483 1276 544 Deus
1305 485 1526 562 Moysen
1569 498 1623 544 et
1653 489 1867 555 Aaron;
1901 503 1997 558 per
2024 499 2163 560 quos
2189 497 2238 560 Α
2268 479 2492 557 querela
2517 493 2951 542 commemorat:
2990 481 3053 537 In
3081 484 3295 558 pt'Opl‘ia
3346 485 3474 539 renil
3497 526 3514 550 ,
3540 494 3588 537 el
3622 485 3699 537 sui
3742 501 3837 537 cunt

560 583 883 639 conveniret
919 578 1256 638 Pharaonem
1279 597 1462 653 regem
1484 575 1732 655 Egypti,
1767 591 1825 635 ut
1858 579 2160 636 dimitteret

558 679 700 733 illos.
744 686 768 715 ει
800 670 935 732 Cum
990 695 1097 733 non
1142 673 1484 743 dimitteret,
1543 677 1936 748 multiplicibus
1981 671 2159 749 plagis

559 784 682 824 cum
717 785 817 825 suo
845 770 1049 841 p0pulo
1071 770 1396 824 verberatus
1418 812 1432 835 ,
1465 767 1606 825 lianc
1630 771 1847 844 excepit
1877 786 2048 837 imum
2073 766 2160 824 nl-

560 865 748 919 timam
777 865 1023 934 plagam,
1055 874 1111 919 ιιι
1157 863 1398 919 omnium
1430 861 1458 902 ἲν
1488 861 1833 934 pritnogeniti
1870 860 2153 936 Egyptia-

556 973 680 1012 rum
713 958 802 1011 illa
833 965 994 1012 nocte
1022 958 1259 1026 νει-(κυεέί
1293 949 1560 1011 divinitus
1591 955 1906 1020 interirent,
1940 972 2041 1025 qua
2065 954 2159 1010 Ju-

556 1050 707 1104 daeos
739 1065 966 1105 necesse
1002 1048 1096 1104 fuit
1127 1065 1195 1106 ex
1244 1050 1501 1104 mandato
1542 1049 1635 1102 Dei
1695 1050 1910 1119 paschae
1942 1047 2156 1103 sacriﬁ-

557 1145 700 1199 cium
751 1143 1056 1199 celebrare.
1105 1139 1279 1200 Media
1330 1143 1496 1211 igitur
1544 1154 1705 1198 nocte
1751 1142 1958 1196 clamor
1985 1139 2160 1198 factus

553 1247 668 1302 est,
704 1245 758 1291 et
807 1235 1044 1290 ululatus
1077 1237 1130 1290 in
1175 1245 1286 1290 tota
1313 1233 1580 1310 [Egyptm
1613 1235 1759 1289 nulla
1790 1235 1932 1290 enim
1964 1236 2158 1290 domus

557 1341 676 1388 erat
708 1334 763 1386 in
805 1348 911 1404 qua
963 1347 1068 1386 non
1111 1340 1259 1386 esset
1307 1339 1575 1386 mortuus.
1609 1327 1764 1384 Tunc
1795 1326 2010 1402 Aigypti
2057 1345 2152 1384 rex

557 1437 810 1482 metuens
843 1441 910 1481 ne
941 1435 994 1480 et
1028 1425 1176 1497 ipse,
1211 1433 1265 1479 et
1293 1424 1473 1478 omnis
1507 1423 1737 1494 populus
1760 1423 1878 1493 ejus
1905 1420 2158 1477 similiter

555 1521 884 1592 disperiret,
935 1521 1203 1590 compulit
1231 1518 1488 1592 Moysen,
1523 1529 1578 1575 et
1625 1521 1930 1585 Aaronem,
1963 1527 2018 1571 nt
2065 1515 2156 1574 illa

557 1615 691 1669 hora
729 1611 905 1669 noctis
935 1614 1234 1670 educerent
1276 1629 1494 1668 omnem
1537 1611 1747 1684 plebem
1794 1611 1863 1667 de
1894 1610 2151 1685 lEgypto.

551 1709 653 1775 Qui
685 1724 808 1762 cum
833 1717 1269 1779 perurgerentur
1294 1707 1467 1774 exire,
1487 1704 1618 1778 quid
1647 1704 1881 1760 fecerint
1903 1703 2159 1760 adverta-

553 1815 695 1858 mus.
723 1799 788 1854 Et
833 1801 1078 1870 sumpsit,
1117 1800 1326 1871 inquit,
1361 1797 1587 1872 populus
1642 1814 1978 1870 conspersum
2025 1797 2155 1870 {ari—

550 1911 670 1946 nam.
704 1895 1008 1966 priusquam
1045 1895 1444 1963 fermentaretur
1477 1907 1647 1945 massa
1680 1891 1916 1955 illorum,
1947 1898 1997 1943 et
2021 1887 2154 1962 liga-
2186 1909 2230 1970 Β

550 1998 730 2040 verunt
782 1991 835 2041 in
887 1987 1198 2040 vestimentis
1262 1986 1407 2049 suis,
1470 1994 1517 2037 et
1571 1984 1932 2052 imposuerunt
1997 1994 2152 2050 super

551 2083 795 2134 humeros
852 2097 993 2134 suos.
1062 2075 1274 2154 Egressi
1338 2085 1550 2141 autem,
1602 2091 1719 2129 cum
1787 2073 2041 2128 venissent
2099 2073 2150 2126 in

555 2174 772 2241 Socotlt,
828 2183 1099 2238 eoxernnt,
1145 2172 1354 2242 inquit,
1400 2185 1736 2241 conspersum
1783 2167 1921 2238 quod
1955 2165 2152 2220 extule-

550 2277 670 2320 rant
693 2265 757 2318 de
783 2263 1043 2338 ngypto,
1072 2275 1093 2302 ο
1127 2262 1470 2317 subcinericia
1499 2277 1682 2332 azyma
1715 2257 1912 2331 (Exod.
1941 2258 2059 2327 xu).
2083 2255 2154 2312 Ut

551 2374 687 2430 ergo
729 2372 1003 2412 memores
1045 2366 1232 2411 essent
1278 2354 1442 2424 hujus
1494 2351 1868 2418 necessitatis,
1900 2349 2062 2422 266
2098 2357 2154 2402 et

548 2449 939 2506 beneﬁciorum
988 2446 1306 2520 Dei,jussit
1354 2461 1451 2501 eos
1482 2453 1690 2516 septem
1747 2431 1940 2498 diebus
1990 2442 2150 2515 primi

549 2543 752 2598 mensis
800 2543 869 2596 ita
926 2540 1212 2598 celebrare
1267 2538 1515 2616 pascha,
1552 2538 2015 2594 utfermentatum
2060 2550 2153 2604 pa-

550 2654 673 2692 nem
709 2653 814 2692 non
849 2635 1081 2692 ederent
1114 2634 1310 2707 (Exod.
1348 2632 1490 2706 xm),
1535 2645 1587 2688 et
1615 2641 1674 2686 nt
1702 2646 1921 2701 semper
1944 2629 2154 2684 indica-

547 2742 675 2788 rent
708 2732 834 2786 filiis
865 2732 976 2787 suis
1005 2747 1226 2788 caus:tm
1262 2746 1358 2802 pro
1380 2747 1484 2801 qua
1521 2729 1662 2783 istud
1695 2727 1877 2784 facere
1898 2725 2035 2798 iussi
2066 2741 2152 2780 es-

547 2833 708 2887 sent:
741 2825 952 2880 scilicet
980 2836 1036 2880 ut
1067 2825 1316 2894 ingratus
1349 2825 1466 2896 ipse
1496 2825 1756 2894 populus,
1793 2823 1878 2876 vel
1913 2821 2150 2891 imagine

549 2937 735 2976 rerum
787 2933 1063 2992 gestarum
1114 2919 1772 2990 admonitus,liberatori
1819 2935 1918 2973 suo
1945 2915 2151 2990 gratias

540 3031 706 3086 agere
738 3026 1048 3085 cogeretur.
1104 3018 1160 3067 iit
1195 3015 1319 3069 ideo
1351 3023 1641 3086 tantopere
1668 3012 1747 3067 eis
1795 3015 2147 3084 praecipitur:

547 3111 758 3184 Septem
789 3112 970 3164 diebus
997 3127 1179 3184 azyma
1210 3109 1371 3164 aleris
1393 3130 1410 3162 ;
1432 3127 1462 3162 a
1491 3108 1657 3179 priuso
1680 3117 1849 3162 autem
1872 3107 1955 3160 die
1980 3117 2146 3160 exter—

540 3202 800 3256 minabitis
853 3206 1159 3262 fermentum
1220 3200 1282 3252 de
1330 3200 1568 3254 domibus
1603 3199 1786 3252 vestris
1811 3215 1830 3251 ε
1862 3197 2028 3251 omnis
2059 3199 2149 3267 qui

2265 600 2365 636 non
2394 589 2691 653 receperunt
2717 582 2902 650 (Joan.
2925 580 2997 652 ι);
3027 581 3078 636 id
3109 587 3212 647 est,
3245 580 3310 636 ad
3338 595 3432 635 eos
3454 577 3606 634 venit
3635 591 3764 649 quos
3785 575 3842 634 de

2264 673 2529 731 servitute
2555 669 2777 746 Egypti
2810 674 3106 740 liberarat;
3140 688 3278 743 quos
3310 689 3406 742 per
3437 687 3590 727 mare
3622 671 3840 726 “lliil’llm

2261 769 2494 840 vestigio
2543 769 2690 824 sicco
2741 769 3160 834 transduxerat;
3192 769 3245 823 in
3286 781 3519 839 quorum
3563 774 3841 835 conSpectu

2263 859 2598 914 Pharaonem
2633 869 2686 916 et
2718 853 2999 932 Aﬂgyptios
3038 855 3296 916 resolutis
3329 876 3594 932 aquarum
3618 860 3843 915 cireum-

2261 953 2520 1008 stantiom
2550 954 2720 1009 muris
2738 955 3033 1020 obruerat;
3067 971 3205 1028 quos
3229 969 3428 1010 manna
3453 953 3675 1009 caelesti
3701 953 3847 1007 satia-

2261 1055 2413 1099 verat
2439 1045 2492 1100 in
2521 1045 2773 1111 deserto;
2811 1045 3011 1116 quibus
3032 1046 3102 1100 de
3131 1061 3268 1117 rupe
3292 1045 3444 1100 arida
3476 1056 3498 1081 ο
3535 1045 3712 1098 fontes
3737 1059 3848 1112 pro-

2260 1136 2520 1204 duxerat;
2563 1137 2762 1208 quibus
2803 1138 3022 1208 eloquia
3073 1138 3232 1210 Legis
3274 1135 3617 1202 crediderat;
3671 1135 3847 1208 quibus

2260 1229 2557 1284 adventum
2593 1243 2750 1284 suum
2801 1230 3104 1284 secundum
3145 1245 3367 1286 carnem
3419 1229 3682 1284 vaticinia
3724 1244 3846 1298 prte-

2261 1323 2610 1376 nuntiaverat
2653 1320 3084 1390 Prophetarum;
3115 1321 3180 1374 ad
3213 1337 3350 1391 quos
3395 1320 3674 1390 praecipue
3704 1337 3850 1375 rene-

2261 1420 2365 1478 rat,
2400 1411 2626 1467 dicens:
2662 1412 2780 1466 Non
2826 1429 2939 1466 sum
2987 1413 3178 1466 missus
3225 1414 3328 1466 nisi
3359 1412 3427 1465 ad
3470 1427 3590 1466 oves
3641 1411 3848 1481 perditos

2259 1504 2447 1559 domus
2471 1503 2642 1560 Israel
2674 1503 2895 1576 (.ilatlh.
2929 1505 3043 1578 xv).
3077 1504 3170 1560 lsti
3196 1522 3302 1560 non
3341 1505 3502 1559 modo
3536 1520 3666 1560 eum
3694 1504 3849 1560 susci-

2261 1611 2391 1668 pere
2416 1593 2730 1664 noluerunt,
2761 1599 2854 1653 sed
2886 1607 2939 1653 et
2968 1601 3150 1654 erucis
3183 1597 3458 1671 supplicio
3483 1597 3846 1664 trucidarunt;

2260 1685 2351 1759 qui
2384 1698 2567 1742 tamen
2598 1687 2803 1744 idcirco
2832 1699 3149 1758 susceptum
3181 1704 3384 1760 corpus
3414 1691 3556 1746 mori
3587 1691 3848 1757 sustinuit,

2261 1790 2319 1837 ut
2349 1791 2404 1838 et
2447 1797 2559 1837 sure
2587 1782 2894 1854 maiestatis
2922 1783 3378 1855 Omnipotentiam
3411 1786 3636 1855 propria
3669 1783 3849 1840 virtute

2263 1873 2599 1946 resurgendo
2645 1883 3020 1942 monstraret,
3088 1882 3144 1932 et
3195 1886 3252 1931 ut
3304 1875 3322 1914 ί
3382 1877 3434 1932 in
3498 1877 3746 1943 sublata,
3797 1891 3849 1932 ac

2258 1968 2472 2024 devicta
2495 1978 2670 2024 morte
2702 1971 2864 2025 vitam
2894 1967 3244 2025 credentibus
3269 1969 3545 2035 redderet,
3569 1979 3626 2025 et
3653 1971 3846 2040 plenam

2257 2055 2689 2131 cruciligentium
2733 2059 3032 2132 nequitiam
3065 2059 3481 2117 condemnaret.
3515 2061 3848 2133 Quaproitter

2258 2163 2550 2222 reSurgcns
2589 2154 2752 2207 tertio
2794 2153 2884 2208 die
2908 2195 2922 2219 ,
2953 2153 3231 2209 tranStulit
3261 2167 3319 2208 se
3361 2153 3425 2209 ad
3453 2151 3695 2221 Gentes,
3727 2153 3847 2208 sicut

2256 2244 2458 2301 dudum
2518 2245 2694 2301 fuerat
2752 2249 3114 2302 comminatus
3166 2265 3178 2301 :
3235 2255 3258 2295 ε
3305 2247 3590 2319 Auferetur
3640 2266 3671 2301 a
3724 2247 3845 2300 vobis

2255 2354 2512 2413 regnum,
2589 2349 2635 2394 et
2702 2339 2909 2394 dabitur
2976 2341 3114 2414 genti
3184 2341 3393 2411 facienti
3469 2340 3678 2410 fructus
3747 2341 3844 2410 ejus

2256 2427 2492 2504 (Matth.
2571 2446 2709 2499 ut,
2780 2431 2914 2503 45).
2975 2434 3119 2503 Ergo
3181 2434 3437 2504 quoniam
3510 2431 3707 2498 nobis,
3769 2433 3844 2502 qui

2259 2523 2493 2579 fideliter
2527 2523 2804 2579 Christum
2846 2523 3162 2596 sequimur,
3198 2526 3381 2580 datum
3412 2535 3498 2581 est
3531 2535 3845 2596 cognoscere
3918 2505 3928 2516 ’

2255 2614 2415 2690 267
2482 2618 2737 2690 mysteria
2789 2618 2941 2688 regni
2997 2617 3127 2683 Dei,
3180 2617 3460 2672 videamus
3521 2615 3656 2687 quid
3716 2615 3839 2670 idem

2253 2721 2439 2766 noster
2473 2708 2736 2765 Dominus
2765 2721 2821 2766 et
2853 2712 3111 2781 Magister
3141 2709 3208 2766 de
3245 2713 3348 2766 hoc
3376 2709 3657 2766 fermento
3699 2705 3840 2764 intel-

2253 2802 2530 2873 ligendum
2563 2801 2834 2857 docuerit.
2871 2803 3152 2865 Attendite,
3197 2801 3394 2873 inquit,
3430 2801 3576 2856 vobis
3619 2812 3667 2858 et
3694 2808 3840 2855 cavete

2251 2917 2282 2954 a
2312 2903 2563 2971 fermento
2597 2900 2988 2956 Pharisteornm
3020 2945 3032 2965 ,
3085 2909 3134 2956 et
3165 2899 3588 2957 Sadducreorum
3640 2898 3837 2975 (Matth.

2252 3009 2375 3062 xvt;
2408 2993 2576 3050 Marc.
2610 3009 2744 3062 vm;
2782 2994 2911 3050 Luc.
2939 2997 3071 3066 xu);
3106 2997 3253 3067 quod
3286 3012 3408 3052 cum
3435 2995 3651 3052 clarius
3674 2998 3842 3052 iteras-

2252 3097 2356 3156 set,
2382 3085 2775 3145 intellexerunt
2799 3093 2835 3144 A
2849 3090 3047 3160 postoli
3075 3105 3180 3145 non
3205 3103 3234 3144 a
3261 3085 3536 3146 fermento
3562 3091 3715 3160 panis
3731 3103 3838 3144 esse

2251 3194 2580 3259 cavendum,
2624 3193 2720 3248 sed
2754 3209 2782 3247 a
2813 3195 3225 3263 corrumpentis
3266 3193 3536 3249 doctrinm
3589 3191 3833 3264 nequitia.

545 3295 930 3348 manducauerit
976 3296 1341 3363 fermentatum
1371 3311 1402 3344 (ι
1437 3291 1602 3357 primo
1629 3292 1714 3344 die
1747 3309 1905 3361 usque
1935 3292 1989 3344 in
2030 3310 2145 3361 sep-
2171 3297 2215 3360 ρ
2254 3296 2405 3352 Unde
2431 3295 2661 3350 idoneus
2686 3296 2964 3366 Evangelii
2991 3296 3322 3370 pandit-ator
3349 3296 3637 3366 apostolus
3660 3294 3836 3350 Paulus

542 3389 725 3441 timum
773 3387 906 3441 diem
938 3428 952 3452 ,
982 3383 1252 3458 disperibit
1284 3385 1457 3437 animo
1507 3383 1601 3437 illa
1634 3401 1699 3437 ea:
1743 3381 1912 3438 Israel
1947 3381 2142 3458 (Exod.

543 3479 661 3552 xtl).
700 3479 848 3535 Fecit.
874 3491 928 3534 et
958 3479 1064 3531 alia
1101 3479 1332 3554 plurima
1366 3494 1463 3552 pro
1496 3477 1604 3532 illis
1637 3477 1803 3545 Deus,
1831 3492 1882 3531 ct
1918 3480 1969 3533 in
2011 3482 2147 3533 mari

540 3574 745 3631 liuliro.
769 3581 824 3625 et
857 3574 907 3626 in
938 3571 1197 3648 deserto:
1228 3571 1325 3628 sed
1359 3571 1708 3627 immemores
1735 3570 2148 3627 misericordia-

535 3683 652 3720 rum
683 3667 774 3719 l)t-.i
807 3666 901 3738 (ut
935 3666 1003 3721 de
1024 3664 1238 3722 caeteris
1265 3665 1422 3722 malis
1444 3679 1632 3720 eorum
1666 3664 1913 3737 taceam)
1943 3677 2144 3735 prmter

540 3761 672 3816 illud
725 3761 870 3832 quod
929 3761 1171 3816 fecerant
1191 3770 1356 3830 caput
1384 3758 1540 3814 vituli
1571 3775 1838 3826 aureum,
1889 3769 1944 3814 ct
1997 3758 2139 3830 quod

536 3853 833 3911 adorantes
869 3853 1000 3908 illud
1048 3853 1337 3910 dixerunt:
1369 3849 1466 3906 Isti
1509 3863 1632 3907 sunt
1659 3852 1732 3905 dii
1775 3853 1890 3917 tui,
1923 3849 2135 3920 Israel,

530 3950 621 4015 qui
668 3948 962 4003 eduxerunt
1015 3958 1062 4001 te
1107 3947 1171 4000 tle
1211 3956 1349 4001 terra
1376 3945 1603 4020 :Egypti
1652 3944 1860 4018 (Exod.
1912 3949 2134 4021 xxx"):

535 4039 768 4096 d.lesum
803 4056 1019 4113 quoque
1047 4037 1245 4094 Filium
1281 4037 1376 4094 Dei
1413 4037 1506 4112 qui
1533 4054 1722 4094 eorum
1757 4038 2016 4094 liberator
2038 4055 2138 4093 ex-

531 4131 771 4197 stiterat,
791 4131 1107 4187 venientem
1133 4129 1202 4184 ad
1225 4144 1284 4184 se
1310 4129 1590 4199 sacrilegis
1614 4129 1890 4183 mentibus
1918 4142 2139 4204 respue-

527 4232 678 4278 runt.
733 4220 885 4278 Unde
926 4231 1148 4276 sanctus
1194 4220 1538 4292 evangelista
1569 4219 1812 4276 JOannes
1860 4236 1966 4276 non
2016 4223 2136 4276 sine

598 4395 626 4422 ιδ
669 4385 816 4442 Flor.
849 4384 938 4453 qui
963 4399 1081 4441 cum
1099 4382 1400 4454 remitteret.
1427 4380 1572 4438 Vatt.
1611 4381 1744 4454 duo,
1770 4381 1860 4454 qui
1892 4399 2006 4438 cum
2037 4399 2123 4439 re.

529 4459 817 4522 niteretur;
851 4466 1011 4523 prout
1036 4453 1202 4508 etiam
1233 4453 1357 4508 cod.
1389 4453 1730 4522 Pantagathi.

599 4529 624 4567 δ
667 4527 766 4586 Hic
795 4520 1018 4598 quoque
1047 4525 1099 4580 in
1132 4520 1598 4598 tusslprimonati.
1630 4526 1883 4598 utetiam
1916 4520 2074 4581 alibi.

603 4613 624 4674 ς
667 4591 960 4674 Sieetiatit
999 4596 1182 4656 versio
1212 4591 1362 4674 ωιιι
1385 4595 1924 4674 ἐγκρυφίας-Κύμας
1966 4604 2124 4674 vocat

525 4671 867 4728 subcinericia
903 4686 1111 4740 azyma,
1145 4667 1395 4737 quamvis
1416 4667 1617 4723 contra
1648 4667 1862 4740 Hebrusi
1892 4667 2124 4740 conten-

519 4745 654 4818 dant
679 4786 692 4810 ,
727 4757 916 4798 vocem
952 4737 1100 4818 illam
1131 4741 1408 4818 ξγκρυφίας
1435 4779 1450 4804 ,
1478 4739 1817 4796 subcinericia
1842 4783 1858 4807 ,
1902 4740 1954 4818 in
1994 4737 2120 4818 _l_le-

519 4796 707 4870 lira-icit
739 4796 889 4870 testu
925 4829 1030 4871 non
1063 4796 1253 4870 hab'er‘i
1278 4796 1308 4875 ,⁸
1339 4796 1407 4870 ne
1439 4796 1649 4868 inorem
1695 4796 1856 4868 suum
1902 4807 2121 4866 hodier-
2145 4796 2198 4856 D

525 4902 653 4942 num
681 4901 867 4956 azyma
897 4887 1152 4956 turnacea
1174 4879 1789 4956 coquepdigauctorita'ti
1820 4897 1992 4937 sacra:
2018 4896 2111 4952 pa-

518 4957 664 5038 gina:
695 4954 1000 5038 repugnare
1023 4954 1316 5014 fateantur.
1341 4954 1593 5038 Proiecto
1619 4954 1674 5010 id
1707 4968 2115 5038 nonnumquam

517 5024 575 5082 in
595 5025 828 5099 quadam
855 5025 1023 5099 Italia:
1047 5042 1321 5099 synagoga
1356 5037 1654 5099 servatum,
1683 5033 1740 5080 ut
1767 5024 2116 5099 azyma’sub-

513 5092 772 5160 einericia
837 5092 1331 5162 manducaren'tur,
1377 5097 1584 5156 diserte
1643 5092 1877 5154 testatur
1932 5092 2116 5155 Julius

515 5170 689 5231 frater
721 5183 875 5226 meus
900 5207 918 5229 ο
949 5167 1030 5224 vir
1070 5183 1175 5227 non
1205 5178 1312 5226 tam
1343 5167 1478 5224 mihi
1523 5169 1808 5234 sanguinis
1846 5167 2069 5226 vinculo
2095 5211 2110 5233 ,

512 5258 678 5312 quam
709 5239 1017 5295 studiorum
1050 5237 1412 5312 similitudine
1445 5240 1966 5312 coniunctissimus;
2013 5242 2116 5296 sed

512 5307 747 5372 fortasse
781 5313 1118 5381 recentiores
1147 5307 1384 5381 Hebraei.
1415 5311 1874 5381 quemadmodum
1905 5311 1962 5370 in
2006 5328 2112 5365 ca:-

513 5388 648 5444 teris
679 5383 957 5446 pluribus,
991 5382 1063 5437 ita
1108 5380 1273 5435 etiam
1327 5380 1378 5437 in
1422 5380 1525 5437 hoc
1554 5397 1584 5435 a
1616 5381 1788 5439 veteri
1818 5390 2114 5438 censuetuu

511 5457 640 5516 dine
670 5449 1012 5511 deiecerunt.
1049 5453 1122 5523 Dn
1154 5465 1348 5524 azyma
1386 5451 1588 5509 Attico.
1621 5453 1660 5510 ι.
1692 5468 1772 5519 ιιι,
1808 5469 1861 5506 c.
1889 5449 1982 5513 Ξῖ,
2017 5451 2107 5511 ubi

511 5525 667 5601 ἄρτον
689 5525 883 5601 ἅζυμρν
917 5533 1077 5601 vocat
1101 5524 1544 5601 i_nler_tuentatum
1571 5565 1588 5592 ,
1617 5526 1885 5601 fermento
1912 5538 2108 5601 caren-

509 5593 620 5652 ttioi
649 5643 659 5660 ,
698 5593 958 5665 qtti'l'vrte
987 5596 1164 5652 Plinio
1197 5595 1294 5649 lib.
1329 5593 1457 5649 XVIII
1478 5635 1494 5662 ,
1533 5611 1586 5648 c.
1619 5593 1682 5665 ιι
1708 5636 1722 5658 ,
1752 5595 2043 5664 speusticus
2073 5610 2103 5650 a

503 5664 855 5723 festinatione
886 5669 1066 5726 dictus
1114 5675 1227 5733 est;
1258 5681 1321 5726 ex
1353 5668 1548 5734 quibus
1578 5664 1711 5724 locis
1742 5666 1940 5718 merito
1965 5681 2069 5722 con
2090 5694 2102 5704 -

504 5737 762 5805 iecerunt
788 5739 888 5795 viri
915 5739 1094 5807 docti,
1129 5755 1238 5796 non
1287 5739 1465 5794 solqu
1509 5737 1756 5804 Iudaeus,
1789 5735 1885 5791 sed
1934 5737 2100 5794 etiam

511 5807 686 5879 alias:
709 5819 863 5862 cntt-s
891 5825 1080 5879 azymo
1112 5825 1250 5879 pane
1280 5825 1428 5865 uSaS.

584 5874 609 5911 ἀ
649 5878 776 5930 Mss.
806 5874 1039 5948 quatuor
1065 5874 1248 5950 legunt
1291 5883 1460 5955 ipsum
1505 5897 1739 5954 quoque;
1772 5887 1825 5935 et
1875 5895 2097 5950 prorsus

2253 3396 2412 3454 nobis
2441 3397 2675 3454 clamat:
2726 3395 3030 3467 Expurgale
3060 3406 3204 3452 uetus
3247 3397 3585 3466 fermentum,
3631 3406 3686 3451 ut
3732 3393 3832 3447 sitis

2252 3514 2385 3556 nova
2426 3499 2741 3570 conspersio,
2795 3499 2927 3553 sicut
2980 3500 3102 3553 estis
3149 3498 3342 3568 azymi.
3380 3497 3521 3552 Nam
3563 3507 3612 3552 et
3659 3493 3833 3567 pascha

2213 3659 2216 3662 .
2249 3614 2482 3660 nostrum
2511 3604 2806 3658 immolatus
2845 3612 2918 3658 est
2967 3601 3222 3658 Christus.
3260 3600 3446 3672 latque
3488 3601 3628 3656 diem
3666 3601 3832 3670 festum

2245 3705 2576 3774 celebremus,
2621 3705 2820 3777 inquit,
2863 3722 2966 3758 non
3006 3707 3059 3758 in
3105 3705 3358 3774 fermento
3387 3706 3568 3772 reteri,
3603 3717 3760 3774 neque
3784 3701 3828 3753 in

2244 3812 2499 3880 fermento
2528 3807 2742 3860 malitia:
2778 3816 2825 3860 et
2855 3806 3093 3876 nequitia:
3120 3822 3138 3860 :
3166 3805 3257 3858 sed
3284 3807 3336 3859 in
3377 3807 3582 3876 azymis
3628 3802 3827 3859 sinceria

2242 3913 2362 3966 tatis
2383 3919 2434 3967 et
2454 3913 2681 3966 veritatis
2707 3911 2748 3982 (Ι
2774 3911 2894 3965 Cor.
2919 3913 2998 3983 v).
3024 3909 3328 3966 Careamus
3351 3923 3485 3981 ergo
3508 3923 3539 3965 ιι
3572 3913 3824 3967 fermento

2241 4014 2500 4083 malitiae;
2533 4013 2558 4053 ι·
2592 4015 2682 4070 ubi
2716 4015 2858 4072 enim
2907 4016 3159 4086 apparuit
3203 4010 3534 4070 fermentum
3582 4011 3824 4086 nequitia:

2237 4120 2545 4176 Confectum
2571 4134 2601 4175 a
2632 4115 2854 4174 diabolo
2871 4118 2938 4174 de
2968 4105 3368 4189 conspersione
3389 4130 3755 4190 peccatorum,
3775 4124 3822 4171 et

2237 4222 2614 4294 iniquitatum,
2650 4219 2667 4259 ί
2704 4221 2778 4277 ibi
2833 4219 3032 4277 anima:
3065 4221 3146 4276 illi
3193 4222 3599 4294 appropinquat
3647 4218 3819 4276 interi-

2227 4381 2443 4455 videtur
2480 4378 2885 4455 itaglegendum
2912 4399 2930 4451 ;
2957 4401 3080 4440 nam
3116 4383 3291 4440 Filius
3327 4381 3424 4439 Dei
3456 4377 3816 4455 nondumluit

2226 4453 2387 4528 lesus
2414 4451 2758 4528 appellatus,
2792 4455 2894 4510 nisi
2923 4465 3213 4528 postquam
3243 4469 3467 4528 carnem
3512 4454 3733 4528 sumpsit
3753 4466 3808 4504 es

2229 4525 2472 4596 Virgine.
2505 4526 2680 4584 Etiam
2710 4527 2761 4581 in
2825 4528 2968 4584 libro
3005 4525 3332 4600 Pantagathi
3361 4528 3606 4582 occurrit
3655 4526 3810 4596 ipsum

2488 4669 2632 4726 Vatt.
2665 4669 2794 4740 duo,
2827 4679 2881 4730 et
2910 4671 3050 4728 liber
3073 4669 3423 4742 Pantagatbi.
3457 4669 3622 4737 Ediii,
3653 4668 3806 4738 [cum

2266 4757 2425 4792 uatem
2455 4781 2466 4792 .

2266 4757 2466 4794 usserat.

2301 4809 2319 4848 ί
2366 4811 2511 4886 Flor.
2539 4812 2800 4886 pacullrbq
2832 4815 2886 4868 in
2913 4813 3084 4881 illata,
3125 4814 3323 4886 quibus
3368 4817 3648 4886 consentit
3687 4811 3798 4886 cod.

2227 4877 2572 4953 Pantagathi.
2607 4883 2686 4944 Ex
2717 4877 2864 4940 Vati.
2899 4877 3558 4953 unus,—in'allata;alter,
3593 4887 3644 4940 in
3670 4883 3804 4938 muti-

2225 4954 2358 5020 lata,
2387 4971 2447 5009 ac
2469 4955 2690 5012 devicta.
2715 4953 2892 5012 Lusus
2920 4971 3238 5023 onerarunt.

2295 5035 2321 5075 8
2360 5024 2495 5084 Tres
2552 5042 2683 5084 mss.
2740 5028 2902 5085 codd.
2935 5028 3138 5084 habent
3179 5027 3388 5085 tolletur
3437 5027 3598 5094 vobis,
3645 5028 3798 5096 iisque

2220 5109 2486 5154 consonat
2515 5097 2656 5156 liber
2687 5096 3029 5163 Pantagatlti.
3067 5097 3198 5158 Urb.
3223 5141 3238 5164 ,
3267 5099 3479 5155 tolletur
3505 5117 3536 5152 α
3562 5101 3710 5154 vobis.

2290 5169 2316 5239 '5
2349 5169 2491 5226 Vati.
2540 5169 2646 5224 duo
2675 5171 2758 5226 ubi
2803 5171 2937 5225 enim
2968 5172 3219 5239 paruerit.
3265 5169 3357 5227 Sic
3397 5171 3561 5226 etiam
3599 5170 3720 5226 Urb.
3744 5172 3793 5222 et

2216 5238 2340 5295 eod.
2380 5239 2720 5310 Pantagathi.

2295 5311 2308 5347 ί
2345 5311 2420 5367 lta
2445 5309 2630 5382 tegunt
2669 5311 2787 5368 ιὶιιιε
2812 5311 3107 5380 editiones,
3151 5309 3501 5370 Coloniensis
3533 5325 3718 5382 nempe
3743 5315 3792 5382 et

2217 5381 2416 5454 Lugd,
2442 5378 2644 5454 quibus
2682 5384 2979 5439 conciuunt
3008 5378 3238 5450 quatuor
3265 5400 3398 5439 mss.
3434 5385 3593 5442 codd.
3629 5378 3787 5438 E’ditio

2216 5453 2420 5516 Paris.,
2451 5453 2834 5525 appropinquat
2857 5455 3096 5518 interius.
3129 5454 3338 5512 scilicet
3366 5453 3653 5520 diabolus;
3681 5464 3787 5521 qua!

2218 5525 2383 5581 lectio
2414 5541 2519 5580 non
2557 5540 2782 5596 prorsus
2822 5525 3196 5582 imnrobaliilis
3223 5538 3309 5584 est
3341 5537 3568 5596 propter
3597 5543 3654 5582 ea
3681 5535 3785 5591 tum

2217 5604 2519 5674 sequuntur
2539 5595 2569 5648 :’
2588 5595 2732 5650 Scito
2768 5598 2906 5674 (istud
2935 5597 3145 5674 intravit
3165 5597 3245 5674 ibi
3270 5595 3358 5674 ille
3385 5595 3785 5674 quirferntentutn

2214 5667 2395 5722 mortis
2423 5667 2593 5736 facere
2617 5668 2904 5722 consuevit.
2935 5667 3042 5724 Sed
3089 5669 3246 5724 unius
3275 5667 3535 5726 editionis
3566 5667 3782 5724 auctori-

2219 5747 2300 5795 tas
2327 5739 2459 5792 tanti
2492 5737 2608 5792 visa
2641 5754 2747 5792 non
2778 5748 2884 5801 est,
2921 5747 2980 5792 ut
3007 5739 3076 5794 ab
3121 5741 3397 5798 editorum
3427 5753 3477 5796 et
3513 5755 3640 5796 mss.
3668 5749 3779 5791 con-

2215 5823 2378 5864 sensu
2409 5809 2827 5874 recederemus;
2880 5825 3004 5864 cum
3039 5809 3240 5868 habeat
3264 5809 3429 5868 etiam
3459 5813 3585 5876 cod.
3609 5809 3779 5868 Panta-

2209 5878 2355 5948 gatlii
2385 5878 2768 5950 apprOpinquat
2800 5880 3058 5938 interitus.
