4096 6192
340 331 444 386 885

1126 329 1358 389 SERMO
1397 327 1528 400 vui,
1574 325 1663 389 DE
1703 317 2081 394 summa
2117 327 2456 394 LECTIONE
2492 297 2767 398 vulnus.

3540 341 3647 399 886

339 459 447 505 tus.
493 448 631 506 Cum
663 464 794 523 ergo
841 449 1040 506 videris
1071 449 1123 506 in
1175 450 1412 506 animam
1461 460 1606 505 tuam
1647 459 1668 487 θ
1706 453 1938 508 intrasse
1968 457 2021 530 Α
2049 454 2213 509 totius
2236 456 2355 509 vitae
2375 463 2600 520 nostrae,
2625 455 2753 526 quia
2777 453 2937 510 iidem
2969 453 3323 510 revolvuntur
3346 455 3399 510 iu
3426 455 3650 521 sazcula,

338 545 699 615 cogilationes
751 559 966 614 pravas,
999 546 1376 600 machinantes
1416 552 1474 600 ut
1509 557 1616 600 tea
1655 547 1745 602 liei
1788 548 1937 603 cultu

337 635 720 708 detorqueanl,
753 645 848 693 aut
875 647 934 692 ut
979 637 1147 692 facias
1189 635 1410 709 aliquod
1462 647 1767 709 peccatum,
1803 643 1941 697 scito

337 731 480 804 quod
513 732 729 787 intravi:
767 733 840 787 ibi
892 732 985 788 ille
1013 733 1105 803 qui
1155 733 1482 790 fermentum
1519 734 1709 789 mortis
1753 733 1940 793 facere

337 825 621 880 consuevit
650 843 662 878 :
714 834 1001 897 propterea
1035 841 1190 889 cave,
1229 842 1297 882 ne
1331 825 1644 881 inveniatur
1677 826 1784 882 tale
1828 826 1938 883 fer-

339 923 582 974 mentum
614 919 666 973 in
698 926 774 988 te,
812 930 862 974 ct
891 918 1242 991 disperdatur
1265 920 1444 974 anima
1478 927 1565 973 tua
1597 936 1627 975 a
1660 919 1794 976 Deo.
1825 918 1940 975 Ne-

338 1011 502 1073 scitis,
554 1009 733 1079 inquit
781 1010 1104 1080 Apostolus,
1157 1011 1280 1082 quia
1330 1011 1588 1066 modicum
1635 1016 1942 1084 fermentum

338 1110 497 1156 totam
525 1119 749 1156 massam
783 1104 1067 1174 corrumpit
1096 1101 1137 1173 (Ι
1171 1103 1290 1156 (lor.
1322 1120 1350 1156 v
1377 1120 1391 1168 ;
1422 1101 1596 1159 Galat.
1625 1103 1722 1175 v)?
1748 1105 1944 1162 Videte

340 1194 545 1264 itaque,
577 1189 605 1230 ι)
639 1208 706 1248 ne
731 1195 816 1248 vel
847 1195 902 1249 in
948 1194 1163 1249 modico
1202 1194 1541 1251 suadeamiui
1587 1197 1944 1267 acquiescere

340 1294 432 1339 aut
458 1284 632 1340 errori
666 1285 991 1354 Gentilium,
1039 1297 1124 1340 aut
1157 1286 1436 1358 iniquitati
1461 1287 1809 1359 Judazorum,
1849 1300 1945 1347 aut.

339 1377 726 1434 hmreticorum
777 1381 1054 1449 nequitire,
1089 1381 1182 1450 qui
1224 1381 1493 1438 fermento
1533 1383 1738 1442 diaboli
1771 1395 1942 1442 totam

341 1467 464 1523 ﬁdei
500 1485 732 1526 massam
766 1482 789 1510 ο
823 1471 1071 1541 perfidia
1111 1488 1343 1530 rancore
1375 1488 1754 1547 corrumpunt.
1788 1479 1945 1547 Quod

338 1569 520 1617 autem
548 1561 690 1617 dixit
719 1555 745 1599 δ
769 1579 956 1636 azyma
987 1579 1114 1620 cum
1141 1567 1512 1622 amaritudine
1543 1570 1942 1641 manducanda,

338 1652 543 1719 docuit,
582 1657 854 1710 neminem
891 1671 1053 1727 posse
1075 1659 1195 1713 sine
1219 1659 1443 1714 tristitia
1468 1663 1647 1717 carnis
1672 1663 1944 1720 sinceram

339 1747 505 1802 vitam
535 1749 700 1821 268
727 1748 950 1805 ducere.
981 1750 1302 1807 Amaritudo
1327 1752 1542 1809 videtur
1565 1753 1855 1826 jejunium,
1891 1766 1947 1813 et

337 1843 522 1897 omnis
542 1841 877 1898 abstinentia
901 1844 1219 1899 deliciarum
1244 1847 1585 1913 carnalium;
1620 1849 1712 1904 sed
1743 1848 1941 1919 pascha
1972 1880 2020 1940 Β
2048 1869 2153 1927 est,
2203 1859 2496 1929 adjuvante
2538 1857 2794 1923 Domino,
2845 1855 3185 1911 disseramus

339 1936 557 1991 Domini
619 1953 729 1991 non
796 1937 960 1993 aliter
1036 1940 1391 2008 Celebratur;
1449 1942 1546 1997 sed
1611 1942 1943 1999 sinceritatis

339 2045 530 2102 azyma
563 2039 585 2066 θ
612 2031 776 2086 aliter
822 2048 927 2084 non
967 2031 1230 2087 eduntur.
1267 2032 1402 2088 Cum
1454 2049 1585 2088 vero
1625 2034 1828 2090 exieris
1875 2036 1944 2092 de

341 2123 580 2196 Egypto
613 2123 772 2195 hujus
802 2125 989 2181 mundi
1023 2136 1164 2192 actu,
1200 2128 1285 2182 vel
1317 2144 1573 2198 corpore,
1607 2147 1821 2184 manum
1853 2146 1945 2200 pa-

341 2216 530 2271 bulum
583 2219 978 2285 manducabis;
1032 2236 1225 2289 partem
1277 2220 1400 2277 coeli
1454 2225 1716 2295 accipies,
1752 2233 1805 2279 et
1841 2224 1857 2261 τ
1893 2225 1946 2280 in

342 2308 493 2364 illam
543 2319 862 2365 sanctorum
918 2321 1119 2367 terram
1173 2316 1616 2384 repromissionis
1668 2317 1944 2385 inductus,

343 2403 662 2456 amoenitate
684 2403 842 2457 simul
876 2404 1133 2472 paradisi,
1158 2413 1214 2460 et
1239 2413 1445 2460 {eterna
1475 2409 1746 2464 suavitate
1775 2411 1948 2479 ipsius

349 2493 562 2548 Domini
613 2492 937 2564 perfrueris.
997 2495 1178 2551 Dulcis
1239 2498 1550 2552 amaritudo
1598 2508 1729 2563 est,
1781 2517 1942 2570 quam

345 2586 596 2656 sequitur
625 2593 788 2641 tanta:
836 2585 1125 2643 retributio
1156 2589 1460 2644 suavitatis.
1507 2593 1550 2646 A
1581 2593 1752 2660 prima
1789 2592 1948 2663 igiiur

346 2674 435 2732 die
478 2677 566 2732 vel
612 2679 1046 2749 regenerationis
1091 2689 1323 2747 nostrae,
1356 2689 1380 2728 Β
1417 2683 1502 2736 vel
1537 2685 1942 2754 conversionis,

348 2769 626 2839 ejiciamus
655 2772 982 2828 fermentum
1016 2774 1270 2846 nequitim
1301 2775 1368 2832 de
1400 2779 1638 2849 propriis
1661 2779 1954 2837 domiciliis

350 2873 584 2918 terrenae
638 2861 800 2935 huius
857 2863 1247 2934 habitationis;
1299 2877 1354 2923 et
1413 2884 1510 2940 per
1568 2881 1774 2940 septem
1834 2872 1953 2928 dies

428 3079 450 3144 _°
470 3069 820 3144 Manifestum
843 3078 927 3144 est
954 3069 1090 3125 hanc
1108 3086 1229 3126 esse
1249 3086 1431 3126 veram
1453 3073 1771 3138 lectionem,
1793 3091 1955 3144 quam

2040 547 2371 602 sinceritatis
2439 547 2806 618 puritatisque
2877 562 3068 620 azyma
3125 545 3522 616 comedamus,
3598 557 3658 604 ut

2040 641 2343 697 caelestium
2386 642 2803 712 promissionum
2856 657 3082 695 munera
3117 640 3380 710 consequi
3436 655 3655 696 merea-

2043 750 2190 800 mur,
2212 751 2332 806 qute
2365 734 2523 790 nobis
2551 735 2738 806 largiri
2760 734 3010 806 digneiur
3042 736 3183 789 Deus
3206 732 3372 790 Pater
3401 735 3655 805 omnipo-

2043 835 2182 894 tens,
2221 842 2316 896 per
2344 837 2679 882 coazternum
2730 827 2922 881 Filium
2969 842 3126 880 suum
3160 825 3430 881 viventem
3464 842 3650 883 secum

2041 931 2475 992 regnantemque
2520 936 2643 977 cum
2686 918 2893 990 Spiritu
2928 929 3142 984 sancto,
3192 930 3321 974 ante
3349 920 3556 985 omnia,
3598 929 3654 976 et

2043 1031 2212 1082 nunc,
2245 1023 2300 1072 et
2327 1029 2573 1086 semper,
2608 1022 2661 1070 et
2692 1014 2744 1067 in
2779 1017 2975 1068 cuneta
3008 1013 3228 1068 szecula.
3263 1010 3286 1049 ¹ι
3319 1013 3520 1069 Amen.

2607 1194 2875 1257 SERMO
2920 1191 3083 1264 VIII,

2276 1319 2290 1356 ί
2322 1339 2405 1380 ns:
2433 1336 2776 1382 EVANGELH
2810 1335 3124 1382 LECTIONE
3161 1333 3421 1378 PRIMUS.

2121 1489 2247 1545 Post
2273 1487 2422 1544 illius
2451 1488 2612 1543 tinem
2646 1496 2913 1543 tractatus
2943 1501 3105 1558 quem
3135 1481 3421 1540 dilectioni
3453 1491 3655 1538 vestra:

2045 1583 2331 1638 intulimus
2360 1595 2532 1651 usque
2558 1579 2624 1634 ad
2658 1579 2975 1634 hesternum
3005 1577 3147 1632 diem
3175 1575 3248 1630 de
3281 1574 3451 1630 Exodi
3485 1573 3654 1640 libro,

2045 1674 2135 1731 ubi
2165 1673 2281 1729 Lex
2313 1672 2659 1730 celebranda:
2699 1669 2918 1742 pascha:
2948 1669 3319 1736 describitur;
3369 1683 3514 1724 nunc
3558 1665 3659 1722 ali-

2046 1769 2176 1840 quid
2201 1767 2270 1822 de
2303 1765 2586 1836 Evangelii
2621 1763 2883 1830 lectione,
2926 1778 3048 1834 quae
3078 1763 3240 1832 paulo
3267 1770 3396 1817 ante
3423 1761 3657 1816 decursa

3226 1873 3238 1908 :
3293 1862 3351 1909 ut
3403 1853 3657 1909 eumdem

2045 1953 2215 2007 Deum
2283 1961 2390 2006 tam
2458 1951 2661 2006 veteris
2708 1964 2834 2005 esse
2903 1947 3260 2004 lnstrumenti
3329 1957 3656 2015 auctorem,

2046 2059 2205 2114 quam
2252 2041 2410 2112 novi,
2444 2042 2609 2097 rebus
2655 2041 2790 2110 ipsis
2836 2038 3161 2094 testantibus
3208 2037 3653 2108 comprobemus.

2049 2135 2367 2191 Audivimus
2413 2132 2560 2189 enim
2619 2131 2765 2203 quod
2820 2130 3072 2187 Salvator
3145 2129 3364 2184 humani
3433 2125 3655 2200 generis

2046 2227 2251 2284 Jesusi
2299 2227 2436 2283 ierat
2485 2226 2746 2280 invitatus
2804 2223 2871 2278 ad
2916 2222 3176 2292 nuptias,
3238 2221 3422 2291 ibique
3461 2234 3656 2290 aquom

2052 2325 2104 2378 in
2152 2323 2262 2377 vini
2320 2336 2616 2389 saporem,
2693 2328 3058 2388 naturamque
3116 2314 3414 2370 convertit.
3485 2313 3663 2369 llahet

2052 2414 2214 2484 plane
2259 2423 2312 2467 et
2355 2413 2470 2482 ipsa
2529 2411 2753 2466 historia
2813 2407 3062 2464 ordinem
3123 2402 3392 2462 veritatis.
3441 2405 3574 2461 Nam
3604 2411 3660 2462 et

2053 2509 2270 2577 nuptias
2321 2504 2460 2560 idem
2517 2505 2608 2575 qui
2662 2503 2732 2557 ab
2782 2502 2938 2557 initio
2993 2500 3331 2568 instituerat,
3377 2499 3660 2556 benedixit

2053 2596 2228 2671 (Gen.
2293 2597 2413 2668 tt);
2473 2604 2528 2651 et
2586 2604 2894 2650 creaturam
2951 2607 3110 2664 quam
3180 2591 3430 2658 fecerat,
3491 2591 3542 2644 in
3604 2587 3658 2645 id

2053 2693 2216 2766 269
2235 2691 2375 2762 quod
2412 2692 2602 2754 voluit,
2632 2706 2728 2744 sua
2757 2697 3024 2759 potestate
3048 2686 3344 2742 convertit.
3375 2688 3451 2741 Ac
3467 2687 3535 2741 de
3560 2683 3664 2739 vir-

2055 2795 2171 2840 tute
2209 2784 2429 2856 qnidem
2457 2783 2552 2839 Dei
2581 2778 3136 2852 omnipotentisnnlla
3163 2780 3214 2834 in
3244 2777 3384 2834 facto
3407 2775 3662 2834 dubietas

2057 2879 2258 2948 poterit
2297 2876 2498 2931 anima:
2535 2874 2682 2931 fideli
2725 2871 3065 2944 subrepere:
3093 2868 3119 2910 ι
3154 2869 3264 2928 isse
3293 2877 3474 2926 tamen
3506 2867 3659 2927 illum

2066 3092 2115 3132 c.
2155 3078 2258 3143 i8;
2292 3075 2538 3132 Godouv.
2591 3075 2726 3130 Mos.
2792 3084 2848 3131 et
2877 3078 3057 3129 Aaron
3106 3073 3143 3128 Ι.
3174 3088 3252 3140 ιιι,
3282 3089 3335 3128 c.
3374 3073 3430 3139 4,
3463 3089 3517 3143 νγ.
3552 3072 3584 3129 6
3611 3082 3667 3130 et

355 3139 974 3218 exhibentmss_.codd.,
1001 3157 1124 3218 nam
1149 3145 1308 3218 paulo
1333 3156 1447 3212 post
1475 3147 1655 3200 subdit
1679 3138 1960 3218 scito-quod
1985 3149 2029 3211 C
2067 3147 2155 3202 16.
2191 3138 2280 3204 Sic
2303 3149 2466 3202 etiam
2502 3149 2552 3201 in
2588 3148 2812 3217 antiquo
2861 3145 3215 3218 Hebraeyrum
3239 3138 3244 3140 ’
3267 3138 3667 3218 libroRituali,

354 3215 582 3267 intravit.
613 3212 963 3292 hlditi_legunt
988 3232 1002 3269 :
1043 3216 1096 3267 in
1124 3215 1300 3269 anima
1314 3225 1413 3292 tua
1439 3218 1576 3292 intra
1603 3229 1648 3292 te
1679 3212 1955 3292 ragilatio-

358 3303 446 3340 nes
497 3301 704 3355 pravas.
759 3284 982 3339 Videtur
1027 3303 1244 3355 quoque
1295 3289 1582 3344 dicendum
1629 3291 1682 3345 in
1731 3284 1960 3346 (inimum

357 3369 520 3422 tuam,
551 3358 676 3410 licet
709 3371 840 3408 mss.
878 3357 1111 3411 habeant
1140 3361 1191 3410 in
1225 3360 1397 3412 anima
1422 3371 1530 3414 tua.
1565 3361 1727 3416 Liber
1751 3361 1957 3416 Oclavii

357 3425 712 3505 Pantagathi:
748 3425 875 3481 Cum
919 3445 1037 3498 ergo
1061 3428 1253 3483 videris
1278 3431 1329 3483 in
1359 3432 1530 3486 anima
1569 3436 1788 3487 intrasse
1812 3434 1957 3505 cogi-

361 3500 580 3554 tationes
605 3513 814 3569 pravas.

433 3572 459 3608 δ
493 3571 583 3626 Sic
616 3584 748 3623 mss.
804 3579 1038 3640 quatuor
1081 3587 1312 3638 quorum
1349 3572 1641 3628 leCIionem
1691 3574 1792 3628 hoc
1837 3577 1962 3632 loco

362 3657 627 3710 reponere
659 3641 836 3710 libuit.
885 3644 1050 3703 Edili.
1095 3661 1156 3696 ne
1196 3641 1272 3696 vel
1317 3646 1518 3698 modica
1549 3645 1687 3698 mala
1722 3647 1960 3702 suadenti

363 3709 537 3768 animo
565 3709 892 3788 acquiescere
935 3715 1134 3777 velitis;
1187 3725 1238 3767 at
1293 3714 1429 3768 liber
1462 3717 1779 3788 Pantagathi
1825 3735 1958 3774 mss.

365 3795 596 3856 quatuor
624 3787 916 3838 consentit.

441 3867 463 3895 ο
502 3857 662 3910 Deest
694 3858 745 3909 in
780 3857 951 3910 tribus
985 3871 1116 3912 mss.
1146 3871 1248 3911 vox
1284 3871 1522 3927 rancore,
1557 3860 1748 3915 relicto
1782 3869 1964 3916 tamen

366 3927 654 4004 intervallo
703 3927 755 3980 in
787 3927 929 4004 hunc
976 3929 1217 4004 modum
1251 3931 1550 3998 perﬂdiw...
1605 3942 1962 4004 corrumpunt.

373 3999 590 4055 Utinam
622 4013 840 4067 semper
871 3999 1079 4054 lacunae
1101 4000 1520 4068 designarentur
1542 4004 1592 4055 in
1625 4018 1755 4058 mss.
1780 3999 1964 4059 Codex

371 4070 503 4126 Urh.
554 4071 687 4141 legit
730 4078 891 4124 totam
920 4071 1042 4140 ﬁdei
1099 4087 1320 4126 massam
1367 4073 1587 4143 perﬁdia
1633 4092 1807 4129 eorum
1855 4091 1967 4129 cor-

369 4153 640 4210 rumpunt,
673 4144 768 4196 sed
803 4144 1078 4212 Vulgatam
1117 4144 1409 4199 lectionem
1438 4148 1803 4213 praetulimus.
1827 4145 1964 4201 Cod.

372 4213 717 4290 Pant_a_gathi_,
750 4214 1066 4290 t9t_an_t__ﬁdei
1093 4232 1315 4290 massam
1357 4217 1580 4290 perﬁdia
1609 4228 1966 4290 corrumpunt.

444 4283 468 4321 ἀ
504 4284 631 4339 Mss.
679 4285 852 4339 Codd.
884 4283 1030 4338 Flor.
1073 4296 1128 4341 et
1161 4285 1308 4339 Vatt.
1351 4283 1460 4341 duo
1509 4290 1586 4342 sic
1634 4283 1866 4343 habeni:
1915 4291 1969 4342 in

373 4357 720 4431 amaritudine
756 4357 1138 4431 manducanda.
1176 4358 1310 4414 Editi
1347 4359 1594 4430 legebant
1634 4377 1818 4431 azyma
1856 4377 1973 4414 cum

375 4427 727 4502 amaritudine
787 4427 1227 4502 manducandum.
1312 4427 1483 4502 Supra
1541 4427 1757 4501 quoque
1837 4432 1975 4490 dixit

375 4497 716 4570 subcinericia
757 4515 962 4570 azyma,
1016 4514 1069 4554 et

379 4569 614 4640 paschali
651 4589 662 4625 :

689 4683 753 4736 Et
776 4697 893 4746 pura
919 4688 1057 4749 puris
1078 4687 1330 4736 mentibus

690 4749 999 4799 Sinceritatis
1022 4761 1196 4812 azyma.

450 4855 545 4928 Sic
573 4857 701 4912 ch.
738 4871 774 4912 tt
801 4874 813 4909 :
866 4853 1078 4928 Lagana
1107 4873 1289 4926 azyma
1317 4855 1428 4928 oleo
1459 4847 1584 4928 (ita;
1617 4864 1673 4912 et
1700 4850 1835 4910 ch.
1869 4871 1974 4910 vn:

385 4927 616 4996 Oﬂ'erent
641 4930 844 5000 rlagana
880 4925 1064 4998 azyma
1095 4925 1248 4980 uncta
1277 4925 1406 4980 oleo.
1455 4925 1610 4994 Quod
1645 4937 1979 5000 auleurcutn

383 4990 747 5055 amaritudine
774 4990 1261 5065 manducarenlur,
1301 4990 1635 5066 pra'ceptum
1661 5006 1782 5052 erat
1805 4990 1978 5051 Exod.

387 5088 481 5134 Ml,
509 5071 563 5134 8,
599 5083 652 5124 ut
683 5069 857 5141 azymi
895 5085 1060 5138 panes
1097 5071 1560 5123 manducarentur
1598 5085 1719 5122 cum
1757 5070 1982 5124 lactucis

385 5141 718 5212 agrestibus,
774 5157 868 5194 seu
919 5141 1362 5212 satttra‘olcrum
1417 5154 1766 5212 amarorum;
1823 5155 1980 5212 quem

389 5207 548 5282 Degis
573 5211 736 5266 ritum
770 5211 1047 5280 quomodo
1087 5207 1298 5282 l-lcbraei
1332 5211 1383 5265 in
1413 5227 1566 5282 caana
1621 5209 1857 5282 paschali
1889 5211 1987 5265 ob-

387 5281 697 5351 servarent,
733 5284 842 5337 late
872 5283 1128 5353 explicatA
1153 5281 1398 5353 Scaliger
1423 5286 1489 5337 de
1531 5281 1814 5353 Etncndat.
1849 5291 1984 5335 tem-

391 5371 580 5425 porum
613 5347 707 5410 lili.
733 5371 807 5416 vr,
852 5347 974 5423 pag.
1028 5347 1153 5407 572.
1186 5347 1487 5422 llas'porro
1543 5367 1756 5407 amaras
1787 5351 1986 5425 herbas

392 5424 728 5498 intingebant
786 5427 838 5480 in
914 5425 1252 5498 pulmentum
1309 5427 1732 5480 crassiust-ulum
1809 5424 1987 5498 sinapi

393 5494 592 5566 instar;
644 5494 938 5566 dicuntque
968 5497 1068 5552 hoc
1114 5496 1452 5566 pulmentum
1487 5513 1606 5550 (κερ
1653 5494 1988 5566 signnmluti

399 5571 449 5623 iu
482 5559 590 5639 quo
622 5559 936 5626 laborarunt
968 5559 1144 5638 patres
1168 5584 1356 5622 corttm
1387 5569 1436 5620 in
1473 5559 1730 5639 [Egyptoi
1765 5559 1990 5639 R._Mai-

399 5634 544 5697 mon.
576 5642 643 5695 de
672 5634 1041 5697 Fertnentfet
1080 5643 1268 5711 Azym.
1305 5653 1423 5707 cap.
1461 5642 1493 5693 8
1519 5682 1533 5703 ,
1567 5634 1802 5711 sect.i7:
1841 5634 1991 5711 Sole-

400 5712 517 5764 bant
547 5727 729 5784 pancm
758 5727 994 5783 azymum
1025 5709 1275 5784 indagare
1305 5711 1648 5784 inpufmento
1675 5709 1990 5784 charoscth,

399 5792 443 5835 et
474 5779 579 5835 tum
601 5783 765 5848 vesci;
796 5779 979 5838 deinde
1001 5779 1336 5837 immittebant
1356 5779 1536 5835 herbas
1559 5798 1764 5835 amaras
1787 5783 1837 5833 in
1864 5779 1993 5835 clla-

403 5857 613 5921 rOseth,
649 5855 1069 5926 vescebanturque
1091 5855 1173 5908 iis.
1204 5853 1336 5909 Vide
1365 5852 1610 5909 Buxtorf.
1639 5856 1837 5924 Synag.
1863 5850 1990 5909 Jud.

2064 3222 2154 3290 qui
2183 3219 2436 3274 laudatur
2463 3219 2604 3288 apud
2631 3215 2828 3273 Baron.
2858 3217 2923 3272 ad
2954 3221 3016 3270 A.
3041 3216 3104 3290 Ω.
3131 3215 3224 3281 54,
3257 3225 3310 3268 n.
3335 3217 3430 3279 45,
3464 3216 3516 3269 in
3544 3229 3666 3285 pas.

2059 3288 2202 3347 chali
2231 3290 2468 3346 secunda
2503 3304 2691 3345 mensa
2723 3303 2845 3342 cum
2895 3288 3324 3358 distribueretur
3365 3296 3508 3340 torta
3541 3302 3668 3358 azy-

2062 3381 2172 3425 tua,
2202 3363 2317 3417 hanc
2347 3363 2513 3416 verba
2543 3360 2938 3433 paterfamilias
2974 3358 3228 3414 dicebat:
3261 3355 3373 3433 fate
3399 3369 3473 3411 est
3513 3355 3665 3433 pan—is

2060 3424 2327 3497 tera-rimae,
2367 3449 2514 3503 quem
2544 3424 2870 3486 comederunt
2898 3438 3070 3503 patres
3113 3429 3276 3483 nostri
3309 3429 3361 3482 in
3393 3424 3529 3482 terra
3555 3424 3664 3503 {E-

2060 3508 2223 3578 gypti.
2269 3499 2525 3578 Quisquis
2567 3504 2746 3578 esurit,
2779 3499 3013 3578 accedat,
3067 3508 3115 3554 et
3161 3509 3375 3573 peragat
3429 3499 3665 3578 past-(ta;

2061 3575 2313 3646 quantvis
2349 3578 2463 3629 haec
2493 3591 2523 3630 a
2567 3575 2804 3630 Baronio
2837 3589 2936 3628 nec
2965 3576 3104 3646 rite,
3131 3589 3242 3646 uec_
3276 3579 3426 3626 recte
3456 3575 3668 3646 prolata

2064 3642 2186 3702 esse
2200 3647 2495 3701 contendat
2513 3647 2656 3700 idem
2682 3646 2996 3699 antorlius
3016 3685 3030 3708 ,
3056 3645 3190 3697 diss.
3213 3642 3280 3697 de
3302 3658 3456 3698 cmna
3485 3643 3670 3709 Dom.,

2067 3718 2203 3772 lltesi
2240 3719 2292 3782 i,
2325 3715 2352 3789 §
2393 3715 2454 3770 l4
2480 3759 2495 3782 ,
2529 3734 2590 3789 ῳ
2616 3715 2670 3789 7,
2706 3715 2927 3789 Denter.
2981 3713 3210 3789 xvi,__'5_,
3245 3714 3400 3780 panis
3443 3725 3666 3789 azytnus

2063 3799 2288 3844 vocatur
2313 3783 2466 3858 panis
2484 3785 2816 3841 alflictionis:
2850 3784 3063 3854 Septem
3081 3783 3258 3838 diebus
3286 3783 3522 3838 camertes
3540 3784 3666 3838 abte

2065 3877 2163 3932 que
2187 3865 2437 3932 {eratante
2465 3859 2768 3932 afﬂictionis
2792 3873 2997 3932 partem.

2143 3942 2165 3968 ο
2187 3924 2333 3986 ’νειμ
2371 3924 2588 3985 (Ιυο.”1ιι
2624 3924 2806 3994 editis,
2834 3927 2987 3982 aliter
3013 3941 3116 3979 non
3147 3924 3340 3979 editur.

2147 4001 2164 4040 ί
2198 4003 2371 4067 Flor.,
2405 4002 2456 4054 in
2483 3999 2576 4054 illa
2606 4009 2904 4053 sanctorum
2935 4007 3094 4064 terra,
3127 3998 3203 4050 uti
3236 4005 3291 4051 et
3318 3995 3441 4051 cod.
3476 3994 3669 4052 Panta-

2071 4075 2240 4146 gathi.
2277 4073 2440 4146 Saepe
2465 4087 2692 4146 numero
2726 4074 2776 4126 in
2808 4083 2941 4125 mss.
2975 4068 3173 4146 detrita
3200 4080 3440 4136 superne
3469 4067 3672 4146 lineola

2071 4140 2193 4217 qua:
2220 4144 2341 4199 addi
2365 4140 2527 4217 solet,
2545 4144 2615 4217 de
2639 4152 2831 4213 quarto
2853 4142 3068 4217 ca_s_u_lit
3088 4148 3318 4217 sextus;
3329 4140 3482 4217 quod
3505 4140 3672 4217 etiam

2073 4209 2587 4340 supramconspicmi
2647 4209 2854 4270 sumus.
2906 4211 3045 4268 Vide
3092 4210 3241 4279 Lips.
3287 4211 3380 4265 lib.
3428 4226 3504 4276 tt;
3542 4209 3669 4264 Var.

2073 4303 2194 4340 ean.
2305 4325 2319 4340 .

2073 4303 2194 4343 Cati.
2229 4291 2319 4342 12.

2143 4304 2352 4414 triﬁdi.“
2399 4359 2580 4428 inepte
2625 4357 2883 4428 legebant
2912 4353 3478 4428 vei__conversa_tionis;
3510 4351 3676 4428 resti-

2080 4431 2278 4486 tuimus
2307 4421 2869 4486 autem'conversionis
2891 4441 2956 4480 ex
2989 4422 3134 4480 Vatt.
3157 4421 3396 4487 duobus,
3435 4434 3599 4490 atque
3621 4422 3674 4490 in

1126 4481 1974 4574 satissatis"mittitia‘iam
1999 4481 2771 4599 Dgl'suéni‘asau'niega
2800 4497 2965 4552 etiam
3005 4495 3131 4554 cod.
3185 4493 3277 4566 qui
3322 4481 3425 4552 fuit
3468 4481 3677 4553 Octavii

2081 4571 2420 4630 Pantaaathi.
3063 4625 3066 4630 _

2478 4650 2532 4699 et
2555 4640 2685 4697 Urb.
2721 4638 3008 4694 subditur:
3044 4625 3189 4690 Finit
3211 4635 3462 4707 septimus
3488 4634 3552 4693 ds
3575 4633 3680 4692 lec-

2080 4719 2216 4770 tione
2244 4713 2440 4768 Exodi.

2161 4785 2175 4823 ί
2211 4785 2433 4854 Legitur
2459 4784 2515 4840 in
2554 4783 2794 4854 editione
2832 4777 3126 4854 Galeardi_:
3155 4775 3434 4854 Incipitdc
3460 4775 3679 4832 lectione

2085 4847 2353 4928 Evangeiii
2379 4864 2625 4928 tractatus
2651 4852 2874 4928 primus,
2905 4861 3066 4928 atque
3099 4847 3678 4928 hm_e_subjun_gunttrr:

2085 4928 2160 4981 lla
2189 4915 2309 4981 dum
2343 4927 2611 4981 editiones
2650 4915 2818 4978 Paris.
2861 4915 2916 4975 et
2944 4915 3135 4975 Colon.
3169 4920 3314 4976 Flor.
3341 4915 3556 4975 cod—ex:
3588 4915 3684 4973 Ιη-

2087 4999 2210 5069 cipit
2238 4997 2300 5050 de
2345 4995 2614 5069 Evangeiii
2660 4993 2878 5069 lectione
2917 4992 3135 5069 primus,
3167 4987 3270 5069 ‘qui
3299 5001 3374 5046 est
3416 4993 3468 5044 in
3500 4991 3679 5069 ordine

2087 5060 2315 5123 oétavus.
2362 5060 2524 5122 Liber
2555 5062 2877 5134 Pantagathi
2902 5060 2923 5114 :7
2947 5060 3201 5134 ,Explicit
3238 5072 3489 5134 tractatus
3525 5062 3683 5132 septi~

2090 5157 2201 5193 mus
2227 5140 2288 5191 de
2333 5139 2552 5193 lectione
2587 5130 2778 5190 Exodi.
2810 5130 3002 5206 Incipit
3044 5130 3119 5206 de
3150 5130 3419 5206 Evangelii
3463 5130 3684 5186 lectione

2089 5213 2286 5282 primus
2305 5250 2334 5282 ,Α
2349 5212 2437 5282 qui
2463 5208 2815 5282 estirtordirte
2845 5203 3069 5282 octavus.
3109 5205 3225 5259 Duo
3247 5203 3396 5282 Vati:
3425 5206 3540 5282 haec
3569 5210 3685 5282 tag-

2091 5268 2242 5352 tum:
2303 5268 2512 5352 Piimus
2539 5280 2630 5352 qui
2671 5286 2743 5352 est
2773 5279 2824 5333 in
2874 5278 3053 5352 ordine
3093 5272 3572 5352 octavus.__Urhin.:
3608 5268 3688 5327 De

2091 5349 2359 5422 Evangelii
2402 5345 2615 5422 lectione
2660 5349 2875 5418 primus,
2902 5349 2994 5422 qui
3035 5348 3202 5422 estde
3237 5345 3416 5422 ordine
3453 5353 3686 5422 octavus,

2092 5413 2294 5492 incipit.
2331 5423 2506 5478 Editio
2533 5413 2787 5493 Lugdun.
2815 5438 2828 5474 :
2881 5413 2952 5473 lie
2980 5419 3196 5473 lectione
3230 5413 3498 5486 Evangelii
3544 5425 3684 5467 trac-

2091 5505 2227 5550 tatus
2249 5505 2479 5550 octavus.
3067 5552 3070 5554 γ

2169 5567 2182 5620 i
2222 5565 2346 5621 Mss.
2376 5568 2525 5633 ierit,-
2568 5566 2706 5621 sicut
2750 5565 2911 5618 etiam
2946 5560 3110 5632 paulo
3141 5567 3264 5629 post
3305 5559 3359 5611 in
3391 5557 3491 5610 vini
3529 5571 3689 5626 sapo-

2096 5657 2220 5703 rem,
2255 5648 2596 5709 naturamque
2621 5635 2946 5709 converterit.

2173 5699 2218 5747 k'
2243 5710 2438 5764 Deerat
2459 5699 2566 5762 vox
2597 5711 2698 5761 isse
2719 5709 2771 5760 in
2805 5699 3351 5768 tribuscditionihus,
3376 5715 3537 5769 quam
3561 5714 3693 5768 sup-

2059 5825 2064 5828 .
2100 5781 2371 5851 plevimus
2402 5795 2470 5835 ex
2512 5780 2664 5851 Flor.
2693 5789 2748 5830 et
2788 5777 2935 5851 _\_’a_tt.
2990 5772 3225 5851 duobus.
3272 5772 3414 5851 liam
3473 5769 3693 5851 exhibet

2099 5842 2268 5906 etiam
2306 5867 2411 5905 ms.
2447 5852 2584 5905 liber
2610 5847 2820 5903 Octavii
2857 5842 3194 5913 l’anlagathi,
3253 5845 3408 5899 deest
3459 5858 3593 5897 vero
3643 5842 3698 5896 in
