4096 6192
557 278 659 331 887

1635 276 1690 330 S.
1732 270 2111 330 GAUDENTII
2150 272 2410 329 BRIXIIE
2452 271 2762 333 EPISCOPI

3722 276 3810 330 838

553 390 621 443 ad
657 389 1013 445 festivitatem
1040 390 1372 459 nuptiarum,
1412 390 1463 445 id
1496 401 1579 445 est
1612 390 1666 445 in
1689 390 1852 445 domo
1875 392 2145 462 epulatio-
2172 388 2225 449 A
2254 387 2377 445 facti
2406 388 2769 445 historialiter
2798 405 3163 461 exponamus.
3210 390 3336 447 ideo
3365 393 3671 462 nuptiarum
3694 394 3813 448 cele«

560 485 666 552 uis,
699 485 966 555 quispiam
999 496 1247 539 nosuum
1287 499 1392 539 n0u
1437 486 1556 541 sine
1580 487 1801 543 ratione
1840 489 2148 544 mirabitur.

560 577 855 632 Enimvero
880 618 896 643 ,
943 576 1256 631 cbarissimi
1284 619 1298 643 ,
1349 593 1490 647 pene
1518 578 1701 634 omnis
1725 579 2149 650 Evangeliorutn

558 678 739 726 textus
765 712 779 735 ,
831 670 1123 725 Dominum
1152 669 1430 726 Christum
1462 674 1602 728 inter
1643 674 1894 729 homines
1923 689 2155 731 conver-

556 775 767 819 santem
796 764 1106 833 desperatis
1135 765 1301 821 rebus
1337 782 1501 836 opem
1547 768 1848 822 contulisse
1890 769 2148 840 insinuat,

554 867 610 912 et
640 872 802 927 quam
835 856 1069 912 maxime
1097 860 1421 914 mteroribns
1445 859 1690 915 adfuisse
1717 878 1730 914 :
1760 861 1886 915 dum
1906 861 2153 933 blasphe-

558 962 773 1008 tuantes
800 952 1021 1007 Judaeos
1050 955 1329 1023 increpat,
1361 954 1488 1008 dum
1522 954 1745 1010 Scribas
1769 965 1821 1010 et
1844 955 2153 1011 Pltarismos

553 1046 815 1113 fallacia),
851 1048 995 1112 doli,
1046 1047 1289 1103 avaritin
1324 1063 1479 1116 reus,
1506 1050 1870 1119 vanitatisque
1901 1050 2151 1120 coarguit

553 1138 707 1210 (Luc.
742 1142 846 1211 x1);
903 1141 1030 1194 dtttn
1066 1141 1380 1196 civitatibus
1413 1142 1706 1210 exprobrat
1733 1141 2054 1209 incredulis,
2086 1158 2151 1197 ac

555 1236 799 1290 minatur
844 1235 1061 1306 (Matth.
1105 1237 1213 1307 xn);
1259 1237 1383 1290 dum
1420 1238 1645 1306 Spiritus
1677 1239 2152 1305 torquetimmun-

553 1327 652 1383 dos
675 1327 828 1399 (an.
857 1329 995 1399 vni),
1023 1338 1122 1383 ut"
1149 1330 1365 1400 imagini
1394 1345 1505 1385 sua:
1529 1332 1815 1400 captivatte
1839 1331 2145 1397 subveniat,

552 1433 607 1476 et
652 1423 906 1493 expulsis
943 1424 1233 1477 dmmoniis
1276 1424 1590 1480 salubritati
1632 1427 1895 1481 restituat
1934 1435 2152 1481 mentes

552 1514 978 1580 olisessas;dutn
1010 1515 1263 1585 leprosos
1298 1517 1672 1586 supplicantes
1702 1519 1967 1572 etnundat
1989 1518 2143 1591 (Luc.

554 1608 721 1679 xvn);
754 1609 882 1663 dum
931 1608 1303 1678 paralyticos,
1360 1611 1561 1679 lingua:
1595 1613 1767 1665 solius
1804 1628 1909 1682 qua
1950 1627 2152 1682 preca-

556 1712 748 1755 rentur
776 1702 1024 1757 viventes
1060 1703 1265 1769 officio,
1302 1705 1570 1758 reformat
1616 1706 1820 1775 p0tius,
1853 1720 2018 1773 quam
2052 1721 2147 1760 ru-

2257 486 2509 541 britatem
2564 501 2669 541 non
2720 497 3047 556 aspernatur
3079 486 3367 555 Christus,
3415 498 3472 543 ut
3500 487 3738 543 eumdem
3766 504 3815 544 se

2256 591 2379 632 esse
2413 587 2648 633 testetur
2679 578 2871 645 Deum,
2921 581 3008 649 qui
3053 579 3121 634 de
3171 579 3300 635 limo
3343 590 3501 636 terrm
3532 580 3815 651 flguraverit

2255 672 2322 726 ab
2368 671 2525 725 initio
2567 672 2741 725 virum
2788 682 2845 727 et
2878 671 3137 727 feminam
3171 716 3184 739 ,
3235 673 3543 742 iisdemque
3574 673 3817 728 licentiam

2258 763 2507 817 tribuerit
2536 763 3149 834 conjugalem,dicens:
3185 765 3411 820 Crescite
3462 774 3506 817 et
3528 765 3821 836 multiplica-

2256 859 2422 923 mini,
2481 867 2526 912 et
2572 858 2784 927 implete
2822 869 3012 914 terram
3044 859 3198 932 (Cen.
3234 861 3297 932 ι).
3350 863 3505 929 Quod
3536 861 3823 916 Manichzeis

2258 950 2485 1019 perditis
2522 951 2662 1006 adeo
2688 952 2945 1022 displicet
2972 954 3375 1020 constitutum;
3410 955 3603 1024 quibus
3634 970 3729 1025 ego
3766 955 3824 1009 ob

2256 1044 2655 1100 immunditiam
2698 1060 2850 1099 suam
2880 1058 3012 1116 puto
3046 1063 3153 1102 non
3178 1049 3365 1119 utique
3397 1064 3509 1102 rem
3546 1048 3821 1115 nuptialem

2253 1137 2568 1207 displicere,
2627 1136 2644 1176 ί
2690 1139 2788 1194 sed
2828 1139 3038 1210 legem,
3080 1156 3202 1211 qua:
3246 1157 3350 1195 non
3387 1142 3587 1195 multas
3616 1139 3821 1195 feminas

2255 1232 2349 1284 uni
2382 1230 2521 1297 viro,
2569 1247 2748 1302 neque
2786 1247 2947 1287 unam
2982 1234 3239 1288 feminam
3271 1235 3462 1289 multis
3492 1235 3649 1301 viris,
3689 1243 3711 1279 ε
3741 1233 3823 1289 sed

2253 1339 2414 1378 unam
2450 1324 2708 1381 feminam
2757 1327 2848 1380 nni
2892 1327 3013 1382 vito
3065 1328 3368 1397 conjungil.
3440 1326 3644 1382 Nolunt
3694 1326 3823 1381 enim

2253 1416 2440 1471 vivere
2489 1417 2593 1485 ipsi
2649 1417 3031 1472 exsecrabiles
3079 1419 3361 1474 Manicltari
3407 1419 3565 1489 juxta
3615 1420 3821 1488 apostoli

2251 1507 2403 1562 Pauli
2433 1507 2744 1565 doctrinam
2764 1552 2777 1575 ,
2833 1519 2890 1565 ut
2938 1514 3293 1582 unusquisque
3321 1530 3471 1567 suam
3504 1530 3715 1567 uxorem
3740 1513 3822 1565 Ita-

2249 1600 2381 1664 beat,
2406 1610 2453 1654 et
2484 1619 2803 1673 nnaqquue
2830 1619 2983 1657 suum
3011 1605 3177 1658 virum
3204 1603 3250 1675 (l
3273 1604 3392 1659 Cor.
3419 1605 3535 1676 vlt).
3563 1604 3826 1660 Benedixil

2249 1708 2380 1763 ergo
2408 1694 2550 1764 quod
2573 1696 2938 1751 conSIituerat
2967 1711 2997 1750 a
3022 1698 3323 1767 primordio
3359 1697 3666 1768 legitimum
3687 1697 3826 1753 Chri-

553 1806 636 1850 rat
665 1795 883 1867 (Matth.
912 1795 1021 1867 ix);
1056 1795 1183 1850 dum
1222 1807 1549 1867 tempestate
1583 1798 1751 1851 maris
1784 1799 2143 1867 periclitanti-
2175 1790 2221 1849 B
2248 1798 2365 1842 stus
2396 1790 2734 1861 cortiugium,
2760 1790 2889 1845 dum
2923 1806 3151 1861 pergere
3180 1791 3244 1846 ad
3285 1794 3502 1862 nuptias
3531 1807 3642 1846 non
3671 1793 3825 1845 renuit

552 1891 675 1955 bus,
715 1892 832 1960 ipse
863 1906 1029 1960 super
1060 1906 1228 1959 aquas
1271 1891 1580 1957 ambulans,
1615 1905 1845 1946 securus
1876 1892 2149 1961 tranquil-

549 1984 693 2037 lator
722 1982 991 2037 adventat
1022 1981 1240 2052 (Matth.
1275 1979 1408 2051 XIV);
1441 1981 1571 2036 dum
1607 1982 1689 2036 vel
1717 1982 1943 2036 ctecatis
1970 1983 2148 2037 oculis

547 2076 756 2131 donum
792 2075 929 2130 lucis
968 2076 1187 2130 amissae
1234 2075 1613 2146 redintegrat,
1665 2076 1750 2129 vel
1795 2091 1825 2128 a
1856 2076 2147 2131 nativitate

549 2167 713 2221 carcis
744 2182 946 2221 novum
980 2168 1165 2221 lumen
1207 2166 1447 2221 infundit
1494 2167 1651 2239 (an.
1690 2182 1839 2231 xvnt;
1879 2166 2039 2221 Joan.
2067 2183 2144 2232 tx;

554 2260 745 2314 Matth.
783 2260 883 2325 rx);
917 2260 1047 2313 dum
1080 2261 1225 2315 inter
1264 2270 1492 2315 maestas
1534 2259 1920 2329 mgrotantium
1958 2260 2147 2313 turbas

551 2353 808 2409 medendi
840 2354 1051 2424 peritus
1096 2353 1353 2418 adsistit;
1405 2351 1532 2407 dum
1567 2353 1752 2407 luctus
1775 2352 1957 2407 varios
1983 2351 2147 2406 obse-

546 2445 818 2503 crantium
849 2454 1137 2515 parentum
1170 2445 1448 2512 dimovet,
1499 2446 1583 2500 vel
1614 2446 1919 2499 morientes
1950 2458 2143 2499 eorum

547 2539 747 2595 charos
796 2539 1015 2593 sanitati
1068 2539 1391 2605 restituens,
1429 2538 1514 2594 vel
1546 2550 1795 2593 mortuos
1826 2537 1953 2591 vitae
1984 2535 2140 2609 (Luc.

543 2649 614 2687 vn
646 2631 849 2697 ;.loan,
882 2634 982 2702 χι).
1019 2631 1096 2685 Ad
1140 2631 1245 2686 hoc
1280 2632 1429 2686 enim
1460 2630 1635 2686 Filius
1664 2631 1791 2695 Dei,
1825 2630 1947 2685 sine
1982 2630 2139 2684 initio

548 2727 715 2789 Deus,
751 2724 805 2778 in
838 2723 946 2778 fine
973 2722 1159 2778 Saeculi
1191 2723 1410 2778 initium
1443 2725 1626 2779 carnis
1653 2722 1891 2791 sumpsit
1919 2737 1992 2776 ex
2019 2721 2142 2776 Vir—

547 2819 705 2890 gine,
752 2828 808 2873 et
841 2818 982 2872 inter
1022 2818 1274 2872 homines
1308 2816 1629 2872 conversari
1657 2817 1910 2888 dignatus
1939 2826 2049 2882 est,
2083 2823 2142 2869 ut

550 2914 675 2968 huic
699 2912 904 2969 mundo
932 2921 1281 2966 succurreret
1307 2911 1595 2982 pereunti;
1624 2911 1908 2981 quoniam,
1936 2920 1993 2963 ut
2025 2912 2142 2979 ipse

543 3007 660 3072 ait,
698 3022 801 3059 non
831 3013 941 3058 erat
970 3020 1101 3074 Opus
1128 3005 1271 3057 sanis
1296 3003 1517 3069 medico,
1549 3004 1639 3056 sed
1668 3001 1804 3056 male
1828 3001 2137 3056 habentibus

543 3098 767 3173 (Matth.
796 3102 903 3169 ιχ).
932 3099 1173 3155 Medicus
1200 3098 1348 3153 enim
1369 3097 1761 3153 maestitudinis
1782 3097 2005 3151 domum
2039 3112 2137 3165 po-

2254 1881 2518 1937 invitatns
2554 1901 2567 1937 :
2599 1893 2654 1939 et
2683 1894 2861 1938 tamen
2887 1883 3257 1951 virginitatem
3288 1884 3478 1940 docuit
3503 1899 3632 1940 esse
3655 1884 3825 1938 melio-

2253 1990 2391 2042 rem,
2425 1976 2550 2031 dtttn
2595 1977 2767 2047 magis
2808 1993 2904 2049 per
2933 1993 3053 2032 eam
3085 1978 3241 2033 nasci
3274 1978 3555 2049 dignatur.
3593 1977 3825 2033 Probavit

2250 2078 2495 2123 sanctam
2525 2069 2801 2140 Virginem
2830 2087 2987 2125 suum
3019 2087 3144 2126 esse
3161 2070 3505 2127 domicilium
3535 2066 3725 2134 Deus,h
3750 2069 3824 2124 ubi

2246 2162 2501 2218 columen
2533 2165 2759 2235 pudoris
2786 2174 3107 2236 perpetuum
3136 2175 3315 2222 servet
3363 2167 3667 2237 ingressus,
3714 2164 3824 2219 dum

2248 2256 2368 2312 sine
2399 2256 2735 2313 detrimento
2764 2259 3095 2331 integritatis
3118 2268 3382 2316 maternae
3408 2263 3677 2327 nascitur,
3720 2261 3822 2313 siue

2246 2349 2561 2420 corruptela
2594 2362 2917 2422 conceptus.
2938 2352 3170 2423 [deoque
3194 2369 3285 2409 vas
3310 2354 3600 2409 electionis
3614 2354 3823 2424 Aposto-

2247 2442 2354 2509 lus,
2375 2446 2442 2497 ad
2468 2444 2611 2499 istud
2634 2444 2837 2499 bonum
2867 2446 3010 2516 quod
3035 2458 3366 2502 consecutus
3384 2446 3585 2517 fuerat,
3613 2458 3821 2504 cancros

2246 2535 2536 2606 invitabat,
2568 2537 2759 2593 dicens
2793 2539 3033 2608 innuptis
3064 2553 3076 2588 :
3109 2538 3315 2593 Bonum
3331 2549 3402 2595 est
3434 2542 3544 2595 illis
3566 2543 3612 2596 si
3634 2544 3707 2595 sic
3725 2559 3822 2613 pcr~

2248 2631 2553 2695 manserint,
2587 2634 2717 2685 sicut
2758 2649 2852 2701 ego
2877 2632 2919 2703 (1
2953 2631 3073 2687 Cor.
3104 2635 3222 2704 vn).
3274 2635 3539 2703 Exemplo
3570 2636 3824 2691 felicitatis

2245 2723 2520 2789 hortatur,
2545 2740 2652 2779 non
2686 2725 2823 2794 legis
2849 2735 3121 2796 potestate
3147 2727 3471 2797 compellit,
3509 2728 3577 2783 de
3629 2728 3826 2798 virgini-

2243 2816 2355 2880 bus,
2383 2815 2663 2885 inquiens;
2696 2828 3015 2888 praeceptum
3044 2816 3257 2873 Domini
3286 2835 3385 2873 non
3420 2819 3626 2875 habeo:
3666 2820 3822 2873 consi-

2245 2910 2370 2963 lium
2396 2920 2566 2966 autem
2601 2912 2699 2979 do,
2734 2912 2884 2981 quasi
2906 2912 3319 2967 misericordiam
3350 2923 3660 2968 consecutus
3682 2930 3713 2966 a
3731 2911 3825 2964 Do-

2243 3002 2413 3069 mino,
2459 3015 2513 3055 ut
2568 3004 2665 3056 sim
2706 3003 2912 3074 ﬁdelis;
2953 3006 3073 3073 quia
3123 3008 3326 3077 expedit
3368 3006 3571 3060 homini
3615 3008 3690 3060 sic
3734 3020 3826 3058 esse

2242 3092 2458 3166 (Ibid).
2477 3095 2545 3151 Et
2566 3108 2690 3168 post
2708 3098 2926 3167 longam
2950 3097 3309 3152 munitionem
3327 3140 3342 3163 ,
3379 3115 3482 3168 qua
3503 3100 3823 3155 castimonia:

543 3193 1071 3264 tius,quamla3titiaa
1096 3190 1919 3261 ingrcdicousuevit.Autcnim
1945 3191 2138 3245 vulne-
2163 3174 2208 3236 (ἶ
2245 3190 2638 3247 beatitudinem
2670 3192 2975 3247 conditioni
3010 3194 3251 3263 prtetulit
3301 3196 3638 3264 nuptiarum,
3672 3194 3683 3231 ί
3719 3208 3825 3248 seu-

539 3302 660 3340 rum
693 3285 885 3340 dolore
920 3284 1146 3339 afflictis
1175 3282 1520 3337 necessarius
1545 3291 1652 3348 est,
1690 3292 1785 3336 aut
1808 3281 1834 3319 ι)
1859 3281 2140 3352 a-gritudi-

542 3379 628 3433 nis
659 3378 855 3433 morbo
883 3377 1285 3441 laborantibus,
1323 3388 1344 3413 ο
1379 3384 1471 3430 aut
1498 3376 1645 3430 lenta
1694 3376 1968 3431 viscerum
2010 3377 2139 3433 tabe

541 3473 812 3538 defectis;
862 3472 989 3542 quia
1021 3472 1219 3527 medici
1252 3470 1491 3527 officium
1519 3473 1859 3541 prosperitas
1901 3488 2010 3526 non
2051 3488 2138 3527 re-

538 3564 727 3636 quirit.
770 3564 913 3633 Quid
933 3574 1018 3620 est
1040 3580 1193 3635 ergo,
1220 3566 1363 3635 quod
1394 3565 1499 3619 ista
1524 3564 1800 3636 Evangelii
1821 3566 1985 3621 lectio
2015 3583 2136 3637 quae

538 3657 705 3713 hodie
759 3657 988 3713 recitata
1039 3668 1162 3722 est,
1218 3658 1505 3712 festivitati
1545 3659 1771 3728 nuptiali
1822 3658 2137 3715 interfuisse

540 3750 831 3806 Dominum
891 3750 1144 3821 perhibet
1212 3751 1527 3817 invitatum,
1588 3751 1694 3805 nisi
1746 3752 1891 3821 quod
1953 3753 2027 3808 ibi
2050 3754 2132 3806 vi-

540 3861 709 3914 num,
769 3846 822 3900 id
854 3845 1144 3915 esﬁvirtus
1195 3844 1403 3900 lmtitim
1450 3844 1783 3914 spiritualis,
1832 3846 2133 3913 defecerat,

534 3949 591 3992 et
640 3939 974 4010 languebant
1013 3937 1041 3974 ἀ
1091 3939 1397 3994 sitientium
1453 3940 1811 3994 convivarum
1862 3955 1959 3995 ora
2020 3940 2133 3995 vini

536 4033 875 4088 lmtiﬁcantis
903 4033 1113 4102 inopia;
1158 4033 1417 4101 quoniam
1452 4036 1628 4086 vinum
1658 4032 1890 4101 laetiﬁcat
1928 4048 2015 4086 cor
2044 4033 2138 4086 Ito-

533 4126 709 4189 minis,
762 4136 818 4178 ut
841 4125 916 4177 ait
946 4123 1219 4190 PrOpheta
1245 4122 1364 4194 (Ps.
1394 4126 1533 4196 CIII).
1586 4125 1749 4195 270
1798 4125 1903 4179 Sed
1953 4129 2133 4194 prius-

535 4229 695 4283 quam
732 4225 754 4249 θ
789 4215 1091 4284 spiritalem
1138 4214 1421 4268 scientiam
1470 4220 1810 4281 revolemus,
1859 4215 2131 4271 rationem

531 4357 815 4415 Urbinate.
864 4349 1217 4405 Festivitatem
1264 4353 1577 4423 nuptiarum
1610 4351 1694 4406 hic
1746 4368 1775 4407 a
1816 4353 2122 4412 Gaudentio

2245 3284 2415 3338 tentia
2452 3291 2730 3353 postrema
2762 3285 3075 3339 conclusit:
3112 3284 3286 3359 Igitur
3304 3288 3391 3339 eti
3426 3287 3518 3357 qui
3545 3288 3636 3340 dat
3680 3286 3821 3355 virgi-

2244 3392 2356 3429 nem
2381 3393 2531 3429 suam
2559 3379 2767 3445 nuptui,
2798 3378 2924 3431 bene
2951 3380 3115 3447 facit;
3145 3388 3191 3432 et
3235 3380 3326 3450 qui
3356 3396 3457 3434 non
3497 3380 3612 3448 ttat,
3659 3378 3823 3433 melius

2241 3470 2368 3539 facit
2395 3469 2439 3538 (l
2466 3469 2586 3525 Cor.
2617 3487 2709 3537 vtt,
2732 3472 2848 3541 58).
2885 3472 3042 3539 Quod
3070 3487 3172 3543 ego
3193 3474 3433 3528 arbitror
3456 3490 3566 3529 non
3600 3471 3822 3544 parenti-

2240 3563 2339 3616 bus
2378 3563 2651 3633 virginum
2677 3565 2849 3619 fuisse
2880 3581 2909 3618 a
2944 3565 3105 3620 beato
3133 3566 3403 3636 Apostolo
3423 3567 3660 3634 dictum,
3701 3580 3823 3637 quos

2241 3666 2457 3709 Constat
2517 3656 2715 3711 aliena}
2769 3656 3067 3712 voluntatis
3125 3659 3357 3713 arbitrio
3410 3660 3684 3716 dominari
3730 3674 3822 3714 non

2243 3764 2435 3819 posse;
2463 3751 2559 3805 sed
2587 3752 2881 3823 unicuique
2911 3753 3119 3807 homini
3152 3763 3259 3808 tam
3290 3754 3433 3821 viro,
3466 3771 3634 3825 quam
3693 3754 3826 3809 femi-

2242 3859 2346 3910 nae,
2379 3844 2660 3915 optionem
2691 3846 2858 3901 fuisse
2885 3847 2954 3900 ab
2984 3848 3178 3903 eodem
3224 3860 3421 3905 saneto
3467 3850 3789 3921 propositam
3811 3889 3823 3910 .

2244 3946 2297 3988 ut
2333 3935 2597 4007 virginem
2628 3951 2780 3992 suam
2817 3939 2945 4010 (hoc
2976 3950 3059 3993 est
3084 3954 3309 3996 carnem
3341 3957 3520 4008 suam,
3572 3942 3822 4011 virginem

2245 4035 2449 4103 natam)
2480 4043 2573 4088 aut
2604 4035 2906 4105 integritati
2926 4045 3238 4103 conservet,
3263 4037 3552 4092 meliorem
3600 4046 3823 4107 partem,

2244 4122 2585 4196 liberamque
2608 4126 2819 4196 eligens
2843 4170 2857 4191 ,
2894 4138 2987 4181 aut
3017 4128 3201 4198 agnita
3253 4128 3598 4193 conditione,
3652 4128 3822 4198 nupttli

2241 4233 2384 4285 eam,
2413 4220 2459 4272 si
2486 4234 2547 4275 se
2577 4236 2682 4275 non
2703 4222 2971 4289 continet,
3004 4222 3490 4293 tradat..Parentes
3516 4236 3719 4289 autem,
3747 4221 3819 4275 vel

2310 4360 2327 4399 ί
2370 4362 2426 4417 lu
2460 4380 2562 4419 nis.
2589 4365 2911 4442 Pantagathi
2945 4367 3025 4423 sic
3051 4368 3286 4442 legitur:
3320 4372 3409 4425 sed
3433 4372 3621 4442 legem.
3653 4370 3818 4442 Legem

532 4430 641 4513 dici
669 4423 874 4513 notavit
899 4423 1105 4513 Savat‘o
1128 4423 1208 4513 at].
1228 4422 1664 4513 indtt-lligllﬂl.ol_il}.
1696 4439 1858 4506 1-,.ep.
1892 4428 1948 4493 5,
1977 4430 2129 4513 simi-
2160 4439 2212 4498 1)
2236 4450 2352 4503 qua:
2380 4454 2483 4489 non
2516 4438 2706 4513 multas
2724 4422 2955 4513 [Eminus
2987 4422 3235 4513 tittibiro,
3261 4422 3817 4513 scd'unai'n’fem—ininn,

530 4501 749 4567 lemque
769 4496 947 4551 locum
986 4494 1215 4567 protulit
1242 4492 1425 4567 Optati
1457 4504 1511 4567 et
1540 4492 1920 4563 Sidonii;'qua
1974 4499 2027 4553 in
2060 4502 2133 4556 si-

569 4564 883 4626 nificatione
908 4566 1203 4636 festivitatis
1226 4566 1451 4620 verbum
1481 4564 1736 4621 festivum
1788 4569 1863 4620 ait
1910 4584 2034 4626 esse
2080 4583 2136 4627 et

627 4642 799 4697 idum.

554 4659 885 4769 θξὲἰὲῐέᾏίιί
922 4708 1128 4784 pariter
1175 4724 1241 4766 ac
1263 4724 1441 4784 mss;
1492 4717 1549 4763 at
1596 4708 1719 4784 cod.
1772 4710 2127 4784 Pantagathi,

527 4784 748 4858 imagini
790 4798 909 4858 suat;
926 4781 1313 4858 captivitatem;
1338 4780 1573 4836 fortasse
1612 4780 1902 4852 legendum
1936 4780 2128 4858 iinagié

527 4856 608 4909 nis
635 4871 742 4924 sua:
771 4854 1077 4924 captivitati.

602 4926 627 4963 ι)
672 4923 830 4996 Vatt.
852 4926 993 4996 duo,
1017 4924 1408 4996 aegritudinum.

600 5006 623 5035 ε
668 4996 759 5049 Sic
789 4994 933 5049 Vatt.
966 4994 1095 5057 duo,
1127 4994 1274 5066 Flor.
1327 5006 1382 5052 et
1433 4994 1592 5064 Urb.,
1643 4998 1840 5066 quibus
1883 4998 2126 5055 concinit

525 5067 668 5122 liber
695 5065 1038 5135 Pautagathi.
1078 5065 1283 5121 Dicitur
1325 5079 1505 5121 autem
1559 5065 1690 5122 satis
1741 5068 1934 5124 Latine
1985 5071 2123 5126 lenta

521 5140 914 5210 viscerumgtabe
940 5136 1175 5210 defectis,
1202 5152 1300 5206 pro
1336 5138 1717 5210 deﬁcientibus,
1741 5150 1799 5193 ut
1829 5142 1969 5210 apud
2016 5141 2124 5196 Co-

522 5213 654 5265 lum.
680 5211 749 5265 de
778 5208 855 5262 Re
878 5215 1014 5261 rust.
1051 5208 1215 5273 lib.v,
1246 5224 1296 5262 c.
1323 5208 1357 5263 6
1386 5226 1399 5263 :
1428 5209 1675 5263 Arborem
1702 5213 1844 5265 senio
1865 5208 2119 5274 defectam

515 5281 744 5345 tollere,-
774 5289 829 5334 et
857 5277 1085 5353 Quintil.
1120 5279 1219 5353 lib.
1240 5290 1477 5353 nt,gcap.
1496 5280 1582 5353 784:
1616 5282 1845 5352 Obsessi,
1873 5292 1919 5337 et
1948 5285 2117 5353 impa-

516 5368 621 5416 res,
656 5362 891 5423 etaqua,
917 5349 1133 5423 ciboque
1159 5349 1367 5423 defecti.
1415 5351 1710 5407 Salvianus
1739 5349 1981 5423 qucque,
2015 5349 2111 5411 lib.

518 5439 551 5477 v
589 5426 657 5478 de
696 5422 942 5479 Gubern.
979 5421 1074 5477 Dei
1109 5438 1122 5473 :
1161 5421 1223 5477 Si
1253 5423 1463 5490 quando
1504 5426 1719 5493 defectis
1758 5421 1969 5479 urbibus
2018 5430 2115 5481 mi-

518 5495 755 5550 nuendas
794 5496 849 5549 in
903 5493 1077 5564 aliquo
1125 5493 1429 5565 tributarias
1458 5494 1785 5565 functiones,
1838 5505 2116 5564 potestates

517 5582 743 5639 summa:
777 5566 1200 5639 existimaverint.
1245 5564 1529 5639 Editiones
1567 5568 1806 5623 absurde
1835 5567 2107 5639 legebant,

517 5636 675 5744 (maga
696 5638 949 5692 viscerum
971 5638 1086 5691 tabe
1106 5637 1343 5691 desertis.

644 5708 698 5744 In
728 5723 840 5744 mea
922 5708 1204 5744 «Stin-stium
1235 5710 1343 5744 ιοηριι

644 5708 699 5763 In
728 5723 886 5773 mss.,
919 5708 1205 5762 sitientium
1234 5710 1396 5763 turba:
1416 5720 1735 5765 vocatorum.

591 5787 615 5813 ⁶
645 5775 732 5833 Sic
763 5778 911 5834 Vatt.
930 5779 1038 5835 duo
1056 5779 1262 5836 etUrb.
1294 5781 1419 5843 Ed.,
1438 5782 1795 5854 spiritualium
1814 5784 2105 5842 scientiamt

2243 4520 2435 4584 vet-tun
2468 4509 2675 4584 escidit
2724 4509 2953 4564 librario
2990 4512 3144 4567 κὼλον
3186 4529 3349 4583 neque
3392 4509 3817 4584 unam'fcminatn

2240 4578 2439 4651 multis
2472 4580 2632 4644 viris;
2691 4595 2861 4649 quare
2918 4578 3274 4651 prmtulimns'
3320 4584 3484 4639 aliain
3545 4578 3815 4640 lectionem

2235 4663 2358 4717 qua:
2390 4648 2607 4719 plenior
2634 4648 2737 4719 cst,
2774 4648 3109 4723 fulciturque
3140 4670 3416 4711 consensu
3449 4658 3743 4713 editionum
3769 4663 3816 4709 et

2236 4734 2369 4775 IIISS.

2306 4793 2332 4832 ε
2374 4791 2747 4866 Expunximus
2773 4797 2833 4852 τὸ
2858 4797 3035 4866 etiam,
3070 4812 3192 4853 cum
3222 4816 3327 4853 non
3359 4798 3626 4855 habeatur
3654 4800 3703 4853 in
3727 4802 3813 4853 tri-

2235 4860 2335 4942 bus
2369 4860 2498 4942 mss.
2522 4863 2582 4942 1η
2611 4864 2795 4942 editis,
2833 4860 3035 4942 inepte,
3068 4871 3159 4942 sed
3184 4872 3340 4923 etiam
3368 4887 3523 4925 unam
3556 4872 3804 4942 feminam.

2230 4932 2469 5012 finusul‘e
2520 4935 2583 4989 D.
2614 4932 2846 5007 August.
2870 4932 2951 5012 (de
2984 4932 3227 4995 moribus
3260 4942 3496 4997 Mauich.
3530 4932 3651 5012 c'ap.
3683 4944 3743 4997 i8
3765 4952 3811 4995 et

2228 5005 2445 5128 τοξοειΡὶ
2476 5022 2583 5062 non
2615 5005 2784 5078 pauca
2816 5010 2882 5065 ad
2917 5011 3305 5068 illustrandum
3354 5012 3500 5069 hunc
3540 5005 3808 5070 Gaudentii

2374 5095 2387 5128 I
2415 5117 2429 5128 .

2248 5089 2429 5132 0011111.

2299 5145 2326 5221 1³
2360 5148 2557 5204 Lumen
2583 5152 2800 5221 pudoris
2822 5153 3010 5221 legunt
3031 5162 3145 5209 tres
3176 5157 3471 5212 editiones.
3501 5156 3649 5213 Flor.
3673 5155 3801 5221 cod.,

2226 5219 2745 5298 columcnpudoris;
2786 5219 3131 5281 cui—lectioni
3186 5229 3458 5298 vulgatam
3511 5228 3806 5296 posthabui-

2225 5305 2378 5365 r_nus;
2403 5293 2528 5347 dein
2549 5293 2785 5349 columen
2808 5298 3023 5365 pudoris
3056 5293 3370 5354 invenimus
3395 5293 3563 5356 etiam
3597 5303 3644 5355 iu
3678 5300 3802 5354 libro

2223 5359 2564 5433 Pantltagati.

2300 5434 2313 5470 ί
2353 5434 2408 5513 In
2447 5435 2590 5513 \latt.
2634 5436 2871 5513 duobus,
2903 5441 3210 5494 sententiam
3241 5452 3502 5513 postremo
3530 5444 3799 5507 conclusit;

2218 5512 2274 5558 at
2299 5507 2423 5582 cod.
2462 5508 2805 5582 Pantagathi,
2834 5513 3087 5565 sententia
3134 5507 3398 5582 posiremo
3438 5516 3704 5571 conclusit.

2295 5579 2310 5655 t'
2346 5577 2494 5634 Unus
2516 5596 2585 5634 ex
2611 5577 2896 5652 Vat.t.,qui
2922 5584 3010 5655 dat
3039 5577 3395 5651 virginitatem
3442 5604 3629 5651 suam;
3670 5584 3796 5655 quod

2216 5651 2825 5725 videturgsuppositutn
2858 5669 2889 5708 a
2946 5652 3194 5724 librario,
3226 5666 3454 5729 pr0pter
3485 5674 3549 5716 ea
3581 5651 3696 5730 quai
3722 5669 3796 5712 sec

2214 5730 2477 5791 quuntnr.
