4120 6174
304 267 415 322 889
1132 273 1372 331 SERMO
1414 277 1552 346 VIII,
1595 279 1684 336 DE
1725 279 2106 340 EVANGELII
2146 285 2486 342 LEC'IIUNE
2527 287 2800 346 PRIMUS.
3517 297 3624 357 890

299 383 692 454 consanguinei
720 386 879 459 271
905 387 1108 457 quique
1131 389 1430 460 virginum,
1456 404 1562 448 tam
1590 408 1909 466 puerorum,
1939 402 1990 463 Α
2017 412 2240 454 servare
2276 400 2518 471 virgines
2549 417 2676 457 snas
2706 404 2880 476 magis
2903 421 3065 476 quam
3096 408 3288 479 nuptui
3320 407 3453 464 dare
3478 407 3628 465 desi-

301 488 466 569 quam
489 475 656 569 etiam
683 478 1017 569 puellarum,
1049 479 1180 536 nolo
1201 481 1306 536 sibi
1344 483 1414 538 de
1467 486 1786 555 supradicta
1840 489 1905 543 li-
2009 495 2224 562 derant,
2257 495 2338 550 sic
2357 495 2594 551 habeant
2619 475 3062 569 coniuges,quasi
3096 475 3203 556 non
3231 500 3534 568 habentes;
3564 511 3622 558 et

300 566 518 645 bertate
554 568 766 624 arbitrii
799 569 1156 628 blandiantur
1175 614 1190 638 ,
1225 575 1368 643 quod
1395 575 1597 632 alienis
1630 580 1906 636 mentibus
2009 586 2110 641 erit
2137 585 2246 641 illis
2271 589 2561 644 retributio
2577 566 2764 660 magna
2971 593 3114 662 apud
3140 593 3310 648 Deum
3330 566 3614 650 Dominum

300 675 398 717 eos
445 661 720 717 dominari
777 680 882 719 non
945 681 1108 736 posse
1159 671 1533 726 tractavimus.
1568 681 1592 708 ἰ
1626 672 1906 742 Imperare
2008 687 2276 747 nostrum,
2331 680 2477 748 quod
2524 681 2684 736 talem
2737 661 3174 741 suain—carnem
3235 685 3612 758 servaverint,

298 752 529 823 quidem
583 762 907 825 perpetuam
930 761 1326 814 continentiam
1358 779 1462 816 non
1496 774 1744 833 possunt,
1776 767 1903 836 quia
2005 772 2184 842 qualis
2218 773 2472 842 Baptismi
2506 787 2853 832 sacramento
2885 787 3074 834 renata
3107 788 3212 835 est.
3245 779 3374 835 Hm
3394 780 3464 834 ad
3508 752 3612 834 uti;

303 858 394 945 res
422 858 546 900 esse
574 845 816 902 noscitur
837 848 1172 905 voluntatis:
1205 851 1695 910 sedbvoluntatem
1722 867 1902 913 tamen
2009 867 2208 920 litatem
2240 875 2459 922 vestram
2489 869 2628 934 dico,
2663 885 2766 924 non
2805 880 2862 924 ut
2913 871 3153 944 laqueum
3192 874 3334 927 vobis
3373 873 3612 945 injiciam

302 937 357 992 itt
401 939 600 993 melius
631 941 844 996 nutrire
877 952 1130 1012 possunt,
1166 945 1519 1002 etdebitores
1548 959 1676 1005 sunt
1703 958 1762 1004 ut
1790 966 1905 1004 nto-
2008 959 2062 1032 (1
2092 959 2215 1015 Cor.
2249 959 2386 1031 vn);
2436 977 2558 1016 nam
2603 966 2704 1018 etsi
2757 937 3016 1034 conjugi'o
3067 967 3328 1022 servieris
3360 937 3608 1037 legitimo

301 1041 488 1126 neant,
516 1041 575 1087 ut
615 1032 930 1103 hortentur,
967 1046 1022 1090 ut
1053 1037 1294 1103 foveant,
1327 1050 1384 1094 ut
1414 1041 1639 1112 pignora
1669 1059 1764 1098 sua
1793 1044 1905 1100 Deo
2009 1063 2131 1120 post
2157 1054 2454 1121 lavacrum,
2485 1070 2593 1110 non
2623 1032 2884 1126 peccasti.
2919 1032 3064 1115 Cave
3098 1059 3272 1114 solum
3305 1056 3330 1095 ἀ
3364 1032 3614 1115 ut‘aliter

299 1125 472 1194 magis
493 1127 1018 1198 gestiantobligare,
1051 1146 1214 1201 quam
1239 1134 1467 1200 saveulo,
1499 1145 1559 1190 ut
1579 1136 1646 1192 de
1681 1139 1904 1209 propin-

2008 1161 2114 1201 nou
2145 1147 2496 1219 derelinquas
2531 1125 2714 1216 iidem,
2749 1159 2864 1206 uta
2905 1151 3368 1209 lornicationibus
3408 1153 3609 1225 fugias,

294 1217 415 1286 quis
430 1218 656 1273 seminis
673 1219 755 1273 sui
781 1221 862 1274 vel
887 1221 938 1276 in
955 1221 1093 1277 cleri
1116 1223 1311 1280 ordine
1327 1226 1520 1298 dignos
1537 1227 1700 1283 altari
1719 1229 1903 1286 divino
1998 1237 2114 1308 jam
2139 1239 2316 1295 ﬁdelis
2343 1217 2590 1298 eii‘ectus.
2623 1242 2735 1297 I-loc
2765 1251 2948 1298 autem
2979 1245 3258 1300 custodire
3282 1247 3353 1300 ita
3381 1217 3604 1301 demunt

296 1308 578 1364 ministros
597 1311 919 1377 exhibeant,
944 1314 1029 1368 vel
1061 1315 1112 1370 in
1139 1326 1457 1372 sanctarum
1488 1333 1716 1375 numero
1745 1321 1903 1376 lemi-
2006 1334 2278 1401 poteritis,
2304 1335 2349 1388 si
2395 1335 2721 1390 ebrietatem
2759 1335 3036 1407 devitetis’
3072 1346 3127 1392 et
3153 1337 3405 1392 convivia
3437 1338 3605 1393 inito.

295 1417 489 1458 narum
521 1405 728 1475 puellas
751 1406 1096 1463 castimonia:
1124 1410 1334 1466 dicatas
1365 1414 1641 1470 enutriaut
1673 1432 1686 1480 ;
1715 1426 1773 1471 ut
1800 1417 1903 1471 Ec-
2005 1435 2192 1491 nesta,
2245 1425 2336 1480 ubi
2392 1427 2632 1496 turpium
2683 1405 3031 1484 feminarum
3055 1441 3079 1468 ο
3107 1429 3379 1485 colubrini
3411 1440 3598 1500 gestus

292 1494 522 1549 clesiam
557 1496 657 1552 Dei
690 1497 892 1553 talibus
922 1502 1273 1557 nutrimentis
1299 1515 1580 1572 oruantes,
1607 1508 1899 1564 heatitudi-
2004 1494 2509 1584 concupiscentiam
2545 1531 2761 1573 moveut
2787 1520 3056 1583 illicitum;
3083 1521 3172 1576 ubi
3199 1521 3313 1593 lyra
3337 1531 3520 1588 sonat,
3551 1532 3607 1576 et

294 1589 682 1684 nem‘dehitam
715 1603 1148 1663 consequantur.
1178 1607 1199 1634 ο
1258 1598 1531 1667 Scriptum
1576 1609 1661 1654 est
1708 1602 1893 1657 enim:
2004 1609 2161 1675 tibia;
2199 1611 2287 1666 ubi
2328 1612 2510 1667 omnia
2544 1623 2821 1682 postremo
2857 1629 3056 1684 genera
3091 1617 3429 1670 musicorum
3458 1615 3603 1670 inter

293 1677 491 1736 Beatus
529 1683 620 1775 qui
646 1683 800 1737 habet
821 1701 994 1740 semen
1019 1689 1071 1741 in
1103 1688 1260 1756 Sion,
1294 1700 1342 1744 et
1379 1693 1688 1748 domesticos
1721 1697 1774 1750 in
1800 1694 1894 1749 Je-
2002 1702 2255 1772 cymbala
2292 1677 2610 1758 saltantium
2661 1677 3014 1775 Concrepaut.
3066 1706 3317 1763 Infelices
3357 1707 3470 1762 illa:
3501 1707 3601 1762 do-

290 1774 724 1868 rusalemaluest
749 1786 936 1832 autem
971 1781 1240 1848 praeclaro
1268 1781 1393 1838 huic
1410 1784 1629 1856 eloquio
1658 1788 1894 1858 proplte-
1929 1805 1974 1863 Β
2003 1812 2124 1852 mus
2151 1805 2282 1852 sunt
2309 1813 2430 1866 qure
2469 1797 2603 1852 nihil
2637 1774 2955 1868 discrepant
2986 1815 3013 1853 a
3042 1801 3295 1856 theatris,
3337 1800 3605 1855 Aurel-an-

293 1866 390 1921 tali
411 1867 772 1924 etsublimior
795 1870 1135 1940 intellectus,
1163 1889 1266 1930 suo
1288 1877 1340 1930 in
1370 1876 1490 1931 loco
1513 1879 1668 1948 plena
1715 1879 1902 1950 dispu—
1997 1899 2108 1959 tur,
2137 1904 2348 1960 quzeso,
2383 1891 2632 1946 universa
2658 1892 2759 1946 ista
2785 1866 2854 1948 de
2888 1894 3090 1949 medio,
3115 1895 3197 1950 Sit
3223 1894 3418 1950 domus
3446 1893 3606 1950 ειη-ί..

293 1959 500 2016 talione
525 1963 871 2029 pandendus.
896 1965 1003 2020 Sed
1028 1969 1150 2036 quia
1175 1967 1228 2022 in
1264 1969 1408 2026 hunc
1434 1980 1724 2027 tractatum
1753 1976 1898 2029 salu-
1996 1959 2161 2034 stiani
2189 1995 2254 2034 ac
2284 1981 2540 2050 baptizati
2571 1981 2812 2037 hominis
2841 1985 3109 2040 immunis
3136 2003 3165 2040 a
3193 1985 3366 2041 choro
3393 1986 3593 2042 diabo-

293 2052 669 2110 hritersumus
692 2060 1606 2132 pertraclistudio;castitatis,dum
1628 2068 1894 2123 rationem
1997 2075 2056 2141 li,
2111 2075 2183 2128 sit
2237 2077 2396 2144 plane
2457 2077 2714 2143 humana,
2761 2079 2831 2134 sit
2878 2079 3199 2149 hospitalis;
3251 2083 3593 2138 orationibus

290 2149 581 2243 pandimus
598 2151 969 2220 cujusintuitu
986 2156 1551 2224 perrexeritSalvator
1567 2161 1633 2214 ad
1656 2162 1894 2232 nuptias,
1993 2168 2368 2224 sanctiﬂcetur
2385 2169 2660 2235 assiduis;
2692 2171 2945 2240 psalmis,
2974 2173 3217 2243 hymnis,
3248 2172 3594 2242 canticisque

289 2240 532 2296 breviter
559 2243 779 2299 interim
801 2247 1092 2318 ueophytis
1113 2251 1318 2304 nostris
1331 2252 1571 2308 salutare
1597 2253 1890 2308 consilium
1993 2261 2372 2331 spiritualibus
2390 2261 2775 2332 lrequentetur
2801 2281 2813 2317 :
2848 2265 2919 2318 sit
2939 2240 3125 2319 sermo
3149 2265 3268 2333 Dei,
3293 2275 3350 2320 et
3372 2240 3590 2335 signum

286 2335 986 2405 suggeramus,spiritalem
1003 2340 1554 2398 scientiamlcctionis
1575 2345 1891 2418 hujusligu-
1991 2351 2195 2407 Christi
2225 2351 2277 2406 in
2303 2353 2492 2418 corde,
2522 2354 2574 2407 iit
2606 2368 2726 2422 ore,
2762 2355 2814 2408 in
2850 2355 3052 2421 fronte,
3079 2361 3100 2402 τ
3133 2354 3278 2411 inter
3306 2356 3484 2422 cibos,
3515 2357 3600 2413 in-

288 2428 892 2500 ralitcrexplanandam
915 2433 1080 2488 dictis
1102 2437 1561 2506 subsequentibus
1593 2442 1890 2495 ostensuri.
1993 2454 2078 2502 ter
2109 2448 2320 2516 poeula,
2355 2447 2500 2502 inter
2517 2448 2808 2519 colloquia,
2837 2449 2891 2504 in
2920 2451 3192 2517 lavacris,
3219 2451 3272 2505 in
3298 2451 3591 2518 cubilibus,

358 2524 733 2596 Regeneratos
767 2543 860 2583 vos
889 2544 1013 2586 esse
1037 2546 1138 2600 per
1164 2532 1525 2603 Baptismum,
1559 2545 1614 2590 et
1638 2548 1886 2604 renatos,
1997 2540 2048 2594 in
2078 2539 2345 2611 ingressu,
2371 2541 2424 2595 in
2443 2556 2690 2612 egressu,
2712 2545 2764 2596 in
2788 2543 2998 2610 laetitia,
3021 2545 3073 2598 in
3094 2545 3594 2616 mmroreuttjusta

287 2619 704 2688 nuncupatione
735 2621 852 2690 ipsa
885 2638 992 2693 qua
1027 2623 1266 2679 infantes
1309 2627 1578 2680 vocatnini
1601 2669 1616 2694 ,
1659 2629 1891 2696 potestis
1997 2631 2298 2686 beatissimi
2331 2633 2480 2688 Pauli
2504 2633 2832 2701 doctrinam,
2867 2637 2972 2690 sive
2994 2638 3344 2705 manducatis,
3378 2639 3486 2693 sive
3510 2639 3591 2693 bi-

287 2712 596 2770 advertere.
652 2713 710 2770 Si
747 2715 839 2786 qui
872 2717 1039 2788 igitur
1079 2728 1325 2774 vestrum
1357 2722 1619 2792 conjugio
1658 2722 1890 2794 alligati,
1997 2723 2144 2791 bitis,
2176 2724 2280 2778 sive
2323 2725 2524 2796 aliquid
2575 2727 2772 2793 facitis,
2815 2728 2990 2782 omnia
3027 2729 3081 2782 in
3126 2730 3335 2786 nomine
3378 2729 3596 2786 Domini

357 2887 382 2914 α
410 2877 675 2947 Obiurgat
727 2889 918 2957 aperte
975 2880 1314 2957 Gaudentius
1353 2885 1451 2938 :evi
1495 2885 1595 2957 sui
1629 2884 1878 2955 discipli-
1985 2883 2128 2955 quod
2155 2885 2379 2941 minime
2402 2896 2798 2941 annotaveram
2826 2888 2880 2942 in
2908 2888 3076 2957 priori
3108 2888 3372 2951 editione,
3403 2889 3591 2946 docuit

283 2965 428 3030 nam.
460 2965 564 3030 qua
593 2951 772 3030 interi,
800 2967 867 3006 ac
908 2953 1127 3030 puellm,
1163 2971 1269 3030 non
1297 2957 1472 3008 solum
1506 2951 1874 3030 abiincuna’buj
1988 2951 2075 3030 tjte
2117 2958 2570 3030 przeclat-issimus
2607 2958 2832 3012 Vossius
2884 2951 2936 3014 in
2982 2961 3206 3014 seltoliis
3244 2961 3309 3014 ad
3343 2961 3586 3030 Ephrem

284 3021 370 3102 lis,
403 3032 460 3074 ut
490 3020 564 3102 ait
607 3020 1024 3102 Salvianus—lib.
1066 3039 1106 3102 _tt
1146 3025 1408 3102 adversus
1439 3029 1745 3102 avaritiam,
1781 3026 1876 3102 sed
1923 3099 1938 3102 ξ
1987 3020 2220 3099 Syrtim;
2253 3027 2340 3083 hic
2360 3029 2514 3102 enim
2547 3045 2670 3083 cum
2708 3031 2972 3096 paraenesi
3004 3031 3070 3088 16
3093 3075 3106 3097 ,
3143 3046 3267 3102 pag.
3293 3020 3420 3093 287'.
3451 3033 3585 3086 edit.

281 3093 448 3168 etiam
477 3101 767 3168 antequam
795 3096 1008 3168 exirent
1029 3096 1100 3152 ab
1128 3107 1317 3162 utero,
1351 3097 1632 3166 Ecclesite,
1666 3115 1730 3154 ac
1762 3101 1873 3153 vir-
1905 3099 1950 3163 C
1984 3093 2248 3168 Aitttterp.
2276 3100 2439 3164 1619,
2464 3102 2565 3156 hoc
2597 3093 2912 3156 testimonio
2937 3119 3068 3157 usus
3096 3093 3241 3157 esse?
3265 3102 3346 3156 Itis
3369 3105 3584 3158 verbis:

282 3165 500 3243 ginitati
540 3174 803 3243 perpetuo
839 3166 1102 3243 destinari
1146 3169 1415 3243 solebant.
1460 3169 1595 3224 Iliuc
1627 3170 1776 3243 llicr.
1809 3169 1876 3224 ad
1986 3165 2255 3243 Scriptum
2285 3172 2476 3243 quippe
2500 3183 2620 3243 esl:
2656 3171 2786 3226 Ilaec
2811 3190 2927 3226 vero
2944 3175 3065 3226 dicit
3092 3172 3369 3227 Dominus:
3398 3173 3584 3228 Beatus

285 3234 497 3312 [uetant
521 3252 533 3287 :
565 3233 897 3312 Pronositum
929 3237 1054 3312 mihi
1079 3249 1186 3292 erat
1209 3240 1410 3302 docere.
1437 3242 1694 3312 quomodo
1721 3243 1876 3294 insti-
1981 3244 2068 3312 qui
2097 3233 2246 3294 habet
2275 3233 2443 3296 semen
2469 3244 2521 3296 in
2551 3242 2704 3303 Sion.
2735 3253 2782 3297 el
2810 3245 3095 3312 familiares
3125 3246 3175 3298 in
3225 3243 3586 3312 Hierusalem;

284 3315 426 3359 tuere
455 3304 680 3360 Paulam
709 3318 936 3383 nostram
965 3309 1172 3374 debeas,
1200 3327 1317 3381 qua:
1344 3304 1485 3380 prius
1516 3310 1722 3367 Christo
1750 3329 1877 3366 con-
1983 3304 2341 3383 Yossiushaec
2355 3314 2588 3383 subjecit
2606 3334 2617 3366 :
2636 3304 2926 3368 Locus'iste
2952 3326 3026 3369 est
3054 3313 3211 3369 [sane
3241 3304 3585 3383 “sesama-'-

281 3387 492 3452 secratd
518 3386 590 3452 est
614 3394 773 3452 quam
801 3380 1003 3450 genita;
1041 3380 1346 3452 quantanle
1381 3383 1508 3436 votis
1547 3401 1701 3452 quam
1731 3394 1877 3436 utero
1981 3381 2108 3436 dum
2138 3383 2300 3445 LXX.
2324 3380 2626 3451 quibuscum
2648 3385 2734 3439 hic
2755 3386 2949 3440 Auctor
2971 3389 3024 3440 in
3050 3388 3265 3441 lectione
3281 3380 3580 3441 concordat.

281 3449 582 3527 concepisti.
614 3448 866 3527 Etpau—lu
894 3462 1011 3518 post
1048 3448 1061 3505 ἐ
1111 3451 1332 3527 (Hieme,
1363 3448 1748 3527 necne,'ﬁliam
1783 3470 1878 3524 ρο-
1982 3455 2047 3527 At
2069 3458 2120 3507 in
2157 3448 2384 3527 Vulgum
2406 3458 2481 3510 sic
2511 3455 2716 3526 :Cujus
2742 3458 2879 3527 ignis
2911 3469 2984 3512 est
3011 3459 3064 3512 in
3091 3459 3244 3523 Sion,
3269 3470 3316 3511 et
3349 3460 3581 3511 caminus

281 3474 582 3515 t'wtccptau.
616 3474 683 3503 DL
707 3474 866 3518 paulu
894 3474 1011 3518 pum
1048 3474 1060 3505 :
1111 3474 1332 3516 uI/erre,
1363 3474 1544 3518 necne,
1584 3474 1748 3521 [tuam
1783 3474 1878 3524 ρο·
1982 3474 2046 3505 ΑΙ
2069 3474 2120 3507 In
2163 3474 2254 3508 rut
2295 3474 2384 3508 tua
2406 3474 2481 3510 810
2511 3474 2716 3526 εωυηε
2742 3475 2879 3527 tgnts
2911 3474 2984 3512 est
3011 3475 3064 3512 m
3091 3474 3244 3523 mon,
3269 3474 3316 3511 t’l
3349 3476 3581 3511 caminus

280 3520 590 3598 testatistua:
625 3521 1089 3598 fuipguamquam
1117 3521 1238 3598 _alia
1265 3524 1328 3577 sit
1369 3535 1456 3577 tua
1485 3526 1735 3598 conditio,
1765 3541 1878 3593 qua:
1979 3526 2092 3598 ejus
2146 3526 2198 3598 in
2247 3474 2616 3591 ﬁierttsalem;
2675 3528 2758 3580 ubi
2807 3533 2959 3581 etiam
3008 3529 3352 3598 Symmachus
3404 3545 3418 3582 .'
3480 3529 3585 3596 Qui

282 3592 428 3662 prius
464 3607 576 3665 eam
603 3593 783 3645 vovisti
803 3609 958 3661 quam
983 3595 1275 3658 conciperes
1305 3611 1322 3648 :
1360 3604 1416 3648 ut
1450 3604 1617 3649 autent
1651 3592 1876 3649 oblatam
1979 3592 2128 3665 liabet
2153 3597 2320 3665 ignem
2344 3599 2394 3649 in
2428 3597 2590 3662 Sion,
2643 3607 2689 3651 et
2730 3600 2988 3652 clibanum
3029 3592 3080 3652 in
3127 3599 3455 3653 Hierusalem
3475 3592 3519 3662 ξ’
3534 3611 3581 3652 et

283 3677 388 3718 non
415 3663 679 3743 negligas,
724 3665 792 3717 ad
821 3665 1110 3743 periculum
1140 3674 1284 3743 tuum
1327 3666 1567 3743 pertinet.
1605 3667 1874 3722 Pra-clara
1980 3663 2258 3743 Aquilan
2291 3667 2667 3743 [theodotionc
2723 3678 2826 3743 φῶς
2864 3672 3004 3743 abi-cp
3041 3673 3090 3724 iv
3120 3672 3348 3743 admit!
3394 3679 3466 3724 est
3497 3671 3580 3726 lt;-

279 3735 535 3807 qtttedattt
559 3736 617 3807 in
645 3734 784 3807 hanc
814 3734 926 3789 rctn
959 3737 1230 3804 sequioris
1259 3734 1360 3790 :cvi
1397 3748 1747 3791 monumenta
1781 3754 1873 3803 pu-
1979 3752 2092 3789 mea
2122 3739 2168 3790 ei
2195 3739 2248 3790 in
2281 3739 2433 3799 Sion,
2466 3747 2512 3790 et
2535 3734 2770 3792 clibanus
2803 3742 2854 3792 in
2887 3734 3232 3793 Hierusalem.
3265 3741 3338 3792 De
3360 3758 3460 3807 qua
3486 3757 3577 3793 va-

281 3805 405 3881 blici
434 3805 570 3873 juris
599 3805 1167 3881 lecitgruditissiutus
1205 3809 1450 3881 Baluzius
1473 3849 1485 3866 .
1521 3817 1636 3862 not.
1667 3810 1732 3862 ad
1757 3810 1874 3863 Sal-
1979 3809 2158 3881 rictate
2174 3808 2285 3881 agit
2310 3808 2732 3878 S.IIieronymus
2752 3813 2799 3861 in
2818 3812 2968 3880 epist.
2989 3805 3406 3881 101,qua'estail
3428 3811 3583 3881 Pant-

278 3877 498 3952 v_ianutn
533 3891 654 3945 pag.
678 3877 817 3952 245,
851 3879 1051 3947 quibus
1079 3879 1345 3952 ostendit,
1381 3879 1524 3933 hunc
1553 3894 1758 3952 morem
1819 3881 1871 3934 iu
1978 3877 2236 3952 tuac/Limn
2253 3880 2316 3931 de
2332 3877 2721 3950 optintogruere
2738 3877 3333 3952 interpretandijllteca
3363 3880 3578 3937 Vossio.

279 3947 530 4003 Ecclesia
559 3949 792 4016 viguisse
811 3946 1212 4017 pdsteriuribus
1245 3949 1412 4004 etiam
1447 3950 1874 4015 smeulis,dottec
2049 3946 2075 3984 ά
2105 3949 2238 4003 Tres
2268 3946 2426 4016 mss.,
2458 3959 2511 4003 ut
2538 3946 2688 4004 aliter
2714 3967 2817 4004 non
2848 3946 3138 4016 delinquas,
3167 3952 3220 4004 id
3263 3961 3334 4005 est
3362 3961 3456 4016 ut;
3481 3969 3578 4006 eo-

281 4029 453 4075 totutn
483 4019 586 4091 hoc
620 4019 1122 4091 patri;e_potestatis
1159 4021 1250 4087 jus
1301 4022 1352 4074 iu
1403 4020 1545 4091 ﬁlios
1595 4023 1870 4075 sublatum
1976 4017 2208 4090 demque
2243 4023 2406 4074 modo
2437 4021 2601 4076 habet
2628 4023 2794 4076 etiam
2822 4024 2946 4076 cod.
2997 4023 3340 4091 Pantagathi,
3376 4031 3435 4077 et
3465 4023 3574 4076 lor-

275 4099 366 4165 est
395 4105 424 4143 a
461 4090 761 4165 Celestino
792 4089 892 4165 Ill,
923 4091 1081 4165 cujus
1129 4092 1410 4165 decretum
1458 4090 1712 4165 refertur
1746 4109 1868 4160 cap.
1979 4089 2322 4165 lasse’lectio
2352 4091 2467 4145 haec
2494 4093 2675 4148 verior
2696 4107 2759 4146 ac
2787 4095 3004 4160 melior,
3028 4089 3280 4163 quamvis
3306 4095 3581 4165 vulgatam

279 4160 411 4215 Cum
437 4162 599 4214 simus
631 4162 698 4215 de
726 4161 982 4231 Regular.
1019 4163 1280 4217 Exstalea
1309 4163 1378 4216 de
1409 4179 1466 4216 re
1493 4178 1617 4217 can.
1655 4164 1722 4216 48
1740 4179 1874 4218 con-
1977 4161 2277 4216 exturbare
2311 4165 2604 4218 noluerint.

279 4234 394 4287 cilii
421 4232 670 4287 Toletani
701 4247 775 4297 tv,
810 4235 910 4286 rel.
937 4233 1149 4303 20,'qu.
1184 4234 1234 4295 1,
1263 4249 1312 4288 c.
1341 4233 1684 4299 Monachum;
1716 4235 1871 4288 itetn-
1997 4302 2006 4303 ί
2050 4237 2074 4264 ⁸
2105 4233 2412 4288 Plautinum
2450 4236 2775 4289 vocabulum
2798 4235 3020 4290 Trucul.
3046 4245 3151 4290 act.
3173 4235 3262 4299 IV,
3288 4250 3366 4292 sc.
3393 4251 3472 4300 ιιι,
3499 4237 3533 4291 6
3563 4255 3576 4290 :

278 4319 386 4375 que
419 4319 552 4376 can.
580 4307 613 4358 5
643 4303 862 4376 concilii
893 4302 1317 4376 Vormacieusis.
1369 4305 1474 4361 Sed
1503 4305 1703 4360 vidcsis
1729 4307 1869 4358 etni-
1978 4302 2301 4376 Quamquam
2326 4322 2412 4360 vos
2436 4306 2706 4360 colubrino
2729 4307 2936 4376 ingenio
2958 4306 3122 4360 ambte
3150 4310 3289 4361 estis.
3314 4308 3468 4376 Quod
3495 4325 3580 4362 se-

281 4373 664 4447 nentissimum
707 4375 1046 4430 cardittaletn
1081 4374 1258 4442 Bona,
1285 4392 1391 4430 non
1418 4377 1589 4445 magis
1631 4392 1867 4444 purpttra
1973 4373 2180 4443 quitur,
2213 4376 2297 4428 ubi
2343 4378 2457 4446 lyra
2486 4387 2656 4444 sonat,
2694 4386 2738 4431 et
2781 4373 2942 4442 iibio;
2989 4378 3075 4432 ubi
3122 4379 3295 4432 omnia
3323 4373 3582 4447 postremo

277 4462 441 4518 quam
486 4445 736 4502 doetrina
785 4448 1082 4516 insignem,
1132 4448 1169 4502 Ι.
1241 4464 1278 4502 ll
1330 4447 1459 4503 Rer.
1495 4449 1680 4517 liturg.
1716 4465 1764 4501 c.
1813 4451 1866 4513 7,
1901 4496 1951 4518 ἢ
1975 4460 2165 4518 genera
2189 4445 2538 4518 musicorum;
2568 4449 2813 4503 ostendit
2840 4447 3281 4504 Cltristianortnu
3316 4445 3582 4504 conviviis

1626 4496 1870 4574 0honoris
1901 4496 1952 4556 D
1975 4496 2252 4570 adhibitos
2284 4517 2449 4574 fuisse
2489 4496 2775 4584 cantores,
2826 4529 2884 4574 ut
2915 4530 3063 4589 patet
3091 4521 3255 4575 etiam
3289 4536 3356 4574 ex
3388 4521 3584 4576 Hiero-

277 4606 440 4662 causa
475 4590 893 4662 nomino,quod
919 4607 948 4644 a
973 4592 1283 4646 recentiore
1307 4589 1543 4661 quodam
1564 4591 1868 4662 scriptore,
1976 4602 2159 4662 ttymo,
2190 4589 2545 4662 desuspecto
2570 4591 2793 4644 vitando
2835 4592 3197 4646 contubernio
3228 4609 3240 4644 :
3276 4589 3583 4644 Personabit

274 4661 634 4729 ejusuomine
651 4659 873 4731 quidem
902 4677 1224 4732 suppresso,
1257 4659 1522 4729 atpostea
1554 4662 1606 4714 in
1633 4659 1868 4716 iudicem
1973 4659 2176 4732 interim
2226 4661 2415 4732 aliquis
2444 4672 2622 4714 cantor
2669 4662 2738 4713 ad
2789 4679 3039 4722 mensam,
3086 4674 3132 4716 et
3178 4663 3310 4715 inter
3355 4662 3581 4731 psalilws

276 4732 473 4797 relato,
509 4729 739 4802 przenot.
775 4729 1076 4804 Mystagog.
1109 4749 1229 4802 pag.
1268 4734 1391 4800 178,
1425 4747 1612 4800 parum
1641 4733 1872 4804 candide
1973 4729 2116 4804 (laici
2139 4731 2492 4784 modulamine
2519 4742 2808 4804 currentes,
2840 4733 3087 4800 quoniam
3120 4733 3320 4804 alienas
3345 4729 3446 4784 non
3477 4749 3578 4785 au-

274 4799 580 4873 appcllat'us
614 4804 781 4859 fuerit
807 4799 977 4857 homo
994 4799 1338 4876 parvittlgaris,
1371 4799 1751 4876 quanicumque
1781 4802 1871 4856 ille
1973 4799 2108 4852 ilcbit
2132 4817 2341 4876 datores,
2368 4812 2436 4876 te,
2468 4817 2586 4876 quit:
2614 4799 2883 4876 custodem
2919 4821 3017 4856 non
3044 4802 3225 4876 habes,
3246 4804 3462 4876 sapius
3497 4821 3579 4858 re-

275 4871 608 4957 posttnotlum
647 4876 958 4957 dignitatem
983 4871 1326 4957 adeptusnsit,
1360 4871 1558 4957 minimi
1589 4871 1868 4957 plancno-
1973 4872 2247 4957 spectabit.
2294 4871 2650 4957 Prudentius,
2705 4874 3110 4957 llantartigenia
3141 4915 3155 4938 ,
3198 4871 3581 4938 516,‘ntoretn

277 4941 431 5000 minis
461 4946 587 4999 dum
617 4941 767 5010 vixit,
793 4948 992 4998 nullius
1022 4941 1138 5015 post
1170 4946 1386 4999 obitum.
1416 4945 1588 4997 Porro
1616 4943 1873 4999 Gattden-
1977 4943 2120 4995 hanc
2151 4941 2506 4996 vehementer
2538 4943 2896 5011 reprehendit
2927 4964 2941 4999 :

273 5017 335 5098 tii
391 5019 652 5098 placitum
683 5016 876 5098 “hodie
926 5017 1094 5098 totius
1148 5016 1410 5071 Ecclesia:
1461 5015 1710 5098 doctrina
1763 5026 1868 5098 est.
2099 5030 2224 5098 ptum
2243 5033 2625 5096 proltlerlyricw
2649 5034 2976 5098 modulamina
2999 5049 3119 5085 vana
3137 5037 3336 5098 puellae,

269 5085 428 5156 Quod
454 5097 634 5140 autem
665 5085 782 5160 dixi
827 5088 989 5154 paulo
1035 5103 1197 5157 supra
1229 5129 1244 5150 ,
1294 5102 1502 5160 morem
1557 5085 1870 5160 destinandi
2100 5085 2666 5160 i‘jervoruinque'sonos,
2690 5106 2742 5160 et
2767 5096 3013 5148 convivale
3035 5085 3239 5148 cale'ntis

273 5155 477 5228 pueros
499 5157 785 5225 aopuellas
808 5165 1089 5227 perpetuae
1106 5155 1420 5229 virginitati
1435 5157 1672 5229 viguisse
1699 5157 1751 5210 in
1770 5155 1874 5229 Ec-
2101 5157 2308 5229 Carmen
2331 5155 2570 5219 nequitiae
2595 5155 2784 5223 patulas
2803 5160 2942 5210 Deus
2964 5161 3153 5212 addidit
3175 5176 3324 5211 aures
3340 5164 3364 5211 ?

269 5231 440 5286 clesia
494 5244 601 5282 non
628 5229 808 5282 solum
841 5230 1118 5298 antiquis,
1165 5228 1261 5285 sed
1285 5230 1448 5285 etiam
1475 5228 1874 5296 posterioribus
1972 5228 2328 5297 eamdemque
2358 5232 2810 5286 consuetudinem
2854 5233 3164 5289 Gaudentio
3194 5235 3353 5290 valde
3385 5229 3580 5296 displi-

270 5301 510 5366 sacculis,
544 5299 804 5355 illustrari
829 5308 1011 5368 potest
1037 5303 1424 5371 mon;untentis
1444 5314 1662 5370 quoque
1684 5313 1747 5352 ac
1765 5300 1872 5366 [or-
1972 5300 2183 5371 cuissc,
2225 5303 2510 5371 sequentia
2546 5304 2709 5357 verba
2751 5304 2994 5360 indicant
3030 5325 3043 5361 :
3074 5309 3139 5360 sit
3187 5307 3369 5360 domus
3402 5302 3580 5358 Chiis-

273 5372 430 5426 ntulis
473 5372 753 5428 oblationis
793 5387 1068 5442 puerorum
1106 5369 1179 5425 ini
1200 5369 1546 5442 monasteriis,
1581 5385 1717 5442 quas
1748 5384 1872 5442 pro-
1971 5370 2191 5442 tiani_ac
2215 5369 2463 5442 baptizati
2489 5374 2714 5428 hominis
2737 5376 2984 5430 immunis
3015 5397 3047 5432 a
3073 5376 3233 5430 choro
3259 5377 3474 5429 diaboli.

272 5443 382 5516 l’ert
405 5445 746 5499 Mabillonius
794 5440 834 5497 t.
879 5441 946 5516 Ill
989 5445 1242 5516 Analect.
1264 5515 1269 5516 γ
1295 5460 1417 5516 pag.
1441 5440 1578 5516 7469.
1615 5440 1872 5516 Videndtc
1991 5512 2020 5516 ,ν
2050 5441 2082 5516 ς
2109 5440 2288 5496 Verba
2321 5445 2434 5516 haec
2467 5445 2602 5500 inter
2627 5448 2834 5511 pocula,
2863 5449 2998 5501 inter
3022 5447 3308 5516 colloquia,
3333 5463 3454 5514 qua!
3486 5443 3582 5499 ad-

274 5515 401 5569 itcm
441 5516 850 5572 observationes
893 5515 1141 5582 ejusdem
1174 5512 1474 5570 Mabillouii
1506 5513 1575 5568 ad
1608 5513 1874 5567 formulas
1973 5512 2212 5568 didimus
2239 5530 2302 5568 ex
2337 5513 2485 5570 Flor.
2521 5528 2574 5572 et
2607 5516 2751 5571 Vatt.
2783 5519 3026 5579 duobus,
3055 5512 3258 5572 desunt
3293 5512 3577 5577 itt'editis;

267 5585 558 5658 praedictas
581 5587 774 5642 eodem
809 5597 848 5642 ι.
883 5585 967 5651 Ill,
1004 5601 1129 5658 pag.
1160 5587 1287 5641 475.
1507 5657 1536 5658 η
1567 5656 1597 5658 μ
1636 5656 1645 5658 4
1683 5655 1692 5658 _
1975 5586 2168 5658 eadem
2198 5601 2329 5642 vero
2359 5589 2674 5658 suppeditat
2703 5592 2868 5644 etiam
2913 5589 3037 5643 cod.
3073 5589 3418 5658 Pantagathi.
3450 5586 3589 5642 Abs-

342 5655 369 5695 ι’
402 5657 610 5712 Placuit
654 5658 989 5714 substituere
1007 5655 1310 5714 lectionem
1337 5672 1470 5714 mss.
1501 5656 1650 5713 Editi
1681 5655 1872 5726 legunt
1975 5657 2203 5728 tulimus
2240 5655 2818 5728 quoqueparticulam
2845 5670 2924 5725 et,
2969 5675 3132 5724 quam
3174 5655 3302 5715 mss.
3342 5671 3449 5712 non
3495 5659 3591 5710 ha-

261 5729 587 5800 noluntatcm
615 5737 763 5785 tunc.
1581 5799 1586 5800 ί
1651 5798 1660 5800 _
1974 5727 2203 5793 bent,ad
2249 5727 2338 5783 illa
2369 5727 2533 5785 verba
2564 5731 2618 5784 in
2634 5731 2955 5799 ingressu,et
2978 5729 3033 5782 in
3051 5746 3286 5800 egressu,
3315 5730 3450 5786 licet
3468 5741 3591 5784 eam

346 5797 368 5836 'c
402 5798 650 5865 Quonam
693 5802 744 5855 in
790 5801 908 5858 ideo
956 5801 1329 5860 testimonium
1380 5802 1526 5860 islttd
1577 5798 1866 5864 habeatur,
1975 5800 2273 5857 exhibeant
2304 5808 2418 5857 tres
2441 5797 2732 5856 editiones.
