4096 6192
529 408 658 464 Jesu
709 410 918 479 Christi,
969 413 1055 482 qui
1098 427 1184 468 vos
1227 416 1422 469 vocavit
1465 416 1534 469 at!
1589 419 1853 487 gratiam,

536 501 580 573 (Ι
595 501 798 572 Cons).
812 504 928 573 ipse
943 507 1088 558 enim
1104 516 1157 559 et
1183 508 1472 574 praeteritis
1490 511 1726 577 peccatis
1741 511 2126 581 indulgentiatti

532 595 740 659 tribuit,
774 605 825 649 et
853 597 1155 652 emendatae
1182 596 1306 652 vita:
1340 601 1554 668 prirmla
1576 602 1883 671 pollicetur.
1919 604 2023 659 Sed
2047 603 2130 660 his

532 699 628 755 pro
645 688 916 740 communi
937 689 1299 746 aediﬁcatione
1313 694 1595 748 moraliter
1613 697 1898 764 expositis,
1913 697 2022 766 jam
2041 714 2128 752 ve-

530 779 626 833 nio
655 778 720 832 ad
746 781 1048 850 promissas
1092 783 1387 854 allegorias
1432 786 1600 855 ipsius
1634 787 1980 859 Evangelicae
2021 791 2130 847 lec-

530 872 718 926 tionis.
752 872 818 927 Et
843 873 969 927 licet
996 876 1060 929 ad
1089 877 1533 945 explanationem
1564 883 1948 952 mysteriorum
1973 882 2129 940 Chri-

529 964 598 1018 sti
630 963 888 1019 idoneum
923 981 1009 1023 me
1033 983 1156 1022 esse
1184 984 1290 1024 non
1323 971 1584 1038 arbitrer,
1614 976 1701 1043 qui
1735 976 1968 1031 necdum
2016 991 2130 1034 nte-

529 1069 654 1111 rcar
678 1056 983 1113 beatissimi
1034 1060 1186 1115 Pauli
1224 1064 1608 1121 auctoritatem
1660 1083 1996 1136 praesumere
2041 1072 2125 1128 di-

529 1149 705 1204 centis
738 1153 1033 1220 :quoniam
1068 1155 1328 1219 loquimur
1351 1167 1453 1211 non
1490 1159 1732 1215 indoctis
1771 1162 2013 1218 humanm
2043 1181 2128 1220 sa-

530 1244 737 1313 pientia'
765 1244 948 1314 verbis,
978 1247 1067 1300 sed
1102 1251 1155 1301 in
1180 1249 1416 1305 doctrina
1437 1253 1672 1320 spiritus,
1704 1263 1731 1292 ⁸
1771 1257 2127 1325 spirituulibus

528 1335 833 1406 spiritualia
856 1348 1210 1410 comparantes
1236 1340 1277 1410 (1
1297 1343 1415 1398 Cor.
1437 1345 1795 1415 tt);'desidero
1812 1358 1991 1404 tamen
2016 1349 2126 1404 exIb

529 1442 590 1481 ea
611 1427 780 1482 divini
801 1428 1083 1500 Evangelii
1115 1433 1348 1490 lectione
1369 1437 1658 1492 ccelestem
1679 1439 1836 1495 vobis
1862 1448 2024 1512 atque
2041 1455 2128 1498 ar-

528 1535 744 1586 canam,
766 1531 923 1590 prout
948 1524 1210 1580 Dominus
1237 1527 1419 1596 largiri
1441 1529 1775 1600 dignabitur,
1815 1535 2127 1604 intelligen-

530 1611 656 1665 tiam
677 1614 943 1670 revelare.
963 1616 1132 1694 Paulo
1155 1621 1460 1688 antecnitn,
1485 1623 1611 1676 dum
1638 1626 1899 1694 propositi
1920 1641 2132 1682 sermo-

531 1705 616 1758 nis
661 1689 990 1775 principium
1034 1709 1300 1780 disserui,
1349 1729 1566 1770 causam
1612 1719 1859 1787 pandens
1907 1733 2128 1794 propter

533 1813 693 1868 quam
713 1797 872 1874 273
893 1801 1146 1859 Salvator
1177 1808 1301 1861 ierit
1321 1810 1581 1866 invitatus
1612 1813 1676 1866 ad
1700 1817 1915 1884 nuptias
1938 1857 1950 1881 ,
1980 1825 2128 1871 tran-
2165 1809 2206 1868 Β

535 1894 720 1947 scendi
774 1897 841 1948 ad
891 1896 1302 1965 przedicabilem
1351 1903 1686 1973 virginitatis
1738 1911 2132 1967 conservandae

534 1995 848 2055 tractatuum,
893 1989 1076 2054 ibique
1114 1993 1514 2063 aliquantulum
1549 1997 1740 2053 videor
1780 2001 2127 2059 immoratus.

533 2078 688 2134 Nunc
743 2090 924 2136 autem
1003 2087 1280 2155 rcp‘icabo
1324 2090 1495 2158 ipsam
1556 2094 1932 2149 narrationem
1988 2097 2130 2152 beati

531 2177 906 2247 evangelista),
934 2190 990 2234 ut
1023 2181 1367 2238 intellectum
1401 2187 1744 2256 spiritualcm
1765 2193 2132 2260 Opportunius

532 2268 875 2338 requiramus
921 2273 972 2326 in
1002 2273 1211 2328 verbis.
1247 2271 1311 2330 Et
1342 2277 1428 2330 die
1465 2279 1644 2344 tertia,
1693 2279 1891 2351 inquit,
1935 2283 2136 2354 nuptia:

535 2357 726 2428 ﬁebant
767 2360 819 2416 in
846 2362 992 2417 Caua
1020 2363 1295 2421 Galiltew:
1327 2377 1376 2421 et
1407 2372 1479 2423 ibi
1505 2381 1614 2423 erat
1648 2377 1809 2427 mater
1837 2372 1992 2428 Jesu.
2032 2375 2133 2431 Vo-

539 2461 684 2507 catus
706 2464 780 2508 est
807 2465 982 2510 autem
1013 2466 1062 2511 et
1095 2456 1274 2528 Iesus,
1308 2472 1356 2514 et
1384 2462 1633 2532 discipuli
1660 2467 1772 2538 ejus
1798 2466 1869 2520 ad
1899 2470 2132 2541 nuptias.

545 2544 605 2598 Et
636 2546 809 2600 uinum
843 2563 947 2602 non
967 2547 1245 2616 habebant,
1273 2562 1295 2630 ξε
1321 2556 1568 2624 quoniam
1597 2567 2006 2614 consummatum
2027 2569 2135 2616 erat

537 2641 712 2693 vinum
741 2644 1042 2712 nuptiarum
1069 2643 1247 2718 (Joan.
1280 2649 1360 2720 u).
1413 2649 1609 2704 Veram
1637 2653 1715 2706 rei
1753 2664 1922 2724 gesta:
1963 2655 2135 2712 histo-

538 2732 696 2798 riam,
725 2743 785 2788 ut
814 2738 1087 2805 oportuit,
1131 2749 1557 2810 cognoscentes,
1601 2744 1712 2814 jam
1744 2747 1869 2816 quis
1913 2748 2017 2803 iste
2063 2748 2131 2804 sit

539 2825 659 2880 dies
718 2831 936 2893 tertius,
979 2829 1032 2884 in
1092 2847 1202 2901 qtto
1257 2832 1413 2889 facta:
1461 2837 1666 2906 nuptiae
1728 2851 2130 2909 memorantur,

540 2917 900 2988 spiriwaliter
950 2937 1313 2993 exponamus.
1397 2928 1524 2984 Dies
1585 2929 1724 2987 lucis
1767 2941 1873 3000 est,
1931 2934 2134 2993 fratres

540 3011 892 3082 cbarissimi;
953 3028 1004 3072 et
1037 3017 1161 3072 ideo
1195 3021 1488 3090 praeceptis
1520 3022 1760 3091 Domini,
1817 3028 1905 3094 qtti
1939 3036 2135 3086 verum

539 3105 724 3162 lumen
749 3118 853 3175 est,
905 3111 1221 3178 mquissiine
1277 3125 1648 3185 comparatur,
1711 3127 1951 3176 testante
1999 3123 2134 3178 Pro-

543 3201 750 3272 pheta:
803 3203 1131 3272 Praeceptum
1214 3208 1424 3261 Domini
1481 3211 1758 3280 lucidum,
1822 3191 2203 3272 illuminanaC

547 3299 724 3352 oculos
780 3297 898 3368 (Ps.
927 3302 1102 3372 xvnt).
1167 3302 1238 3356 Et
1261 3303 1392 3357 alibi
1429 3306 1625 3360 iterum
1653 3326 1666 3361 ε
1703 3307 1978 3375 Quomodo
2011 3311 2130 3380 lux,

553 3389 762 3458 inquit,
845 3395 1092 3446 mandata
1143 3405 1232 3448 tua
1273 3411 1430 3466 super
1470 3411 1658 3452 terram
1727 3401 1934 3472 (Prov.
2005 3421 2056 3460 vt
2087 3407 2126 3477 ).

545 3481 700 3538 Unde
733 3483 868 3539 bene
912 3485 1163 3542 SaIVator
1219 3487 1479 3546 Dominus
1525 3489 1878 3565 admonebat,
1913 3497 1963 3552 in
2012 3499 2133 3556 luce

541 3589 665 3630 esse
693 3577 1104 3646 ambulandum,
1133 3581 1319 3636 dicens
1347 3601 1359 3637 :
1392 3575 1544 3650 Quod
1573 3586 1618 3639 si
1660 3589 1776 3656 quis
1807 3592 2036 3646 ambulat
2076 3595 2133 3646 in

540 3668 640 3735 die,
669 3687 770 3723 non
804 3671 1040 3738 offendit,
1062 3676 1189 3745 quia
1220 3675 1583 3732 ltttcmmttmli
1606 3682 1764 3753 hujus
1795 3683 1926 3737 videt
1948 3685 2131 3754 (Joau.

537 3761 637 3835 XI).
676 3761 816 3820 Vere
846 3762 992 3820 enim
1024 3769 1067 3822 si
1097 3769 1219 3839 quis
1248 3769 1610 3826 ambulaverit
1642 3771 1694 3828 in
1728 3773 1849 3830 luce
1882 3789 2136 3850 praecep-

539 3868 716 3912 torum
754 3859 868 3926 Dei,
906 3859 1189 3918 offendere
1221 3879 1563 3934 nequaquam
1611 3878 1811 3936 potest.
1863 3872 1988 3928 Dies
2031 3875 2137 3930 ita-

536 3968 646 4022 que
691 3954 792 4008 luit
836 3955 887 4008 in
935 3957 1194 4011 mandato
1224 3959 1455 4026 primus,
1501 3961 1570 4014 ab
1619 3963 1792 4016 Adam
1846 3979 2020 4036 usque
2071 3969 2137 4024 ad

537 4045 789 4119 Moysen:
813 4049 1086 4106 Secundus
1112 4050 1234 4106 dies
1259 4050 1359 4107 fuit
1390 4053 1491 4108 sub
1523 4055 1666 4126 Lege
1695 4056 1864 4128 Moysi
1895 4079 1905 4113 :
1941 4065 2136 4124 tertius

614 4332 639 4403 ξ
669 4323 819 4403 Vatt.
851 4324 1011 4403 codd.
1043 4333 1360 4403 constanter
1385 4327 1965 4403 retinentspiritalibus
1985 4330 2140 4403 spiri-

535 4395 690 4459 talia,
719 4395 863 4472 sicut
893 4395 1038 4472 intra
1075 4398 1396 4472 intellectum
1424 4395 1766 4472 spiritalem;
1799 4402 1974 4472 iisque
2003 4395 2138 4459 con-

538 4476 696 4522 sonat
720 4466 861 4539 liber
893 4467 1234 4538 Pantagathi,
1267 4468 1435 4539 “quod
1467 4466 1776 4526 monuimus
1819 4466 1983 4529 etiam
2049 4489 2142 4531 sue

541 4554 637 4609 pra
665 4537 731 4593 ad
765 4547 923 4593 tract.
958 4539 1012 4604 2,
1048 4537 1167 4611 pag.
1197 4537 1323 4598 259i

612 4609 641 4647 δ
669 4609 820 4665 Mss.
854 4627 918 4665 ea:
938 4609 1134 4665 eadem.

611 4677 633 4707 °
669 4651 1029 4737 lleddidimus
1073 4683 1177 4738 hoc
1209 4683 1328 4737 loco
1362 4684 1661 4740 lectionem
1695 4683 1846 4742 Flor.
1894 4699 1953 4745 et
1999 4688 2137 4745 duo-

537 4768 654 4809 rum
692 4753 835 4829 Vati2
870 4754 1173 4829 Irrepserat
1201 4755 1348 4829 enim
1370 4771 1663 4829 perperam
1693 4759 2060 4829 interrogatio
2084 4763 2135 4818 in
2163 4752 2215 4812 D

536 4825 868 4894 exemplaria
905 4826 1074 4892 edita,
1108 4843 1228 4898 qua:
1261 4828 1342 4882 sic
1369 4825 1657 4898 legebant:
1697 4826 1970 4896 Quomodo
2010 4849 2132 4888 troa-

541 4905 800 4976 sumptum
851 4907 959 4976 erat
1011 4899 1183 4952 riuum
1215 4900 1568 4976 nuptiarum?
1625 4899 1814 4976 Verum
1858 4906 1932 4959 rei
1981 4913 2136 4976 gesta!

540 4966 829 5022 histeriam.
875 4969 1062 5046 Itaque
1094 4979 1242 5027 totus
1269 4966 1407 5026 ordo
1436 4973 1804 5046 perturbatus
1827 4985 1879 5028 et
1913 4966 2137 5046 corrupo

543 5046 626 5113 tus
654 5047 955 5113 erat;_nam
979 5041 1048 5095 de
1081 5046 1360 5113 proposita
1385 5045 1686 5112 qimstione
1721 5044 2012 5104 videbatur
2028 5041 2138 5102 sta-

542 5109 636 5162 tim
678 5108 743 5162 ad
778 5109 938 5163 aliam
967 5108 1225 5168 tratt’siré.
1262 5108 1413 5169 llanc
1439 5125 1616 5170 autem
1651 5129 1775 5170 esse
1803 5124 1989 5173 Veram
2025 5121 2137 5175 lec-

544 5181 746 5234 tionem
797 5182 912 5249 ipse
960 5197 1177 5251 quoque
1206 5184 1544 5241 Gaudentius
1604 5185 1807 5242 indicat
1855 5189 1924 5244 ad
1970 5189 2132 5246 linem

544 5260 824 5313 tractatus,
851 5252 941 5328 ubi
967 5259 1139 5328 totum
1175 5255 1356 5328 locum
1387 5258 1568 5312 denuo
1600 5274 1906 5328 exponens,
1939 5265 2018 5316 sic
2062 5263 2138 5318 le-

541 5325 617 5394 git
644 5324 1101 5400 quemadmodum
1133 5327 1425 5400 edidimus.
1459 5329 1514 5383 In
1542 5324 1686 5386 mss;
1707 5324 1943 5400 quatuor
1973 5329 2140 5389 liabe-

542 5407 632 5451 tur
674 5398 837 5451 etiam
864 5411 1036 5450 ueram
1059 5398 1189 5468 gesti
1219 5399 1532 5464 historiam;
1580 5403 1675 5456 sed
1723 5398 1824 5456 nos
1862 5405 2135 5467 vulgatam

543 5469 840 5542 lectionem
882 5470 1263 5542 praétulimusr;
1303 5485 1465 5538 porro
1505 5489 1675 5526 veram
1707 5477 1837 5542 gesti
1865 5474 2140 5530 historiam

546 5539 768 5614 prail'ert
798 5542 934 5614 liber
964 5555 1182 5611 quoque
1210 5541 1420 5597 Octavii
1452 5539 1808 5614 Pantagatbi;
1845 5547 1958 5599 imo
1991 5545 2139 5601 Gau-

546 5613 770 5688 dentius
822 5613 961 5688 ipse,
1015 5614 1172 5688 initio
1222 5613 1496 5668 sermonis
1544 5619 1860 5688 sequentis,
1916 5621 2144 5688 primunt

541 5686 701 5753 juxta
723 5683 990 5759 historiam
1022 5687 1187 5759 gesti;
1219 5695 1272 5740 et
1301 5689 1447 5741 circa
1484 5683 1744 5755 medium,
1772 5683 2038 5745 ministros
2053 5706 2146 5745 att-

553 5761 652 5832 teni
675 5769 788 5832 _non
808 5757 926 5809 illos
958 5757 1343 5832 secundumjci
1366 5767 1585 5832 gestum.

622 5820 646 5858 ά
675 5823 750 5879 lla
775 5829 1118 5902 reposuimus
1141 5847 1205 5885 ex
1243 5820 1390 5902 Flor:
1421 5829 1588 5901 Editi,
1613 5831 1668 5886 in
1691 5849 1790 5906 quo
1814 5834 1990 5891 hodie.

1610 294 1668 358 δ.
1713 295 2090 360 GAUDENTll
2128 290 2386 360 lililitta:
2431 305 2740 364 nrtscort

3727 313 3848 371 892

1924 419 2129 490 faciatis

2238 441 2354 497 dies
2382 451 2466 498 est
2487 443 2586 499 sub
2613 444 2801 502 Gratia
2829 446 3154 506 Salvatoris.
3181 447 3206 488 δ
3239 451 3294 508 la
3322 459 3432 523 quo
3463 453 3550 509 die
3581 452 3846 524 Sponsus
3873 479 3878 482 ν

2235 533 2349 603 ipse
2378 536 2647 605 ctelestis,
2679 550 2893 596 amator
2934 542 3240 598 animarum
3273 544 3616 602 credentium
3653 545 3849 601 Domi-

2233 627 2530 697 nusJesus,
2549 644 2808 699 sponsam
2835 632 2938 689 sibi
2961 650 3024 689 ex
3049 635 3314 690 Gentibus
3333 637 3620 708 conjunxit
3645 637 3849 692 Eccle-

2231 717 2391 785 siam,
2443 719 2528 774 cui
2578 723 2840 778 annulum
2873 726 3147 796 signaculi
3181 727 3290 792 sui,
3341 738 3397 783 et
3444 729 3668 785 inaures
3702 727 3848 785 ﬁdei

2234 808 2502 865 tribueret
2543 821 2816 884 pretiosas
2846 819 2988 892 (nam
3013 817 3144 890 ﬁdes
3174 838 3239 876 ea:
3259 824 3469 888 auditu,
3492 824 3710 878 auditus
3748 841 3854 878 au-

2231 911 2331 956 tem
2357 921 2449 972 per
2476 906 2686 961 uerbum
2707 908 2800 964 Dei
2826 907 3006 982 (Rom.
3148 903 3414 970 videlicet
3445 915 3678 982 Filium;
3709 918 3854 986 quia

2229 994 2283 1048 in
2307 998 2563 1069 principio
2584 1012 2693 1054 erat
2731 998 2970 1068 Verbum,
2995 1015 3041 1058 et
3076 1001 3296 1060 Verbum
3323 1019 3432 1062 erat
3467 1010 3610 1081 apud
3645 1009 3849 1076 Deum,

2231 1093 2277 1142 et
2295 1083 2432 1144 Deus
2449 1101 2560 1145 erat
2578 1091 2797 1148 Verbum
2818 1093 2999 1167 [Ιοαη.
3027 1096 3124 1172 1]),
3155 1111 3177 1136 θ
3207 1101 3293 1154 cui
3316 1116 3537 1172 sponsa:
3564 1103 3714 1158 idem
3743 1103 3851 1160 Dei

2234 1180 2404 1238 Filius
2432 1183 2574 1240 Deus
2606 1185 2870 1256 Verbum,
2901 1205 3067 1246 aurea
3095 1207 3315 1264 quoque
3347 1193 3579 1250 donaret
3605 1187 3852 1251 dextra-

2231 1273 2324 1342 lia,
2355 1269 2718 1346 probabilium
2745 1281 2946 1352 quippe
2975 1299 3230 1352 operum,
3262 1285 3694 1358 dextrorumque
3739 1288 3858 1344 fac-

2231 1377 2440 1435 torum,
2494 1387 2594 1426 nec
2644 1388 2751 1428 non
2783 1375 2946 1428 etiam
2989 1384 3188 1432 caetera
3220 1377 3539 1449 singillatim
3586 1381 3853 1452 pretiosa

2234 1462 2456 1517 monilia
2489 1464 2800 1536 largiretur,
2833 1483 2954 1538 quae
2977 1471 3342 1540 spiritualium
3366 1482 3494 1527 sunt
3513 1485 3855 1531 ornamenta

2231 1557 2516 1612 virtutum.
2572 1559 2637 1613 Et
2683 1571 2738 1614 ut
2767 1577 3099 1632 agnosceres
3130 1565 3290 1620 tertia
3323 1565 3426 1621 hac
3453 1567 3543 1623 die
3572 1569 3858 1637 spiritua-

2237 1651 2316 1706 les
2368 1652 2499 1707 istas
2529 1669 2560 1708 a
2601 1651 2821 1711 Christo
2854 1657 3072 1726 nuptias
3104 1657 3158 1712 in
3211 1658 3370 1728 plebe
3395 1661 3637 1730 gentium
3684 1663 3858 1717 cele-

2239 1745 2410 1816 brari,
2463 1761 2571 1800 non
2618 1747 2672 1802 in
2704 1747 2891 1804 Judwa
2926 1747 3084 1818 ﬁunt,
3119 1751 3216 1806 sed
3260 1754 3314 1806 in
3366 1755 3514 1807 Cana
3555 1754 3852 1812 Galilmze:

2234 1838 2377 1909 quod
2422 1851 2623 1911 praeter
2654 1843 3030 1899 testimonium
3059 1846 3237 1901 sancti
3269 1844 3424 1900 lsaim
3459 1845 3561 1919 (Is.
3593 1850 3701 1915 ts),
3747 1847 3853 1920 qui

2234 1932 2511 1989 Galilaeam
2529 1935 2784 1992 Gentium
2807 1942 3157 2010 memoravit,
3174 1957 3240 1996 ex
3272 1943 3743 2011 interpretatione
3768 1947 3858 2016 ip-

2235 2043 2422 2080 sorum
2440 2031 2720 2085 nominum
2736 2033 2940 2087 clarius
2963 2034 3851 2108 ostendetur.27A‘Canaenim

2235 2121 2510 2190 possessio
2533 2122 2762 2190 dicitur;
2803 2135 2858 2180 et
2885 2125 3112 2181 Galilma
3147 2127 3232 2184 vcl
3271 2129 3549 2194 volubilis,
3584 2130 3672 2184 vel
3717 2143 3854 2186 rata

2237 2224 2598 2286 nuncupatur,
2624 2233 2688 2271 ex
2716 2217 2945 2273 Hebraeo
2967 2219 3327 2290 interpretata
3350 2236 3627 2277 sermone.
3652 2234 3677 2269 ε
3696 2223 3856 2279 Con-

2235 2317 2341 2362 stat
2375 2321 2554 2362 antem
2607 2311 2869 2380 populum
2927 2310 3183 2368 Gentium
3231 2330 3298 2369 ex
3360 2329 3549 2369 errore
3606 2315 3853 2370 idolola-

2239 2398 2375 2466 trite,
2405 2395 2459 2453 in
2483 2415 2648 2471 quem
2683 2403 2855 2456 fuerat
2884 2403 3015 2458 olim
3049 2403 3364 2475 devolutus,
3393 2423 3540 2462 nunc
3561 2408 3630 2462 ad
3663 2408 3854 2464 chris-

2236 2490 2397 2548 tiana:
2444 2494 2692 2549 veritatis
2737 2497 2944 2551 cultum
2974 2493 2998 2532 h
3026 2497 3312 2556 celeritate
3365 2508 3498 2554 rota:
3546 2499 3848 2568 cujusdam

2236 2601 2536 2656 properare
2567 2591 2867 2642 currentis.
2915 2585 3070 2645 Unde
3095 2591 3263 2646 etiam
3296 2591 3605 2661 ﬁguraliter
3635 2597 3850 2650 cecinit

2238 2680 2510 2750 propheta
2541 2679 2709 2735 David
2762 2682 2972 2737 locutus
3002 2682 3065 2736 ad
3109 2683 3312 2739 Deum:
3349 2682 3466 2737 Vox
3509 2685 3733 2738 tonitrui
3766 2688 3849 2740 tui

2234 2775 2288 2827 in
2314 2785 2428 2827 rota
2463 2773 2582 2844 (Ps.
2611 2775 2823 2845 Lxxvt).
2877 2775 3121 2830 Intonuit
3151 2775 3296 2832 enim
3322 2791 3353 2831 e
3390 2775 3533 2832 etnlo
3571 2775 3744 2844 Deus,
3790 2788 3848 2835 et

2237 2866 2552 2923 Altissimus
2579 2868 2732 2924 dedit
2763 2885 2953 2924 vocem
2983 2887 3163 2938 suam,
3191 2871 3414 2926 dicens:
3440 2871 3542 2925 Hic
3563 2881 3640 2925 est
3661 2871 3845 2928 Filius

2236 2975 2378 3012 meus
2409 2959 2657 3026 dilectus,
2688 2961 2741 3013 in
2769 2975 2870 3029 quo
2894 2959 3018 3013 mihi
3050 2960 3174 3015 bene
3199 2963 3381 3029 placui
3415 2978 3434 3017 :
3484 2960 3624 3016 hunc
3658 2965 3850 3018 audite

2236 3047 2431 3120 (Matth
2467 3049 2622 3121 xvu).
2656 3048 2826 3120 Cujus
2862 3052 3088 3106 tonitrtti
3121 3066 3221 3105 vos
3255 3052 3428 3107 haeret
3475 3053 3532 3107 in
3571 3053 3847 3110 cordibus

2241 3139 2412 3212 plebis
2444 3141 2627 3212 hujus,
2672 3159 2795 3214 qua:
2835 3158 2902 3199 ex
2925 3143 3115 3213 gentili
3148 3144 3543 3214 superstitione
3576 3145 3643 3200 ad
3675 3145 3844 3203 iidem

2243 3233 2454 3288 Domini
2482 3233 2630 3298 Jesu,
2668 3244 2940 3304 tamquam
2975 3243 3088 3304 rota
3123 3249 3379 3302 currens,
3410 3236 3680 3290 velociter
3709 3253 3846 3303 pro-

2243 3325 2476 3396 peravit.
2529 3325 2701 3392 Quam
2747 3327 2815 3378 ob
2856 3341 3076 3380 causam
3119 3327 3282 3381 etiam
3316 3328 3505 3382 beatos
3545 3331 3852 3396 Apostolus

2241 3414 2406 3491 digne
2436 3420 2770 3475 arbitramur
2797 3437 2825 3475 a
2858 3419 3082 3476 Christo
3125 3421 3269 3476 tilios
3311 3423 3536 3477 tonitrui
3570 3421 3584 3460 ι
3615 3431 3845 3480 nuncu-

2243 3523 2397 3582 patos
2426 3510 2620 3583 (Marc.
2648 3512 2752 3584 ut),
2804 3507 3140 3584 Boanerges.
3180 3513 3316 3568 Nam
3368 3515 3600 3585 legimus
3632 3517 3748 3571 alio
3792 3517 3854 3574 in

2241 3605 2365 3660 loco
2398 3605 2705 3676 Evangelii,
2750 3607 3021 3675 quosdam
3063 3621 3126 3661 es
3161 3607 3427 3663 Gentibus
3455 3608 3856 3666 desiderantes

2237 3700 2678 3770 appropinquare
2700 3697 2942 3764 Christo,
2967 3699 3176 3754 aditum
3207 3701 3477 3767 quaesisse
3501 3715 3598 3771 per
3619 3713 3856 3774 aposto-

2238 3791 2349 3847 lum
2381 3789 2715 3862 Philippum,
2748 3794 2839 3865 qui
2871 3802 3040 3849 erata
3067 3794 3362 3850 Betbsaida
3410 3794 3658 3852 Galiltete
3703 3799 3856 3856 civi-

2237 3894 2378 3952 tate;
2409 3895 2466 3940 ut
2491 3887 2711 3956 opinor,
2746 3887 3123 3944 familiaritate
3146 3890 3393 3946 conlisos
3425 3903 3437 3946 2
3473 3891 3716 3958 Domine,
3759 3897 3859 3950 ill-

2239 3980 2458 4050 quiunt,
2503 3979 2739 4034 uolumus
2778 3980 2962 4035 Iesum
3003 3982 3198 4036 ridere.
3235 3981 3391 4036 Venit
3437 3981 3744 4055 Philippus,
3805 3991 3861 4041 et

2240 4071 2368 4126 dicit
2401 4070 2667 4127 Andreas:
2722 4073 2958 4128 Andreas
2987 4082 3035 4129 et
3079 4073 3362 4148 Philippus
3401 4077 3618 4144 vadunt,
3663 4083 3709 4132 et
3766 4078 3859 4133 di-

2319 4335 2572 4391 BPlacuit
2623 4335 2739 4392 Ιιτίιό
2789 4335 2954 4392 lectio
2997 4351 3064 4393 ex
3110 4338 3284 4394 tribus
3333 4352 3466 4396 mss.
3528 4341 3848 4400 desumpta.

2243 4405 2410 4480 Editi,
2433 4409 2752 4480 depravate,
2783 4411 2930 4480 cujus
2954 4421 3176 4479 sponsus
3198 4410 3332 4465 idem
3365 4410 3461 4466 Dei
3496 4409 3542 4464 Ρ
3544 4414 3667 4469 ilius
3695 4405 3848 4471 Heus

2250 4477 2591 4551 Verbum;'at
2624 4477 2869 4551 clausula
2912 4477 3308 4548 distinctionis,
3356 4499 3455 4538 seu
3494 4485 3854 4551 parenthesis

2246 4549 2418 4602 linitio
2451 4550 2781 4619 transposita
2815 4552 3012 4606 vitium
3053 4557 3108 4605 ct
3147 4549 3544 4610 obscuritatem
3579 4567 3846 4614 auxerat.

2243 4619 2338 4698 Qui
2359 4620 2730 4698 sponsteidem
2759 4619 2859 4698 Dei
2883 4620 3059 4698 ilius
3084 4623 3221 4698 Deus
3255 4623 3478 4698 Verbum
3503 4626 3710 4698 alisque
3732 4629 3852 4685 ulla

2242 4690 2614 4767 distinctionis
2638 4693 3053 4767 clausulalegit
3077 4693 3206 4767 cod.
3244 4711 3346 4767 ms.
3385 4690 3726 4767 Pantagathi.

2317 4761 2598 4817 (Consule
2635 4764 2787 4818 llier.
2821 4767 2872 4818 in
2899 4761 2998 4818 lib:
3017 4766 3088 4820 de
3115 4765 3274 4820 Nom.
3311 4761 3568 4825 Hebraic:
3605 4767 3731 4826 Harc
3761 4773 3852 4827 in—

2241 4833 2582 4908 terpretandi
2627 4835 2792 4908 ratio,
2827 4834 2896 4891 ab
2935 4837 3285 4908 etyinologiis
3336 4841 3525 4908 petita,
3561 4843 3852 4900 nonnullis

2241 4903 2401 4959 valde
2424 4903 2736 4982 d_i5plicuit;
2762 4917 2882 4982 qua:
2906 4903 3088 4962 tanien
3114 4922 3173 4964 se
3186 4903 3528 4982 'ntagnorum
3557 4914 3853 4970 nominum

2239 4977 2504 5041 exemplo
2534 4991 2587 5030 et
2619 4977 2947 5034 auctoritate
2978 4987 3184 5034 tuetur.

2313 5058 2337 5094 κ
2389 5048 2772 5116 Εκριηιεςίιιιιιε
2827 5051 3116 5106 lectionem
3169 5050 3315 5108 Vati.
3370 5054 3536 5110 codd.
3591 5065 3645 5110 et
3703 5055 3846 5114 Urb.

2239 5135 2470 5198 quorum
2505 5119 2758 5176 subsidio
2815 5126 2961 5176 totus
2999 5122 3087 5178 hic
3136 5122 3292 5177 locus
3339 5133 3442 5180 nbu
3477 5143 3670 5198 [tarum
3705 5128 3854 5184 indl-

2279 5192 2420 5245 t'lmt.

2239 5207 2290 5262 εἰ
2314 5207 2463 5318 iiné'ic
2491 5261 2638 5318 Vati.
2686 5262 2846 5319 codd.
2878 5271 2928 5319 et
2962 5263 3095 5320 Urb.
3133 5265 3271 5318 Editl
3318 5271 3528 5332 autem,
3576 5273 3853 5327 celeritate

2241 5343 2374 5408 rotte
2415 5334 2994 5408 cujusdamturrenfis
3043 5351 3095 5390 se
3129 5352 3447 5408 prwparare.
3501 5337 3669 5406 Male;
3721 5353 3853 5400 nam

2246 5406 2406 5477 paulo
2431 5405 2553 5476 post
2580 5405 2762 5461 subdit
2793 5414 3056 5490 tantquam
3083 5405 3199 5461 rata
3231 5405 3446 5465 currens
3464 5405 3712 5490 uelociter
3727 5431 3846 5490 pra-

2248 5479 2476 5548 perarit;
2505 5493 2569 5534 ex
2600 5491 2708 5547 quo
2739 5480 2873 5532 satis
2905 5486 3121 5533 Constat
3148 5491 3398 5548 qtttenam
3433 5485 3503 5538 sit
3529 5495 3653 5540 vera
3686 5479 3855 5544 lecti!)

2250 5551 2533 5624 prm‘seutis
2564 5549 2690 5617 loci,
2720 5563 2950 5624 eamque
2981 5557 3165 5605 tuetttr
3199 5552 3362 5607 etiam
3406 5555 3654 5624 optimus
3705 5558 3852 5616 liber

2252 5621 2458 5678 Octavii
2489 5621 2828 5692 Pantagatbi.

2335 5693 2349 5730 ί
2385 5693 2441 5748 111
2491 5705 2897 5768 quatuor_ntss.
2932 5701 3283 5763 nuncupatos,
3314 5695 3473 5768 quod,
3497 5699 3697 5756 dicitur
3741 5697 3854 5757 ﬂe-

2255 5765 2405 5889 brte'oi
2431 5763 2683 5832 sermone,
2718 5763 3034 5839 Boanerges,
3071 5776 3230 5835 prout
3275 5763 3335 5823 et
3362 5769 3414 5824 in
3457 5765 3603 5829 libro
3650 5771 3858 5834 Paula-

2255 5845 2344 5889 eat
2369 5857 2379 5888 1
2413 5876 2426 5888 .

2255 5839 2426 5905 gatltl.
