4096 6192
311 353 420 418 893

1129 356 1365 413 SEIlMO
1407 355 1545 422 VIII,
1589 354 1676 411 DE
1716 345 2086 410 EVANGEIJI
2128 347 2464 408 LECTIONE
2507 351 2785 410 PRIMUS.

3509 351 3615 406 8M

313 505 438 551 cunt
460 495 757 550 “adJesum
782 489 966 568 (Ioan.
999 493 1234 565 xu).llis
1257 491 1539 546 euha'rent
1564 506 1789 560 ea,qu:e
1809 503 1908 543 sn0
1937 465 1984 530 Α
2015 502 2188 547 autem
2214 491 2338 546 exiit
2365 491 2488 546 inde
2509 501 2554 547 et
2585 490 2710 546 abiit
2739 491 2790 545 in
2813 488 3107 544 Galilteam.
3152 487 3276 560 Ipse
3305 488 3440 543 enim
3462 486 3617 546 Iesus

313 591 366 646 in
402 590 545 654 loco,
578 600 635 644 ut
664 589 912 644 meminit
945 588 1176 644 dilectio
1210 597 1420 651 vestra,
1459 583 1770 640 minutatim
1801 583 1913 638 dis—

310 681 480 748 serui,
511 677 598 736 uhi
624 679 915 736 confestim
947 681 1214 736 Dominus
1245 680 1454 750 legatus
1495 677 1749 733 Gentium
1786 691 1910 743 gra-

311 775 554 830 tulanter
576 773 940 844 amplectens,
976 781 1028 828 et
1063 773 1114 828 in
1147 772 1337 843 paucis
1369 770 1724 826 credentibus
1750 768 1908 824 lide

308 865 622 940 praevidens
669 866 1158 923 innumerabilium
1193 866 1520 937 populorum
1546 906 1559 929 ,
1596 863 1733 919 dixit
1765 865 1912 932 Apo-

308 961 665 1017 stolis:Venit
689 961 818 1015 hora
849 971 905 1015 ut
929 962 1256 1034 glori/iretur
1283 958 1457 1015 Filius
1484 958 1907 1033 hominis(Ioan.

309 1054 425 1122 xu).
484 1053 551 1110 Et
583 1063 706 1125 post
740 1067 934 1126 pauca,
981 1070 1168 1111 vocem
1203 1064 1532 1110 convertens
1565 1053 1629 1106 ail
1665 1053 1905 1122 Patrem,

309 1149 514 1220 inquit:
555 1146 736 1213 Pater,
777 1149 1024 1220 glori/ica
1055 1166 1238 1203 nomen
1277 1158 1443 1202 tuum.
1488 1148 1778 1217 Statimque
1814 1163 1912 1201 rea:

308 1242 372 1297 de
401 1239 526 1296 cale
568 1243 774 1296 veniens
823 1242 930 1295 ait:
969 1251 1015 1295 et
1040 1241 1360 1314 glori/icavi,
1406 1253 1450 1294 rt
1506 1241 1693 1295 iterum
1743 1238 1907 1310 glori—

308 1334 494 1398 ﬁcabo.
544 1333 716 1402 Quam
767 1350 954 1390 vocem
993 1336 1083 1390 liei
1139 1333 1316 1389 Patris
1356 1334 1382 1372 ιι
1425 1333 1908 1390 circumstantium

304 1425 612 1482 Iudteorum
676 1414 833 1481 turba
894 1427 1147 1494 audiens,
1209 1427 1277 1480 de
1341 1427 1582 1482 excelsis
1640 1425 1906 1482 ccelorum

305 1517 524 1574 sedibus
598 1518 980 1580 re~ultautem.
1036 1519 1299 1574 tonitrum
1362 1530 1536 1591 putat,
1591 1520 1714 1589 quia
1787 1533 1910 1573 ver-

307 1611 371 1664 ba
423 1627 529 1664 non
575 1611 926 1682 assequitur:
976 1612 1210 1683 populus
1240 1611 1410 1677 enim,
1445 1611 1748 1664 secundum
1785 1625 1908 1680 pro-

307 1702 549 1772 phetiam
583 1706 760 1758 sancti
795 1703 950 1759 Isaize
982 1701 1086 1773 (Is.
1123 1701 1221 1777 vt),
1282 1720 1415 1760 aure
1452 1705 1686 1758 audiens
1715 1711 1768 1756 ct
1797 1713 1902 1757 non

305 1797 554 1861 audiens,
581 1815 777 1854 suumn
817 1797 1197 1853 tantummodo
1220 1798 1424 1854 divinae
1456 1797 1606 1852 vocis
1633 1797 1900 1860 audierat,

301 1887 422 1943 sine
460 1889 742 1945 intellectu
776 1904 1116 1944 sermonum.
1162 1889 1396 1959 Ideoque
1419 1889 1686 1945 Dominus
1713 1901 1810 1944 Cet
1851 1892 1902 1946 in
1939 1863 1984 1924 Β

304 1981 611 2050 Evangelia
642 1983 707 2036 ad
745 1998 958 2048 omnes,
1004 1994 1058 2038 et
1091 1983 1141 2038 in
1175 1983 1503 2056 Apocalypsi
1545 1993 1667 2054 post
1699 1981 1904 2038 doctri-

302 2093 422 2132 nam
457 2073 616 2149 275
645 2075 926 2132 etelestcm
953 2118 967 2141 ,
1019 2073 1256 2131 clamat:
1303 2075 1405 2142 Qui
1435 2075 1584 2130 habet
1614 2092 1768 2130 aures
1807 2093 1906 2129 au-

301 2169 498 2238 diendi,
525 2169 708 2224 audiat
732 2167 888 2238 (Luc.
919 2185 1046 2235 vtn;
1083 2169 1243 2240 Apoc.
1276 2167 1416 2242 xm).
1446 2167 1683 2224 Noverat
1705 2169 1903 2238 quippe

302 2264 573 2318 universis
617 2265 798 2318 inesse
829 2277 1013 2324 aures,
1047 2261 1144 2318 sed
1179 2279 1282 2316 non
1316 2262 1570 2316 omnibus
1599 2261 1855 2316 audiendi
1885 2279 1897 2315 :

303 2370 481 2424 neque
523 2355 665 2410 enim
699 2353 1106 2424 computahitur
1138 2353 1358 2410 audisse
1396 2355 1487 2424 qui
1518 2353 1702 2408 cordis
1735 2354 1902 2408 behe-

303 2449 494 2502 tudine
536 2449 795 2516 obtusus,
843 2445 973 2518 quid
1007 2446 1216 2502 audivit.
1246 2446 1478 2516 ignorat.
1527 2447 1774 2516 Apostoli
1805 2462 1900 2500 au-

300 2548 432 2604 tem,
466 2547 516 2592 et
558 2545 653 2609 per
699 2539 997 2609 Apostolus
1035 2539 1102 2594 ad
1159 2539 1316 2594 Iidem
1347 2538 1552 2593 Christi
1587 2548 1897 2605 currentes,

297 2632 386 2700 qui
411 2630 673 2686 audiendi
703 2629 978 2688 habebant
1009 2648 1194 2698 aures,
1238 2643 1555 2687 meruerunt
1597 2631 1900 2699 intelligere

299 2723 481 2777 divina
516 2723 733 2794 eloquia
759 2767 772 2787 ,
828 2739 925 2793 pro
959 2725 1329 2795 magnitudine
1356 2725 1464 2788 sui,
1499 2725 1638 2780 sicut
1672 2725 1723 2777 in
1753 2725 1900 2792 Apo-

297 2815 505 2888 calypsi
536 2817 766 2888 legimus
791 2816 976 2890 (Apoc.
1007 2835 1076 2882 tv,
1106 2834 1178 2885 vt,
1207 2834 1318 2883 vni,
1348 2821 1432 2885 x),
1471 2818 1725 2872 touitruis
1749 2833 1899 2871 com-

301 2923 524 2978 parata;
560 2911 1000 2979 qunuluqnidetn
1036 2909 1181 2982 digni
1217 2912 1385 2967 habiti
1421 2923 1569 2977 sunt,
1605 2911 1670 2966 ad
1697 2912 1898 2966 saluta-

301 3021 411 3058 rem
458 3004 704 3060 notitiam
739 3003 1015 3070 veri-alis,
1066 3016 1294 3075 paterno
1329 3005 1644 3060 teatiuvonio
1676 3007 1897 3060 cmlitus

297 3095 520 3151 erudiri.
546 3097 688 3152 Cana
714 3105 896 3152 autem
925 3115 1086 3169 parva
1111 3099 1303 3153 civitas
1325 3109 1410 3154 est
1436 3103 1483 3154 in
1509 3098 1729 3156 Galilaza
1757 3099 1898 3154 Gcn-

300 3191 464 3258 tium,
508 3190 558 3245 in
604 3193 762 3257 cujus
812 3191 1056 3247 Galila-a:
1098 3193 1338 3263 partibus
1371 3195 1470 3247 sita
1508 3204 1588 3247 est
1619 3206 1672 3248 et
1701 3194 1894 3248 civitas

297 3283 702 3354 liapharnaum,
730 3286 818 3339 ulti
850 3288 1040 3340 beatus
1066 3288 1404 3356 evangelista
1429 3287 1715 3343 Mutthteus
1738 3288 1894 3342 Chri-

297 3389 440 3431 stum
477 3387 704 3432 testatur
738 3379 1017 3434 habitasse
1051 3377 1288 3434 dicens:
1321 3380 1454 3434 Cum
1489 3384 1712 3435 audisset
1741 3381 1893 3435 Iesus

295 3471 416 3539 quia
436 3469 671 3524 Ionnnes
703 3471 924 3524 traditus
957 3482 1050 3533 ist,
1085 3474 1293 3525 secessit
1323 3473 1370 3525 in
1397 3472 1706 3538 Catilinam;
1740 3483 1786 3525 et
1815 3490 1894 3527 t'e-

295 3561 418 3614 lirta
448 3562 652 3614 civitate
700 3557 967 3615 Nazareth
1008 3559 1226 3626 (Matth.
1269 3569 1374 3633 tv),
1424 3566 1648 3617 alterius
1682 3565 1896 3618 scilicet

295 3654 564 3720 Galiltem,
613 3657 780 3722 venit,
833 3655 1044 3725 inquit,
1090 3666 1134 3709 et
1167 3655 1414 3710 habitavit
1446 3654 1468 3691 ἀ
1497 3657 1888 3725 Capharmnnn,

295 3759 612 3812 maritimum
632 3759 876 3832 oppidum
893 3759 944 3813 in
961 3758 1153 3827 ﬁnibus
1165 3757 1430 3827 Zabulon,
1453 3769 1498 3811 et
1523 3758 1890 3824 Nephthalim;

295 3869 354 3914 ιιι
386 3858 783 3928 adimpleretur
821 3857 962 3927 quod
995 3874 1090 3928 per
1116 3857 1306 3913 Isaiam
1338 3857 1653 3928 prophetam
1683 3858 1887 3914 dictum

293 3962 445 4008 erat:
497 3950 658 4008 Terra
681 3949 944 4016 Zabulon.
979 3961 1026 4004 et
1057 3962 1192 4004 terra
1219 3949 1585 4021 Nephthulim,
1620 3953 1700 4004 ria
1733 3952 1888 4006 maris

293 4061 439 4107 trans
465 4050 754 4107 Iordanem
783 4050 1022 4108 Galilazte
1053 4050 1318 4104 Gentium.
1369 4051 1605 4122 Populus
1635 4053 1722 4120 qui
1751 4053 1891 4108 sede-

292 4152 380 4206 bat
405 4151 726 4215 intenebris,
759 4150 926 4206 lucem
945 4151 1070 4205 vidit
1089 4168 1370 4221 magnam:
1399 4153 1551 4220 etqui
1573 4153 1817 4208 sedebant
1834 4155 1888 4208 in

291 4243 502 4313 regione
527 4252 578 4297 et
599 4243 781 4298 umbra
793 4243 1000 4309 mortis,
1027 4243 1123 4298 lux
1136 4250 1336 4298 ortaest
1354 4244 1461 4298 illis
1475 4243 1576 4313 (Is.
1597 4245 1695 4316 Ix).
1722 4246 1887 4302 Ioan-

291 4359 388 4402 nes
416 4361 633 4417 quoque
665 4345 1005 4416 evangelista
1037 4345 1389 4402 beatissimus
1421 4357 1710 4412 memorat,
1741 4349 1885 4419 quod

280 4449 556 4504 Dominus
573 4448 736 4505 Iesus
758 4449 1042 4519 reliquerit
1073 4457 1282 4504 terram
1308 4447 1576 4510 Iuthram.
1612 4459 1666 4504 et
1691 4451 1886 4506 abierit

287 4552 482 4607 iterum
507 4553 560 4606 in
580 4551 880 4608 Galilaeam.
921 4550 1201 4620 Oportebat
1220 4561 1393 4604 autem
1416 4553 1658 4617 transire,
1681 4553 1878 4624 inquit,

286 4653 438 4709 illum
457 4671 548 4726 per
561 4653 864 4708 Samariam
887 4651 1166 4720 (Ioannv,
1189 4651 1272 4723 4),
1302 4653 1392 4710 ubi
1415 4669 1539 4710 eum
1567 4669 1729 4709 causa
1761 4671 1880 4710 mu-
1910 4647 1964 4708 D

285 4751 436 4812 Iieris
449 4756 827 4820 Samaritana),
845 4756 1240 4826 aliquantisper
1253 4753 1308 4809 in
1326 4755 1445 4824 ipso
1463 4757 1694 4810 transitu
1712 4771 1887 4811 remo-

283 4868 459 4919 ratum
479 4859 820 4924 describens,
838 4867 1245 4928 consequenter
1264 4855 1495 4926 adjecit:
1526 4856 1654 4918 Post
1669 4860 1886 4916 biduum

355 5005 379 5035 ι
408 4997 466 5052 In
490 4995 615 5052 cod.
659 4991 984 5065 Pantagatlti
1013 4992 1251 5064 legitur:
1286 4996 1464 5050 dicunt
1497 4998 1568 5050 ad
1586 4993 1788 5061 Iesum.
1824 5009 1869 5055 et

281 5077 468 5124 ca'tera
498 5069 579 5122 his
605 5068 956 5130 cohaerentia;
998 5066 1220 5133 deinde,
1253 5083 1370 5138 qua!
1412 5084 1508 5124 suo
1535 5069 1588 5122 in
1636 5070 1771 5137 loco,
1816 5083 1870 5126 ut

283 5139 510 5194 meminit
535 5138 742 5193 dilectio
772 5147 958 5204 vestra,
992 5138 1288 5191 minutatim
1313 5139 1558 5204 disserui,
1598 5143 1872 5206 quomodo

283 5211 513 5264 habetur
554 5212 720 5264 etiam
766 5209 817 5263 in
850 5210 1032 5264 editis.
1097 5206 1174 5262 Ex
1223 5210 1304 5262 his
1345 5209 1634 5265 Gaudentii
1691 5214 1876 5269 verbis

280 5291 469 5350 aperte
497 5281 666 5352 liquet.
708 5277 1141 5352 nonnullosejus
1182 5286 1450 5352 tractatus
1495 5281 1866 5350 intercidisse,

277 5349 420 5420 quod
453 5349 698 5408 natatum
729 5353 892 5407 etiam
922 5349 1076 5415 alibi,
1109 5357 1271 5405 tract.
1307 5351 1395 5415 14,
1435 5351 1584 5417 init.,
1620 5364 1672 5408 ct
1707 5349 1871 5412 Prtel.

278 5429 342 5476 ad
375 5425 770 5490 Gaudentium,
797 5441 851 5476 ιι.
883 5421 965 5476 I9.

347 5493 374 5532 ι’
396 5496 483 5549 Sic
516 5495 668 5552 Flor.
702 5495 827 5550 cod.
857 5503 912 5549 et
943 5492 1248 5564 Parisicus.
1279 5493 1470 5548 editio.
1505 5495 1640 5549 Aliae
1670 5497 1874 5564 editio-

279 5580 395 5638 nes,
450 5568 767 5623 (inluttiens.
802 5567 1031 5638 quippe,
1086 5575 1141 5618 et
1189 5563 1383 5636 Lugd.,
1436 5566 1871 5624 circumdantium

273 5633 601 5691 Iuda’urum.

350 5718 370 5783 ξ’
409 5708 569 5761 υυεει
616 5709 666 5761 in
721 5708 884 5764 editis
927 5707 1188 5776 particula
1231 5705 1665 5778 coniunctionis,
1704 5728 1870 5783 quant

273 5779 578 5843 adjecimus
605 5793 670 5832 ex
703 5794 837 5834 mss.

346 5848 374 5892 α
406 5849 576 5910 Flor.
607 5848 979 5922 Capharnaum
1002 5852 1312 5907 maritimam
1336 5853 1594 5922 iit/imbus
1608 5853 1869 5914 Zabulon.

2017 585 2364 638 testimonium
2391 584 2677 654 perhibuit,
2710 581 2908 652 inquit,
2931 581 3056 651 quia
3081 579 3331 652 propheta
3360 581 3410 633 in
3445 581 3616 652 patria

2014 693 2110 730 sua
2143 676 2389 729 honorem
2431 692 2529 730 non
2555 673 2727 728 habet.
2773 672 2901 727 Cum
2933 680 3106 726 autem
3135 671 3348 726 venisset
3391 671 3443 724 in
3474 668 3619 726 Gali-

2015 772 2186 836 laeam,
2221 771 2416 840 inquit,
2444 778 2774 840 susceperunt
2810 784 2928 820 eum
2960 765 3192 828 Galila’i,
3228 763 3348 818 visis
3377 765 3616 819 omnibus

2014 864 2178 935 signis
2201 880 2313 935 qua:
2336 862 2456 932 fecit
2485 859 2858 931 Hierosolymis
2881 861 2930 912 in
2955 859 3037 912 die
3058 863 3187 930 festo
3207 875 3226 913 :
3261 867 3310 912 et
3349 857 3448 927 ipsi
3479 858 3615 910 enim

2018 968 2259 1012 uenerant
2310 959 2360 1010 in
2406 957 2540 1009 diem
2569 960 2781 1027 festum.
2837 953 2986 1007 Venit
3017 969 3160 1025 ergo,
3194 952 3392 1022 inquit,
3427 951 3616 1006 iterum

2016 1053 2068 1105 in
2097 1049 2240 1104 Cana
2262 1047 2522 1116 Galilaete,
2555 1047 2641 1101 ubi
2664 1047 2786 1118 fecit
2809 1047 2872 1100 de
2895 1063 3030 1116 aqua
3055 1047 3250 1098 vinum.
3284 1043 3413 1098 Erat
3441 1053 3616 1100 autem

2014 1143 2227 1214 quidam
2254 1143 2489 1212 regulus,
2533 1142 2686 1212 cujus
2718 1141 2863 1209 filius
2892 1140 3262 1210 in/irmabatur
3293 1139 3348 1192 in
3375 1136 3615 1210 Caphar-

2016 1257 2196 1296 naum.
2251 1235 2356 1292 Hic
2384 1255 2499 1292 cum
2528 1237 2760 1291 audisset
2789 1236 2912 1304 quia
2942 1234 3099 1290 Iesus
3129 1233 3339 1288 advenit
3367 1250 3397 1287 a
3423 1231 3614 1290 Iudaea

2013 1332 2068 1386 in
2096 1329 2390 1395 Galilaeam,
2420 1328 2547 1382 abiit
2573 1327 2640 1382 ad
2669 1343 2806 1394 eum,
2849 1335 2899 1380 et
2942 1325 3160 1396 rogabat
3200 1333 3254 1378 ut
3281 1323 3613 1380 descenderet

2014 1434 2060 1479 et
2105 1433 2312 1479 sanaret
2354 1424 2520 1494 ﬁlium
2548 1426 2662 1496 ejus
2705 1422 3042 1489 incipientem
3091 1420 3224 1474 mori
3267 1417 3460 1489 (Ibid.,
3493 1417 3611 1487 I5).

2012 1520 2182 1585 Quem
2220 1518 2400 1573 statim
2435 1517 2635 1572 virtute
2677 1517 2948 1571 sermonis
2979 1517 3098 1585 sui,
3137 1526 3412 1586 tamquam
3443 1513 3616 1570 medi-

2011 1627 2106 1667 cus
2127 1611 2395 1678 ccelestis,
2419 1626 2540 1665 cum
2565 1621 2819 1666 sanasset
2839 1610 3154 1675 absentem,
3183 1609 3367 1664 taliter
3388 1619 3612 1665 sanctus

2011 1704 2342 1773 evangelista
2375 1703 2682 1758 conclusit:
2732 1701 2852 1756 Hoc
2878 1703 3066 1756 iterum
3093 1701 3376 1756 secundum
3404 1703 3609 1772 signum

2012 1798 2130 1866 fecit
2155 1793 2336 1860 Iesus,
2383 1812 2498 1848 cum
2526 1796 2739 1849 venisset
2766 1812 2797 1848 a
2826 1792 3016 1848 Iudaea
3042 1796 3092 1846 in
3119 1791 3392 1848 Gali/team
3419 1793 3608 1862 (Ibid.,

2011 1890 2123 1961 54).
2180 1890 2318 1960 Ergo
2361 1899 2420 1942 ut
2459 1888 2526 1943 ad
2552 1889 3062 1958 interpretationem
3098 1885 3404 1950 numinum,
3445 1885 3614 1940 ratio-

2009 1996 2248 2052 nemque
2278 1981 2558 2052 Iiguralem
2593 1982 2850 2045 redeam;
2882 1979 2936 2034 in
2971 1981 3116 2034 Caua
3147 1977 3410 2045 Galilmae,
3448 1977 3499 2032 id
3528 1985 3613 2032 est

2008 2077 2058 2130 in
2085 2077 2440 2149 possessione
2469 2076 2751 2144 Gentium,
2786 2074 3102 2146 Spirituales
3125 2073 3227 2129 sub
3249 2072 3450 2129 Christi
3475 2087 3616 2144 pra:-

2004 2172 2184 2225 sentia
2217 2169 2420 2239 nuptiae
2449 2169 2829 2224 celebrantur.
2880 2178 2904 2204 °
2927 2165 3202 2237 Propheta
3227 2183 3296 2222 ex
3330 2166 3448 2236 ejus
3480 2181 3610 2238 per-

2005 2278 2138 2318 sona
2187 2264 2449 2333 loquente
2476 2263 2542 2318 ad
2578 2262 2882 2317 Ecclesium
2917 2261 2972 2318 in
3003 2259 3251 2316 Canticis
3279 2261 3444 2332 276
3467 2259 3614 2315 Can-

2005 2357 2270 2412 ticorum:
2313 2357 2439 2411 Veni
2465 2374 2497 2410 a
2525 2355 2975 2424 Libano,sponsa:
3003 2354 3117 2407 veni
3143 2371 3175 2406 a
3203 2353 3404 2408 Libano
3429 2353 3606 2425 (Cant.

2003 2450 2077 2523 tv)
2107 2470 2122 2516 ,-
2152 2450 2202 2504 id
2225 2459 2302 2505 est
2331 2466 2357 2502 a
2386 2449 2789 2505 thurilicatiune
2813 2449 2900 2503 illa
2929 2447 3143 2519 gentili.
3179 2447 3311 2502 Nam
3338 2447 3605 2502 Libanum

2006 2543 2128 2598 thus
2153 2545 2584 2613 interpretamur
2607 2559 2677 2599 ex
2705 2557 2911 2612 graeco,
2943 2541 3087 2612 quod
3114 2542 3255 2611 magi
3283 2540 3362 2596 illi
3384 2556 3451 2596 ex
3471 2539 3611 2598 Gen-

2004 2637 2205 2694 tilitate
2233 2639 2518 2693 venientes
2548 2637 2769 2712 (gilanti.
2792 2635 2874 2709 ιι).
2907 2635 3004 2692 Chi
3022 2636 3130 2691 isto
3161 2636 3336 2705 potius
3367 2636 3608 2693 oli‘eren-

2003 2731 2129 2784 dum
2153 2744 2278 2787 esse
2299 2731 2677 2787 crediderunt.
2711 2731 2953 2786 Libanus
2973 2730 3211 2799 denique
3233 2739 3286 2784 et
3306 2745 3463 2785 mons
3483 2745 3607 2785 esse

2001 2824 2209 2879 arduus
2249 2824 2392 2894 apud
2437 2823 2728 2879 Pltmnices
2768 2821 3046 2890 cernitur,
3092 2823 3328 2891 superbo
3377 2823 3606 2892 imperio

2002 2916 2255 2972 Gentium
2307 2925 2692 2986 comparatus:
2747 2915 2889 2969 unde
2937 2914 3021 2968 vel
3075 2914 3314 2968 maxime
3350 2912 3367 2951 ί
3403 2927 3604 2983 sponsa

2001 3022 2261 3067 evocatur
2295 3011 2570 3078 Ecclesia,
2609 3011 2840 3068 audiens
2872 3025 3061 3065 vocem
3090 3006 3290 3064 Christi
3331 3007 3602 3063 dicentis:

2008 3104 2138 3158 Veni
2178 3123 2208 3156 (ι
2240 3103 2459 3169 Libano,
2493 3120 2682 3176 sponsa
2707 3119 2724 3156 :
2771 3104 2884 3155 veni
2912 3119 2944 3156 a
2969 3100 3169 3154 Libano
3194 3098 3370 3173 (Cant.
3397 3098 3472 3171 Iv)
3500 3116 3514 3164 ;
3548 3099 3602 3155 id

2001 3205 2083 3250 est
2118 3197 2330 3264 venies,
2375 3205 2422 3251 et
2457 3196 2717 3251 transibis
2747 3195 2816 3250 ab
2845 3194 2998 3248 initio
3030 3193 3188 3261 hdei,
3218 3195 3384 3263 capite
3407 3192 3597 3259 Sanir,

1999 3301 2045 3344 et
2077 3289 2302 3345 Hermon
2330 3307 2347 3344 .'
2399 3301 2423 3336 ε
2453 3299 2497 3344 et
2529 3307 2558 3342 a
2589 3288 2746 3343 cubili
2772 3288 3008 3352 leonum,
3049 3305 3082 3341 a
3109 3286 3364 3341 montibus
3391 3285 3598 3357 leOpar-

2000 3384 2220 3449 dormit;
2251 3383 2469 3440 scilicet
2495 3395 2551 3437 ut
2585 3383 2861 3438 horrentis
2888 3379 3218 3435 idololatria:
3251 3379 3420 3434 silvas
3446 3379 3601 3434 dese-

2003 3496 2150 3545 rens,
2173 3489 2228 3534 et
2245 3480 2455 3536 stabula
2479 3479 2798 3534 immanium
2825 3478 3088 3537 ferarum,
3113 3477 3420 3529 daemonum
3436 3475 3597 3544 quipo

1999 3589 2066 3642 pe
2089 3571 2313 3635 cubilia,
2339 3571 2748 3641 derelinquens,
2775 3568 2840 3622 ad
2867 3567 3367 3635 omnipotentisDei
3389 3566 3594 3620 cultum

1999 3675 2272 3736 prolueret,
2307 3665 2531 3734 ejusque
2555 3664 2954 3732 complectatur
2981 3661 3142 3716 Iidem
3165 3661 3256 3729 qui
3283 3675 3402 3716 eam
3427 3659 3595 3714 divini

1994 3758 2199 3812 amoris
2235 3757 2406 3826 gratia
2449 3771 2706 3824 sponsam
2742 3769 2942 3809 vocare
2973 3753 3255 3821 dignatur.
3307 3751 3414 3807 Sed
3445 3752 3596 3807 dicat
3635 3803 3638 3806 Α

1995 3849 2228 3919 aliquis:
2275 3849 2330 3902 Si
2363 3849 2508 3904 Deus
2530 3890 2543 3912 ,
2580 3848 2731 3918 juxta
2765 3845 3015 3916 Apostoli
3047 3845 3386 3909 doctrinam,
3419 3860 3593 3898 omnes

1993 3941 2224 3996 homines
2248 3941 2354 3997 vult
2384 3942 2553 3996 salvos
2584 3941 2719 4010 ﬁeri,
2741 3949 2790 3994 et
2811 3939 2880 3992 ad
2903 3939 3140 3993 notitiam
3166 3938 3396 3992 ueritatis
3425 3938 3594 3992 venire

1993 4035 2036 4106 (Ι
2062 4034 2199 4089 Tim.
2228 4034 2284 4106 ιι)
2310 4051 2324 4100 ;
2360 4050 2458 4090 cur
2479 4034 2620 4105 apud
2645 4034 2852 4090 Gentes
2883 4033 3225 4103 potissimum
3256 4034 3308 4086 in
3337 4047 3592 4088 consum-

1991 4130 2235 4183 tuatioue
2274 4127 2458 4182 sinenti
2499 4127 2620 4181 istac
2661 4126 2934 4181 salutares
2965 4125 3170 4194 nuptiae
3210 4125 3587 4190 celebrantur,

1990 4226 2049 4274 et
2089 4218 2388 4288 superioris
2426 4218 2528 4273 :evi
2579 4218 2762 4288 plebes
2797 4219 2984 4272 divino
3013 4233 3119 4272 nun
3157 4209 3287 4272 sunt
3322 4218 3589 4288 copulata

1989 4312 2280 4384 coniugio?
2301 4312 2595 4368 Ostendam
2623 4314 2741 4375 tibi.
2773 4311 3150 4379 dilectissime,
3180 4322 3235 4367 et
3259 4313 3436 4382 ipsum
3462 4325 3592 4381 pro-

1991 4404 2284 4472 toplastum
2327 4402 2500 4456 Adam
2539 4402 2744 4457 divinre
2777 4402 3133 4457 familiaritati
3167 4402 3335 4457 luisse
3361 4403 3590 4472 conjun-

1988 4505 2160 4560 ctunt,
2205 4497 2479 4564 perceptis
2509 4494 2578 4548 ab
2610 4495 2730 4564 ipso
2757 4509 2963 4563 sponso
2995 4494 3248 4564 imaginis
3277 4493 3474 4548 divina:
3504 4494 3587 4548 in-

1989 4588 2251 4658 signibus,
2276 4587 2583 4656 sapieutiae,
2611 4597 2667 4642 et
2689 4587 3025 4653 intellectus,
3049 4589 3282 4657 vinaque
3307 4596 3588 4657 perpetuae

1989 4682 2352 4736 ornamentis.
2385 4681 2492 4736 Sed
2520 4689 2806 4751 postquam
2833 4682 3183 4736 lenocinante
3206 4681 3429 4736 diabolo
3451 4681 3587 4736 lides

1986 4785 2071 4830 est
2113 4773 2417 4830 adulterata
2453 4773 2691 4828 mandati
2721 4815 2736 4836 ,
2787 4773 3169 4830 immortalitas
3207 4777 3410 4846 pariter
3459 4789 3583 4830 cum

1989 4866 2471 4925 hIibertatedivini
2489 4870 2698 4926 amoris
2720 4869 2903 4925 ablata
2923 4885 3043 4924 eat:
3071 4855 3174 4925 luit
3203 4879 3384 4925 tamen
3409 4884 3585 4942 usque

1979 5003 2134 5076 linus
2163 5019 2383 5074 quoque
2411 5021 2479 5061 ex
2510 5005 2657 5062 Vatt.
2689 5015 2744 5060 et
2773 5007 2900 5061 cod.
2928 5006 3268 5076 Pantagathi.
3303 5007 3396 5065 Sic
3420 5009 3588 5064 etiam

1981 5073 2204 5150 Vulgata
2235 5093 2245 5126 :
2282 5073 2524 5150 h_a_bitavit
2553 5078 2609 5131 in
2639 5077 3008 5150 Capharnaium
3034 5073 3316 5133 maritima.

2053 5149 2075 5178 θ
2105 5146 2187 5224 Ιιὲ
2213 5162 2289 5224 es
2309 5147 2457 5202 Vatt.
2499 5164 2678 5204 unus:
2707 5146 2878 5224 alter,
2908 5149 3191 5224 Prophetia
3221 5168 3284 5205 ea:
3321 5156 3433 5224 ejus
3466 5169 3586 5219 per-

1977 5233 2126 5294 sona.
2151 5217 2290 5294 Εὐλιί
2313 5229 2515 5294 autem,
2542 5232 2820 5294 corrupte,
2840 5220 3128 5294 PrOphetia
3148 5233 3194 5275 et
3212 5227 3325 5294 ejus
3339 5217 3582 5292 persona.

2057 5285 2366 5360 ‘_ItagFIor.
2397 5292 2519 5344 cod.
2559 5285 2836 5347 liilitiones
2868 5285 2989 5346 dua:
3019 5335 3033 5356 ,
3075 5285 3264 5360 εροιιδῖι
3294 5285 3401 5347 haec
3429 5309 3581 5346 uoca-

1980 5358 2350 5432 lttrrEcclesia,‘
2382 5361 2476 5416 sed
2499 5363 2664 5417 lectio
2686 5377 2874 5418 nostra
2896 5367 3068 5418 multo
3086 5358 3298 5426 melior,
3316 5363 3580 5432 etaptior.

1986 5430 2126 5484 Edit.
2158 5430 2356 5495 Paris.,
2384 5449 2578 5501 sponsa
2597 5434 2705 5489 luce
2727 5448 2967 5490 evocatur
2990 5433 3247 5489 Ecclesia.
3280 5430 3581 5489 (ἷυιΙίΡειιι-

1987 5502 2214 5575 tagathi,
2245 5501 2353 5556 hate
2383 5521 2572 5575 sponsa
2597 5517 2836 5560 evocatur
2871 5506 3120 5559 Ecclesia.

2058 5583 2081 5618 κ
2116 5572 2272 5641 Mss.,
2304 5591 2336 5628 a
2362 5572 2620 5631 cubilibus
2645 5579 2872 5632 leonum.
2919 5577 3110 5630 Versio
3141 5576 3372 5640 Aquila‘,
3405 5599 3577 5634 κατοιμ

1983 5649 2244 5722 κητηρίου,
2271 5646 2566 5702 habitacula
2588 5650 2816 5703 leonum.
2846 5647 3068 5728 LXXLU
3097 5647 3328 5702 latibulis
3348 5646 3582 5706 leonum.

2060 5714 2085 5753 ¹ι
2118 5721 2194 5772 Ita
2216 5716 2507 5790 hucusque
2529 5719 2789 5790 legerunt
2817 5731 2924 5772 tam
2949 5719 3079 5772 (κόιιί
3101 5735 3260 5788 quam
3285 5735 3445 5785 ηιειιη
3479 5722 3582 5774 uti-

1983 5803 2091 5857 que
2118 5765 2431 5852 matria
2445 5765 2507 5843 ι’ιῖ
2527 5765 2672 5844 alii};
2692 5765 3132 5858 nasturtii;
3143 5765 3415 5856 iustas;
3433 5765 3584 5858 2.5a

1983 5860 2209 5914 verbum
2235 5859 2306 5914 ibi
2329 5863 2479 5931 prius
2505 5862 2849 5928 occurrebat,
2874 5862 3049 5932 ipsius
3072 5862 3392 5938 Pantagathi
3415 5879 3579 5921 manu
