4096 6192
264 238 366 296 897

1054 238 1289 297 SERMO
1332 236 1425 306 IX,
1471 238 1556 294 DE
1595 236 1970 294 EVANGELII
2014 232 2357 293 LECTIONE
2401 235 2789 295 SECUNDUS.

3456 234 3561 291 898

260 356 461 412 fecisse
488 354 684 426 quibus
729 356 915 414 adhuc
936 356 1121 412 datum
1164 372 1272 411 non
1302 356 1501 412 fuerat.
1554 356 1667 412 Nec
1719 355 1862 411 enim
1892 356 1943 418 Α
1970 366 2177 428 rumpet
2224 355 2371 411 enim
2424 355 2598 409 vinum
2628 367 2818 406 novum
2873 359 3014 405 utres
3060 356 3271 415 referes,
3316 356 3363 401 et
3398 347 3574 401 vinum

262 448 419 518 dixit,
453 449 712 521 defecerat
738 451 809 505 eis
836 451 1012 505 vinum
1066 451 1391 522 nuptiarum,
1435 449 1553 514 sed,
1588 449 1863 505 defecisse

263 543 641 598 tantummodo
670 544 762 610 ait,
799 542 984 599 viuum
1010 545 1364 613 nuptiarum;
1399 554 1673 613 tamquam
1706 544 1751 598 si
1784 543 1865 596 di-

265 643 416 690 ceret
464 634 730 704 nuptiale.
786 635 1146 706 :Quapmpter
1208 635 1478 692 defecisse
1541 635 1866 705 intelligitur

264 727 473 795 vinum,
496 743 601 782 non
626 736 651 765 ⁸
671 727 922 796 istarum,
939 728 1036 784 sed
1059 727 1486 799 princedentium
1512 727 1863 797 nuptiarum;

263 818 543 875 defecerat
571 819 715 875 enim
742 821 984 890 nuptiale
1009 822 1194 876 vinum
1217 820 1457 891 Spiritus
1484 821 1681 888 sancti,
1702 819 1728 857 ι’
1754 834 1868 875 ces-

266 912 515 969 santibus
555 911 847 983 PrOphctis
896 914 989 984 qui
1047 914 1493 971 ministraverant
1552 914 1604 968 in
1666 914 1869 983 populo

267 1004 601 1063 Judaaorum.
632 1004 839 1061 Omnes
863 1006 1007 1061 enim
1059 1005 1369 1077 PrOpbette,
1410 1014 1466 1061 et
1514 1010 1650 1073 Lex,
1692 1019 1869 1076 usque

272 1096 339 1153 ad
369 1096 637 1153 Joannem
698 1096 1201 1167 pr0pltetaverunt;
1248 1112 1349 1152 nec
1407 1107 1526 1151 erat
1580 1096 1868 1168 quisquam

273 1192 363 1263 qui
382 1191 651 1262 spirituali
683 1192 808 1247 vino
828 1191 1038 1248 Gentes
1064 1201 1258 1261 potare
1278 1190 1560 1247 sufficeret
1584 1192 1866 1248 sitientes:

273 1283 366 1339 sed
405 1283 828 1353 exspectabatur
861 1282 1123 1338 Dominus
1172 1282 1359 1349 Jesus,
1413 1282 1505 1354 qui
1552 1297 1693 1339 novo
1739 1283 1870 1339 vino

272 1387 422 1434 utres
451 1394 550 1449 per
586 1378 925 1448 Baptismum
974 1392 1147 1433 novos
1206 1377 1481 1448 impleret.
1509 1376 1645 1432 Nam
1676 1386 1868 1444 vetera,

271 1470 468 1539 inquit,
519 1472 840 1525 transierunt
888 1486 907 1524 :
976 1487 1089 1524 ecce
1140 1474 1281 1541 facta
1335 1478 1456 1524 sunt
1513 1471 1685 1525 omnia
1735 1486 1871 1525 nova

273 1561 504 1634 (Matth.
538 1578 592 1617 ιι
621 1578 636 1629 ;
686 1560 732 1616 II
772 1561 896 1617 Cor.
941 1578 974 1617 v
996 1561 1040 1633 ).
1096 1562 1189 1619 Sic
1217 1574 1396 1617 tamen
1427 1562 1566 1617 facta
1597 1572 1726 1618 sunt
1751 1576 1871 1616 om-

273 1658 361 1711 nia
394 1672 554 1722 nova,
597 1667 656 1710 ut
695 1656 849 1727 origo
889 1665 1137 1711 maneret
1167 1671 1232 1711 ex
1262 1654 1457 1721 veteri,
1495 1671 1619 1709 cum
1661 1669 1767 1711 non
1798 1670 1867 1710 ex

1969 446 2286 515 e/fuudetur,
2344 456 2392 500 et
2443 455 2581 500 utres
2632 445 2873 514 peribunt
2927 441 3131 515 (Mare.
3180 458 3253 506 ll;
3309 440 3440 495 Luc.
3473 440 3569 510 v).

1968 535 1995 574 ἀ
2027 537 2309 593 Custodite
2340 536 2505 607 igitur
2532 535 2840 606 regenerati
2875 533 3115 588 hominis
3169 533 3434 603 integram
3470 547 3571 587 no-

1970 632 2216 697 vitatem,
2246 638 2301 686 et
2333 638 2357 666 °
2387 630 2619 685 cmleste
2647 628 2834 683 vinum
2864 628 2917 683 in
2946 626 3144 682 vestris
3184 625 3401 682 utribus
3438 640 3571 680 con-

1970 736 2208 790 servate,
2247 733 2306 780 ut
2345 738 2443 778 vos
2472 724 2585 794 ipsa
2629 722 2767 779 fides
2818 721 3089 779 custodita
3140 728 3433 777 conservet
3474 736 3571 790 per

1971 818 2311 874 Salvatorem
2365 816 2584 888 generis
2638 816 2861 871 humani
2906 815 3183 871 Christum
3232 814 3416 871 Jesum
3466 814 3573 869 Do-

1972 912 2177 967 minum
2212 911 2386 966 Deum
2418 918 2690 977 nostrum,
2732 916 3052 980 regnantem
3101 923 3224 964 cum
3288 907 3472 973 Patre,
3519 913 3577 961 et

1971 1018 2097 1059 cum
2129 1003 2337 1073 Spiritu
2385 1012 2599 1068 sancto,
2634 1011 2764 1057 ante
2795 1002 3001 1067 omnia,
3047 1009 3101 1058 et
3126 1015 3292 1069 nunc,
3335 1009 3391 1056 et
3432 1013 3576 1055 sem-

1972 1111 2092 1169 per,
2118 1107 2172 1153 et
2200 1099 2252 1153 in
2282 1108 2475 1154 cuncta
2511 1098 2733 1153 sarcula.
2786 1095 2804 1135 ί
2856 1096 3054 1154 Amen.

2562 1276 2831 1338 SERMO
2874 1275 2993 1351 IX,

2189 1420 2271 1462 DE
2307 1419 2650 1464 EVANGELII
2684 1420 2996 1465 LECTIONE
3021 1419 3369 1465 SECUNDUS.

2049 1554 2473 1624 Explanavimus
2506 1555 2765 1612 hesterno
2810 1556 2900 1613 die
2946 1557 3203 1613 cltaritati
3263 1568 3467 1615 vestrae
3508 1574 3579 1617 ex

1978 1646 2217 1703 lectione
2245 1649 2561 1719 evangelica
2602 1666 2723 1721 qua:
2760 1650 3104 1708 Salvatorem
3158 1664 3404 1710 nostrum
3452 1670 3579 1725 per-

271 1750 442 1806 nihilo
472 1749 681 1813 vinum,
741 1748 836 1804 sed
887 1764 953 1803 ex
1001 1750 1226 1819 antiquo
1278 1763 1434 1818 aqua:
1464 1749 1709 1818 gignitur
1754 1748 1872 1804 ele-
1905 1742 2135 1813 Bhibet
2164 1743 2233 1799 de
2277 1759 2417 1814 aqua
2472 1745 2661 1800 vinum
2709 1746 2911 1804 fecisse
2950 1747 3003 1803 in
3062 1750 3293 1819 nuptiis,
3342 1750 3580 1820 primum

273 1853 477 1901 mento.
505 1842 617 1898 Nec
646 1842 812 1914 279
835 1842 1030 1913 Legem
1054 1841 1250 1896 littera:
1273 1841 1561 1898 existimes
1583 1858 1705 1898 esse
1734 1853 1873 1898 tent-

274 1938 534 2004 nendam,
569 1935 716 1991 unde
744 1935 981 2006 Spiritus
1013 1945 1258 2001 sanctus,
1286 1935 1418 1991 Jesu
1444 1945 1728 2006 operante,
1782 1951 1878 2005 per

275 2029 470 2087 ﬁdeles
508 2028 794 2084 ministros
824 2026 1107 2095 hauritur;
1137 2035 1193 2083 et
1221 2027 1423 2084 idcirco
1455 2028 1509 2083 in
1535 2029 1737 2085 diluvio
1782 2045 1878 2084 an-

277 2123 428 2194 tiquo
462 2121 715 2176 homines
746 2121 1056 2190 perierunt,
1100 2132 1151 2176 et
1203 2136 1347 2176 nunc
1389 2121 1443 2175 in
1486 2121 1763 2192 Baptismo
1792 2137 1878 2178 re-

276 2222 611 2279 nascuntur;
644 2218 772 2285 quia
802 2214 981 2271 littera
1033 2212 1248 2282 occidit,
1281 2214 1499 2286 spiritus
1530 2228 1707 2269 autem
1752 2217 1878 2269 viri-

279 2308 513 2380 ﬁcat(ll
544 2306 667 2362 Cor.
693 2307 807 2377 ιιι).
864 2306 992 2363 Sola
1018 2307 1217 2377 quippe
1261 2307 1523 2363 interficit
1573 2309 1774 2371 littera.
1826 2319 1881 2367 et

280 2398 489 2470 Spiritu
536 2408 729 2455 sancto
772 2406 1070 2469 temperata
1099 2408 1411 2468 regenerat.
1456 2400 1670 2456 Perisse
1698 2412 1880 2457 autem

277 2500 495 2548 constat
526 2492 578 2545 in
610 2492 705 2546 illo
731 2490 938 2546 diluvio
967 2506 1161 2547 omnes
1184 2492 1357 2562 ipsius
1387 2494 1653 2560 temporis
1700 2494 1880 2548 homi-

280 2602 415 2656 nes,
444 2596 645 2656 prazter
671 2601 767 2642 eos
796 2587 885 2657 qui
928 2586 1070 2640 intra
1117 2588 1314 2641 Arcam
1365 2585 1535 2657 (Gen.
1571 2587 1709 2659 vn),
1763 2604 1883 2659 quas

281 2690 468 2753 typum
516 2679 740 2751 gerebat
768 2679 1047 2745 Ecclesiae,
1097 2678 1328 2749 reperiri
1372 2690 1713 2735 meruerunt.
1748 2681 1881 2737 Nam

280 2774 533 2830 similiter
558 2772 722 2828 etiam
749 2788 895 2828 nunc
925 2773 1150 2828 omnino
1181 2774 1317 2828 salvi
1342 2789 1465 2830 esse
1489 2790 1595 2830 non
1625 2784 1887 2846 poterunt

283 2866 375 2937 qui
406 2864 474 2920 ab
502 2864 805 2935 apostolica
843 2863 947 2920 fide
982 2873 1038 2920 et
1082 2864 1152 2919 ab
1185 2865 1433 2921 Ecclesia
1472 2866 1740 2923 catholica
1770 2869 1887 2924 fue-

282 2961 392 3017 rint
419 2959 607 3015 alieni.
635 2959 893 3015 Elaboret
920 2973 1054 3031 ergo
1072 2959 1221 3014 omni
1250 2959 1432 3015 studio
1457 2972 1478 3000 ο
1508 2964 1887 3033 unusquisque

285 3064 527 3110 vestrum
560 3068 883 3125 permanere
907 3054 959 3107 in
979 3053 1144 3109 domo
1174 3054 1414 3122 Domini,
1434 3070 1697 3112 exercens
1720 3073 1886 3129 opera

1974 1838 2131 1909 juxta
2156 1838 2446 1894 historiam
2466 1841 2628 1910 gesti,
2654 1856 2816 1911 quam
2842 1843 2913 1898 ob
2942 1858 3164 1899 causam
3198 1843 3280 1899 ire
3324 1843 3582 1916 dignatus

1980 1933 2091 1988 sit:
2124 1932 2325 1988 deinde
2353 1934 2656 1988 secundum
2701 1934 3004 2003 spiritalem
3043 1935 3291 1993 ctelestis
3331 1936 3582 2009 mysterii

1982 2025 2349 2092 intellectum,
2377 2036 2402 2074 ε
2429 2025 2558 2097 quid
2592 2027 2909 2095 essetdies,
2956 2040 3012 2085 et
3058 2031 3181 2101 quis
3228 2031 3392 2103 280
3434 2039 3585 2089 esset

1981 2120 2193 2189 primus
2220 2120 2362 2185 dies,
2396 2122 2485 2191 qui
2520 2121 2832 2188 secundus,
2888 2124 2981 2193 qui
3034 2124 3247 2191 tertius,
3294 2141 3414 2195 qua:
3448 2140 3586 2195 nup-

1984 2212 2182 2268 tiarum
2227 2212 2393 2280 ratio,
2446 2214 2536 2283 qui
2590 2229 2830 2283 sponsus
2884 2215 2976 2271 ille
3026 2225 3205 2282 esset,
3258 2232 3453 2287 quasve
3494 2216 3584 2272 illa

1982 2322 2207 2378 sponsa,
2247 2307 2339 2379 qui
2373 2307 2526 2364 locus
2551 2308 2643 2363 ubi
2672 2309 2880 2365 fiebant
2900 2306 2928 2346 ιι
2956 2308 3063 2366 illa:
3085 2311 3312 2381 nuptiae,
3358 2319 3414 2366 et
3436 2310 3586 2381 quod

1986 2414 2095 2455 non
2126 2401 2321 2471 prima:
2350 2401 2460 2456 illa:
2492 2402 2697 2471 nuptias
2729 2403 2887 2457 facta:
2944 2404 3081 2469 sint,
3129 2414 3186 2459 et
3226 2404 3589 2475 quamobrem

1985 2492 2059 2549 ibi
2091 2493 2262 2549 fuisse
2287 2494 2431 2549 dicta
2458 2494 2533 2549 sit
2562 2494 2734 2551 Mater
2776 2495 3000 2552 Domini
3041 2495 3208 2553 Jesu:
3250 2498 3451 2555 deinde
3487 2514 3589 2555 cur

1986 2587 2105 2657 ipse
2132 2601 2370 2655 sponsus
2410 2585 2679 2641 invitetur
2727 2587 2794 2643 ad
2843 2590 3079 2659 nuptias,
3132 2590 3216 2646 vel
3270 2607 3299 2644 a
3351 2591 3588 2661 quibus;

1988 2679 2262 2750 quomodo
2287 2679 2450 2735 etiam
2484 2679 2740 2748 discipuli
2768 2679 2978 2749 pariter
3002 2681 3347 2739 invitentur:
3392 2683 3592 2740 deinde

1988 2772 2119 2843 quid
2145 2783 2295 2828 esset
2326 2772 2459 2828 illud
2483 2773 2671 2827 vinum
2704 2774 2848 2844 quod
2886 2792 2991 2830 non
3024 2776 3320 2845 habebant,
3365 2788 3419 2833 et
3468 2793 3592 2847 qua:

1991 2865 2154 2919 fuerit
2209 2865 2319 2920 vini
2366 2864 2629 2935 nuptialis
2675 2866 2954 2934 defectio;
3031 2877 3086 2924 et
3125 2870 3590 2939 quemadmodum

1997 2956 2317 3031 irepudiata
2347 2960 2417 3014 ob
2439 2959 2761 3016 idololatria:
2788 2962 3120 3018 adulterium
3151 2964 3314 3033 plebe
3337 2964 3589 3033 Iudaica,

1994 3051 2244 3107 Ecclesia
2298 3051 2554 3108 Gentium
2596 3053 2788 3109 divino
2836 3054 3002 3111 fuerit
3060 3057 3234 3113 amori
3279 3059 3594 3127 conjuncta.

286 3157 562 3219 percepta:
584 3147 776 3218 gratia:
807 3160 1070 3216 congrua.
1102 3145 1333 3216 Oportet
1370 3146 1537 3216 enim,
1591 3148 1644 3203 in
1685 3164 1883 3205 novum
1916 3144 1962 3207 C
1995 3142 2151 3199 Unde
2182 3145 2483 3199 cavendum
2516 3145 2675 3201 nobis
2698 3146 2845 3213 est,i
2880 3147 3250 3218 omnigenere
3266 3148 3595 3219 eltarissimi,

288 3250 510 3297 renatos
557 3239 830 3293 hominem
861 3252 891 3291 a
924 3238 1167 3308 peccatis
1207 3237 1456 3308 pristinis
1499 3239 1612 3310 jam
1667 3257 1885 3300 cavere.

290 3333 552 3401 Servate,
585 3347 795 3402 quzeso,
839 3342 991 3387 utres
1040 3346 1234 3400 novos,
1283 3332 1575 3403 necphyti;
1617 3351 1686 3391 ne
1728 3337 1893 3391 vitam

289 3436 535 3485 veterem
560 3433 899 3496 repetentes,
926 3423 1114 3479 vinum
1145 3438 1348 3480 novum
1366 3424 1597 3495 disrupti
1624 3428 1894 3496 perdatis;

368 3614 394 3642 ι
434 3604 629 3661 Totum
669 3602 771 3659 hoc
799 3602 955 3659 deest
994 3603 1046 3657 in
1096 3602 1285 3667 editis,
1324 3602 1417 3673 qui
1456 3602 1535 3658 sic
1578 3603 1784 3674 legunt,
1810 3605 1891 3659 in—

298 3676 549 3747 telligitur
593 3676 789 3747 vinum,
840 3691 945 3727 non
982 3674 1120 3747 enim
1159 3676 1392 3747 nuptiale
1425 3677 1648 3747 vinum;
1693 3686 1897 3746 quanto

300 3745 427 3805 loci
446 3748 606 3817 hujus
637 3746 989 3812 detrimento,
1016 3746 1190 3817 lector
1226 3745 1385 3817 facile
1414 3745 1898 3815 judicabit.Porro

300 3821 356 3877 in
406 3815 978 3888 hoc'supplementum
1039 3815 1187 3888 Flor.
1238 3826 1293 3872 et
1324 3816 1473 3871 Vatt.
1524 3817 1739 3872 duobus
1777 3834 1900 3873 con-

300 3893 471 3951 sentit
510 3887 673 3945 etiam
704 3889 842 3944 liber
878 3887 1089 3943 Oetavii
1126 3888 1467 3957 Pantagathi.

373 3962 403 4002 b
442 3962 592 4017 Flor.
641 3970 697 4017 et
740 3959 887 4032 Vat}.
920 3962 1050 4025 duo,
1083 3961 1397 4014 cessantibus
1430 3962 1547 4032 jam
1594 3959 1895 4031 Prophetis,

304 4034 649 4107 proutetiam
678 4031 810 4107 cod.
832 4031 1176 4107 Pantagatlii.

384 4117 407 4144 °
435 4104 528 4163 Sic
548 4119 683 4159 mss.
712 4103 900 4168 codd.;
928 4102 1060 4157 editi
1084 4117 1236 4170 vero,
1265 4103 1615 4173 unusquisque
1642 4114 1901 4171 nostrum;

309 4188 365 4235 et
387 4180 547 4247 paulo
570 4183 695 4247 post
718 4175 965 4247 mss.,in
988 4190 1176 4247 novant
1204 4182 1423 4247 renath
1469 4175 1720 4247 homines,
1758 4178 1900 4245 quod

310 4244 495 4305 tamen
516 4244 779 4317 adoptare
807 4246 1108 4301 noluimus.
1154 4244 1318 4300 Liber
1366 4244 1712 4316 Pantagathi,
1748 4244 1901 4301 utra-

312 4320 476 4391 bique
496 4327 665 4386 recte,
692 4318 1047 4388 unusquisque
1068 4324 1325 4383 vestrum;
1356 4324 1434 4383 ct,
1457 4318 1511 4369 in
1535 4333 1726 4370 novum
1752 4334 1905 4373 rena-

314 4403 391 4447 tos
415 4392 692 4445 hominem.

387 4460 412 4499 ἀ
445 4462 762 4518 Lectionem
788 4458 933 4515 Vatt.
976 4460 1209 4516 duorum
1244 4468 1299 4516 et
1344 4458 1493 4515 Flor.
1540 4458 1747 4531 integra
1796 4460 1904 4517 title

316 4532 714 4605 expressimus,
762 4546 1018 4605 quorum
1042 4548 1159 4605 ope,
1195 4540 1337 4605 totus
1370 4531 1456 4586 hic
1500 4532 1651 4586 locus
1681 4542 1906 4605 sanatus

316 4602 426 4672 est;
451 4621 573 4661 nam
596 4605 781 4674 primo
803 4604 859 4658 in
887 4602 1052 4658 editis
1077 4603 1378 4659 habebatur
1420 4603 1705 4675 regenerati
1741 4606 1908 4657 Itami-

321 4694 433 4742 nes,
456 4676 654 4733 deinde
677 4690 776 4746 pro
798 4675 851 4729 in
874 4676 1052 4728 vestris
1074 4676 1274 4729 utribus
1301 4675 1425 4730 dum
1453 4674 1727 4729 editiones
1755 4676 1911 4744 inep-

321 4748 742 4819 tissimelegunt
770 4748 832 4819 in
854 4746 1029 4799 vestris
1057 4746 1240 4799 vitibus
1264 4762 1282 4812 ;
1311 4752 1615 4819 postremo,
1647 4756 1695 4819 et
1726 4761 1812 4800 vos
1833 4747 1913 4817 ip-

321 4837 406 4876 sos
429 4816 907 4891 ﬁdeles'custodite,
939 4826 1327 4891 et__conservate,
1359 4816 1657 4885 cujusloco
1679 4816 1729 4871 in
1754 4816 1910 4881 mss.,

326 4903 382 4945 ut
401 4887 498 4962 vos
518 4891 633 4962 ipsa
662 4890 791 4962 ﬁdes
812 4887 1073 4962 custodita
1105 4898 1363 4962 conservet
1386 4904 1406 4951 ;
1434 4896 1490 4962 et
1518 4903 1649 4962 mss.
1679 4902 1915 4944 consen-

326 4961 413 5019 sui
444 4955 587 5017 favet
618 4955 783 5016 etiam
812 4959 954 5013 liber
973 4955 1184 5012 Octavii
1209 4956 1555 5027 Pantagathi.

402 5044 426 5070 ο
458 5032 688 5087 Videtur
724 5030 947 5099 oblique
1000 5043 1235 5099 carpere
1286 5028 1524 5099 ineptam
1578 5042 1802 5098 prorsus
1855 5042 1921 5083 ac

328 5104 585 5161 stolidam
610 5100 1091 5170 Ascodrogitarum
1142 5101 1400 5166 haeresin,
1451 5099 1521 5155 de
1567 5114 1676 5170 qua
1711 5099 1922 5154 Philas-

331 5177 490 5239 trius,
505 5189 628 5242 cap.
646 5171 735 5234 75,
753 5180 807 5227 et
830 5169 1184 5241 Augustinus,
1206 5170 1275 5225 de
1290 5171 1520 5237 Haeres,
1539 5173 1604 5224 ad
1624 5169 1923 5237 Quodvult-

330 5251 515 5310 deum,
539 5259 662 5312 Cap.
694 5242 786 5311 62,
814 5244 900 5297 cui
939 5254 1119 5296 tamen
1147 5258 1254 5296 non
1283 5244 1660 5312 Ascodrogitaz,
1697 5242 1794 5297 sed
1826 5242 1927 5295 As-

334 5322 451 5374 citte
493 5324 787 5372 vocantur:
839 5314 1027 5384 Asritte
1076 5313 1139 5366 ab
1182 5324 1297 5367 utre
1339 5315 1413 5367 sic
1454 5312 1705 5384 appellati
1762 5321 1927 5384 sunt;

334 5388 497 5451 ἅσκος
525 5389 660 5442 enim
683 5384 881 5453 Grece,
910 5383 1096 5438 Latine
1115 5394 1228 5437 uter
1276 5384 1505 5438 dicitur:
1527 5383 1530 5384 ⁷
1555 5401 1706 5454 quem
1750 5383 1927 5455 perhi-

337 5464 518 5515 bentur
555 5462 838 5531 inﬂatum,
886 5468 933 5510 et
980 5466 1216 5531 apertum
1271 5454 1927 5531 circumirebaccltantes,

338 5527 726 5601 tamquamipsi
752 5531 854 5601 sint
878 5528 1167 5601 evangelici
1193 5536 1335 5581 utres
1372 5527 1510 5601 novi,
1534 5527 1650 5579 vino
1693 5543 1819 5601 noro
1844 5542 1930 5601 re-

340 5598 490 5673 pleti.
532 5598 653 5656 Non
671 5600 884 5656 abludit
913 5598 1254 5657 Gaudentius
1288 5600 1451 5673 paulo
1481 5598 1766 5673 antetubi
1821 5599 1930 5652 ait:

348 5669 580 5737 Servate,
610 5687 805 5742 quteso,
840 5683 977 5727 utres
1002 5688 1182 5739 novos,
1206 5669 1489 5742 neapltyti;
1528 5684 1591 5723 ne
1612 5669 1770 5742 vitam
1795 5679 1933 5724 uete-

350 5759 462 5804 rem
504 5740 814 5813 repetentes,
842 5744 1021 5798 vinum
1062 5759 1252 5799 novum
1288 5741 1513 5813 disrupti
1560 5740 1838 5811 perdatis;
1882 5749 1939 5797 et

1931 4410 1985 4470 ι)
2013 4386 2240 4497 “Statii-

1998 3252 2067 3292 ne
2093 3237 2277 3309 aliquo
2320 3253 2512 3293 rursus
2544 3238 2877 3295 idololatria:
2907 3242 3163 3313 contagio
3223 3241 3515 3310 violentur,
3548 3251 3605 3299 et

1999 3349 2107 3386 non
2140 3331 2318 3387 solum
2348 3331 2649 3402 repudiari,
2678 3332 2771 3388 sed
2796 3343 2851 3388 et
2876 3333 3125 3389 damnari
3179 3334 3233 3389 in
3280 3347 3603 3406 perpetuum

2000 3441 2348 3492 mereamur;
2384 3427 2644 3496 quoniam
2672 3428 2718 3481 si
2745 3427 2857 3497 quis
2886 3427 3135 3499 templum
3164 3427 3266 3484 Dei
3309 3426 3601 3496 violaverit,

2002 3619 2186 3673 supra,
2215 3600 2317 3674 hoc
2339 3602 2530 3658 eodem
2565 3618 2733 3657 serm.
2771 3620 2828 3674 p.
2850 3602 2958 3660 278
2991 3623 3003 3658 :
3039 3604 3457 3674 Exspectabatur
3488 3606 3603 3661 Do-

2002 3624 2186 3673 Sllpl'il,
2216 3624 2317 3657 HOC
2339 3624 2530 3658 CUUBIII
2565 3624 2733 3657 δυιἸιι.
2772 3624 2828 3674 ι).
2850 3624 2958 3660 ΖΙδ
2991 3624 3003 3658 Ξ
3039 3624 3148 3660 £4135
3190 3624 3457 3661 ectaoatur
3488 3624 3601 3661 υο-

2002 3678 2169 3748 minus
2198 3672 2371 3748 Iesus,
2404 3675 2495 3744 qui
2526 3691 2654 3727 novo
2680 3676 2796 3728 vino
2825 3686 2964 3730 utres
2987 3694 3077 3747 per
3120 3624 3451 3748 lﬁtptismum
3503 3694 3601 3733 no-

2001 3763 2088 3801 vos
2118 3743 2377 3815 impleret.

2079 3816 2197 3894 f_ln
2230 3816 2446 3894 duobus
2502 3815 2643 3871 Vatt.
2694 3817 2981 3873 subditur:
3037 3817 3186 3873 Finit
3232 3820 3297 3873 de
3326 3819 3605 3894 Evangelii

2004 3889 2225 3944 lectione
2250 3888 2470 3957 primus.

2079 3970 2104 4007 ε
2131 3959 2185 4013 In
2210 3959 2368 4013 editis
2406 3958 2571 4014 verba
2597 3959 2689 4014 illa
2717 3960 2847 4027 quid
2872 3972 2997 4015 esset
3035 3962 3143 4018 dies
3172 3978 3278 4019 non
3304 3962 3603 4031 habentur,

2005 4032 2102 4106 sed
2139 4040 2347 4085 tantum
2376 4032 2504 4106 quid
2524 4042 2654 4085 esset
2683 4033 3066 4106 printusgdies;
3112 4050 3233 4105 qua:
3279 4044 3461 4091 tamen
3502 4052 3601 4106 op-

2010 4104 2141 4157 timc
2166 4102 2521 4167 conveniunt,
2555 4102 2691 4157 cum'
2711 4120 2872 4171 supra
2895 4104 2949 4159 in
2986 4102 3315 4174 prtecetlenti
3350 4102 3605 4173 tractatu,

2009 4176 2186 4244 primo
2204 4175 2323 4253 loco
2347 4175 2703 4253 explicaveyit
2736 4176 3231 4253 aynyoptzgigquid
3257 4182 3326 4232 sit
3349 4178 3486 4253 dies.
3516 4178 3610 4235 Sic

2008 4254 2188 4319 autem
2222 4247 2406 4319 legunt
2431 4244 2573 4299 Vatt.
2603 4244 2987 4319 duo,ﬂF|o'r.'ct
3012 4244 3167 4315 Urbi,
3198 4252 3476 4319 quomodo
3508 4267 3609 4305 nos

2010 4317 2320 4382 edidimus;
2375 4317 2549 4385 iisque
2580 4318 2795 4374 accedit
2822 4317 2946 4374 eod.
3010 4318 3176 4375 etiam
3208 4317 3421 4377 Octavii
3466 4321 3606 4377 Pan-

2136 4460 2227 4531 Sic
2249 4472 2379 4513 mss.
2415 4468 2524 4514 tres
2555 4459 2720 4515 codd.
2748 4460 2914 4531 Editi,
2958 4463 3310 4531 isttenuptiw.

2090 4529 2103 4568 ί
2142 4530 2311 4584 Editt.
2342 4530 2539 4585 Colon.
2574 4541 2631 4586 et
2654 4531 2857 4601 Lugd.,
2891 4529 3059 4601 male,
3086 4529 3325 4600 repudiat
3348 4535 3410 4589 ob
3438 4534 3608 4589 idolo-

2014 4603 2182 4677 latria:
2198 4602 2530 4677 adulterium
2549 4601 2757 4677 plebem
2777 4602 3081 4677 Iudaicam.
3102 4676 3105 4677 ν
3126 4605 3304 4661 Paris.
3318 4647 3331 4669 ,
3374 4608 3614 4677 repudiat

2015 4674 2075 4728 ob
2101 4673 2411 4747 idololatria:
2432 4671 2751 4747 adulterium
2774 4676 2919 4747 plebe
2946 4673 3173 4729 Iudaica
3196 4691 3215 4730 :
3255 4692 3376 4745 qua:
3423 4671 3614 4747 genui-

2017 4761 2101 4800 na:
2133 4744 2351 4799 lectioni
2407 4743 2629 4812 prepius
2670 4745 2901 4798 accedit.
2959 4748 3141 4801 Secuti
3190 4743 3375 4801 autem
3426 4743 3617 4803 sumus

2018 4816 2398 4871 auctoritatem
2429 4819 2603 4879 mss),
2640 4816 2893 4883 quamvis
2914 4817 3273 4884 expungendo
3304 4826 3412 4872 tam
3444 4819 3619 4874 mani-

2020 4886 2163 4941 festo
2197 4886 2371 4940 errori
2401 4899 2508 4940 non
2538 4896 2685 4939 esset
2724 4890 3059 4943 necessaria.
3095 4886 3164 4943 Et
3190 4889 3276 4943 hic
3318 4888 3466 4945 Flor.
3492 4891 3616 4946 cod.

2021 4964 2337 5013 constanter
2365 4957 2562 5011 retinet
2594 4955 2877 5023 idolatriaz,
2928 4966 2987 5013 ut
3026 4959 3188 5015 etiam
3243 4960 3383 5016 liber
3425 4962 3622 5017 Panta-

2024 5026 2193 5102 gathi.
2233 5026 2370 5102 Vide
2417 5041 2560 5102 quia
2591 5030 2914 5102 notavimus
2950 5045 3115 5102 supra
3171 5032 3224 5087 in
3271 5032 3436 5087 Prmf.
3479 5034 3624 5089 Gau-

2026 5097 2194 5155 dentii
2226 5097 2295 5152 ad
2335 5097 2681 5169 Benivolum.
2733 5114 2786 5169 p.
2817 5099 2946 5155 221.

2106 5168 2118 5219 i
2148 5169 2204 5247 l_n
2236 5184 2337 5223 ms.
2372 5168 2718 5247 Pantagathi,
2753 5172 2871 5240 ejus
2896 5188 3083 5238 manu,
3115 5190 3215 5244 pro
3248 5176 3387 5229 omni
3422 5190 3621 5247 genere,

2029 5240 2175 5313 quod
2206 5254 2431 5316 prorsus
2457 5240 2702 5316 ineptum
2728 5251 2833 5316 est,
2876 5240 3160 5316 reponitur
3189 5240 3517 5316 onmigen'ee;
3548 5246 3631 5298 id-

2032 5311 2138 5383 que
2166 5311 2392 5367 omnino
2424 5313 2680 5388 placeret,
2725 5313 2772 5368 si
2802 5311 2994 5373 Latine
3020 5318 3297 5388 omnigena
3328 5311 3628 5388 diceretur,

2034 5400 2141 5459 non
2166 5398 2296 5438 vero
2322 5384 2751 5459 omnigenus,_ut_
2767 5389 3016 5459 exempla
3059 5405 3125 5444 ex
3154 5384 3426 5459 Lucretio,
3455 5385 3631 5440 Gellio

2033 5455 2274 5529 aliisque,
2292 5454 2627 5529 petita'apud
2654 5454 3068 5529 lexieograpbos
3092 5458 3418 5522 aStendunt;
3444 5471 3634 5529 quam-

2035 5528 2119 5601 vis
2148 5527 2642 5601 et__ind_igena,uet
2693 5527 2989 5601 alienigena
3032 5531 3195 5585 etiam
3252 5528 3635 5601 Latina_vcrba

2039 5598 2171 5653 sint.
2202 5596 2493 5669 Verbigena
2520 5598 2657 5652 dixit
2688 5596 3039 5665 Prudentius,
3068 5601 3407 5663 Catltemer.,
3443 5596 3629 5669 bymn.

2041 5670 2194 5741 3.72;
2248 5679 2304 5726 et
2357 5669 2704 5740 Christigena,
2761 5671 3061 5741 Hamartig.
3108 5670 3233 5727 789.
3280 5670 3556 5741 Nubigena
3591 5681 3637 5726 et

2045 5739 2366 5813 Phaebigena
2384 5739 2675 5797 occurrunt
2705 5742 2847 5813 apud
2869 5739 3177 5814 Virgilium,
3205 5742 3336 5800 En.
3365 5739 3461 5799 vti.
