4096 6192
641 203 748 262 899

1721 201 1777 260 S.
1821 200 2196 263 GAUDENTII

2333 200 2396 259 lx
2411 200 2497 262 ΙίΕ
2541 200 2849 260 EPISCOPI
3409 199 3412 202 Α
3641 202 3656 209 ’
3802 203 3904 265 ’900

640 319 905 386 disperdet
935 318 1086 374 illum
1113 319 1272 376 Deus.
1301 320 1567 391 Templum
1597 317 1735 373 enim
1765 316 1860 374 Dei
1881 326 2119 372 sanciunt
2140 327 2235 384 est,
2269 323 2315 380 Α
2347 333 2521 390 neque
2553 334 2678 389 pars
2723 318 2931 389 reliqua
2967 328 3128 374 terra:
3174 317 3320 376 aliud
3349 326 3496 377 esset
3521 333 3680 393 quam
3712 320 3903 391 fuerat;

639 412 718 467 ait
743 410 1055 481 Apostolus,
1098 412 1240 483 quod
1266 412 1390 466 estis
1426 429 1513 464 vos
1543 427 1560 464 :
1609 417 1800 464 cavete
1849 409 2137 476 attentius,
2183 425 2246 464 ne

642 505 774 562 sicut
817 521 1026 574 serpens
1067 503 1264 576 derepit
1303 504 1464 559 Evam
1505 504 1699 558 astutia
1728 520 1845 568 sua,
1897 518 2243 576 corrumpan-

640 607 722 654 tur
749 613 932 652 sensus
961 598 1112 651 vestri
1129 614 1160 651 a
1181 598 1444 664 castitate,
1472 613 1590 668 qua:
1612 605 1682 651 est
1712 596 1763 650 iu
1794 594 1998 651 Christo
2038 595 2166 650 Jesu
2199 593 2242 665 (Ι

639 686 759 741 Cor.
795 687 902 758 ιιι),
960 688 1391 751 sicutadtnonet
1443 688 1585 746 idem
1637 688 1996 744 beatissimus
2047 687 2245 750 Paulus

636 779 704 852 (ll
737 778 860 834 Cor.
898 780 1014 851 XI);
1046 788 1102 838 et
1133 781 1471 850 repellantur
1497 780 1566 834 ab
1589 795 1654 834 eo
1691 781 1779 851 qui
1813 795 1910 838 nos
1949 778 2163 843 dilexit,
2189 786 2245 834 et

636 873 787 932 dedit
819 874 1013 944 pignus
1059 875 1239 930 sancti
1291 873 1537 946 Spiritus
1592 875 1644 928 in
1703 871 1963 938 cordibus
2018 871 2239 928 nostris.

637 966 947 1024 Teneamus
991 981 1125 1042 ergo
1161 969 1392 1038 gratiam
1424 967 1663 1038 Spirims
1712 968 1912 1031 Sancti,
1944 966 2094 1036 largo
2124 982 2243 1022 mn—

634 1076 764 1116 nere
796 1060 996 1130 Sponsi
1023 1062 1270 1118 etrelestis
1307 1061 1570 1126 infusam,
1605 1075 1671 1117 ne
1695 1060 1760 1118 ad
1787 1061 2025 1134 inopiam
2060 1060 2243 1130 pristi-

637 1170 763 1210 nam
799 1164 1162 1208 revertamur.
1197 1156 1274 1211 De
1305 1172 1410 1226 qua
1445 1141 1627 1225 inopia
1676 1164 1807 1210 tunc
1859 1155 1909 1209 in
1956 1155 2243 1224 :enigmate

637 1247 714 1302 ait
743 1246 913 1301 Mater
946 1246 1162 1301 Domini
1187 1247 1253 1302 ad
1285 1264 1434 1316 eum,
1466 1249 1644 1306 viuum
1670 1265 1771 1301 non
1822 1245 2008 1301 habent
2056 1245 2234 1316 (Joan.

634 1341 718 1413 ιι).
751 1342 856 1398 Sed
888 1343 999 1411 jam
1028 1342 1155 1412 Quid
1194 1343 1461 1398 Dominus
1513 1344 1561 1396 ei
1619 1343 1988 1416 responderit,
2025 1352 2047 1378 ⁸
2100 1349 2239 1395 atto-

637 1438 768 1493 nitis
801 1437 1077 1493 mentibus
1105 1438 1416 1504 audiamus.
1461 1437 1553 1491 Ait
1584 1435 1660 1490 illi
1699 1433 1858 1490 Jesus
1891 1455 1902 1490 :
1942 1435 2080 1502 Quid
2115 1437 2241 1489 milii

633 1540 679 1587 et
704 1531 795 1586 tibi
822 1541 918 1601 est,
953 1532 1138 1586 mulier
1167 1531 1192 1584 7
1221 1530 1454 1584 nondum
1482 1530 1614 1585 venit
1646 1531 1777 1583 liora
1805 1546 1938 1584 mea.
1967 1528 2134 1584 Justa
2160 1531 2240 1583 in-

634 1623 885 1680 tellectus
910 1622 1174 1694 simplicis
1202 1623 1472 1676 rationem
1509 1622 1748 1692 probare
1777 1621 2076 1688 suffecerit,
2112 1621 2239 1676 bea-

2349 425 2523 481 neque
2554 409 2727 466 Adam
2758 411 2937 467 minus
2982 410 3213 466 haberet
3243 410 3384 482 quod
3421 411 3556 467 Dens
3608 412 3906 481 abstulerat;

2350 520 2524 574 neque
2551 504 2745 558 femina
2779 504 2879 557 hoc
2901 512 3050 558 esset
3079 512 3286 559 tantum
3315 506 3457 576 quod
3487 520 3552 562 ex
3591 504 3705 560 viro
3749 521 3907 576 sump-

2349 605 2461 654 tum
2517 595 2709 650 fuerat.
2761 593 2975 666 Integer
3024 595 3197 652 Adam
3247 611 3371 651 ossa
3424 611 3555 662 sua,
3615 606 3670 652 et
3719 610 3908 654 carnem

2348 689 2693 760 reetignoscit
2721 687 2770 744 in
2797 687 3023 754 femina,
3053 687 3280 746 dicens:
3317 687 3436 742 Hoc
3471 706 3606 744 nunc
3635 705 3688 742 os
3718 689 3777 743 de
3800 691 3909 744 assi-

2346 777 2439 834 bus
2471 779 2594 832 meis
2621 822 2634 847 ,
2665 787 2713 832 et
2743 796 2862 834 caro
2895 779 2959 833 de
2988 795 3146 834 carne
3177 795 3288 834 mea
3320 777 3474 852 (Gen.
3506 778 3568 850 ιι)
3605 796 3620 844 ;
3661 788 3716 836 et
3741 789 3792 836 lu
3822 796 3909 836 non

2346 871 2457 937 vis,
2514 882 2572 928 ut
2621 886 2745 928 eum
2794 869 2813 909 ί
2857 870 2947 943 qui
3001 870 3118 928 haec
3167 881 3464 942 operatur,
3517 872 3726 942 integra
3772 871 3910 942 Virgo

2346 966 2516 1028 tilium
2551 966 2947 1038 recognoscat?
2977 966 3077 1032 Qui
3111 968 3229 1021 sine
3261 966 3568 1036 corruptela
3596 964 3779 1022 matris
3803 979 3911 1022 con~

2343 1067 2534 1132 ceptus
2568 1058 2834 1122 creditur,
2862 1074 2959 1116 cur
2990 1072 3098 1112 non
3128 1058 3294 1112 etiam
3327 1056 3446 1112 sine
3473 1057 3781 1127 corruptela
3815 1055 3912 1112 edi-

2345 1161 2428 1228 tus
2462 1151 2871 1222 praesumetur?
2912 1151 3224 1224 incorrupta
3257 1149 3425 1227 Virgo
3467 1149 3710 1226 peperit,
3741 1159 3763 1197 κ
3789 1151 3907 1220 quod

2344 1241 2545 1306 intuma
2585 1243 2745 1311 Virgo
2776 1243 3050 1314 concepit.
3088 1242 3462 1314 Integritatetn
3505 1242 3778 1304 nascendo
3817 1243 3909 1298 \‘l0-

2345 1339 2456 1400 lare
2488 1353 2593 1399 non
2636 1338 2832 1410 potuit,
2867 1338 2955 1410 qui
2989 1348 3211 1394 venerat
3254 1337 3634 1412 redintegrare
3669 1347 3904 1396 naturam.

2341 1430 2509 1510 Cujus
2551 1432 2675 1488 laeti
2709 1430 2867 1488 tidem
2898 1431 2942 1487 si
2988 1431 3107 1506 quis
3139 1430 3317 1490 adhuc
3353 1441 3571 1492 terrena
3610 1431 3909 1504 cegitatioue

2341 1521 2658 1592 depressus,
2716 1539 2991 1600 sensuque
3032 1539 3234 1587 carneo
3286 1523 3648 1600 pra-peditus,
3703 1524 3908 1580 tardiore

2340 1617 2512 1692 gradu
2535 1619 2807 1694 sequitur,
2834 1635 2897 1680 at:
2918 1619 2984 1676 de
3009 1619 3104 1676 Dei
3125 1618 3523 1692 omnipmcntia
3551 1618 3909 1678 ittlidelicorde

635 1724 744 1780 tam
774 1715 999 1771 Mariam
1027 1709 1297 1785 virginem
1327 1729 1494 1770 sexus
1540 1728 1702 1770 causa
1755 1711 2040 1768 mulierem
2097 1730 2237 1768 nun.
2267 1713 2312 1775 Β
2340 1721 2659 1774 cunctatur,
2694 1711 2869 1771 discat
2898 1728 2964 1768 ex
2999 1712 3296 1783 Evangelio
3327 1711 3556 1773 Joannis
3594 1711 3772 1784 (Joau.
3803 1708 3903 1781 xx),

630 1819 904 1882 cupatam,
935 1809 1074 1864 sicut
1109 1809 1163 1864 in
1194 1806 1398 1866 Genesi
1420 1807 1491 1861 de
1524 1805 1637 1860 Eva
1683 1805 1978 1862 scribitur:
2035 1804 2103 1858 Et
2145 1806 2230 1860 in-

619 1903 751 1974 jecit
785 1901 1038 1958 Dominus
1069 1916 1308 1972 saporem
1338 1899 1394 1954 in
1428 1900 1596 1953 Adam
1625 1916 1644 1965 ;
1698 1909 1746 1954 et
1794 1899 2138 1953 obdormivit:
2185 1908 2232 1958 et

627 1995 854 2064 sumpsit
899 2011 1058 2050 unam
1113 1994 1175 2046 tle
1220 1993 1374 2046 costis
1413 1993 1562 2066 ejus,
1624 2003 1668 2044 et
1708 1993 1959 2064 supplevit
2023 2008 2234 2047 carnem

631 2090 686 2144 in
729 2088 841 2142 loco
885 2089 1016 2159 ejus.
1063 2084 1130 2142 Ει
1176 2085 1456 2158 cedi/ienuit
1501 2085 1763 2140 Dominus
1825 2083 1961 2139 Deus
2011 2094 2228 2152 castam,

628 2196 785 2251 quant
833 2178 1050 2252 sumpsit
1107 2177 1168 2229 ab
1223 2177 1425 2239 Adam,
1476 2175 1528 2229 in
1586 2176 1901 2230 mulierem:
1955 2186 2003 2232 et
2056 2177 2233 2250 utique

627 2273 684 2330 in
742 2272 990 2343 virginem
1059 2269 1304 2341 figuravit
1371 2268 1552 2333 illaut,
1619 2277 1665 2321 et
1707 2267 1926 2322 adduxit
1983 2285 2095 2321 eam
2161 2269 2229 2322 atl

626 2364 817 2420 Adam.
873 2361 939 2416 Et
991 2361 1124 2415 dixit
1179 2361 1394 2412 Adam:
1449 2359 1563 2414 Hoc
1617 2376 1752 2418 mmc
1811 2375 1867 2414 os
1915 2357 1978 2415 de
2032 2361 2230 2416 ossibus

623 2456 770 2523 meis,
795 2464 841 2511 et
889 2470 1009 2508 caro
1040 2452 1104 2505 de
1152 2468 1309 2508 carne
1357 2466 1503 2506 mra:
1553 2451 1994 2508 lnect'ocabiturb
2027 2454 2223 2526 virago,

624 2547 784 2620 281
807 2545 931 2616 quia
958 2547 1020 2598 de
1047 2544 1155 2596 viro
1194 2559 1287 2596 suo
1312 2554 1519 2615 sumpta
1545 2553 1620 2598 est
1646 2540 1802 2615 (Gen.
1831 2545 1912 2609 tt),
1937 2543 2045 2598 Sed
2077 2545 2229 2600 dicat

619 2638 856 2698 fortasse
878 2640 1075 2710 aliquis
1095 2651 1283 2707 parva:
1301 2638 1450 2704 lidei,
1473 2651 1536 2690 ac
1553 2652 1745 2700 parum
1761 2637 2029 2706 prudens,
2063 2637 2230 2710 virgi-

615 2751 739 2791 nem
771 2733 991 2804 quidem
1036 2732 1259 2794 Mariam
1298 2748 1403 2788 non
1434 2747 1503 2786 ex
1531 2731 1650 2788 viro
1684 2733 2014 2801 concepisse
2040 2731 2227 2788 Chris-

619 2838 760 2894 tum,
795 2826 889 2883 sed
928 2837 949 2866 ε
974 2825 1040 2880 de
1069 2825 1280 2894 Spiritu
1311 2833 1527 2891 sancto,
1567 2837 1624 2879 ut
1653 2825 1706 2877 in
1734 2825 2037 2898 Evangelio
2068 2824 2223 2896 (Luc.

616 2919 659 2990 ι)
698 2921 765 2976 ad
796 2934 917 2975 eam
951 2919 1195 2988 lnqttilttt‘
1227 2915 1594 2986 archangelus
1628 2915 1849 2971 Gabriel
1884 2931 1897 2981 ;
1933 2912 1958 2951 ἀ
1990 2925 2116 2970 nato
2143 2926 2224 2972 ta-

615 3030 742 3072 men
761 3012 979 3068 Clll‘lSlO
995 3010 1258 3080 virginem
1283 3009 1384 3064 dici
1419 3010 1556 3062 ultra
1589 3023 1696 3064 non
1719 3023 1877 3078 posse
1895 3025 2057 3082 quam
2088 3024 2220 3064 con-

2339 1801 2588 1856 eumdcm
2637 1802 2807 1862 Deum
2851 1814 2971 1874 post
3020 1804 3478 1864 resurrectionem
3525 1818 3705 1873 suout,
3745 1803 3817 1859 bis
3854 1803 3905 1857 ad

2339 1897 2656 1968 Apostolus,
2703 1897 2788 1954 ubi
2833 1907 2990 1953 erant
3039 1896 3092 1952 in
3140 1899 3303 1956 domo
3342 1898 3664 1971 congregati
3716 1905 3906 1968 propter

2338 1999 2541 2045 metum
2582 1989 2919 2058 Jud:cornni,
2953 1991 3158 2049 clausis
3203 1991 3390 2064 utique
3427 1991 3611 2059 jauuis
3639 1990 3904 2046 introisse:

2336 2093 2393 2140 et
2414 2094 2571 2140 certo
2619 2086 3011 2156 introgressus,
3049 2085 3125 2142 Ne
3169 2096 3353 2142 autem
3387 2101 3496 2142 non
3530 2087 3584 2144 in
3616 2099 3775 2140 carne
3803 2097 3902 2138 vera

2336 2194 2459 2236 esse
2485 2222 2498 2244 ,
2533 2179 2627 2235 sed
2668 2181 2718 2234 in
2764 2180 3149 2252 phantasmate
3199 2189 3503 2252 putaretur,
3549 2194 3742 2236 melius
3781 2191 3900 2241 suas,

2335 2280 2644 2336 cwleraaiue
2677 2247 2924 2326 membra
2957 2270 3180 2327 Thema:
3202 2247 3455 2344 apostolo
3485 2268 3813 2331 attrectanda
3842 2267 3900 2319 iu-

2333 2364 2472 2434 gerit
2502 2363 2793 2418 dubitanti.
2823 2363 3093 2420 Similiter
3123 2363 3288 2437 282
3312 2362 3437 2418 etin
3469 2361 3763 2434 livangrlio
3787 2358 3898 2414 beati

2333 2454 2496 2511 Luca:
2544 2457 2709 2516 simul
2758 2457 3040 2527 discipulis
3073 2457 3328 2514 omnibus
3355 2467 3701 2512 coiitestntur
3730 2458 3898 2524 ingre-

2333 2565 2424 2606 stts
2461 2569 2472 2603 :
2514 2550 2734 2622 Palpate
2760 2567 2838 2606 me
2863 2596 2876 2619 ,
2906 2561 2954 2606 et
2979 2550 3169 2618 videte,
3202 2551 3448 2624 quoniam
3477 2549 3697 2618 spiritus
3719 2537 3893 2602 camelo

2331 2650 2378 2694 et
2410 2658 2524 2698 ossa
2546 2659 2646 2698 non
2676 2641 2849 2710 habet,
2878 2642 3006 2698 sicut
3040 2659 3117 2696 me
3146 2641 3332 2698 videtis
3363 2640 3552 2696 habere
3576 2639 3722 2705 (Luc.
3756 2634 3894 2708 utr).

2330 2735 2374 2792 0
2414 2735 2650 2794 miranda
2683 2735 2820 2792 fides
2854 2737 2867 2792 Ε
2905 2747 3162 2790 reserata:
3194 2752 3304 2791 non
3334 2745 3463 2790 sntit
3488 2737 3708 2806 janum,
3735 2744 3780 2789 et
3808 2734 3896 2804 ipse

2329 2827 2656 2884 intrinsecus
2683 2843 2804 2884 cum
2839 2845 2970 2884 vero
2999 2843 3232 2900 corpore
3261 2828 3588 2901 apostolicis
3618 2844 3721 2888 non
3751 2827 3894 2882 solum

2330 2920 2542 2976 videtur
2569 2923 2771 2990 oculis,
2805 2922 2897 2984 sed
2924 2934 2976 2980 et
3009 2921 3259 2984 manibus
3281 2932 3658 2996 pertractatur
3682 2925 3694 2980 !
3719 2921 3894 2978 Veritas

2330 3015 2599 3069 mirabilis
2629 3016 2751 3072 lacti
2783 3059 2798 3084 ,
2843 3015 2998 3086 Cujus
3032 3017 3301 3074 rationem
3346 3031 3456 3072 non
3496 3019 3606 3074 nisi
3646 3017 3756 3074 Sola
3790 3012 3892 3073 ﬁdes

612 3118 724 3168 stet
756 3109 996 3166 edidisse
1030 3116 1243 3176 partum
1272 3112 1361 3168 ;et
1387 3103 1511 3158 ideo
1544 3120 1650 3157 non
1689 3102 1898 3158 dixisse
1921 3103 2218 3174 Christum,
2251 3105 2293 3166 C
2328 3109 2656 3178 assequitur,
2709 3109 3166 3178 omnipotentiam
3218 3109 3425 3168 clamat
3475 3110 3716 3168 auctoris
3761 3126 3774 3162 :
3818 3119 3891 3160 nec

622 3202 760 3271 Quid
791 3201 916 3254 nti/ti
947 3210 993 3254 et
1019 3198 1111 3252 tibi
1140 3208 1234 3264 est,
1261 3198 1446 3266 virgo?
1476 3197 1571 3250 sed
1604 3197 1729 3267 quid
1759 3197 1888 3250 mihi
1916 3207 1960 3250 et
2012 3198 2101 3252 tibi
2123 3207 2219 3266 est,

613 3294 839 3347 mulier?
867 3290 1003 3346 Audi
1029 3305 1161 3362 ergo
1200 3288 1437 3342 divinam
1472 3287 1742 3343 rationem
1801 3290 1919 3360 spei
1976 3304 2223 3346 commu-

615 3387 724 3451 nis,
758 3401 819 3438 ac
846 3384 993 3439 vitae.
1028 3381 1285 3440 Nascitur
1325 3379 1581 3436 Christus
1617 3397 1722 3438 non
1752 3381 1879 3445 sibi,
1911 3381 2006 3438 sed
2041 3383 2218 3438 nobis.

613 3475 867 3532 Nascitur
891 3475 1036 3529 enim
1060 3476 1150 3544 qui
1175 3489 1399 3544 semper
1421 3482 1567 3528 crat:
1594 3475 1834 3529 nascitur
1862 3476 1955 3547 qui
1989 3477 2040 3530 in
2077 3479 2220 3546 prin-

616 3570 761 3642 cipio
793 3578 997 3624 eratet
1033 3566 1206 3628 Filius
1238 3567 1355 3632 Doi,
1385 3575 1440 3622 et
1468 3565 1707 3622 Verbum
1761 3567 1885 3636 Dei,
1947 3577 2002 3624 et
2052 3570 2218 3626 Deus.

617 3661 720 3718 ιιιο
751 3659 876 3716 ideo
908 3675 1076 3730 prope
1109 3659 1270 3714 linem
1305 3659 1491 3714 saeculi
1541 3674 1608 3714 es
1648 3659 1868 3730 Virgine
1924 3667 2081 3716 natus
2112 3674 2218 3729 est,

614 3762 668 3808 ut
711 3752 936 3808 Verbum
962 3769 1081 3808 caro
1108 3755 1304 3824 factum
1350 3751 1605 3806 habitaret
1635 3753 1687 3806 in
1716 3753 1861 3807 nobis
1912 3753 2107 3826 (Joan.
2136 3753 2214 3825 ι),

613 3860 946 3915 permanens
981 3856 1160 3900 tamen
1190 3843 1336 3899 Deus
1369 3858 1521 3910 esse,
1553 3842 1699 3913 quod
1731 3859 1970 3918 semper.
2029 3845 2220 3903 Nasci-

609 3951 696 3996 tur
719 3949 910 3996 uutem
944 3937 1120 3994 Filius
1147 3937 1243 3992 Dei
1273 3935 1326 3991 iu
1355 3936 1576 3991 homine
1603 3981 1616 4003 ,
1649 3945 1707 3992 ut
1739 3938 1824 3992 vel
1858 3936 1930 3991 ita
1955 3931 2217 3993 condito-

611 4046 730 4087 rem
776 4045 937 4085 suum
983 4030 1180 4084 intueri
1214 4037 1237 4065 θ
1269 4038 1493 4097 caperet
1549 4028 1824 4082 mundus:
1861 4037 1915 4083 et
1974 4031 2218 4086 nascitur

614 4121 687 4177 de
717 4121 928 4193 Spiritu
953 4131 1142 4176 sancto
1185 4135 1251 4174 ex
1286 4117 1508 4196 Virgine
1534 4161 1550 4187 ,
1582 4129 1638 4174 ut
1683 4121 1963 4176 hominem
1991 4162 2005 4187 ,
2055 4139 2216 4193 quem

612 4215 682 4272 de
713 4215 846 4270 limo
881 4227 1040 4270 terra:
1071 4213 1457 4284 plasmaverat,
1493 4223 1684 4269 sancto
1711 4214 1913 4284 Spiritu
1940 4230 2004 4270 es
2037 4230 2216 4272 massa

612 4310 806 4367 eadem
840 4308 1189 4365 reformaret.
1221 4309 1277 4363 Si
1305 4308 1581 4363 credimus
1609 4321 1937 4380 conceptum
1957 4310 2214 4383 Virginis,

610 4402 841 4458 credere
870 4401 1136 4456 debemus
1168 4409 1221 4454 ct
1246 4411 1496 4471 partum:
1541 4408 1825 4471 utrumque
1877 4404 2216 4474 impossibile

2329 3202 2449 3260 ideo
2496 3203 2781 3272 negabitur
2830 3203 3051 3270 factum,
3099 3202 3224 3272 quia
3285 3202 3717 3273 toagnitudinem
3761 3199 3890 3258 divini

2325 3299 2506 3366 operis
2557 3297 2819 3368 pusillitas
2871 3298 3066 3352 mentis
3122 3296 3374 3354 humana:
3426 3293 3450 3332 h
3503 3314 3618 3356 ttott
3671 3293 3888 3352 tenuerit.

2329 3388 2534 3448 Eadem
2564 3404 2696 3459 ergo
2737 3389 3040 3450 divinitatis
3068 3389 3270 3448 virtute
3306 3405 3405 3460 per
3431 3389 3790 3450 inviolabilem
3827 3385 3888 3444 le-

2327 3485 2525 3538 minam
2545 3525 2560 3550 ,
2591 3483 2775 3537 mundi
2817 3483 2976 3552 hujus
3007 3482 3228 3538 intravit
3257 3483 3558 3554 hOSpitinm
3579 3529 3592 3548 ,
3629 3483 3886 3539 claustrum

2325 3575 2553 3645 Virginei
2594 3574 2820 3646 pudoris
2848 3575 3012 3630 etiam
3051 3574 3324 3632 nascendo
3350 3589 3717 3642 conservans,
3757 3572 3769 3612 ί
3805 3584 3886 3640 (ιιιᾶ

2325 3677 2380 3724 et
2423 3679 2541 3738 post
2593 3667 3051 3722 resurrectionem
3100 3666 3284 3736 januis
3327 3668 3602 3723 obseratis
3643 3709 3655 3729 ,
3702 3666 3886 3720 domum

2327 3761 2501 3830 putuit
2554 3775 2852 3830 corporeus
2913 3759 3163 3815 introire.
3222 3758 3358 3815 Illud
3413 3759 3585 3816 etiam
3641 3750 3884 3830 qnmstioni

2327 3855 2451 3909 huic
2485 3853 2759 3908 solvendze
2791 3870 2953 3927 quain
2995 3855 3232 3912 maxime
3275 3856 3533 3928 congruit
3555 3897 3569 3920 ,
3614 3851 3747 3928 quod
3771 3853 3884 3924 Apo-

2324 3949 2500 4004 stolus
2527 3949 2802 4004 Christum
2835 3959 3106 4006 memorat
3132 3950 3327 4004 editum
3351 3953 3416 4003 tte
3439 3949 3660 4004 muliere
3687 3989 3699 4012 ,
3721 3946 3881 4016 factum

2321 4042 2416 4094 sub
2435 4039 2591 4111 Lege,
2616 4051 2665 4093 ut
2683 4058 2768 4096 eos
2787 4043 2874 4114 qui
2897 4043 2990 4096 sub
3008 4041 3144 4113 Lege
3167 4051 3337 4117 erant,
3355 4042 3627 4096 redimeret
3650 4037 3779 4114 (σαι.
3802 4033 3874 4101 "l-

2323 4131 2523 4204 Utiqne
2545 4141 2603 4187 ut
2633 4133 2710 4187 sic
2757 4133 2866 4203 illa,
2893 4150 3014 4189 cum
3043 4133 3204 4206 Virgo
3224 4134 3316 4200 sit,
3360 4132 3557 4192 mulier
3594 4129 3874 4202 appelletur,
3967 4117 3971 4206 1‘

2323 4226 2552 4281 veritate
2593 4240 2786 4289 sexus,
2847 4240 2954 4286 non
2993 4225 3322 4285 detrimento
3367 4223 3693 4296 integritatis
3723 4238 3738 4288 ι
3771 4231 3877 4288 (ιυοο
3965 4261 3967 4296 ε

2323 4317 2484 4374 modo
2541 4319 2678 4372 Deus
2733 4318 2825 4373 Dei
2872 4317 3044 4373 Filius
3092 4319 3162 4372 ob
3200 4319 3664 4388 dispensationem
3719 4309 3874 4368 salutis

2321 4417 2526 4463 nostrae
2554 4410 2656 4462 sub
2687 4407 2829 4480 Lege
2855 4407 3029 4470 factus
3055 4423 3178 4472 esse
3220 4409 3572 4482 praadicetur,
3611 4423 3724 4469 cum
3749 4404 3872 4462 datur

607 4493 1202 4560 videturhomini,sed
1221 4492 1730 4564 estomnipotentiw
1751 4494 1950 4550 (ιιι-ιιιιυ
1968 4513 2212 4564 parvum.
2243 4498 2298 4558 D
2325 4502 2440 4571 ipse
2481 4503 2550 4560 sit
2598 4501 2779 4572 chis.
2825 4502 2940 4560 Hoc
2981 4510 3154 4560 totum
3205 4519 3301 4574 pro
3355 4503 3685 4568 beatitudine
3724 4496 3868 4555 Mariae

605 4591 744 4656 Quid
773 4589 920 4650 enim
966 4589 1076 4645 Deo
1128 4601 1378 4656 tuasnum
1439 4593 1532 4657 (ut
1583 4587 1832 4644 ornittam
1892 4588 2208 4646 sublimiora

603 4685 723 4754 ejus
751 4682 954 4754 opera)
982 4681 1071 4752 qui
1099 4694 1167 4735 es
1200 4679 1378 4734 nihilo
1418 4678 1544 4735 fecit
1569 4688 1797 4746 terram,
1841 4692 1895 4735 et
1952 4680 2020 4736 de
2051 4693 2212 4740 terra:

602 4777 734 4833 lituo
782 4790 1030 4845 carnem,
1077 4783 1134 4830 et
1181 4773 1250 4828 de
1309 4786 1478 4828 carne
1533 4774 1632 4828 viri
1689 4773 1986 4840 feminam?
2032 4777 2105 4830 ita
2153 4785 2213 4834 ut

677 5012 701 5039 ει
743 5000 801 5056 lu
834 5001 935 5056 Ms.
991 4998 1308 5121 l‘antaqathi
1351 4998 1518 5074 ipsius
1571 5016 1730 5060 manu
1778 5005 2080 5074 ascriptum
2120 5016 2205 5064 est

601 5074 666 5121 ml
695 5090 842 5121 oram
876 5073 1083 5121 maintu
1111 5079 1162 5121 at
1190 5071 1344 5121 entis.
1373 5071 1515 5121 auod
1546 5085 1698 5121 certe
1719 5076 1950 5121 ainalius:
1987 5092 2112 5121 enim
2148 5085 2205 5121 et

601 5074 666 5130 ad
695 5090 842 5128 oram
876 5073 1083 5143 pagina:
1111 5071 1515 5145 (iustitiaquod
1546 5085 1698 5130 certe
1719 5071 1952 5142 melius;
1987 5092 2112 5131 cum
2148 5085 2206 5134 et

597 5147 674 5204 ibi
707 5147 849 5200 sicut
881 5141 938 5197 et
958 5141 967 5142 7
991 5145 1042 5197 in
1070 5141 1288 5215 caeteris
1313 5141 1466 5215 libris
1497 5143 1767 5215 legeretur
1796 5141 2057 5204 attonitis.

671 5217 699 5257 ι)
741 5216 873 5272 Mss.
907 5222 1140 5290 quatuor
1191 5211 1404 5290 eodd._,_
1437 5211 1705 5274 vocabitur
1757 5219 1965 5287 mulier,
2009 5218 2205 5290 quibus

598 5299 865 5346 consonat
916 5286 1057 5341 liber
1083 5284 1426 5346 Pantagathi.

674 5375 694 5401 ε
729 5359 1087 5416 Retltlitlitntls
1120 5357 1370 5416 muniam
1397 5357 1460 5413 de
1492 5373 1559 5413 ex
1593 5373 1727 5426 mss,
1752 5401 1768 5427 ,
1803 5377 1926 5427 qua:
1968 5377 2074 5420 non
2107 5361 2203 5420 ba-

596 5432 828 5488 bebatnr
863 5430 914 5487 in
949 5429 1137 5484 editis.

667 5501 693 5542 ἀ
726 5503 818 5560 Sic
852 5502 1040 5573 legunt
1075 5516 1207 5573 mss.
1244 5497 1431 5570 codd.,
1465 5514 1698 5573 quorum
1739 5517 2073 5567 consensmn
2114 5521 2201 5559 se-

590 5575 705 5700 (ειὶιὶ
729 5571 942 5632 sumus.
993 5571 1136 5628 Editi
1173 5585 1279 5624 non
1308 5571 1545 5630 tantane
1575 5571 1784 5634 Christo
1814 5574 2063 5644 virginem
2096 5575 2200 5630 dici

596 5663 631 5700 ιι
660 5657 740 5700 ira
767 5661 936 5700 posse.

596 5657 740 5702 ultra
767 5661 936 5710 posse.

667 5664 1011 5778 E‘él’é’iifiu.
1038 5712 1232 5774 editio.
1261 5715 1452 5774 Colon.
1481 5728 1536 5780 et
1563 5716 1764 5790 Lugd,
1789 5733 2024 5792 cuperet.
2049 5723 2199 5783 Flor.

2319 4594 2551 4649 dixerim
2582 4637 2594 4661 ,
2631 4598 2644 4646 i
2684 4610 2806 4658 eum
2859 4595 3004 4650 illam
3055 4595 3311 4652 Christus
3359 4597 3640 4660 mulierem
3701 4602 3869 4648 nuncu-

2319 4689 2558 4760 paverit,
2589 4705 2711 4758 quae
2738 4689 2927 4744 divino
2964 4699 3122 4759 partu
3158 4690 3237 4745 sic
3267 4689 3432 4764 erepit
3462 4704 3586 4746 esse
3625 4695 3798 4747 mater,
3824 4686 3866 4732 ut

2316 4782 2467 4854 virgo
2506 4783 2772 4841 sacratior
2811 4794 3179 4856 permaneret.
3243 4781 3396 4854 Quod
3434 4798 3566 4848 vero
3600 4781 3718 4846 ait:
3753 4768 3861 4844 0"“

2309 5014 2460 5085 eod,
2489 5025 2717 5085 caperet.

2387 5081 2404 5121 ί
2438 5082 2497 5141 In
2529 5081 2701 5162 iussn
2738 5087 2839 5162 qui
2890 5087 3002 5162 hare
3047 5098 3290 5162 operatus
3343 5099 3458 5158 est,
3501 5090 3692 5160 integra
3732 5081 3853 5148 Virg”

2307 5154 2497 5232 lilium.
2527 5156 2698 5232 Editi_,
2730 5154 2933 5230 integra
2961 5154 3125 5232 Virg'o
3153 5173 3210 5215 ut
3235 5161 3428 5231 ﬁlium.

2379 5237 2404 5282 8
2438 5227 2510 5310 Ιιι⁸
2531 5224 3019 5310 ιιιειΡιιιιιιιᾷιιιιιί,
3055 5224 3246 5303 ἷμιιίιιέ
3267 5249 3431 5288 manu
3463 5232 3764 5300 rescriptum
3788 5224 3848 5273 9“

2306 5314 2459 5368 quem
2494 5309 2703 5356 intacta.

2381 5367 2405 5445 ἣ
2443 5370 2586 5445 tati.
2620 5372 2727 5426 duo
2757 5381 2810 5429 ct
2837 5373 3014 5441 Flor.,
3054 5392 3157 5431 non
3197 5377 3406 5436 invenit.
3438 5376 3567 5435 Urb.
3597 5381 3783 5445 quoque
3803 5367 3845 5416 ⁸⁸

2305 5440 2428 5512 cod.
2462 5439 2803 5512 Pantagathi.

2384 5511 2526 5592 is“:
2563 5505 2692 5592 '"T‘vs-
2723 5527 2955 5585 ηυειιιοτ
2981 5519 3144 5592 codd.
3186 5529 3242 5578 et
3283 5521 3420 5577 liber
3463 5511 3769 5589 Pantagathi.
3797 5505 3838 5560 Ιιι

2305 5583 2501 5659 editis,
2539 5586 2629 5656 qui
2668 5583 2781 5659 post
2809 5591 3256 5648 resurrectionem.

2382 5657 2397 5706 ι
2435 5655 2570 5713 Tros
2595 5655 2760 5715 nicss.
2796 5677 2992 5732 nempe
3013 5662 3124 5719 duo
3149 5671 3208 5719 et
3237 5664 3540 5732 Flam/ear
3564 5663 3712 5724 illam.
