4120 6174
608 260 714 317 903

1706 264 1761 321 S.
1804 262 2188 321 GAUDENTII
2228 263 2492 322 BRIXIAE
2535 262 2838 322 EPISCOPI

3765 273 3849 332 904

606 378 814 448 majore
842 393 963 434 cutn
995 378 1236 445 scelere,
1269 378 1549 448 sacrilegis
1579 380 1708 435 olim
1740 381 2001 438 Gentibus
2048 382 2204 436 simi-
2233 384 2279 445 Α
2310 382 2647 453 evangelista
2674 380 3098 450 interloquatur,
3128 381 3378 437 ausculta
3428 397 3444 437 :
3481 377 3659 450 Erant,
3691 383 3850 454 inquit,

600 469 670 525 lia
702 479 1159 541 perpetrassent;
1214 468 1469 527 Christus
1525 480 1705 527 tamen
1759 489 1856 528 eos
1905 488 2042 543 quos
2092 488 2200 528 non

597 567 712 637 jam
755 581 853 621 suo
880 608 894 633 ,
933 566 1028 622 sed
1074 566 1296 621 Patrum
1324 567 1599 636 iustorum
1629 568 1849 631 merito,
1896 568 2199 639 diligebat,

604 667 629 695 ἰ
661 657 787 713 licet
810 658 920 726 jam
951 658 1223 728 indignos,
1254 657 1433 713 adhuc
1461 667 1641 715 tamen
1668 668 1725 713 ut
1745 668 2117 725 converteret,
2145 660 2207 713 Ii-

599 750 707 806 lios
745 750 1059 821 appellabat
1088 750 1308 819 (Matth.
1338 751 1432 822 xv)
1463 792 1479 818 ,
1513 760 1571 808 et
1600 760 1830 823 paterna
1865 753 2069 823 pietate
2096 752 2205 807 mi-

604 844 845 901 sericors
875 844 1095 900 nolebat
1137 845 1472 914 relinquere.
1521 844 1756 902 Nolebat
1787 860 1847 902 se
1874 861 2069 916 panem
2096 860 2209 902 ca:-

602 938 795 994 lestem
821 981 835 1003 ,
867 938 999 994 vita:
1048 938 1355 1008 principem
1388 981 1403 1007 ,
1432 939 1501 994 ab
1543 940 1680 1010 ipsis
1701 940 1814 996 cito
1836 941 2164 996 subtrahere
2191 980 2207 1007 ,

604 1042 659 1089 et
685 1031 955 1087 Gentibus
976 1031 1333 1089 commodare
1357 1048 1371 1097 ;
1405 1032 1581 1089 donec
1622 1034 1872 1105 pertinax
1901 1034 2038 1089 ﬁdes
2067 1033 2210 1089 Gen-

610 1122 786 1178 tilium
866 1123 1092 1179 illorum
1156 1122 1439 1193 perﬁdiam
1501 1123 1853 1195 confutaret,
1913 1134 1970 1181 et
2033 1125 2210 1182 donec

610 1218 726 1290 ipse
755 1221 806 1274 in
837 1235 1004 1275 carne
1026 1219 1331 1275 adveniens
1384 1220 1619 1275 doceret
1641 1235 1739 1276 eos
1768 1230 1825 1276 et
1865 1220 2169 1276 instrueret
2199 1238 2210 1273 :

610 1314 930 1369 verberaret
952 1316 1298 1368 curationqu
1332 1312 1613 1369 beneﬁciis
1641 1330 1653 1366 :
1688 1314 1813 1384 quia
1838 1313 2036 1385 ingrati
2064 1314 2213 1368 exsi-

608 1414 850 1470 sterent,
881 1404 1214 1475 1ljudicaret
1263 1405 1469 1460 divinis
1526 1405 1866 1461 virtutibus:
1908 1407 2034 1475 quia
2066 1405 2214 1461 ﬁecti

611 1498 679 1553 ad
708 1497 870 1553 ﬁdem
914 1498 1251 1569 negligerent
1276 1538 1291 1565 ,
1322 1497 1722 1554 condemnaret
1752 1517 1763 1552 :
1793 1507 1849 1553 et
1888 1499 1963 1553 ita
1997 1499 2214 1553 demum

611 1600 988 1647 consummata
1020 1591 1074 1646 in
1110 1591 1377 1647 Passione
1404 1607 1501 1646 sua
1528 1607 1723 1647 eorum
1771 1591 2013 1661 nequitia
2044 1633 2057 1656 ,
2090 1600 2216 1662 post

613 1684 1075 1740 resurrectionem
1102 1684 1382 1754 propriam
1407 1684 1670 1754 migraret
1686 1682 1753 1738 ad
1772 1683 2003 1751 Gentes,
2021 1684 2218 1752 quibus

2307 476 2377 529 ibi
2406 475 2629 546 lapidece
2659 471 2863 544 hydria:
2890 489 2983 527 sex
3024 472 3210 543 posita:
3255 472 3540 527 secundum
3586 476 3855 544 puriﬁcatio—

2309 586 2426 624 nem
2466 569 2795 638 Judworum,
2841 567 3103 637 rapientes
3132 567 3356 638 singula:
3382 576 3617 622 metretas
3638 567 3782 636 binas,
3800 572 3857 625 vel

2309 673 2479 718 ternas
2523 662 2706 736 (Joan.
2750 661 2835 734 ιι).
2886 660 3101 730 Nuptiae
3140 662 3259 716 istae
3287 661 3537 731 quamvis
3590 661 3641 716 in
3677 662 3860 719 Galil-ca

2310 757 2569 814 Gentium
2620 763 2983 826 gererentur,
3033 763 3089 810 et
3140 753 3405 810 baberent
3464 756 3682 826 ﬁguram
3729 773 3860 827 quam

2309 847 2569 914 diximus,
2598 856 2774 902 tamen
2806 844 3007 902 Judaeis
3037 853 3165 900 tunc
3192 845 3537 917 agebantur;
3568 856 3622 901 et
3648 857 3785 902 erant
3806 848 3863 903 ibi

2313 939 2489 997 veret
2522 940 2728 1012 hydria:
2756 954 2853 995 sex
2888 941 3080 1009 posita:
3131 939 3428 994 secundum
3474 938 3865 1008 puriﬁcationem

2311 1034 2649 1102 Iudaeorum,
2683 1034 2962 1102 capientes
3010 1032 3238 1102 singulae
3287 1041 3551 1088 metretas
3592 1033 3747 1099 binas,
3792 1044 3869 1089 aut

2315 1135 2525 1182 ternas.
2553 1126 2689 1181 Nam
2746 1125 2919 1181 Judaei
2953 1125 3003 1180 id
3036 1126 3209 1180 moris
3241 1126 3537 1193 habebant,
3567 1136 3591 1173 ε
3622 1135 3677 1181 ut
3720 1128 3868 1197 prius-

2314 1235 2474 1291 quam
2529 1234 2861 1291 synagogam
2902 1220 3349 1290 ingrederentur,
3379 1220 3464 1275 vel
3488 1220 3556 1276 de
3586 1220 3868 1291 publicoru-

2314 1314 2485 1385 gressi
2511 1313 2733 1368 domum
2776 1314 3091 1383 priusquam
3121 1312 3478 1383 pranderent,
3508 1322 3681 1369 cutem
3709 1328 3872 1385 corpo-

2317 1410 2395 1463 ris
2419 1408 2503 1464 sui
2530 1423 2670 1479 aqua
2696 1407 3008 1462 abluerent.
3040 1407 3367 1462 Eratautem
3392 1422 3642 1463 mensura
3671 1422 3804 1478 aqua:
3818 1408 3871 1463 ad

2315 1501 2649 1565 abluendum
2680 1517 2877 1569 corpus
2931 1499 3213 1556 sufﬁciens
3256 1498 3284 1537 ιι
3325 1501 3413 1556 vel
3459 1500 3581 1557 dum
3631 1509 3871 1568 metrette,

2319 1595 2405 1649 vel
2434 1604 2562 1655 tres.
2597 1609 2697 1664 pro
2726 1593 3033 1664 quantitate
3060 1593 3272 1648 scilicet
3301 1592 3693 1663 magnitudinis
3712 1607 3875 1663 corpo-

2319 1702 2462 1741 rum.
2514 1685 2633 1742 Non
2692 1701 2909 1756 possum
2950 1702 3175 1756 parcere
3227 1686 3499 1741 transiens
3553 1686 3876 1756 puriﬁcationi

608 1795 669 1834 se
702 1780 879 1849 ipsum
904 1793 1098 1849 panem
1118 1778 1241 1833 vitae
1266 1777 1561 1845 tribueret,
1586 1788 1643 1834 et
1667 1792 1971 1848 peraquam
1998 1777 2213 1846 Baptis-
2242 1778 2292 1838 B
2316 1779 2631 1835 Judreorum
2658 1778 2973 1833 immundze.
2999 1777 3206 1833 Lavaut
3228 1778 3432 1849 polluta
3460 1794 3708 1849 corpora,
3726 1779 3876 1834 abluta

610 1872 771 1928 matis
800 1872 1058 1941 poculum
1087 1872 1264 1925 sancti
1298 1870 1535 1940 Spiritus
1562 1871 1900 1940 propinaret.
1924 1869 2044 1925 Jan:
2080 1885 2210 1924 vero

612 1962 811 2033 quibus
842 1962 1109 2018 ministris
1136 1961 1282 2016 dicat
1313 1971 1487 2017 mater
1513 1961 1617 2016 iSta
1637 1962 1852 2017 Domini
1875 1961 2215 2031 Jesu,quod-

609 2069 826 2124 cumque
864 2054 1053 2107 dixerit
1086 2052 1249 2116 vobis,
1289 2053 1446 2123 facite
1477 2051 1772 2123 (Joan.u);
1803 2062 1859 2108 et
1887 2052 2016 2123 quid
2043 2055 2215 2122 impe-

610 2156 808 2212 ratum,
826 2145 1028 2216 quidve
1045 2146 1244 2199 factum
1262 2144 1669 2209 sit,videamus.
1690 2156 1711 2183 ε
1727 2145 2078 2200 Illuminante
2093 2161 2217 2201 ocu-

615 2240 701 2294 los
715 2239 898 2294 cordis
914 2240 1084 2294 nostri
1102 2239 1220 2308 ipso
1235 2238 1469 2293 Domino
1486 2238 1646 2295 Salva
1658 2248 1775 2294 tore
1793 2281 1809 2305 ,
1824 2239 1914 2309 qui
1927 2239 2110 2294 lumen
2132 2247 2216 2294 est

611 2329 802 2385 aeterni
831 2331 1057 2384 luminis
1106 2340 1447 2386 coaeternqu
1474 2375 1488 2399 ,
1528 2340 1725 2400 praeter
1755 2330 1970 2386 beatam
2025 2329 2051 2367 ά
2096 2331 2214 2386 Ma-

612 2424 750 2478 riam
777 2424 940 2497 285
962 2424 1183 2495 proprie
1210 2433 1465 2491 matrem,
1494 2424 1873 2495 cognovimus,
1900 2437 2213 2483 sanctorum

613 2515 1052 2572 Patriarcharum
1113 2526 1169 2571 et
1231 2516 1635 2586 Prophetarum
1698 2519 1933 2588 plebem,
1990 2518 2216 2590 originis

608 2607 816 2683 Christi
866 2623 1053 2678 causa,
1103 2623 1226 2664 esse
1276 2619 1529 2679 matrem,
1588 2625 1710 2681 quas
1756 2611 2031 2681 legatione
2072 2611 2214 2681 apud

608 2716 733 2757 eum
766 2700 948 2758 functa
977 2703 1048 2757 sit
1077 2717 1177 2773 pro
1200 2710 1385 2757 nostra
1418 2702 1637 2772 inopia:
1669 2718 1812 2758 nunc
1840 2702 2211 2769 advertamus,

605 2795 812 2866 quibus
843 2796 1116 2851 ministris
1146 2796 1422 2867 loquatur,
1452 2798 1811 2867 quodcumque
1834 2797 2023 2852 dixerit
2050 2798 2209 2867 vobis,

604 2891 786 2962 facite.
816 2890 1097 2946 Ministros
1136 2900 1317 2947 autem
1351 2907 1459 2946 non
1487 2890 1613 2947 illos
1675 2893 1975 2949 secundum
2005 2895 2086 2948 rei
2113 2908 2211 2964 ge«

604 2992 748 3038 stum
779 2984 928 3040 solos
958 2984 1173 3055 accipio
1195 2985 1288 3054 qui
1318 2996 1444 3040 tunc
1471 2985 1526 3041 in
1557 2986 1650 3041 illo
1684 2987 1994 3057 nuptiarum
2021 2989 2213 3044 convi-

602 3076 692 3131 vio
719 3076 1246 3142 ministrabant;sed
1264 3081 1458 3148 ejuxta
1490 3079 1753 3148 spiritalis
1779 3082 2016 3135 convivii
2038 3082 2209 3136 ratio-

2315 1873 2498 1926 statim
2555 1872 2802 1942 polluunt
2850 1887 3117 1942 :semper
3158 1873 3379 1942 lavant,
3442 1888 3664 1944 semper
3714 1871 3878 1943 impuri

2317 1972 2443 2018 sunt
2468 1980 2482 2030 ;
2512 1974 2588 2030 et,
2614 1973 2672 2018 ut
2698 1963 2805 2020 dici
2834 1965 2996 2034 solet,
3018 1965 3246 2021 laterem
3278 1966 3655 2022 lavant.lllum
3682 1968 3876 2023 laterem

2317 2072 2479 2126 quem
2557 2066 2885 2125 paraverant
2955 2058 3005 2111 in
3065 2056 3303 2129 Egypto
3359 2058 3637 2114 Pharaoni
3701 2058 3881 2115 diabolo

2320 2148 2518 2214 (Exod.
2545 2150 2608 2221 ι),
2654 2150 2981 2207 exhibentes
3034 2152 3245 2221 seipsos
3276 2167 3431 2207 arma
3464 2153 3757 2225 iniquitatis
3778 2168 3879 2222 pec-

2318 2252 2461 2309 cato,
2483 2243 2550 2298 ad
2576 2246 3040 2300 constructionem
3089 2244 3370 2301 hostilium
3394 2247 3697 2303 civitatum.
3728 2247 3883 2302 'I‘etrei

2319 2338 2462 2392 enim
2487 2346 2633 2403 sunt,
2664 2347 2717 2391 et
2744 2337 2903 2407 igneo
2924 2339 3163 2409 Spiritus
3180 2340 3354 2394 sancti
3377 2340 3562 2397 calore
3580 2355 3879 2411 nequaquam

2320 2429 2561 2485 solidati.
2588 2430 2755 2502 286
2779 2431 3131 2501 Quapmpter
3158 2447 3439 2502 usquequo
3463 2432 3883 2504 deliquescautiu

2322 2531 2577 2589 mortem,
2599 2524 2825 2579 laterem
2856 2539 3012 2578 suum
3040 2540 3147 2579 non
3175 2524 3429 2582 desinunt
3453 2527 3644 2585 lavare
3669 2528 3878 2597 polluen-

2320 2615 2469 2671 dum.
2494 2616 2756 2685 Quinimo
2802 2633 3090 2688 porcorum
3147 2635 3321 2685 more,
3351 2620 3421 2675 de
3450 2637 3593 2692 aqua
3628 2622 3682 2677 in
3705 2636 3882 2691 omnum

2320 2709 2571 2766 redeunt.
2604 2711 2694 2766 Isti
2728 2721 2853 2766 sunt
2882 2713 3032 2782 porci
3063 2727 3201 2784 quos
3227 2714 3399 2769 iratus
3432 2715 3699 2771 Dominus
3716 2713 3881 2782 legioni

2318 2802 2624 2858 daemonum
2660 2804 2881 2859 tradidit
2933 2803 3163 2877 (Matth.
3198 2807 3357 2876 vin),
3391 2816 3451 2862 ut
3503 2808 3885 2879 praecipitaren-

2320 2907 2404 2951 tur
2434 2897 2484 2951 in
2536 2897 2711 2953 lacum
2764 2907 2943 2953 morte
2975 2899 3205 2955 necandi
3259 2909 3545 2971 perpetua.
3595 2901 3776 2971 Fugite
3802 2899 3882 2953 im-

2320 2991 2598 3045 munditiae
2629 2991 2961 3060 exemplum,
2988 2990 3274 3062 neophjti,
3323 3007 3393 3048 ne
3416 3006 3599 3063 pusum
3627 2992 3884 3063 participes

2317 3084 2613 3139 essistatis.
2649 3085 2822 3139 Unum
2879 3084 3151 3155 Baptisma
3192 3084 3349 3140 nobis
3400 3086 3655 3155 Apostoli
3694 3084 3710 3123 ί
3756 3085 3883 3155 juxta

606 3184 753 3235 nem,
784 3170 960 3239 primo
993 3172 1279 3226 ministros
1299 3171 1423 3227 novi
1443 3171 1786 3228 Testamenti
1812 3173 2057 3245 intelligo
2087 3190 2210 3231 esse
2237 3177 2281 3239 C
2316 3176 2552 3231 divinam
2583 3177 2908 3232 sententiam
2942 3177 3343 3244 decreverunt;
3386 3179 3464 3232 ait
3514 3179 3666 3233 enim
3690 3194 3703 3231 :
3727 3174 3816 3242 Qui
3835 3173 3886 3227 bi-

606 3260 940 3331 Apostolos;
988 3263 1191 3319 deinde
1243 3265 1577 3333 apostolicos
1617 3266 1957 3334 sacerdotes,
2007 3269 2207 3338 quibus

607 3362 664 3409 et
689 3353 825 3423 Lex,
857 3363 913 3410 et
941 3356 1126 3411 omnis
1156 3368 1473 3412 sanctorum
1506 3359 1906 3430 PrOphetarum
1957 3361 2207 3418 doctrina

604 3446 867 3515 insinuat,
895 3457 954 3503 ut
978 3449 1239 3520 quidquid
1272 3451 1598 3522 praeceperit
1627 3452 1709 3509 eis
1742 3454 2006 3510 Dominus
2025 3454 2207 3524 Jesus,

606 3539 869 3611 obsequio
896 3553 1151 3614 prompto
1182 3545 1492 3614 perﬁciant.
1511 3546 1630 3602 Jam
1659 3547 1791 3618 quid
1819 3547 1888 3602 ab
1909 3549 2001 3603 illo
2015 3548 2207 3619 jubea-

606 3644 692 3690 tur
720 3634 1009 3705 ministris,
1056 3652 1293 3708 sequens
1321 3638 1563 3710 loquitur
1594 3655 1797 3697 sermo.
1827 3642 2048 3698 Interim
2074 3642 2203 3714 quid

675 3807 700 3836 ⁸
741 3797 972 3871 Vulgata
1002 3800 1335 3874 exemplaria
1359 3801 1679 3874 habentquo
1701 3802 1895 3858 scilicet
1925 3808 2033 3870 iam
2064 3804 2204 3858 indi-

640 3884 761 3947 nos;
793 3887 926 3927 mss.
954 3887 1114 3947 vero,
1140 3889 1268 3943 quos
1292 3873 1409 3947 licet
1431 3877 1549 3947 jam
1569 3873 1833 3945 indignos.
1860 3875 2013 3930 Hanc
2040 3891 2207 3945 porro

606 3942 901 4025 lectionem
924 3942 1391 4014 elegimus,verho
1431 3942 1560 4016 quos
1598 3942 1818 4016 abj'ecto
1841 3947 1985 4017 quod
2018 3942 2203 4002 furtim

605 4023 928 4083 irrepserat.

679 4082 839 4159 {Sic
869 4093 980 4141 tres
1009 4100 1140 4140 mss.
1188 4085 1352 4159 pleno
1401 4102 1706 4153 consensu,
1731 4104 1832 4158 pro
1859 4104 1926 4145 eo
1972 4088 2116 4159 quod
2149 4088 2204 4144 in

604 4155 771 4227 editis
798 4165 904 4223 est,
946 4155 1417 4227 juvaret.’0pinor
1449 4169 1631 4214 autem
1680 4155 1821 4214 hanc
1849 4174 1970 4215 esse
1990 4155 2205 4215 "veram

609 4225 902 4299 lectionem
926 4225 1097 4299 {quia
1124 4225 1383 4299 judicmm
1423 4231 1673 4299 sequitur
1701 4230 1982 4285 damnatio
2011 4248 2027 4297 ;
2062 4232 2206 4287 unde

608 4298 793 4374 statim
817 4296 1069 4374 subditur
1095 4298 1216 4374 quia
1252 4300 1394 4374 ﬂecti
1420 4302 1487 4353 ad
1504 4296 2048 4374 ﬁdemnegligerent,
2084 4320 2206 4357 con-

605 4367 897 4493 ;lemnalget.
926 4367 1139 4423 Caetera
1174 4369 1280 4424 loci
1307 4370 1466 4437 hujus
1508 4367 1575 4426 ad
1613 4367 1775 4427 ﬁdem
1801 4367 1933 4429 mss.
1967 4384 2095 4428 sunt
2122 4389 2204 4430 re-

631 4455 782 4493 orma
850 4480 861 4492 .

631 4448 861 4495 ormata.

680 4521 703 4549 ο
748 4510 890 4567 Male
940 4525 1166 4579 prorsus
1214 4510 1380 4578 editi,
1420 4512 1751 4568 illuminante
1781 4516 1960 4569 oculos
2008 4517 2201 4570 carnis.

603 4582 790 4651 Itaque
816 4583 1191 4649 espressimus
1219 4582 1514 4639 lectionem
1545 4584 1688 4640 Vatt.
1736 4585 1899 4641 codd.
1933 4586 2204 4642 Florenti-

603 4654 863 4730 nus‘legit
893 4654 1071 4730 oculos
1113 4654 1287 4709 cordis
1312 4655 1409 4709 lui.
1442 4654 1577 4712 Cod.
1619 4656 1977 4730 Pantagathi,
2026 4659 2202 4714 oculos

604 4726 775 4781 cordis
807 4727 993 4783 nostri.

676 4795 782 4880 d‘ln
808 4814 912 4880 ms:
939 4797 1264 4880 Pantagathi
1289 4797 1507 4880 additur
1546 4808 1763 4853 matrem
1788 4798 2201 4880 Dominikquod

602 4876 753 4923 certe
784 4869 1015 4934 melius;
1049 4869 1248 4925 deinde
1278 4870 1441 4939 paulo
1474 4880 1597 4943 post
1619 4887 1717 4940 pro
1754 4872 1969 4943 originis
2010 4869 2203 4928 Christi

601 4954 761 5015 causa
786 4955 895 4993 esse
921 4950 1377 5015 mant‘rem,‘pauca,
1404 4941 1502 4996 sed
1534 4954 1657 5011 apta
1686 4941 2063 5015 transpositio,
2096 4946 2203 4999 ori-

600 5010 738 5081 ginis
766 5026 946 5079 causa,
976 5009 1175 5066 Christi
1207 5028 1318 5067 esse
1351 5009 1588 5067 matrem.

674 5081 824 5153 {Sic
844 5081 991 5153 Vatt.
1024 5081 1151 5136 duo.
1186 5081 1339 5138 Flor.
1372 5099 1524 5151 vero,
1550 5087 1804 5153 spiritalis
1833 5086 2199 5144 convivi.’l‘res

598 5150 911 5221 editiones,
945 5152 1163 5225 inepte,
1204 5158 1364 5228 juxta
1407 5150 1657 5226 spiritalis
1709 5159 1784 5212 rei
1834 5160 2197 5213 commutatio-

599 5238 713 5278 nem
722 5265 734 5277 .

670 5294 688 5333 τ
720 5296 889 5351 Paulo
919 5305 1048 5369 ante
1075 5295 1553 5369 cod._Pantagathi
1588 5298 1753 5356 habet
1782 5318 1813 5353 (ι
1850 5300 2078 5369 Judazis,
2104 5302 2200 5357 ad-

588 5366 702 5444 d_it_a
739 5367 1127 5444 prtepositione
1159 5384 1174 5434 ;
1210 5367 1297 5423 hic
1331 5366 1460 5444 vero
1502 5370 1653 5444 Flor.
1680 5383 1738 5427 et
1767 5372 1913 5425 Vatt.
1946 5366 2077 5439 duo,
2103 5372 2200 5444 hg-

591 5437 725 5493 dria:
789 5456 882 5494 sex
951 5440 1176 5507 lapidea:
1236 5442 1459 5508 positas,
1510 5442 1712 5511 quibus
1760 5444 2002 5498 concinit
2056 5437 2199 5498 idem

586 5511 786 5583 codex.
810 5510 963 5566 Oveti
992 5511 1047 5565 in
1080 5511 1360 5583 Hispania,
1402 5511 1686 5583 Ravennae
1716 5514 1769 5567 in
1828 5513 2003 5578 Italia,
2030 5524 2195 5583 atque

584 5580 740 5646 alibi,
770 5583 1067 5637 nonnullas
1089 5597 1157 5637 ex
1199 5581 1284 5635 bis
1307 5582 1515 5653 hydriis
1541 5585 1961 5654 porphyreticas
1982 5580 2190 5639 summa

582 5666 707 5707 cum
734 5654 1093 5708 veneratione
1112 5652 1411 5721 asservari,
1441 5652 1737 5722 perhibent
1789 5664 1957 5710 testes
1986 5655 2190 5712 laudati

587 5737 617 5775 a
641 5723 924 5779 Dominico
950 5723 1157 5778 Macrio
1191 5725 1244 5779 in
1274 5723 1641 5781 IIierolesico.
1668 5726 1843 5782 Porro
1864 5725 1934 5782 de
1976 5726 2191 5783 Raven-

500 5816 505 5821 ·
588 5802 715 5848 nate
774 5793 901 5863 quid
961 5794 1161 5851 habeat
1218 5803 1386 5853 testes
1442 5804 1695 5868 autoptes
1751 5798 2065 5857 Bernartius
2121 5799 2191 5858 de

2310 3268 2437 3323 berit
2464 3286 2528 3323 ex
2577 3271 2677 3323 ista
2708 3286 2877 3340 aqua,
2918 3287 3021 3324 non
3064 3271 3199 3325 sitiet
3248 3271 3302 3324 in
3326 3280 3583 3326 aeternum
3613 3266 3883 3341 (Joan.tv).

2310 3362 2489 3417 Abluti
2540 3362 2714 3418 semel
2774 3362 2911 3418 eSIis
2965 3363 3245 3435 Baptismo
3300 3363 3532 3420 salutari
3584 3362 3797 3420 :nolite
3834 3357 3888 3413 de

2309 3455 2459 3511 fonte
2505 3456 2557 3510 in
2593 3470 2809 3512 ccenum
2866 3455 3127 3526 regredi;
3184 3465 3402 3512 servate
3450 3456 3717 3513 donatam
3761 3466 3889 3508 mun-

2307 3549 2649 3606 ditiem.Nou
2672 3558 2854 3621 potest
2884 3549 3072 3605 iterari
3104 3551 3117 3601 ἱ
3156 3550 3300 3620 quod
3327 3551 3500 3606 semel
3520 3562 3610 3606 est
3637 3548 3887 3606 amissum.

2382 3644 2487 3701 Sed
2512 3647 2624 3715 jam
2654 3643 2957 3712 videamus,
2988 3658 3109 3715 quae
3150 3644 3262 3698 sint
3291 3644 3434 3715 apud
3461 3643 3675 3701 Gentes
3706 3656 3795 3712 per
3828 3636 3892 3691 al-

2312 3804 2685 3860 Montiaucon.
2728 3804 2975 3881 invenies
3008 3803 3173 3881 Diar._
3195 3804 3316 3881 l_taI_.
3346 3821 3409 3881 _p.
3441 3806 3577 3881 I9}.
3611 3806 3741 3881 Ejus
3766 3816 3893 3881 meo:

2310 3890 2492 3930 suram
2536 3884 2593 3930 ct
2620 3876 2976 3945 capacitatem
3009 3890 3106 3945 per
3135 3873 3448 3933 Gabriel'em
3480 3873 3777 3945 Naudmuui
3806 3873 3890 3928 sibi

2310 3944 2710 4015 impetrandam
2736 3944 3027 4003 curaverat
3058 3963 3303 4003 summus
3332 3949 3414 4003 vir
3442 3948 3710 4004 Nicolaus
3731 3944 3894 4002 Fabri-

2309 4020 2427 4073 cius
2449 4018 2785 4083 Peireskius,
2813 4029 2871 4074 ut
2893 4034 3051 4074 suum
3085 4018 3154 4074 de
3187 4020 3527 4089 ponderibus
3559 4032 3620 4076 et
3653 4016 3895 4089 mensuris

2310 4105 2473 4159 quem
2514 4092 2740 4160 parabat
2772 4098 3062 4145 tractatum
3109 4087 3553 4146 eruditissimum
3610 4087 3892 4146 rarioribus

2311 4162 2677 4216 monumentis
2706 4162 3027 4229 instrueret,
3055 4174 3318 4219 narrante
3348 4163 3515 4218 Petro
3551 4160 3833 4219 Gasscndo
3853 4160 3893 4211 in

2310 4232 2552 4301 ejusdem
2586 4232 2851 4288 Peireskii
2880 4231 3025 4302 Vita,
3052 4234 3147 4287 lib.
3182 4250 3233 4301 v,
3268 4235 3371 4289 sub
3397 4249 3548 4289 anno
3573 4234 3734 4290 I653.

2384 4313 2408 4350 8
2442 4303 2521 4358 Ita
2562 4303 2726 4358 lectio
2774 4304 2937 4359 unius
2982 4318 3050 4359 ex
3098 4303 3245 4359 Vatt.
3298 4305 3595 4362 Urbinatis
3646 4319 3711 4360 ac
3742 4302 3892 4364 Flor.,

2310 4390 2471 4444 quam
2522 4375 2857 4444 prmtulimus
2911 4377 3149 4448 caeteris,
3212 4384 3485 4448 tamquam
3542 4378 3895 4448 aptioreiuct

2310 4447 2617 4513 meliorem,
2676 4461 2906 4516 eamque
2959 4444 3124 4503 habet
3161 4444 3503 4503 etiam—cod.
3561 4446 3891 4516 Pautagathi.

2310 4518 2431 4593 Yat.
2473 4518 2633 4593 alter,
2680 4513 2985 4593 priusquam
3028 4536 3347 4593 synagogam
3382 4513 3805 4593 ingrederentur,
3833 4513 3895 4569 rel

2308 4588 2609 4661 deipublico
2638 4588 2858 4660 regressi
2907 4588 3115 4644 domum
3161 4588 3496 4661 prenderent.
3560 4591 3710 4647 Editi
3756 4604 3892 4647 veru.

2308 4660 2609 4734 priusquam
2658 4677 2975 4734 synagOgam
3031 4660 3443 4732 ingrederentur,
3476 4663 3547 4718 de
3595 4661 3800 4734 publica
3826 4674 3893 4709 rc-

2307 4730 2472 4801 gressi
2498 4730 2710 4785 domum
2735 4730 3032 4802 priusquam
3058 4730 3389 4802 prenderent.
3418 4734 3494 4789 De
3544 4730 3652 4788 hac
3692 4730 3890 4802 Judmn-

2306 4820 2426 4857 rum
2456 4802 2854 4871 puriﬁcatione.
2885 4819 2984 4858 seu
3004 4801 3229 4869 Iotione,
3262 4804 3546 4861 Goduviu.
3573 4806 3615 4860 Ι.
3641 4821 3724 4871 ιιι,
3757 4818 3806 4859 c.
3826 4801 3889 4863 Ξῖ

2306 4874 2581 4940 Stuckius,
2612 4876 2666 4928 in
2686 4874 2786 4929 lib.
2817 4874 3085 4944 Antiquit.
3104 4876 3375 4931 convival.

2377 4943 2404 4981 ³³
2434 4946 2714 5018 Ejecimus
2746 4946 2883 5018 hinc
2904 4943 3146 5016 ineptum
3190 4947 3492 5018 glossema,
3546 4949 3706 5018 quod
3739 4945 3894 5003 nullus

2305 5033 2373 5072 cx
2394 5033 2525 5071 mss.
2555 5016 2714 5072 codd.
2743 5015 3119 5086 praeferused
3142 5015 3275 5074 editi
3297 5015 3658 5076 solummodo
3686 5020 3741 5074 in
3774 5018 3892 5070 hunc

2305 5087 2528 5143 modum
2566 5104 2579 5140 :
2617 5087 2711 5142 Vel
2739 5088 2856 5142 dua:
2898 5097 3150 5157 metrette,
3192 5088 3268 5145 vel
3299 5100 3426 5152 tres,
3450 5092 3510 5144 id
3543 5100 3624 5147 est
3651 5087 3893 5159 ampliori?

2305 5162 2442 5242 dare,
2476 5160 2554 5214 vel
2575 5168 2699 5242 tres.
2734 5159 2958 5242 Metreta
2992 5171 3197 5242 autem,
3223 5167 3481 5242 μτρητῄ,
3518 5175 3647 5242 erat
3664 5170 3889 5242 mensura

2305 5231 2484 5288 Attica
2513 5233 2831 5302 congiorum
2865 5231 3079 5297 decem,
3114 5232 3220 5287 hoc
3267 5231 3353 5288 es't
3395 5234 3702 5291 duodecim
3735 5238 3890 5288 sexta-

2306 5304 2403 5356 riis
2426 5303 2685 5369 amphora
2717 5302 2917 5369 major,
2948 5312 3007 5357 ut
3035 5303 3203 5359 tradit
3250 5304 3389 5359 Bud.
3421 5304 3459 5358 l.
3489 5321 3524 5359 v
3557 5306 3630 5362 de
3662 5305 3814 5369 Asse,
3848 5316 3887 5366 p-

2307 5372 2430 5441 580,
2465 5370 2596 5430 edit.
2646 5373 2856 5445 Gryph.
2894 5374 3141 5445 Lugdun.
3175 5376 3333 5431 1542.
3394 5376 3569 5430 Errat
3601 5391 3779 5431 tamen
3823 5370 3889 5425 di-

2305 5460 2437 5500 cens
2464 5446 3106 5518 amphoram_metrd'lam
3139 5461 3171 5499 a
3199 5446 3429 5518 Cratino
3450 5450 3816 5518 appellatam,
3844 5449 3888 5494 ut

2304 5517 2745 5643 rgcteeoostendit
2788 5515 3228 5588 Jungermanuus
3268 5517 3337 5574 ad
3390 5515 3503 5575 Jul.
3535 5515 3697 5576 'Poll.
3725 5519 3812 5574 lib.
3838 5528 3883 5576 Σ.

2304 5605 2323 5642 r
2367 5603 2420 5643 ι).
2520 5630 2534 5641 .

2294 5602 2420 5642 C81).
2440 5602 2534 5642 Ζυ.

2365 5603 2561 5716 ira;
2584 5659 2747 5717 codd.
2778 5676 2937 5726 mss.,
2963 5661 3121 5732 juxta
3141 5662 3369 5716 diuinam
3393 5664 3717 5717 sententiam
3747 5656 3882 5715 tradi-

2293 5729 2502 5806 derunt,
2526 5731 2704 5806 iisqpe
2730 5729 3292 5806 acceditetiamliber
3332 5734 3693 5806 Pantagathi.

2368 5803 2381 5853 i
2421 5802 2583 5860 Liber
2616 5796 2957 5875 "Pantagathi
2986 5819 3093 5861 non
3127 5804 3294 5861 habet
3321 5808 3380 5862 τὸ
3420 5796 3723 5876 amissum,
3759 5796 3879 5874 quod
