4096 6192
300 279 410 339 905

1088 281 1328 340 SERMO
1367 276 1458 360 IX,
1503 281 1594 339 DE
1636 275 2013 339 EVANGELII
2053 275 2396 338 LEGTIONE
2434 273 2823 339 SECUNDUS.

3498 276 3604 338 906

301 395 563 468 legoriam
587 410 684 453 sex
712 395 818 454 illic
842 395 1051 470 hydrina
1077 398 1331 467 lapideae,
1361 401 1642 472 capientes
1675 399 1902 471 singula
1931 399 1984 459 Α
2008 413 2099 453 ces
2129 398 2193 454 ad
2217 399 2418 454 coelum
2445 397 2740 463 tendimus,
2776 395 3005 466 pedibus
3041 395 3109 450 ad
3148 393 3439 450 ecclesiam
3469 408 3599 450 cur-

303 499 607 545 l‘metretas
629 490 810 556 binas,
841 492 925 544 vel
953 499 1162 546 ternas.
1186 493 1242 547 ln
1273 509 1603 564 unoqnoime
1622 494 1899 548 hominum

300 599 398 641 sex
431 584 678 655 quaedam
732 585 912 640 inesse
965 597 1326 641 numerantur
1369 605 1381 641 :
1417 589 1564 641 visus
1595 591 1897 652 oculorum,

299 678 524 734 auditus
565 678 810 743 aurium,
843 679 1106 734 odoratus
1139 681 1376 746 narium,
1410 680 1624 751 loquela
1653 681 1786 744 oris,
1811 689 1897 734 at—

302 773 553 828 trectatio
603 787 883 834 manuum,
938 775 1188 828 incessus
1237 774 1464 844 pedum.
1524 773 1646 827 llaec
1693 772 1898 838 omnia,

297 878 421 920 cum
453 879 700 920 essemus
749 863 980 931 Gentes,
1024 862 1238 932 lapidea
1291 873 1453 920 erant
1507 865 1560 918 in
1620 863 1798 928 nobis,
1846 871 1902 918 et

299 966 534 1020 mortua,
567 957 707 1012 sicut
760 969 984 1012 saucius
1034 958 1300 1027 pmpheta
1352 956 1518 1012 David
1565 955 1902 1012 exsecrando

299 1059 529 1106 testatur
574 1067 587 1101 :
636 1049 941 1106 Simulacra
987 1047 1228 1104 Gentium
1291 1059 1562 1121 argentum
1614 1058 1660 1105 et
1713 1063 1901 1102 aurum

298 1143 416 1217 (Ps.
447 1146 622 1216 cxiii).
653 1144 846 1202 Studio
879 1147 1046 1201 tacuit
1100 1156 1328 1202 caeteras
1365 1147 1591 1202 viliores
1641 1145 1902 1200 materias

298 1239 751 1304 metallorum,ut
772 1239 826 1295 in
852 1240 1114 1309 pretiosis
1143 1240 1314 1295 multo
1341 1242 1514 1307 magis
1537 1240 1821 1294 damnaret
1849 1246 1902 1294 et

297 1333 444 1388 vilia.
479 1333 783 1388 Simulacra
807 1348 940 1404 ergo
981 1332 1240 1389 Gentium
1271 1343 1329 1389 tit
1359 1347 1664 1403 quosensu
1687 1333 1900 1402 vitupe-

297 1434 411 1480 rata
446 1437 596 1492 sunt,
628 1426 932 1493 edicamus,
965 1427 1184 1497 quando
1217 1429 1356 1483 satis
1397 1428 1686 1495 opulentos
1728 1426 1900 1481 fabri-

297 1528 512 1576 catores
544 1520 850 1577 habuerunt
887 1539 898 1575 :
933 1522 1129 1591 Erunt,
1162 1523 1357 1593 inquit,
1389 1521 1729 1579 iiiseiisibilia
1789 1541 1901 1579 me-

299 1611 448 1680 talla,
477 1622 747 1682 argentum
777 1624 826 1668 et
883 1630 1091 1679 aurum,
1126 1630 1281 1686 Opera
1309 1631 1557 1668 manuum
1605 1615 1895 1671 hominum.

299 1701 370 1757 0s
393 1703 607 1769 habent,
637 1713 684 1757 et
729 1722 830 1758 non
872 1706 1190 1775 loquentur;
1218 1708 1392 1761 oculos
1453 1706 1667 1775 habent,
1713 1719 1762 1764 et
1794 1725 1896 1764 non

2007 493 2202 561 rimus,
2237 501 2475 548 etunam
2507 490 2795 545 Trinitatis
2822 490 3083 544 [)eitatcm
3111 489 3268 542 ﬂexis
3300 487 3363 541 ad
3399 497 3602 542 terram

2003 587 2234 656 genibus
2284 585 2600 640 adoramus.
2661 582 2878 638 Vacalis
2929 599 3061 654 ergo
3106 581 3265 638 Jesus
3312 582 3600 645 ministris,

2004 677 2284 748 Apostolis
2312 677 2589 744 videlicet,
2623 686 2674 731 et
2705 676 3333 741 eoruui‘successoribus
3358 675 3448 746 qui
3477 683 3607 729 sunt

2002 787 2102 841 per
2131 771 2374 838 singulas
2408 771 2686 825 Ecclesias
2716 771 3057 839 sacerdotes,
3089 771 3355 824 dicito-is:
3382 767 3607 837 Implete

2005 863 2218 934 hydrias
2245 865 2374 918 istas
2398 879 2531 933 aqua
2552 861 2732 934 (Joan.
2759 867 2818 927 it)
2844 879 2859 928 ;
2903 861 3006 918 hoc
3041 870 3158 917 est:
3192 860 3468 930 Baptizate
3490 877 3603 915 om-

2004 975 2091 1012 nes
2120 967 2296 1032 gentes
2342 961 2398 1012 in
2455 959 2665 1012 nomine
2720 956 2918 1026 Patris,
2979 965 3027 1011 et
3075 955 3239 1025 Filii,
3285 966 3333 1011 et
3371 955 3604 1028 Spiritus

2002 1055 2196 1116 sancti,
2252 1053 2495 1108 docentes
2523 1070 2608 1108 eos
2637 1069 2842 1107 servare
2882 1053 3057 1106 omnia
3083 1069 3200 1123 qua:
3241 1068 3332 1121 ego
3362 1051 3606 1106 mandari

2003 1146 2145 1199 vobis
2172 1144 2390 1214 (Matth.
2425 1151 2645 1215 xxviii).
2674 1146 2741 1200 Et
2770 1147 2932 1216 plane
2957 1147 3086 1215 quia
3117 1145 3408 1199 audierant
3436 1146 3602 1200 iidetn

2004 1239 2247 1294 ministri
2269 1239 2539 1294 dicentem
2563 1237 2936 1294 venerabilem
2956 1239 3209 1294 Mariam:
3229 1239 3604 1311 Quodcumque

2002 1331 2190 1385 dixerit
2214 1331 2378 1397 vobis,
2408 1332 2607 1401 facite;
2640 1331 3007 1402 impleverunt
3033 1347 3126 1386 eas
3150 1347 3326 1402 usque
3356 1333 3422 1386 ad
3449 1347 3605 1386 sum-

2005 1442 2150 1481 mum
2176 1445 2187 1480 :
2225 1425 2570 1494 plenitudine
2599 1427 2802 1496 quippe
2833 1425 3096 1481 doctrina:
3127 1424 3363 1480 infusum
3391 1426 3607 1494 Baptis-

2002 1535 2088 1574 ma
2117 1520 2481 1573 cumulantes.
2511 1518 2658 1572 Bene
2681 1527 2861 1574 autem
2884 1517 3055 1584 dixit,
3087 1519 3281 1573 uocatis
3313 1519 3604 1585 ministris;

2003 1628 2126 1666 nam
2163 1611 2367 1667 Paulus
2399 1621 2606 1666 vocatus
2628 1613 2920 1682 apostolus,
2955 1619 3256 1683 segregatus
3279 1613 3334 1666 in
3362 1609 3606 1684 Evange-

2001 1705 2126 1758 lium
2160 1703 2257 1759 Dei
2301 1705 2480 1769 (llam.
2507 1705 2547 1776 ι)
2574 1715 2690 1759 est:
2739 1705 2998 1760 similiter
3022 1712 3078 1759 et
3124 1699 3318 1759 omnes
3354 1703 3604 1773 Apostoli

295 1796 538 1851 uidebunt
562 1816 580 1861 ;
605 1814 758 1852 aures
781 1797 996 1865 habent,
1025 1811 1072 1851 et
1103 1816 1204 1852 non
1227 1801 1439 1855 audient
1465 1819 1483 1868 ;
1505 1819 1656 1858 nares
1687 1801 1895 1869 habent,

2003 1797 2178 1849 vocati
2204 1803 2364 1849 sunt:
2419 1795 2601 1850 Venite
2628 1807 2739 1867 post
2769 1812 2868 1861 me,
2898 1806 2945 1851 et
2975 1797 3164 1869 faciam
3189 1813 3278 1850 vos
3325 1797 3608 1868 piscatores

295 1899 468 1945 etnon
493 1890 784 1944 odorabunt
818 1910 838 1957 ;
870 1908 1056 1944 manus
1088 1894 1298 1958 habent,
1343 1903 1389 1947 et
1422 1911 1524 1947 non
1565 1895 1852 1967 palpabunt
1879 1913 1897 1963 ;

295 1981 449 2051 pedes
473 1981 685 2046 habent,
715 1992 762 2036 et
815 1999 917 2035 non
967 1983 1306 2038 ambulabunt
1355 1984 1572 2057 (lbid.).
1627 1987 1694 2040 Et
1725 1987 1898 2055 quid?

295 2071 322 2112 δ
345 2076 544 2130 similes
575 2077 686 2130 illis
706 2077 832 2146 ﬁent
863 2078 951 2146 qui
973 2080 1173 2146 faciunt
1201 2095 1261 2132 ea
1287 2088 1376 2144 ;et
1406 2097 1580 2134 omnes
1606 2081 1698 2150 qui
1729 2081 1896 2150 conﬁ-

294 2165 422 2220 dunt
469 2167 525 2221 in
583 2168 677 2221 eis.
708 2178 730 2205 ε
783 2168 928 2238 Ergo
989 2185 1113 2224 cum
1166 2169 1569 2226 couﬁderemus
1609 2173 1662 2226 iii
1712 2173 1892 2241 idolis,

291 2267 448 2313 erant
480 2260 534 2313 in
560 2259 720 2315 nobis
750 2260 838 2314 isti
872 2275 1067 2316 sensus
1092 2278 1208 2330 sex,
1239 2263 1392 2332 juxta
1421 2266 1747 2319 sententiam
1774 2281 1896 2333 pro-

290 2348 494 2421 phctm,
519 2351 756 2406 emortui
803 2363 968 2422 atque
1003 2353 1224 2422 lapidei,
1254 2351 1278 2390 ἀ
1309 2355 1430 2409 sine
1459 2355 1644 2410 ofﬁcio
1677 2371 1896 2426 compe-

293 2440 450 2508 tenti,
485 2439 604 2496 sine
632 2452 785 2498 motu
810 2459 1052 2514 congruo
1080 2461 1094 2510 ;
1122 2457 1176 2498 at
1205 2445 1298 2499 ubi
1348 2446 1401 2500 in
1439 2446 1605 2500 Deum
1655 2451 1836 2502 vivum
1863 2464 1892 2502 a

293 2533 611 2588 simulacris
661 2536 892 2591 mortuis
921 2536 1172 2592 cmiversi
1227 2537 1582 2607 credidimus,
1643 2539 1896 2594 vivitiirati

292 2640 504 2695 sumus,
564 2626 855 2684 audientes
899 2630 969 2683 ab
1025 2629 1146 2699 ipso
1186 2670 1199 2695 ,
1249 2629 1373 2700 quia
1423 2647 1517 2703 ego
1547 2631 1681 2694 vivo,
1724 2640 1771 2683 et
1810 2646 1895 2684 vos

292 2720 470 2774 uinetis
523 2720 734 2788 (Joun.
787 2737 881 2777 xlv
914 2765 928 2788 ,
991 2722 1125 2792 19).
1183 2721 1252 2775 Et
1309 2723 1504 2777 iterum
1551 2740 1565 2776 -:
1607 2721 1724 2794 Ego
1779 2739 1895 2776 sum

290 2813 597 2868 resurrectio
624 2859 639 2882 ,
693 2823 742 2868 et
794 2816 950 2880 vita;
1009 2815 1099 2886 qui
1153 2815 1314 2869 credit
1359 2816 1416 2870 in
1464 2833 1566 2880 me,
1607 2817 1701 2870 etsi
1730 2813 1893 2888 287

289 2921 524 2962 mortuus
553 2909 730 2979 fuerit,
759 2909 923 2961 viret:
948 2917 995 2961 et
1025 2909 1192 2962 omnis
1210 2910 1301 2980 qui
1327 2910 1472 2975 vicit,
1496 2909 1546 2963 id
1566 2920 1648 2963 est
1669 2909 1762 2979 qui
1780 2912 1891 2978 jam

292 3002 492 3066 credit,
519 3002 565 3055 si
599 3018 768 3071 usque
793 3004 845 3055 iu
883 3002 1047 3058 ﬁnem
1080 3004 1399 3070 crediderit,
1429 3021 1534 3058 non
1565 3004 1814 3058 morietur
1842 3005 1895 3059 in

291 3104 540 3148 (sternam
557 3093 742 3164 (Joan.
765 3093 868 3164 si).
889 3092 1158 3150 Conversi
1189 3095 1353 3166 igitur
1369 3096 1434 3150 ad
1463 3095 1648 3161 ﬁdem,
1674 3106 1729 3152 et
1755 3097 1888 3152 vivi-

2003 1887 2269 1940 hominum
2293 1885 2512 1959 (Matth.
2540 1887 2641 1956 Iv).
2670 1887 2812 1952 Quos
2833 1887 2977 1941 enim
3005 1888 3413 1952 pm’destinauit,
3437 1887 3530 1942 hos
3552 1897 3603 1943 et

2002 1983 2232 2037 vocavit:
2260 1993 2304 2036 et
2329 1998 2458 2053 quos
2484 1982 2702 2045 vocavit,
2723 1981 2816 2035 hos
2839 1991 2886 2034 et
2905 1981 3218 2052 justiﬁcavit
3239 1998 3256 2035 :
3278 1997 3406 2052 quos
3431 1992 3605 2036 autem

1991 2075 2328 2145 justi/ienuit,
2353 2084 2375 2111 ε
2394 2074 2488 2128 hos
2504 2073 2817 2145 gloriﬁcavit
2841 2071 3015 2144 (Rom.
3036 2074 3176 2145 vm).
3198 2073 3420 2130 Vocatis
3443 2075 3608 2140 igitur

1998 2167 2158 2223 Jesus
2181 2168 2450 2223 ministris
2471 2167 2707 2235 injuuxit
2727 2183 2864 2237 Opus
2885 2167 3202 2222 celebrandi
3230 2168 3602 2237 Baptismatis.

1995 2260 2107 2316 Nec
2153 2261 2285 2314 illtid
2320 2261 2373 2315 iu
2427 2266 2700 2330 postrema
2731 2268 2884 2330 parte
2915 2260 3073 2329 hujus
3103 2261 3378 2315 sermonis
3405 2269 3602 2330 pra-te-

1998 2368 2119 2420 reo,
2144 2354 2289 2423 quod
2315 2353 2431 2407 ista:
2465 2352 2675 2424 hydria:
2719 2365 2920 2406 nosme
2949 2353 3233 2423 capientes
3261 2369 3384 2409 esse
3408 2353 3605 2409 dicun-

1997 2455 2087 2501 tur
2118 2448 2348 2517 singulae
2396 2455 2656 2502 metretas
2688 2447 2847 2501 binas
2870 2491 2884 2514 ,
2944 2449 3026 2502 vel
3061 2459 3264 2504 ternas.
3295 2449 3473 2519 Super
3502 2450 3607 2508 hoc

1997 2540 2164 2608 aliqui
2197 2547 2507 2594 nostrorum
2536 2539 2816 2603 dixerunt,
2839 2537 2857 2578 τ
2882 2548 3142 2595 metretas
3163 2541 3324 2608 duas,
3351 2543 3439 2598 vel
3467 2553 3603 2611 tres,

1997 2633 2236 2700 Patrem,
2267 2641 2323 2687 et
2352 2630 2543 2693 tilium.
2569 2640 2625 2688 et
2653 2632 2920 2702 Spiritum
2969 2643 3218 2688 sanctum
3246 2653 3259 2690 :
3305 2644 3359 2690 et
3388 2646 3412 2684 ε
3441 2654 3605 2707 quos-

1994 2725 2118 2782 dam
2145 2726 2366 2798 quidem
2397 2741 2464 2780 ex
2487 2724 2754 2781 Gentibus
2789 2725 3130 2796 baptizandis
3158 2727 3356 2798 Patris,
3393 2742 3445 2784 et
3483 2730 3604 2785 Filii

1997 2825 2204 2872 tantum
2232 2818 2517 2874 scientiam
2550 2833 2716 2889 posse
2738 2833 2956 2889 capere,
2990 2819 3257 2889 quosdam
3286 2839 3415 2877 vero
3443 2839 3607 2895 capa-

1994 2917 2172 2970 ciores
2193 2915 2356 2969 etiam
2385 2914 2621 2983 Spiritus
2643 2915 2816 2968 sancti
2843 2930 2855 2967 :
2897 2913 2991 2968 sed
3018 2929 3118 2983 ego
3156 2915 3421 2976 arbitror.
3459 2917 3602 2984 quod

1993 3011 2084 3079 qui
2112 3009 2375 3075 Spiritum
2398 3015 2647 3062 sanctum
2674 3025 2779 3061 non
2799 3007 2965 3079 288
2989 3007 3167 3076 capit,
3200 3025 3377 3078 neque
3405 3008 3602 3064 Filium

1993 3103 2204 3171 capiat,
2239 3117 2417 3172 neque
2460 3101 2701 3156 Patrem.
2751 3101 2936 3168 Neque
2966 3102 3112 3154 enim
3163 3101 3426 3168 baptizari
3473 3106 3596 3173 quis

292 3185 435 3242 ﬁcati
469 3203 563 3256 per
594 3187 954 3254 Baptismum,
984 3189 1175 3244 oculos
1205 3191 1453 3245 levamus
1479 3189 1545 3244 ad
1578 3189 1888 3259 Dominum,
1922 3175 1970 3238 (ἶ
2004 3202 2201 3264 potest,
2237 3195 2340 3248 nisi
2383 3195 2434 3248 in
2477 3193 2741 3262 integram
2779 3202 2941 3264 atque
2969 3195 3388 3264 inseparabilem
3422 3197 3607 3252 Trini-

292 3280 520 3337 odorem
555 3281 765 3337 notitia:
791 3283 910 3349 ejus
941 3281 1237 3337 insatiabili
1271 3285 1468 3352 spiritu
1499 3283 1786 3350 trahimus,
1813 3295 1895 3339 ta-

291 3373 511 3444 citoque
542 3383 808 3428 teatamur
824 3373 1043 3440 all'ectu,
1065 3373 1319 3440 quoniam
1353 3374 1483 3428 odor
1509 3388 1892 3446 unguentorum

293 3478 499 3523 tuorum
557 3485 712 3540 super
739 3471 916 3522 omnia
944 3480 1185 3523 aromata
1231 3465 1414 3541 (Cant.
1459 3471 1554 3537 tv).
1603 3468 1893 3525 Lectiones

293 3561 509 3617 dirutas
539 3576 672 3616 aure
705 3562 1066 3630 percipimus,
1099 3576 1194 3615 ore
1219 3561 1507 3615 Dominum
1541 3565 1891 3629 ciuilitemur,

294 3655 600 3724 laudamus,
625 3656 1434 3724 be-iedicimus,obsecramus;
1463 3673 1656 3712 manus
1685 3657 1893 3728 suppli-

295 3892 546 3964 prol'ecto
569 3893 827 3948 amittere
871 3892 1009 3948 nihil
1049 3890 1366 3964 detrimenti
1407 3890 1586 3956 aﬂ‘ert,
1639 3905 1760 3964 cum
1790 3889 1895 3946 hoc

296 3963 462 4020 modo
507 3965 665 4019 semel
715 3975 788 4020 est
846 3964 1112 4020 referatur
1152 3965 1217 4017 ad
1271 3963 1632 4032 Baptismum,
1665 3963 1734 4016 de
1784 3977 1894 4032 quo

297 4035 438 4091 diXll
489 4035 651 4101 paulo
690 4051 849 4090 antea
897 4055 909 4089 :
944 4034 1117 4090 Unum
1161 4033 1431 4106 Baptisma
1468 4033 1613 4088 nobis
1661 4033 1896 4104 Apostoli

287 4107 450 4177 juxta
477 4107 705 4162 divinam
731 4107 1037 4162 sententiam
1068 4111 1422 4160 decreverunt.

372 4181 516 4234 “Slc
570 4181 734 4233 habet
781 4181 944 4234 let-tiu
992 4177 1306 4232 Flttl't’lllilti
1363 4176 1513 4239 end.,
1564 4177 1638 4230 uti
1681 4184 1734 4230 et
1760 4175 1899 4229 liber

297 4248 798 4315 Pantagathi.Vatt.
830 4251 957 4311 duo,
988 4261 1227 4303 metretas
1251 4248 1421 4314 binas,
1448 4248 1526 4302 vel
1553 4259 1674 4300 tres.
1695 4247 1901 4300 Εὐαίο-

301 4336 419 4385 nes,
453 4331 692 4376 metretas
718 4323 886 4386 binas,
919 4330 968 4373 et
989 4333 1178 4374 ternas.

373 4391 400 4429 ι’
430 4393 568 4446 Vult.
601 4394 731 4455 duo,
765 4393 909 4447 Flor.
945 4402 999 4446 et
1035 4391 1192 4453 Urb.,
1246 4391 1443 4446 similes
1491 4391 1598 4444 illis
1624 4389 1754 4459 ﬁant
1783 4405 1897 4442 oni-

299 4478 410 4535 nes,
433 4465 528 4528 ait,
555 4465 642 4535 qui
687 4465 886 4534 faciunt
914 4480 994 4529 ea,
1027 4474 1074 4516 et
1103 4479 1278 4518 omnes
1316 4465 1404 4534 qui
1437 4461 1706 4531 conﬁdunt
1733 4462 1787 4514 in
1802 4461 1895 4514 eis.

301 4533 376 4588 Ita
401 4533 621 4604 quoque
653 4535 790 4590 liber
815 4535 1162 4605 Pantagathi.

379 4615 400 4643 ε
424 4603 664 4660 Pulchra
694 4603 1006 4662 emendatio
1027 4622 1187 4674 quam
1206 4605 1531 4660 obtuleruttt
1547 4605 1691 4659 Vatt.
1712 4603 1897 4667 codd.,

301 4691 426 4730 cum
459 4677 612 4733 locus
645 4683 742 4731 istc
774 4694 970 4732 uia-uiti
999 4681 1049 4730 ili
1094 4682 1314 4730 utodttiii
1356 4676 1550 4731 fuisth
1577 4683 1894 4744 Corruptus.

2003 3296 2166 3343 tatem
2189 3330 2204 3352 ,
2237 3287 2495 3357 quoniam
2541 3301 2690 3340 nemo
2721 3285 2999 3354 confitetur
3032 3286 3367 3355 proprii-tale
3393 3297 3608 3345 natura:

2001 3395 2146 3443 esse,
2197 3385 2255 3433 ut
2279 3385 2520 3448 oportet,
2556 3375 2841 3430 Dominum
2869 3376 3053 3430 Iesum
3083 3377 3372 3446 Christum,
3421 3383 3522 3434 nisi
3546 3384 3599 3434 in

2004 3471 2207 3544 Spiritu
2235 3480 2413 3524 sancto
2437 3469 2480 3541 (l
2508 3467 2630 3523 Cor.
2667 3467 2785 3539 sit).
2809 3468 2896 3532 Et,
2929 3486 3075 3524 nemo
3101 3471 3245 3524 vadit
3273 3472 3341 3524 ad
3363 3469 3600 3538 Patrem,

2000 3565 2102 3618 nisi
2142 3580 2232 3633 per
2257 3561 2462 3617 Filium
2491 3560 2672 3634 (Joan.
2711 3562 2821 3631 Juv)
2846 3605 2859 3627 ,
2891 3571 2947 3615 ut
2974 3563 3092 3632 ipse
3125 3571 3389 3619 testatur:
3432 3564 3600 3620 Nemo

1997 3659 2132 3711 venit
2159 3657 2227 3710 ad
2249 3653 2474 3721 Filium,
2505 3656 2603 3710 nisi
2632 3653 2790 3708 Pater
2817 3670 2932 3708 eum
2957 3658 3266 3724 pertraxerit
3288 3656 3468 3728 (Joan.
3499 3662 3600 3722 vi).

2077 3887 2096 3926 ί
2131 3889 2186 3944 1η
2217 3887 2341 3942 cod.
2371 3883 2690 3956 Pantagatlii
2715 3898 2822 3938 non
2856 3881 3127 3937 habentur
3157 3883 3338 3952 priora
3367 3883 3456 3939 illa
3480 3904 3604 3942 ver-

2003 3961 2093 4029 ba,
2142 3962 2237 4015 sed
2273 3967 2482 4013 tantum
2517 3960 2632 4012 lia-e
2674 3963 3247 4029 postrem:i__i_i_ietretas
3297 3957 3460 4029 duas,
3495 3962 3602 4029 νυρι

2004 4022 2134 4099 tres;
2156 4031 2349 4089 deinde
2377 4029 2584 4084 Patrem
2614 4028 2827 4091 scilicet,
2856 4035 2902 4078 et
2928 4022 3152 4091 Filium,
3171 4027 3315 4096 quod
3342 4022 3595 4099 equidem

2007 4114 2137 4174 puto
2161 4120 2283 4158 esse
2309 4102 2517 4157 librarii
2550 4108 2812 4174 erratum.

2081 4185 2105 4223 ε
2141 4175 2252 4230 Huc
2290 4189 2452 4243 pitl'rt)
2482 4169 3028 4243 errore_labiiraliant_
3053 4168 3425 4243 MﬂCt‘tiOIlialli
3450 4214 3465 4239 ,
3500 4189 3595 4228 seu

2015 4241 2526 4308 Pueumatomaclii,
2553 4243 2642 4310 qui
2675 4241 2964 4295 Pliilastrio
2992 4241 3466 4310 Semiariani,cap.
3495 4246 3595 4300 b7:

2007 4317 2326 4374 Semiariani
2369 4322 2486 4369 sunt
2515 4309 2715 4383 quoque
2756 4313 2844 4383 qui
2873 4313 2936 4364 de
2983 4311 3157 4374 Patre,
3213 4321 3258 4365 et
3302 4309 3447 4367 Filio
3474 4316 3598 4370 bene

2001 4394 2246 4454 sentiunt,
2281 4403 2438 4442 unum
2465 4382 2732 4451 qualitatis
2764 4382 3106 4437 subdantiam
3142 4399 3300 4437 unam
3347 4385 3594 4440 diuinita-

2002 4472 2104 4514 tem
2131 4477 2238 4514 esse
2257 4459 2513 4513 credentes
2547 4473 2562 4510 :
2589 4456 2843 4529 Spiritum
2865 4465 3036 4508 autem
3063 4471 3162 4507 non
3191 4457 3255 4506 de
3277 4455 3453 4509 dirina
3484 4461 3598 4512 stib-

2002 4543 2215 4597 stantia,
2254 4547 2344 4584 nec
2377 4529 2540 4582 Deum
2577 4542 2779 4597 rerum,
2814 4529 2904 4578 sed
2932 4531 3130 4594 factum
3168 4535 3334 4597 atque,
3361 4538 3594 4582 creatum

2004 4596 2363 4673 prtedicantes.
2413 4601 2588 4673 Error
2609 4599 2704 4673 hic
2737 4596 2878 4650 haud
2912 4597 3250 4673 Aita_‘pi-ide_m
3307 4596 3592 4673 damnatus

2005 4667 2182 4730 iuerat
2211 4678 2262 4727 iii
2293 4671 2525 4726 concilio
2555 4669 2864 4736 (Ipolilaiio,
2897 4667 2965 4720 A.
2991 4667 3119 4730 581,
3149 4668 3236 4718 lilii
3266 4669 3404 4731 apud
3428 4668 3591 4721 Baro.

299 4745 430 4821 Gu-i
459 4765 649 4818 nempe
676 4751 753 4804 sic
799 4751 1053 4820 legebant
1091 4747 1280 4821 :AErgo
1309 4765 1467 4821 unum
1497 4739 1897 4821 consideremus.
1927 4741 1980 4801 D
2008 4749 2180 4821 nium,
2216 4762 2271 4798 ιι.
2303 4743 2395 4821 5_0,
2424 4751 2670 4820 extrema
2712 4739 3095 4821 euisceratioue
3135 4752 3197 4790 ac
3228 4740 3592 4821 detestatione

302 4818 575 4889 Deceptus
602 4828 777 4874 luerat
803 4818 1089 4886 imperitus
1124 4818 1380 4872 librarius
1408 4818 1771 4872 similitudine
1795 4819 1895 4870 du-

301 4897 420 4944 ctus
453 4894 753 4946 litterarum
781 4908 795 4956 ;
838 4893 918 4945 vel
959 4893 1079 4958 quia
1123 4891 1324 4942 detrita
1364 4889 1562 4942 lineola
1583 4904 1702 4957 quzr
1735 4891 1893 4957 [me-

301 4962 445 5016 diam
500 4975 684 5024 scc.it,
734 4980 757 5016 s
815 4965 1132 5030 appwebat.
1186 4959 1333 5013 Flor.
1395 4968 1450 5013 et
1499 4958 1626 5014 Urb.
1662 4960 1892 5030 legunt:

303 5031 446 5102 Ergo
475 5050 592 5086 cum
615 5035 1020 5098 consideremus,
1055 5042 1111 5086 ιιι
1151 5033 1272 5085 cod.
1301 5031 1528 5102 Octavii
1550 5029 1893 5098 Pantagatlii,

303 5099 475 5166 recte,
511 5105 927 5171 caiiﬁderemus;
956 5118 1066 5172 quo
1099 5104 1149 5156 in
1182 5107 1302 5157 loco
1346 5119 1466 5156 cum
1492 5099 1810 5172 Florentino
1837 5107 1894 5151 ct

306 5174 554 5231 Urbiuati
582 5187 838 5241 praescire
865 5171 1330 5244 deprehendatur,
1350 5175 1634 5242 scriptoris
1663 5171 1899 5240 diligen-

304 5245 431 5300 tiam
460 5245 823 5302 commendat.

375 5318 400 5353 (³
436 5320 568 5372 'l‘res
619 5330 750 5369 mss.
783 5316 941 5370 codd.
979 5319 1046 5371 ita
1079 5318 1282 5388 legunt.
1317 5316 1463 5370 Editi
1495 5329 1647 5380 vero,
1669 5314 1784 5388 sine
1813 5316 1893 5388 of:

306 5387 443 5456 ficio,
460 5389 570 5443 sine
595 5399 732 5442 motu
758 5404 1005 5458 congruo,
1026 5385 1152 5442 δίιιέ
1170 5391 1346 5453 ofﬁcio
1375 5386 1678 5458 competenti
1703 5402 1720 5448 ;
1747 5385 1893 5458 quod

298 5459 405 5513 luit
437 5462 642 5515 librarii
671 5460 752 5514 vel
783 5457 1104 5531 lyii-'gl':ltlhi
1133 5457 1549 5514 erraIumJZuil.
1574 5457 1892 5526 Pantagathi

304 5546 542 5615 quoque,
557 5534 666 5615 sine
689 5533 866 5615 otﬁcio
889 5533 1218 5615 competenti,
1248 5534 1360 5584 sine
1380 5543 1519 5615 motu
1545 5544 1796 5615 congruo.

382 5611 404 5637 ε
437 5603 490 5654 lu
514 5603 722 5656 duobus
738 5602 876 5656 Vatt.
902 5618 955 5658 et
983 5600 1124 5658 Flor.
1153 5606 1352 5669 legitur
1371 5602 1467 5654 hos
1490 5614 1536 5654 et
1564 5600 1890 5669 clari/ienuit,

305 5670 506 5745 quibus
536 5674 812 5745 consentit
840 5675 1333 5745 lihei-Paiitagathi.
1368 5673 1472 5728 Sed
1510 5671 1740 5745 Vulgata
1765 5674 1891 5724 reti-

307 5741 402 5800 tiet
445 5741 790 5818 glori/icai-it;
847 5749 1081 5818 itemque
1128 5741 1312 5802 Giarca
1341 5747 1543 5811 editio,
1574 5741 1698 5815 qua:
1732 5743 1894 5798 habet

306 5813 523 5877 τούτὸνς
552 5818 636 5870 καὶ
655 5813 862 5880 ἐδόξασε
873 5858 885 5870 .

834 5913 1110 5974 ΡΑτιιοι..
1163 5914 1306 5974 ΧΧ.

1998 4808 2289 4872 damnatur
2322 4815 2484 4880 impia
2527 4809 2711 4876 opinio
2741 4808 3236 4880 Sciliiarianorum,
3273 4822 3367 4880 seu
3409 4809 3587 4865 Ριιιτιιο

1998 4877 2484 4944 matomacltot‘tim.
2513 4881 2673 4936 Joult.
2715 4879 2972 4932 Albertus
3002 4877 3302 4943 Fabricius,
3345 4879 3397 4933 ill
3433 4883 3588 4937 testi-

1997 4959 2193 5014 moniis
2210 4957 2274 5010 ad
2302 4953 2672 5024 Philastriiiiu,
2699 4967 2763 5005 ex
2786 4956 3006 5024 auctore
3039 4950 3435 5024 l‘riedestinati,
3463 4968 3585 5024 cap.

1998 5032 2091 5092 δῇ,
2128 5030 2242 5082 haec
2265 5029 2468 5094 proteri
2496 5043 2508 5076 :
2543 5021 2809 5095 I'hilaiter
2832 5019 3028 5095 scribit,
3064 5019 3426 5095 )Laccdonium
3458 5019 3587 5095 Spi.

1998 5088 2154 5155 ritum
2185 5088 2418 5152 sanctum
2470 5095 2720 5148 Deitutem
2775 5091 2966 5148 l’atris.
3001 5102 3047 5145 et
3082 5088 3214 5166 F
3242 5093 3438 5166 dicere,
3483 5088 3586 5166 quo

2000 5174 2140 5225 dicto
2165 5169 2365 5223 videtur
2398 5169 2760 5238 proprietatem
2789 5178 2935 5215 suam
2962 5171 3138 5216 sancto
3172 5163 3396 5238 Spiritui
3430 5163 3586 5238 deae-

2001 5261 2145 5314 gare.
2185 5232 2588 5314 lteindeaddit:
2642 5234 2774 5314 Hice
2798 5250 3047 5314 nttsquaiii
3068 5233 3210 5304 apud
3247 5232 3587 5314 Pliilastriiiiii

2001 5304 2260 5386 leguntur,
2286 5312 2372 5365 sed
2388 5307 2763 5386 ⁸επ-ᾼιιῃιιδιὶιιὶ
2793 5322 2910 5372 cap.
2934 5304 3219 5386 5?_._petita
3240 5314 3380 5368 sunt,
3406 5317 3458 5357 ut
3489 5305 3588 5386 (Jo-

2003 5376 2246 5445 telerius.
2295 5391 2334 5436 t.
2388 5381 2407 5436 l
2456 5376 2824 5444 Momuinent.,
2871 5393 2924 5447 p.
2960 5376 3086 5438 773,
3116 5384 3253 5428 recte
3298 5376 3582 5447 annotavit.

2000 5457 2139 5513 Vide
2166 5456 2352 5518 etiam,
2382 5456 2426 5507 si
2452 5454 2622 5516 lubet,
2647 5445 2898 5504 i-utiitleiii
2926 5447 3296 5510 Pliilastriuui,
3337 5460 3455 5518 cap.
3487 5445 3582 5511 86,

1997 5530 2084 5584 ubi
2115 5531 2182 5583 de
2232 5517 2552 5591 quibusdam
2585 5521 2706 5576 aliis
2761 5519 3027 5591 haereticis
3064 5518 3291 5585 loquens
3328 5517 3588 5591 (fortasse

2000 5587 2388 5668 Adelophagis)
2435 5593 2772 5668 eadem‘l'ere
2815 5590 2979 5668 habet
3009 5587 3588 5668 qumnsuprahdixerat

1995 5671 2064 5724 de
2095 5655 2486 5728 SeimaiiaitiS.
2519 5681 2614 5719 seu
2639 5655 3086 5718 Pneumatocliis:
3123 5655 3292 5735 Hi'de
3339 5655 3498 5735 Patre
3539 5669 3586 5714 et

1999 5741 2141 5796 Filio
2156 5745 2278 5795 bene
2293 5738 2614 5807 sentiuntqde
2629 5735 2833 5807 Spiritu
2848 5741 3016 5784 autem
3035 5746 3135 5781 non
3147 5730 3282 5781 recte
3297 5730 3581 5807 accipiunt,

1995 5825 2224 5868 creatum
2251 5811 2512 5866 credentes
2539 5800 2683 5872 eise,
2725 5813 2770 5859 et
2799 5806 2992 5873 factum.
3031 5807 3266 5853 sanctum
3298 5800 3572 5870 Spiritum.

3115 5892 3196 5954 ‘29
