4120 6174
583 289 684 348 9H

1667 278 1725 336 S.
1766 261 2143 333 GAUDENTII
2185 258 2446 328 BRIXIE
2488 265 2796 330 EPISCOPI

3786 261 3880 322 9η

580 401 772 472 gelista
802 406 1032 453 testatur
1059 414 1072 449 :
1098 393 1353 464 Praecepit
1379 394 1452 447 eis
1478 408 1541 445 ne
1570 390 1633 444 ab
1667 389 2042 459 Hierosolymis
2070 389 2180 441 dis-
2205 399 2260 458 Α
2285 391 2462 444 minus
2490 387 2672 454 Jesus,
2705 384 2888 441 dando
2919 381 3182 454 Spiritum
3234 379 3496 438 Sanctum
3531 379 3589 435 in
3637 378 3880 434 cordibus

586 493 844 552 cederent,
874 490 963 544 sed
995 495 1344 558 exspectarent
1393 485 1705 555 promissum
1739 481 1938 547 Patris,
1985 480 2124 550 quod
2153 495 2185 530 a

587 601 669 640 me
712 584 956 646 audistis,
1002 581 1203 651 inquit;
1233 579 1354 650 quia
1395 577 1628 632 Joannes
1658 576 1866 646 quidem
1910 571 2187 643 baptizavit

589 693 726 748 aqua
746 717 760 739 ,
792 692 879 728 vos
929 681 1102 726 autem
1145 673 1350 743 Spiritu
1380 682 1562 726 sancto
1593 679 1618 705 τι
1661 667 2053 741 baptizabimini
2081 680 2186 716 non

587 781 706 840 post
724 767 913 822 multos
935 767 1029 819 ltos
1061 766 1169 819 dies
1197 763 1443 833 (Acti).
1475 762 1534 816 lu
1561 761 1837 830 Evangelii
1862 771 2080 829 quoque
2103 754 2188 809 sui

589 865 698 919 line
719 863 792 917 ita
823 860 1076 916 eumdem
1108 857 1404 912 Dmninum
1440 857 1588 926 loqui
1614 855 1678 909 ad
1710 855 1858 925 ipsos
1892 849 2189 922 Aposmlos

589 966 860 1013 memorat
885 973 898 1008 :
919 954 1050 1008 Ecce
1070 969 1188 1026 ego,
1214 953 1410 1022 inquit,
1440 951 1587 1002 mitto
1609 948 2003 1021 promissionem
2028 943 2188 1014 292

588 1052 774 1108 Patris
803 1052 900 1102 mei
923 1050 973 1102 in
1003 1065 1088 1101 vos
1114 1063 1130 1100 :
1154 1063 1239 1099 vos
1257 1054 1430 1098 autem
1458 1043 1632 1097 sedete
1657 1044 1708 1095 in
1735 1041 1963 1101 civitate,
1989 1035 2190 1108 quoad-

593 1160 758 1212 usque
783 1141 1080 1195 induamini
1124 1140 1311 1191 virtute
1342 1136 1406 1188 ab
1437 1135 1546 1187 alto
1577 1132 1744 1206 (Luc.
1775 1130 1958 1202 xxiv).
1990 1133 2192 1194 Quam-

596 1251 759 1308 quam
791 1249 923 1301 ergo
951 1232 1161 1286 nesciat
1193 1227 1600 1283 architricltnns
1630 1225 1867 1294 Moyses,
1899 1239 1962 1276 ex
1999 1219 2196 1290 Bapti—

592 1329 783 1386 smatis
826 1326 970 1380 dono
1004 1334 1209 1378 tantam
1242 1321 1476 1391 gratiam
1523 1319 1689 1372 luisse
1715 1317 1996 1378 Collatam,
2029 1332 2191 1384 quant

591 1440 697 1479 non
730 1420 1056 1491 ignorabant
1090 1416 1362 1486 Apostoli,
1407 1416 1498 1484 qui
1549 1413 1770 1466 fuerunt
1805 1408 2041 1463 ministri
2071 1424 2194 1466 ser—

590 1518 801 1578 monis;
827 1513 852 1551 δ
885 1513 1187 1566 admiratus
1221 1519 1402 1562 tamen
1432 1521 1687 1574 saporem
1743 1503 1987 1571 Spiritus
2019 1502 2198 1557 sancti

595 1608 806 1680 hydriis
853 1607 1034 1660 inesse
1063 1601 1387 1666 Gentilium,
1434 1598 1619 1653 laudat
1646 1604 1830 1668 sponsi
1878 1596 2198 1651 tnunilicen-

593 1703 749 1767 tiam,
780 1702 871 1770 qui
903 1697 1011 1751 tale
1049 1696 1232 1749 vinum
1266 1692 1578 1748 servaverit
1608 1689 1897 1746 Gentibus.
1927 1688 2085 1756 Quod
2117 1687 2198 1741 vi-

2292 482 2515 545 nostris,
2544 490 2737 535 caetera
2769 492 2987 548 quoque
3018 475 3069 530 in
3102 475 3258 528 nobis
3299 473 3549 544 perliciat
3599 471 3749 541 signa
3789 471 3884 525 vir-

2291 585 2468 631 ttttutn
2496 590 2510 639 ;
2542 573 2634 627 alii
2664 573 2820 626 datur
2851 571 2985 624 enim
3023 585 3189 624 sermo
3229 568 3529 638 sapientiae,
3565 564 3663 619 alii
3693 564 3884 620 verbum

2291 670 2518 724 scientia:
2541 655 2828 722 secundum
2849 664 3085 720 eumdem
3114 661 3375 733 Spiritum
3399 677 3416 714 :
3437 659 3542 713 alii
3574 659 3708 728 ﬁdes
3734 658 3786 712 in
3807 673 3884 712 eo-

2293 765 2409 817 dem
2441 762 2645 835 Spiritu
2669 779 2688 816 :
2715 759 2733 799 ί
2758 759 2851 815 alii
2879 760 3077 814 sanitas
3101 759 3152 811 in
3182 773 3284 811 uno
3314 756 3526 828 Spiritu
3552 771 3572 809 :
3591 754 3687 808 alii
3717 768 3886 822 apera-

2292 856 2364 909 tio
2394 856 2617 921 virtutis,
2641 855 2737 907 alii
2763 853 3009 906 discretio
3032 851 3330 919 spirituum,
3359 847 3528 919 263
3549 847 3645 900 alii
3672 847 3884 915 prophe-

2291 951 2385 1017 tia,
2409 949 2501 1002 alii
2525 963 2714 1018 genera
2737 947 3060 1017 linguarum,
3081 942 3172 996 alii
3198 941 3562 1011 interpretatio
3581 955 3886 994 sermonum.

2295 1041 2424 1095 Haec
2469 1051 2640 1093 autem
2674 1043 2848 1092 omnia
2897 1047 3146 1105 operatur
3196 1052 3330 1089 unus
3362 1047 3410 1088 et
3441 1034 3587 1086 idem
3628 1033 3884 1100 Spiritus,

2295 1132 2530 1187 dividens
2569 1133 2844 1201 unicuique
2875 1140 3026 1198 prout
3051 1129 3158 1183 vult
3190 1128 3248 1198 (Ι
3275 1127 3395 1183 Cor.
3419 1125 3560 1197 XII).
3595 1124 3712 1180 Has
3742 1125 3886 1195 igitur

2297 1226 2539 1279 habentes
2585 1225 2973 1296 promissiones,
3023 1221 3342 1287 charissimi,
3377 1221 3702 1274 mundemus'
3727 1236 3814 1273 nos
3833 1218 3889 1271 ob

2299 1319 2438 1372 omni
2483 1319 2872 1385 inquinamento
2921 1316 3114 1382 carnis,
3165 1315 3492 1385 per/ieientes
3527 1312 3890 1383 sanctiﬁcatio-

2300 1428 2414 1464 nem
2451 1411 2668 1483 spiritus
2700 1420 2724 1456 ις
2755 1409 2807 1462 in
2841 1410 3028 1463 timore
3059 1406 3159 1462 Dei
3193 1407 3271 1476 (ll
3301 1404 3426 1462 Cor.
3459 1407 3602 1477 ut).
3647 1406 3890 1460 Sanctum

2301 1521 2432 1560 vero
2459 1505 2718 1574 Spiritum
2755 1503 2956 1559 idcirco
2986 1519 3050 1558 ex
3099 1502 3334 1573 propriae
3364 1501 3725 1556 auctoritatis
3763 1499 3890 1553 arbi.

2302 1598 2408 1652 trio
2436 1596 2769 1652 distribuere
2798 1611 3018 1650 munera
3050 1595 3354 1650 (mles-tium
3377 1595 3685 1664 gratiarum
3713 1590 3891 1660 praedic

2302 1690 2446 1745 cavit
2476 1689 2773 1758 Apostolus
2815 1687 3044 1744 dicens:
3083 1686 3208 1742 "rec
3251 1689 3427 1740 omnia
3473 1695 3725 1758 operatur
3769 1699 3888 1739 unus

596 1811 722 1851 num
765 1791 1136 1848 anterioribus
1167 1788 1375 1857 nuptiis
1402 1797 1422 1825 ε
1447 1785 1624 1842 Judrei
1658 1785 1946 1846 habentes,
1995 1799 2103 1836 non
2132 1781 2199 1836 ad
2231 1795 2277 1855 Β
2305 1793 2458 1852 atque
2484 1781 2621 1835 idem
2652 1781 2902 1852 Spiritus,
2937 1782 3173 1835 dividens
3203 1782 3479 1851 unicuique
3511 1790 3666 1853 prout
3695 1780 3818 1844 vult,
3843 1786 3891 1833 et

594 1887 971 1946 salubritatem
1023 1900 1175 1938 suam
1206 1884 1485 1943 biberunt,
1533 1879 1628 1934 sed
1671 1879 1926 1933 ineliriati
1961 1887 2109 1942 sunt,
2143 1886 2198 1931 et

596 1981 904 2056 perniciosa
929 1979 1223 2050 gravedine
1248 1975 1477 2032 saueiati
1495 1991 1508 2038 ;
1528 1973 1554 2010 ά
1579 1971 1968 2027 imbecilliores
1996 1969 2199 2040 quippe

597 2078 899 2139 mentibus,
931 2086 985 2128 et
1023 2073 1280 2126 virtutem
1310 2069 1480 2123 divini
1514 2068 1748 2136 Spiritus
1782 2082 1886 2118 non
1918 2064 2156 2119 terentes
2185 2081 2196 2115 :

599 2173 693 2244 qui
742 2183 921 2227 autem
980 2169 1243 2225 robustus
1284 2166 1337 2220 in
1389 2164 1494 2217 ﬁde
1538 2171 1641 2224 est,
1700 2161 1944 2228 repletus
1995 2159 2201 2228 Spiritu

598 2273 814 2329 sancto,
867 2278 974 2316 non
1023 2254 1524 2330 inebriaturaltleo
1565 2254 1712 2306 enim
1759 2250 2083 2320 pra-clarum
2117 2258 2202 2304 est

596 2355 850 2427 poculum
889 2352 985 2408 Dei
1019 2349 1298 2405 inebrians
1325 2345 1457 2418 (Ps.
1487 2359 1595 2398 ml
1622 2345 1662 2414 ),
1692 2343 1953 2413 quoniam
1983 2341 2200 2396 sobrias

605 2446 776 2505 efﬁcit
810 2446 1110 2501 bibentium
1145 2453 1353 2495 mentes
1374 2440 1543 2493 divini
1576 2446 1730 2507 potos
1759 2437 2031 2502 ebrietas;
2062 2435 2204 2492 unde

598 2539 897 2608 Apostolus
945 2537 1061 2590 ait:
1113 2533 1295 2587 Nolite
1337 2531 1588 2586 inebriari
1620 2531 1760 2596 vino,
1809 2532 1897 2583 sed
1931 2529 2206 2601 replemini

601 2632 805 2702 Spiritu
833 2639 1012 2684 sancto
1041 2626 1270 2697 (Ep/tes.
1299 2624 1388 2694 v).
1418 2622 1551 2678 Nam
1573 2631 1628 2676 et
1656 2621 1968 2691 Stephanus
1996 2623 2205 2690 Spiritu

599 2733 792 2779 sancto
817 2724 1028 2789 plenus,
1055 2735 1160 2774 non
1190 2719 1398 2780 ebrius,
1423 2716 1551 2768 vidit
1573 2714 1727 2769 cazlos
1752 2724 1980 2786 apertos,
2010 2725 2032 2750 ε’
2057 2725 2101 2768 et
2123 2712 2207 2769 Je-

598 2835 715 2873 sum
736 2817 803 2870 ad
827 2818 1092 2870 dexteram
1117 2813 1209 2866 Dei
1235 2813 1373 2883 (Art.
1401 2810 1520 2878 vn).
1556 2811 1848 2880 Propterea
1873 2821 1926 2864 et
1957 2809 2207 2865 beatissi-

603 2926 723 2966 mus
750 2910 945 2964 Petrus
966 2904 1609 2961 ebrietatemdetestatus
1634 2913 1736 2961 est.
1764 2901 2204 2974 tlii.-ens(Act.n):

604 3001 728 3057 Non
747 3004 904 3066 enim,
927 3000 1058 3053 sicut
1079 3014 1164 3050 vos
1178 2997 1391 3067 putatis,
1413 2993 1608 3061 inquit,
1633 2993 1688 3046 lii
1711 2994 1832 3046 ebrii
1851 3003 1989 3061 sunt,
2015 2995 2211 3046 cumsit

605 3097 736 3150 hora
755 3093 870 3145 ediei
910 3091 1087 3153 tertia,
1132 3089 1221 3142 sed
1251 3088 1348 3140 hoc
1379 3096 1452 3140 est
1483 3085 1621 3155 quod
1646 3085 1843 3138 dictum
1873 3095 1948 3138 est
1975 3101 2066 3153 per
2088 3082 2208 3138 Joel

2302 1893 2406 1930 non
2438 1885 2591 1947 prout
2612 1877 2829 1947 jubetur
2851 1875 2902 1948 (1
2928 1874 3050 1929 Cor.
3081 1874 3226 1945 xu);
3273 1891 3342 1930 ne
3372 1876 3499 1942 quis
3536 1874 3750 1929 inimica
3783 1887 3890 1942 per.

2301 1969 2558 2022 suasione
2580 1968 2846 2035 suspicari
2875 1967 3068 2022 audeat
3093 1968 3144 2020 in
3169 1965 3265 2019 illa
3300 1965 3596 2020 Trinitatis
3618 1961 3890 2019 adorandae

2302 2060 2608 2114 substantia
2636 2058 2838 2129 aliquid
2869 2074 2992 2113 esse
3013 2058 3337 2128 subjectum,
3364 2058 3454 2112 vel
3480 2059 3665 2112 minus
3695 2067 3888 2126 potens,

2301 2155 2388 2209 vel
2417 2153 2741 2221 sibimetipsi
2771 2155 3143 2218 contrarium;
3177 2169 3300 2209 eum
3335 2153 3406 2206 sit
3438 2153 3645 2219 Patris,
3678 2162 3734 2208 et
3763 2151 3888 2216 Filii,

2304 2258 2359 2303 et
2391 2248 2626 2316 Spiritus
2653 2247 2850 2313 sancti,
2877 2261 2985 2300 una
3019 2247 3070 2301 in
3095 2248 3356 2302 omnibus
3382 2257 3438 2303 et
3472 2250 3728 2302 voluntas
3754 2242 3885 2316 pari-

2285 2349 2408 2409 .ter,
2433 2351 2488 2397 et
2516 2350 2764 2412 potestas
2795 2356 2891 2412 per
2919 2343 3102 2396 omnia
3128 2343 3348 2397 saecula.
3378 2340 3586 2398 Amen.
3634 2411 3637 2413 _

2897 2474 3166 2536 SERMO
3211 2476 3296 2536 X.

2609 2594 2671 2637 IN
2708 2593 2906 2636 EXODI
2935 2594 3247 2638 LECTIONE
3284 2594 3602 2642 OCTAVUS.

2384 2699 2672 2770 Explicitis
2714 2699 2801 2754 llic
2841 2717 2962 2771 qme
2992 2717 3382 2772 proposueram
3416 2701 3768 2764 disserenda,
3795 2707 3889 2754 tam

2309 2792 2376 2848 de
2428 2794 2598 2847 Exodi
2649 2811 2808 2862 quam
2863 2793 2933 2850 de
2975 2794 3258 2864 Evangelii
3307 2794 3571 2859 lectione,
3605 2804 3889 2865 congruens

2308 2887 2510 2957 aliquid
2553 2886 2659 2942 diei
2691 2887 2976 2942 Dominico
3015 2889 3316 2953 reservavi,
3339 2890 3488 2959 quod
3523 2888 3666 2944 Deus
3706 2889 3754 2940 in
3785 2897 3889 2955 pos-

2312 2999 2483 3043 trema
2511 2999 2664 3058 parte
2696 2989 2847 3043 illius
2876 2988 3131 3043 lectionis
3159 2988 3248 3044 ubi
3285 2992 3522 3058 primum
3570 2990 3741 3059 legem
3785 2998 3890 3054 pas-

2310 3083 2429 3138 cha:
2457 3084 2764 3148 annuntiat,
2795 3081 3056 3137 scribitur
3084 3083 3436 3153 praecepisse.
3474 3083 3608 3139 Nam
3635 3089 3753 3151 post
3775 3077 3798 3115 δ
3824 3077 3890 3130 in-

610 3186 932 3253 Pr0pltetam
961 3198 978 3235 .°
1004 3179 1070 3234 Et
1095 3181 1190 3232 erit
1229 3180 1283 3230 in
1305 3178 1599 3230 novissimis
1636 3177 1839 3236 diebus,
1873 3177 1999 3229 dicit
2026 3176 2205 3230 Domi—
2235 3180 2280 3242 C
2314 3177 2755 3231 terminationem
2799 3192 2962 3245 quam
2992 3176 3208 3231 dixerat
3240 3193 3253 3229 :
3290 3175 3480 3231 Omnis
3505 3179 3595 3248 qui
3635 3172 3891 3228 manduca-

605 3297 674 3334 nu
693 3300 722 3343 ·,
755 3275 1028 3342 e/fundam
1059 3275 1123 3324 de
1147 3273 1336 3339 spiritu
1363 3287 1476 3323 meo
1498 3286 1652 3338 super
1679 3285 1881 3323 omnem
1904 3285 2134 3337 carnem,
2163 3280 2211 3324 et

610 3370 994 3440 prophetabunt
1021 3365 1118 3434 ﬁlii
1147 3363 1322 3423 vestri,
1353 3375 1398 3414 et
1423 3363 1550 3429 ﬁlia:
1579 3371 1758 3415 vestrm
1785 3379 1802 3415 :
1817 3363 2036 3430 juvenes
2058 3362 2213 3416 vestri

608 3465 830 3518 risiones
861 3459 1126 3524 videbunt,
1151 3465 1197 3510 et
1221 3457 1450 3508 seniores
1478 3454 1630 3507 vestri
1651 3455 1852 3508 somnia
1878 3454 2214 3508 somniabunt

611 3555 762 3629 (Joel
795 3553 891 3624 It).
937 3550 1054 3605 Hoc
1077 3549 1197 3620 fecit
1227 3548 1435 3600 initium
1479 3547 1742 3617 signorum
1787 3545 1943 3600 Jesus
1985 3547 2038 3599 in
2065 3547 2212 3600 Cana

610 3644 868 3710 Galilieaz,
902 3645 953 3698 id
978 3654 1060 3697 est
1093 3644 1144 3695 in
1173 3639 1521 3709 possessione
1550 3640 1841 3704 Gentium;
1877 3648 1923 3692 et
1964 3641 2213 3711 manifes-

612 3739 734 3794 tavit
781 3737 1004 3810 gloriam
1043 3750 1212 3799 suant,
1246 3744 1293 3786 et
1326 3732 1660 3786 crediderunt
1711 3733 1765 3785 in
1802 3749 1918 3786 eum
1968 3732 2219 3802 discipuli

611 3834 722 3904 ejus
745 3829 937 3901 (Joan.
971 3825 1074 3896 ιι).
1111 3825 1219 3881 Nec
1242 3826 1345 3880 hoc
1385 3824 1623 3880 otiosum
1659 3835 1764 3890 est,
1795 3825 1938 3895 quod
1969 3825 2217 3894 discipuli

612 3927 707 3990 ait,
742 3938 848 3978 non
877 3920 1138 3989 Apostoli.
1173 3918 1304 3972 Nam
1340 3926 1400 3972 ut
1434 3917 1842 3972 multitudinem
1871 3917 2213 3973 credentium

615 4020 881 4083 declaret,
913 4015 1307 4085 discipulorum
1331 4028 1527 4068 nomen
1561 4014 1762 4082 posuit,
1792 3993 1898 4066 non
1925 4013 2218 4080 Apostolo-

613 4131 758 4168 rum.
788 4115 924 4168 Sunt
956 4111 1100 4165 enim
1131 4123 1322 4162 omnes
1354 4105 1448 4177 qui
1475 4105 1728 4172 credunt,
1773 4107 1893 4173 ejus
1924 4106 2217 4175 discipuli;

615 4208 733 4272 sed,
770 4217 826 4260 ut
873 4206 948 4259 ait
979 4205 1169 4259 beatus
1198 4201 1422 4268 Paulus,
1469 4201 1722 4271 numquid
1763 4216 1939 4253 omnes
1982 4199 2219 4268 Apostoli

616 4299 672 4369 (Ι
699 4296 820 4353 Cor.
848 4294 999 4366 xu)?
1021 4295 1354 4349 Studeamus
1381 4306 1547 4355 nunc,
1581 4301 1636 4344 et
1666 4305 1973 4360 precemur,
2005 4291 2219 4346 charis-

617 4392 765 4458 simi,
801 4399 858 4445 ut
907 4397 1028 4461 post
1070 4387 1175 4442 hoc
1217 4385 1433 4440 initium
1469 4385 1748 4454 signorum
1776 4385 1919 4455 quod
1948 4384 2080 4442 fecit
2107 4386 2209 4440 Do-

2312 3272 2437 3322 verit
2487 3270 2849 3338 fermentatum
2890 3286 2920 3321 a
2953 3270 3122 3340 primo
3171 3267 3256 3323 die
3311 3285 3480 3340 usque
3533 3269 3588 3322 in
3642 3274 3892 3333 septimum

2311 3364 2469 3425 diem,
2499 3363 2743 3434 disperiet
2770 3363 2946 3417 anima
2981 3362 3075 3416 illa
3113 3380 3176 3416 ex.
3202 3363 3372 3417 Israel
3405 3362 3611 3435 (Exod.
3637 3377 3730 3426 xu,
3769 3354 3846 3425 l5)
3877 3370 3888 3407 :

2312 3465 2368 3512 et
2396 3457 2602 3526 adjecit
2630 3457 2818 3512 dicens
2856 3473 2868 3510 :
2897 3455 2963 3510 Et
2988 3456 3190 3526 primus
3228 3458 3340 3510 dies
3381 3457 3653 3511 vocabitur
3681 3461 3890 3512 sanctus,

2313 3560 2358 3603 et
2379 3550 2630 3621 srptimus
2659 3549 2768 3602 dies
2790 3561 3002 3603 vocatus
3031 3558 3246 3604 sanctus
3275 3550 3375 3603 erit
3402 3551 3548 3605 vobis
3580 3567 3598 3604 :
3621 3563 3760 3602 omne
3780 3555 3892 3610 opus

2309 3644 2491 3697 servile
2519 3660 2622 3697 non
2663 3643 2892 3714 facietis,
2919 3655 3264 3712 praeterquam
3295 3644 3444 3715 quod
3493 3643 3786 3715 faciendum
3809 3633 3893 3690 erit

2317 3739 2457 3792 omni
2491 3736 2893 3808 anima:(lbid.,
2925 3737 3037 3805 16).
3066 3736 3310 3792 Primum
3357 3737 3506 3793 diem
3558 3733 3740 3791 saeculi
3786 3739 3892 3784 esse

2321 3830 2659 3886 Dominicum
2699 3830 2870 3896 diem,
2903 3830 3023 3885 dies
3063 3831 3275 3886 sabbati
3305 3831 3580 3900 septimus
3615 3827 3816 3900 probat,
3847 3819 3891 3875 ill

2315 3938 2422 3990 quo
2451 3921 2792 3992 requievisse
2816 3922 3136 3992 perhibetur
3162 3923 3330 3988 Deus,
3353 3922 3574 3979 dicente
3600 3921 3890 3988 Scriptura:

2283 4063 2287 4067 .
2313 4015 2558 4088 294131
2581 4017 2840 4070 benedixit
2861 4015 3003 4071 Deus
3024 4017 3160 4070 diem
3185 4018 3487 4088 septimum,
3512 4007 3883 4082 etsancdﬁmvit

2318 4123 2454 4172 eum,
2477 4109 2600 4179 quia
2646 4109 2700 4162 in
2741 4125 2799 4161 eo
2839 4109 3093 4180 requievit
3123 4107 3184 4162 ab
3216 4110 3456 4164 ontnibus
3483 4107 3720 4182 operibus
3766 4099 3880 4160 suis,

2320 4215 2434 4270 qua:
2479 4209 2698 4270 mperat
2737 4196 2880 4254 Deus
2922 4199 3089 4268 facere
3117 4199 3271 4270 (Gen.
3320 4200 3402 4271 tt).
3457 4203 3626 4257 Caute
3673 4191 3892 4265 loquillﬂ‘

2319 4295 2599 4365 Scriptura
2631 4293 2846 4359 divina,
2874 4308 2984 4348 non
3035 4294 3286 4349 absolute
3326 4295 3548 4363 dicens,
3579 4285 3892 4361 requievisse

2323 4387 2493 4443 Deum
2543 4387 2611 4444 ab
2660 4387 2924 4458 operibus
2954 4387 3091 4454 suis,
3128 4386 3223 4442 sed
3255 4386 3325 4442 ab
3357 4387 3620 4457 Operibus
3652 4396 3769 4453 qua:
3797 4387 3891 4430 εω-

691 4611 716 4638 ει
759 4598 834 4652 lta
868 4612 999 4653 mss.
1031 4593 1407 4668 codd.,grecte
1437 4593 1692 4668 quidem;
1740 4593 1939 4664 quibus
1968 4595 2212 4668 rom-init
2239 4597 2500 4660 Dscretio
2547 4596 2850 4668 spirituum,
2901 4611 3064 4668 quam
3115 4597 3405 4653 lectionem
3473 4592 3692 4652 exhibet
3745 4581 3886 4640 etiam

617 4673 866 4742 Vulgata.
903 4670 962 4724 In
991 4669 1176 4731 editis,
1225 4666 1582 4735 baptizamini,
1631 4664 1863 4720 fortasse
1893 4667 2090 4720 mendo
2134 4677 2216 4738 ty-

661 4759 834 4799 nrntn.

661 4762 834 4799 ttrttlll.

618 4762 656 4819 Ρ
694 4816 719 4854 ι’
763 4813 900 4869 Editi
927 4813 1177 4878 legebant
1203 4809 1450 4864 admirati
1479 4822 1683 4873 autem;
1715 4807 1856 4876 quod
1891 4807 2216 4872 deleviiuus,

620 4900 948 4947 reperientes
969 4884 1258 4936 lectionem
1295 4894 1526 4949 quatuor
1555 4894 1686 4934 mss.
1710 4896 1832 4934 cum
1867 4882 2068 4952 quibus
2091 4883 2221 4936 facit

622 4959 785 5014 etiam
822 4957 957 5008 liber
993 4954 1331 5020 Pantagatlii.

704 5038 725 5065 ο
770 5026 1108 5079 Βοιιιιιιιιιιιιιδ
1135 5031 1425 5075 lucttonctlt
1468 5022 1763 5087 Vulgalam,
1791 5039 1911 5076 nam
1950 5040 2081 5079 mss,
2119 5025 2218 5077 ha-

626 5099 752 5153 bent
781 5093 954 5148 Jutliei
989 5094 1241 5155 bibentes;
1275 5099 1368 5149 sed
1401 5109 1522 5162 qua:
1555 5107 1858 5160 sequuntur
1891 5100 2219 5149 tuutavintus

626 5184 692 5225 ex
729 5167 872 5221 Flor.
907 5176 961 5218 et
996 5166 1134 5216 Vati.
1159 5167 1398 5226 duobus,
1423 5182 1543 5217 cum
1572 5167 1701 5218 editi
1738 5165 1978 5236 legerent
2005 5170 2096 5221 sed
2114 5168 2224 5220 ine-

626 5242 782 5294 br.ati
816 5245 935 5290 sunt
965 5237 1118 5288 etiam
1148 5237 1455 5303 perniciosa.

699 5309 725 5348 ά
770 5310 914 5364 \'att.
959 5308 1065 5359 duo
1092 5309 1365 5360 imbecilles
1397 5307 1584 5377 quippe
1615 5308 1889 5365 mentibus.
1933 5308 2083 5363 Flor.
2118 5309 2220 5360 int-

630 5381 828 5436 becillis
871 5381 1062 5450 quippe
1115 5378 1385 5438 utentibus,
1433 5389 1485 5429 et
1541 5386 1640 5430 hoc
1692 5380 1851 5431 modo
1900 5379 2057 5435 habet
2094 5379 2218 5435 cod.

627 5451 968 5520 Pantagatlti,
1001 5453 1086 5513 qui
1111 5459 1271 5501 etiam
1294 5454 1416 5514 po~t
1439 5463 1603 5522 [niuea
1639 5464 1734 5517 pro
1769 5451 1994 5520 repletus
2023 5452 2224 5522 Spiritu

625 5519 814 5580 δτι-ιδιοί
856 5540 957 5575 ηυη
1004 5522 1312 5586 inebriatur,
1381 5519 1663 5572 substituit
1726 5519 1955 5590 repletur
2017 5519 2224 5591 Spiritu

626 5605 830 5662 sancto,
856 5603 903 5647 et
932 5609 1034 5645 non
1064 5591 1369 5662 inebriatur.

702 5678 726 5702 θ’
768 5659 893 5722 MSS.
921 5664 1080 5719 codd.
1107 5676 1149 5717 et
1177 5661 1359 5715 Jesum
1391 5668 1612 5716 stantem
1639 5677 1670 5714 a
1705 5659 1900 5716 dextris
1929 5659 2047 5717 Dei.

704 5736 723 5776 τ
781 5737 918 5792 Vatt.
952 5736 1061 5789 duo
1091 5745 1145 5791 et
1175 5733 1346 5796 Flor.,
1379 5733 1470 5786 alii
1500 5733 1670 5804 gratia
1701 5735 1982 5788 sanitatum
2021 5736 2073 5788 in
2116 5751 2218 5791 uno

627 5808 856 5881 Spiritu,
883 5806 977 5859 alii
1009 5806 1241 5874 operatio
1271 5805 1503 5873 virtutis,
1536 5805 1629 5858 alii
1669 5808 1968 5876 praplietia,
2015 5805 2110 5863 alii
2137 5808 2218 5862 di-

2321 4668 2443 4723 le.
2483 4667 2825 4732 Pattlngutlti.

2396 4749 2422 4786 ε
2449 4743 2537 4791 sic
2562 4742 2737 4808 legunt
2769 4738 3056 4810 dtioVatt.
3093 4738 3162 4793 At
3195 4740 3421 4810 Vulgata
3451 4737 3644 4810 lectio,
3667 4736 3886 4810 corrui):

2323 4809 2552 4871 tis~iine,
2584 4801 2639 4861 iii
2657 4812 2838 4863 timore
2875 4809 2967 4862 Dei
3010 4801 3579 4882 secundumvspiritnm.
3616 4801 3886 4882 Idcirco-ef

2324 4870 2551 4951 praprite
2607 4882 2931 4935 auctori‘atis
2979 4883 3234 4946 arbitrio;
3282 4870 3390 4949 (μία
3439 4881 3570 4936 nihil
3626 4870 3886 4930 absurdius

2323 4948 2556 5020 'COK'tlari
2592 4962 2792 5016 bolust.
2827 4957 2954 5006 dum
2987 4955 3237 5019 3904"")
3265 4948 3436 5008 pinu"
3462 4956 3707 5006 "irmle'"
3737 4948 3886 5020 “ll”?

2326 5007 2603 5078 tes'uatetu'
2636 5007 2872 5087 Spiritus
2916 5007 3089 5077 Sancti
3139 5007 3443 5078 attribueie
3498 5024 3703 5075 videtur
3755 5007 3882 5087 μετ’

2329 5095 2538 5161 Codex,
2569 5096 2620 5148 in
2652 5081 2832 5148 timore
2866 5093 2977 5148 Dei.
3017 5095 3321 5150 Secundum
3351 5112 3465 5150 vero
3490 5081 3882 5164 Spiritum

2332 5185 2390 5220 co
2436 5184 2497 5220 ex
2524 5145 2759 5238 ,propria:
2785 5166 3106 5238 auctoritatis
3147 5168 3381 5238 arbitrio.
3417 5145 3564 5221 Ilauil
3599 5145 3883 5238 mttltql'e‘l‘i:

2329 5239 2468 5293 eius.
2507 5225 2672 5293 lim-le
2699 5255 2861 5306 porro
2893 5239 3028 5290 Illtt'r
3059 5235 3266 5291 Octavii
3298 5237 3632 5308 Pantagathi,
3661 5231 3709 5281 in
3731 5225 3883 5308 tinget-’3

2332 5310 2450 5376 Dei,
2477 5295 2728 5366 Sanctum
2754 5326 2871 5362 vero
2898 5308 3196 5374 Spiritum;
3221 5295 3524 5363 tiotavitiniis
3555 5316 3719 5376 alitem
3742 5295 3880 5376 etiatl

2331 5369 2492 5452 paulo
2524 5397 2684 5447 Supra
2719 5381 2820 5432 hoe
2852 5369 3045 5434 eodem
3077 5369 3355 5452 sermone,
3382 5381 3624 5434 codicem
3656 5370 3784 5452 hunc
3808 5369 3877 5452 vi:

2331 5436 2450 5506 lli-Ii
2501 5436 2820 5506 Florentino
2858 5453 3164 5505 meliorem.
3209 5436 3378 5505 llabet
3421 5464 3633 5522 quoque
3663 5436 3880 5522 utile-Lf:

2331 5525 2448 5595 quis
2482 5525 2691 5577 inimica
2719 5523 3055 5592 persuasione
3073 5523 3315 5592 deceptus
3338 5502 3622 5594 suspicari;
3644 5511 3725 5566 ubt
3748 5502 3876 5558 editi,

2331 5596 2540 5649 inimica
2571 5596 2907 5664 persuasione
2928 5595 3207 5663 suspicari.

2401 5664 2429 5704 δ
2468 5647 2641 5720 Coll:
2671 5647 3233 5735 PatitagatIiiv'tnelius
3295 5659 3748 5735 interminationm'

2329 5739 2570 5820 dinei-at;
2598 5709 2649 5794 et
2671 5705 3003 5808 'piiiio'iiési,
3269 5705 3764 5807 έδρὖίἔζῖἓᾟωα.
3790 5705 3869 5764 ἀί·

2322 5819 2467 5878 fecit.
