4120 6174
369 261 475 319 915

1158 272 1393 331 SERMO
1419 275 1511 346 IX,
1549 277 1637 333 DE
1677 279 2055 338 EVANGELII
2092 281 2438 344 LECTIONE
2479 286 2864 347 SECUNDUS.

3558 296 3665 356 9M

370 390 529 449 perat
583 381 729 440 Deus
771 384 977 455 facere,
1006 403 1074 445 ne
1126 391 1587 463 omnipatentem,
1618 406 1675 453 et
1727 398 1962 470 imperio
1987 403 2043 467 Α
2067 413 2310 459 armatas
2339 404 2486 459 acies
2514 407 2781 477 equitum,
2814 407 3105 481 ipsumque
3135 411 3481 470 Pharaonem
3522 419 3671 487 pari-

367 478 643 533 sermonis
686 491 883 536 cuncta
951 482 1265 546 facientem.
1318 486 1606 547 laborasse
1651 493 1962 561 existimes,

367 578 397 609 ει
424 585 549 627 eum
576 574 917 642 requievisse
939 577 1125 646 audis;
1160 580 1255 637 sed
1287 593 1347 637 ut
1374 584 1646 657 intelligas
1671 588 1815 657 quod
1842 606 1967 660 per-

363 660 526 722 fectis
552 669 807 726 omnibus
839 673 1001 743 hujus
1026 676 1214 730 mundi
1246 678 1432 740 rebus.
1464 694 1493 732 a
1523 681 1720 750 quibus
1749 684 1967 754 requie-

367 758 547 827 visse,
602 762 652 817 id
690 773 775 819 est
819 780 1097 833 cessasse,
1130 769 1498 838 describitur,
1533 774 1641 828 alia
1692 777 1962 832 voluntati

368 866 484 907 sua:
524 857 722 924 placita
762 860 981 928 operari
1028 876 1134 917 non
1168 862 1421 918 desinat:
1456 867 1601 921 sicut
1640 876 1876 931 testatur
1907 870 1961 925 in

369 944 672 1014 Evangelio
703 950 959 1008 Dominus
985 954 1145 1010 Jesns
1171 956 1358 1012 dicens
1387 976 1399 1012 :
1427 957 1590 1013 Pater
1618 976 1762 1016 meus
1802 979 1965 1034 usque

365 1039 523 1092 modo
549 1053 815 1107 aperatttr.
839 1053 887 1097 et
930 1061 1024 1118 ego
1066 1064 1254 1119 operor
1283 1048 1462 1121 (Joan.
1498 1068 1549 1114 v,
1582 1054 1693 1121 l7).
1726 1054 1962 1124 Requies

366 1130 531 1201 igitur
561 1134 677 1192 Dei.
708 1151 815 1191 non
846 1138 1050 1195 laboris
1091 1143 1418 1206 remedium,
1455 1141 1480 1181 δ
1510 1146 1603 1199 sed
1651 1160 1959 1214 t-(eptorum

364 1220 491 1277 ﬂnis
517 1234 603 1279 est
630 1240 890 1297 aperum;
916 1231 1186 1302 siquidem
1220 1244 1505 1306 postquam
1538 1238 1772 1310 perfecit
1800 1259 1961 1298 mun-

362 1315 517 1386 dunt,
547 1335 687 1390 opus
728 1336 884 1378 suum
938 1340 1133 1398 regere
1184 1344 1291 1382 non
1322 1329 1559 1387 desiSill.
1592 1332 1771 1403 Ipsius
1813 1337 1959 1391 enim

363 1424 497 1467 nutu
524 1416 768 1470 omnium
800 1432 986 1473 rerum
1022 1432 1213 1475 natura
1246 1437 1468 1478 cursum
1499 1440 1656 1479 suum
1698 1427 1780 1482 vel
1808 1427 1959 1497 jussa

362 1516 605 1575 peragit,
654 1508 739 1563 vel
792 1511 1069 1578 prohibita
1122 1514 1602 1587 Sttbtrahit._Nam
1650 1520 1704 1575 itt
1762 1521 1960 1578 diebus

360 1599 537 1653 sancti
568 1598 683 1656 Noe
705 1598 858 1673 (Gen.
887 1618 978 1658 vnt
1005 1613 1060 1659 et
1093 1604 1191 1676 ts),
1225 1608 1395 1677 ipsius
1444 1611 1787 1681 providentia
1842 1615 1960 1679 pol-

361 1687 540 1745 lutum
588 1693 753 1747 variis
791 1693 1174 1766 iniquitatibus
1206 1700 1467 1755 mundum
1501 1703 1585 1757 vel
1620 1704 1959 1777 cataclysmo

2073 504 2157 548 ter
2183 510 2306 550 cum
2333 496 2612 565 quadrigis
2641 515 2923 568 curruum,
2953 510 3177 573 totoque
3199 508 3466 573 exercitu,
3503 506 3668 565 undis

2067 590 2449 660 obruentibus,
2465 594 2741 650 enecavit.
2761 596 3035 665 Aquarum
3059 600 3224 665 muri,
3242 601 3332 665 qui
3348 600 3668 657 credentem

2068 685 2327 755 populum
2359 687 2475 740 tuiti
2510 688 2748 753 fuerant,
2782 688 3040 746 hostilem
3066 708 3286 747 manum
3312 695 3531 764 propria
3555 693 3672 750 rui-

2067 793 2135 831 na
2164 788 2535 845 prosternunt.
2559 789 2583 818 θ
2606 781 2730 850 Ipse
2752 782 2891 852 pluit
2918 800 3114 839 manna
3136 787 3318 840 cibum
3335 785 3534 859 (Exod.
3557 787 3667 860 xvi)

2068 870 2227 941 295
2260 871 2372 925 suis
2401 872 2709 930 cultoribus
2743 878 2793 929 in
2824 892 3036 944 eremo,
3083 880 3175 950 qui
3218 880 3397 951 ignem
3448 882 3659 950 pluerat

2067 961 2303 1015 nefando
2353 964 2641 1034 sacrilegio
2692 968 3053 1023 criminosis:
3111 973 3227 1041 ipse
3285 971 3414 1040 pluit
3464 987 3667 1027 manna

2066 1055 2331 1125 placidus,
2363 1060 2454 1128 qui
2480 1059 2751 1116 ﬂatntuam
2791 1066 3003 1133 pluerat
3031 1068 3358 1133 indignatus.
3392 1068 3499 1124 Sed
3531 1082 3667 1137 quo-

2065 1149 2211 1203 niam
2242 1150 2454 1221 singula
2505 1170 2604 1220 per
2656 1155 2905 1211 ordinem
2963 1160 3228 1228 replicare
3280 1157 3299 1198 τ
3346 1160 3661 1231 propositus

2065 1244 2247 1313 primi,
2280 1260 2345 1299 ac
2367 1246 2582 1313 septimi
2607 1248 2817 1303 dierum
2849 1262 3107 1307 tractatus
3140 1269 3247 1308 non
3270 1254 3438 1322 capit,
3466 1267 3654 1309 neces-

2064 1337 2210 1390 saria
2266 1337 2537 1394 brevitate
2594 1346 2916 1409 praeteriens
2955 1384 2971 1409 ,
3036 1359 3205 1414 pauca
3271 1345 3633 1414 perstringam

2063 1427 2186 1493 Ipse
2224 1430 2702 1513 disrnpit'petram,
2740 1444 2787 1488 et
2813 1435 3082 1503 [luxerunt
3112 1451 3262 1506 aqua:
3301 1432 3420 1504 (Ps.
3455 1432 3661 1505 Lxxvn)

2064 1527 2142 1574 tot
2175 1522 2418 1575 millibus
2445 1522 2725 1578 hominum
2770 1527 3087 1581 sitientibus
3118 1528 3170 1581 in
3204 1527 3425 1581 deSerto
3457 1525 3660 1597 (Exod.

2063 1614 2221 1686 xvn).
2280 1618 2579 1685 proSIravit
2632 1618 2874 1673 inﬁnito;
2914 1620 3355 1675 adversariorum
3408 1619 3660 1688 populos,

2062 1709 2295 1776 plurima
2330 1709 2669 1765 inimicartttn
2705 1712 2946 1780 gentium
2996 1729 3161 1783 regna
3194 1714 3418 1769 delevit.
3463 1711 3663 1767 Jorda-

361 1781 593 1853 delevit,
618 1787 703 1842 vel
730 1798 852 1857 post
882 1789 1146 1845 diluvium
1174 1796 1468 1863 reparavit.
1497 1796 1615 1866 Ipse
1642 1812 1809 1867 super
1831 1814 1961 1869 qua-
1991 1807 2039 1867 Β
2070 1817 2192 1855 nem
2225 1791 2444 1874 quoque
2472 1804 2697 1860 siccavit
2724 1803 2971 1873 ﬂuvium,
3024 1781 3083 1861 ut
3124 1806 3441 1863 credentem
3490 1821 3662 1876 ρυῐιυ·

360 1886 490 1936 tuor
542 1881 706 1937 urbes
756 1882 1145 1955 Sodomorum,
1179 1888 1271 1943 ubi
1319 1890 1543 1945 masculi
1585 1890 1637 1945 in
1679 1894 1961 1949 masculos

363 1973 732 2039 turpitudines
764 1977 1117 2047 exercebant,
1152 1981 1384 2051 Stllpbllr
1411 1992 1468 2038 et
1496 1982 1675 2053 ignem
1708 1984 1778 2040 de
1817 1988 1959 2043 casio

361 2064 519 2137 (Gen.
550 2067 665 2140 xix)
689 2082 881 2127 contra
915 2076 1313 2145 morempluit,
1341 2086 1401 2132 ut
1426 2093 1563 2147 quos
1592 2079 1759 2134 ardor
1794 2081 1959 2138 illici-

359 2167 470 2227 tus,
500 2171 522 2200 ε
552 2162 618 2217 ad
660 2167 1087 2236 expugnandum
1128 2168 1303 2239 ipsius
1343 2178 1558 2226 naturae
1591 2187 1802 2228 morem
1833 2189 1988 2229 sue-.

355 2253 641 2321 cenderat,
676 2258 868 2327 igneus
908 2260 1084 2316 imber
1129 2263 1530 2333 exstingueret.
1555 2262 1582 2302 ά
1617 2263 1738 2336 Ipse
1776 2282 1956 2338 genus

352 2346 781 2415 patriarchicum
807 2351 1011 2423 delegit
1036 2368 1101 2408 ex
1132 2354 1421 2420 Gentibus,
1448 2358 1711 2426 populum
1743 2359 1957 2416 scilicet

352 2436 746 2508 Hebraeorum;
779 2458 878 2509 pro
924 2445 1081 2515 cujus
1116 2445 1410 2515 libertate,
1445 2447 1668 2521 Egypti
1723 2466 1951 2521 regnum

348 2545 555 2588 novem
584 2534 758 2606 plagis
784 2534 1299 2608 afﬂictum,decima
1325 2542 1601 2596 interemit
1624 2542 1819 2614 (Exod.
1848 2560 1949 2612 ιιι,

347 2639 466 2691 xm,
499 2642 609 2690 stv,
632 2626 745 2700 xv).
778 2629 901 2699 lpse
935 2631 1121 2688 divisit
1153 2632 1399 2688 Rubrum
1430 2650 1617 2702 mare;
1641 2638 1860 2706 quando
1896 2638 1949 2694 in

346 2732 629 2773 murorum
651 2718 973 2778 firmitatem
991 2722 1252 2791 liquentis
1272 2725 1531 2781 elementi
1550 2726 1692 2781 unda
1707 2711 1945 2800 diriguit,

340 2815 670 2884 gelaverunt
694 2816 868 2881 enim,
885 2827 1164 2889 tamquam
1193 2835 1404 2886 murus,
1426 2835 1582 2891 aqua:
1598 2837 1611 2876 :
1627 2822 1948 2893 gelaverunt

344 2905 547 2964 ﬂuctus
593 2909 649 2963 in
718 2909 903 2966 medio
949 2912 1157 2978 maris,
1191 2914 1336 2968 sicut
1381 2922 1610 2969 testatur
1666 2915 1719 2968 in
1756 2915 1946 2971 Exodo

342 2998 546 3070 (Exod.
580 3001 671 3072 xv)
690 3001 825 3058 ﬂdes
851 3004 1000 3058 illius
1016 3002 1224 3059 Cantici
1248 3005 1621 3074 triumphalis.
1643 3008 1765 3077 ipse
1788 3023 1940 3080 ergo,

339 3089 587 3162 inquam,
616 3094 807 3150 divisit
831 3111 984 3152 mare
1014 3096 1286 3166 Rubrum,
1321 3099 1467 3167 quod
1495 3114 1524 3153 a
1557 3099 1769 3157 Gra'cis
1800 3116 1941 3154 nun-

2068 1892 2179 1947 lum
2211 1895 2262 1948 in
2294 1904 2493 1949 terram
2524 1895 2970 1963 reprotnis~ionis
3000 1898 3306 1952 induceret.
3338 1897 3459 1968 Ipse
3479 1896 3670 1953 Jorda-

2064 1999 2185 2038 nem
2215 1984 2441 2039 siccavit
2466 1985 2687 2041 ﬂuvium
2714 1986 2847 2051 (los.
2880 2005 2971 2057 Ill,
3002 1993 3106 2055 tv),
3138 1990 3228 2060 qui
3269 1996 3515 2043 arentem
3559 2002 3659 2059 pe-

2061 2084 2221 2142 tram,
2256 2076 2495 2133 ﬂuminis
2528 2088 2769 2136 verterat
2818 2082 2869 2135 in
2908 2082 3173 2151 liquorem
3212 2101 3225 2136 :
3274 2083 3319 2138 Α
3349 2082 3483 2154 facie
3510 2081 3657 2137 enim

2059 2166 2275 2223 Domini
2313 2182 2451 2225 mola
2477 2183 2553 2227 est
2590 2183 2748 2236 terra,
2782 2191 2814 2227 a
2860 2176 2992 2246 [acie
3037 2175 3136 2229 Dei
3164 2174 3348 2229 Iacob.
3386 2174 3491 2242 Qui
3528 2191 3657 2229 eon—

2055 2263 2205 2317 uertit
2245 2265 2466 2318 solidam
2495 2274 2694 2335 petram
2718 2267 2775 2322 in
2813 2279 3052 2337 stagnum
3097 2286 3264 2339 aqum,
3300 2277 3349 2322 et
3391 2285 3572 2342 rupem
3599 2269 3656 2324 in

2056 2356 2226 2423 {antes
2248 2372 2506 2427 aquarum
2536 2357 2658 2427 (Ps.
2693 2362 2869 2430 cxtu).
2904 2360 3113 2417 Deinde
3141 2361 3336 2433 Legem
3369 2378 3531 2432 quam
3560 2362 3660 2417 dc-

2055 2444 2214 2501 derat
2243 2449 2295 2501 in
2326 2447 2480 2517 Sina,
2515 2450 2806 2505 constituit
2848 2452 2902 2506 in
2931 2450 3087 2516 Sion,
3138 2455 3292 2508 auxit
3334 2453 3386 2507 in
3435 2450 3658 2508 Jerusa-

2053 2536 2215 2598 dem;
2255 2545 2312 2592 et
2344 2548 2464 2607 post
2491 2540 2755 2595 oﬂ'ensam
2787 2540 2971 2596 dilecti
3003 2543 3207 2613 populi,
3237 2542 3484 2597 eamdem
3526 2557 3657 2612 por-

2053 2631 2192 2687 rexit
2219 2630 2286 2685 ad
2315 2631 2539 2688 Gentes.
2567 2632 2700 2688 Nam
2732 2645 3016 2705 postquam
3040 2635 3262 2690 veniens
3287 2636 3340 2689 in
3372 2634 3653 2689 hominem

2054 2723 2148 2787 Dei
2180 2724 2368 2793 Filius,
2396 2743 2488 2797 per
2516 2743 2663 2794 quem
2712 2725 2823 2781 Itan:
2851 2726 3023 2781 omnia
3064 2731 3208 2799 facta
3251 2737 3390 2794 sunt,
3437 2736 3488 2783 et
3536 2728 3652 2782 sine

2049 2835 2151 2889 quo
2173 2821 2368 2889 factum
2398 2830 2475 2874 est
2500 2819 2633 2875 nihil
2659 2819 2838 2893 (Joan.
2864 2822 2926 2891 ι).
2960 2821 3029 2877 ab
3072 2820 3206 2891 ipsis
3234 2825 3348 2877 suis
3373 2821 3649 2892 quondam

2051 2914 2340 2984 [iliisqttos
2386 2925 2723 2985 protexerat,
2775 2926 2830 2971 et
2882 2917 3246 2986 exaltaverat,
3307 2933 3415 2971 non
3473 2918 3652 2971 solum

2046 3010 2299 3079 repulsus
2329 3019 2434 3074 est,
2462 3026 2648 3065 verum
2679 3012 2840 3066 etiam
2866 3012 3180 3080 crucifixus,
3222 3013 3421 3066 clamat
3466 3014 3653 3084 utique

2046 3116 2143 3172 per
2173 3101 2500 3173 Prophvtam
2538 3122 2550 3157 :
2601 3101 2775 3159 Filios
2802 3106 2979 3179 genui,
3019 3114 3070 3160 et
3115 3107 3361 3173 exallnvi,
3408 3107 3510 3179 ipsi
3559 3123 3656 3161 au-

339 3199 570 3256 cupatur
602 3187 980 3260 Erytbrteum;
1015 3201 1074 3245 ut
1104 3201 1158 3246 et
1189 3190 1335 3261 plebi
1376 3206 1490 3248 sua:
1537 3193 1851 3258 transitum,
1883 3193 2010 3256 etC
2044 3204 2141 3249 leni
2163 3211 2241 3248 me
2260 3204 2578 3263 spreverunt.
2623 3196 2841 3269 Agnovit
2874 3198 2963 3251 bos
3005 3214 3349 3270 possessorem
3397 3215 3570 3261 suum,
3602 3208 3653 3254 el

336 3281 798 3351 persequentibus
841 3283 1053 3338 foveam
1103 3295 1461 3353 pra‘pararet.
1497 3285 1756 3357 Egressis
1785 3302 1939 3341 nam-

335 3385 441 3442 que
471 3371 735 3429 lsraelitis
750 3389 849 3445 per
870 3375 1289 3433 fundamentum
1314 3376 1485 3433 maris
1505 3378 1657 3433 sicco
1681 3378 1934 3449 vestigio,

335 3472 392 3519 et
417 3463 697 3536 Egyptiis
723 3468 979 3524 omnibus
1007 3468 1199 3525 eodem
1232 3480 1413 3526 meatu
1446 3482 1563 3539 post
1592 3470 1716 3525 illos
1738 3486 1935 3541 prope-

335 3568 530 3617 ranter
560 3563 850 3635 ingressis,
880 3565 1176 3621 confestim
1206 3564 1487 3635 proprium
1520 3563 1790 3633 liquorem
1817 3573 1938 3618 stu-

336 3654 601 3726 pentibus
649 3658 841 3729 aquis,
877 3657 1023 3714 Deus
1076 3658 1172 3730 qui
1219 3656 1547 3723 abstulerat,
1589 3654 1850 3721 reddidit,
1883 3666 1941 3712 et

408 3818 435 3847 ⁸
466 3808 708 3866 Verbum
738 3812 884 3867 istud
926 3812 1103 3877 audis,
1129 3821 1185 3867 et
1229 3821 1581 3878 cmtera.qu:e
1628 3818 1931 3878 sequuntur

334 3896 506 3952 usque
527 3883 592 3936 ad
616 3883 776 3947 illud,
798 3900 1027 3939 cessasse
1042 3884 1375 3943 describitur.
1398 3882 1786 3936 interciderant
1813 3880 1933 3935 cul-

337 3956 896 4026 paamanuensium,
938 3971 1062 4026 quae
1107 3956 1452 4009 restituimus
1498 3968 1569 4007 ex
1622 3952 1927 4026 lidejvatt.

333 4024 495 4080 Codd.
534 4024 677 4081 ltditi
722 4027 853 4080 satis
898 4023 1084 4096 inepte
1118 4026 1431 4080 habebant:
1468 4041 1583 4077 cum
1616 4023 1931 4096 requievisse

334 4105 384 4152 et
405 4113 630 4151 cessasse
658 4093 1129 4159 describitur,'cnm
1174 4106 1221 4151 et
1249 4095 1357 4150 alia
1384 4096 1635 4149 voluntati
1674 4110 1785 4149 sure
1819 4093 1934 4161 pla-

334 4169 437 4249 cita
468 4170 676 4239 operari
692 4185 803 4249 non
836 4168 1059 4223 desinat.
1096 4170 1151 4222 In
1197 4184 1299 4221 ms.
1329 4167 1655 4249 Pantagatbi
1702 4183 1819 4221 cum
1851 4183 1935 4220 re-

332 4239 614 4311 quieuisse,
646 4240 702 4294 id
725 4250 801 4295 est
830 4257 1078 4302 cessasse.
1104 4249 1301 4295 caetera
1335 4240 1497 4291 etiam
1524 4238 1599 4293 ibi
1624 4238 1844 4291 desunt.

404 4308 433 4348 δ
464 4311 519 4364 ln
545 4327 679 4369 mss.
706 4313 787 4367 sic
818 4330 831 4367 :
858 4314 949 4367 sed
977 4321 1265 4383 ereptorum
1294 4310 1415 4380 ﬁnis
1447 4317 1520 4363 est
1567 4324 1783 4363 summa:
1808 4324 1933 4381 epe-

333 4398 471 4436 runt.

410 4464 432 4491 ε
468 4452 781 4551 [ῐτιιῑηηελρι
806 4453 1117 4551 νωιτριιο,
1152 4453 1222 4505 ad
1251 4451 1677 4551 Aezpuglttrtgdum
1707 4453 1939 4551 juina-
1962 4490 2016 4551 Β

336 4527 851 4596 ιιιηεγξαεσεηάενηι,
885 4527 1086 4596 quibus
1115 4525 1328 4581 accedtt
1357 4525 1481 4596 cod.
1516 4521 1863 4592 Pantagathi.

405 4593 433 4634 ά
466 4595 730 4653 Vaticana
762 4593 943 4653 lcetio.
973 4596 1100 4652 Cusi
1134 4612 1286 4661 vero,
1311 4595 1479 4658 male,
1505 4596 1616 4657 ipse
1656 4610 1818 4664 genus
1843 4609 1934 4665 pa-

335 4669 683 4723 triarcharum
703 4686 819 4723 cum
842 4668 1052 4741 delegit.
1080 4668 1247 4723 Liber
1270 4665 1616 4736 Pantagatht,
1640 4665 1755 4734 ipse
1775 4681 1937 4735 genus

335 4741 766 4819 patriargltieunt.
874 4809 917 4819 __
1078 4809 1093 4819 _
1454 4805 1495 4819 η
1578 4816 1587 4819 Α
1832 4806 1845 4819 .

411 4820 435 4849 θ
457 4803 564 4867 Sic'
580 4812 713 4867 editi
740 4829 755 4878 ;
790 4821 843 4865 at
874 4809 1028 4866 Vatt.
1060 4809 1168 4866 duo
1200 4818 1256 4864 et
1286 4808 1429 4863 liber
1454 4805 1804 4878 Pantagatbi,
1826 4806 1939 4877 ipse

331 4881 468 4951 pluit
497 4900 704 4937 ineunte
732 4883 924 4936 cibum.

412 4952 432 4991 ί
475 4953 566 5008 Sic
596 4964 707 5026 tres
730 4968 868 5026 mss.
918 4950 1060 5026 Editi
1091 4967 1244 5026 vero.
1268 4957 1547 5026 tractatus
1574 4964 1692 5025 _non
1724 4950 1939 5026 _caepit;

335 5039 523 5079 verunt
555 5024 694 5091 capit
728 5024 888 5077 habet
920 5025 1084 5079 etiam
1117 5023 1244 5079 cod.
1268 5018 1610 5091 Pantagathi,
1646 5027 1701 5073 et
1723 5018 1795 5071 ita
1822 5033 1937 5073 om-

334 5093 787 5171 ninolegendtttn
816 5103 920 5149 est.
1091 5166 1103 5171 _
1366 5163 1379 5171 _
1460 5162 1472 5171 _
1538 5159 1578 5171 _
1622 5168 1631 5171 Α
1672 5158 1706 5171 ,.
1923 5159 1936 5171 .

408 5175 434 5214 '5
474 5158 759 5220 Consentit
797 5181 903 5219 non
952 5166 1137 5232 paucis
1161 5179 1233 5220 ex
1267 5162 1508 5232 antiquis
1538 5158 1816 5232 Patribus,
1846 5159 1937 5229 qtti

332 5238 399 5294 ad
426 5236 894 5302 interpretantium
931 5230 1070 5290 istud
1105 5234 1257 5291 [sane
1289 5230 1687 5295 testimonium,
1732 5230 1939 5302 allego-

334 5310 413 5365 ria
443 5308 525 5364 usi
565 5298 710 5363 sunt.
744 5308 879 5362 Cum
921 5319 1101 5362 autem
1133 5305 1591 5361 animadverteret
1624 5305 1766 5355 boue
1794 5298 1941 5356 Gau-

336 5380 508 5454 dentii
538 5378 990 5454 locntuJoannes
1037 5379 1307 5454 Antonius
1361 5375 1588 5443 Vulpius
1620 5371 1935 5454 Bergo_mas,

337 5450 425 5506 vir
452 5451 739 5515 multiplici
774 5453 1078 5525 litterarum
1116 5460 1225 5525 ttnn
1257 5448 1592 5525 ϐνςιιςειι-ιιψ,
1630 5453 1740 5525 tum
1788 5445 1936 5525 Lati-

339 5536 535 5577 narum
566 5539 768 5592 genere
796 5521 1276 5598 inStructnstdutn
1308 5520 1483 5574 amice
1523 5516 1726 5570 Patavii
1768 5517 1937 5598 collo:

339 5586 690 5670 qtteremitr,__
716 5596 963 5663 apposite
1006 5591 1300 5654 dubitavit,
1341 5606 1466 5645 num
1513 5603 1577 5670 ex
1618 5599 1687 5640 eo
1732 5586 1938 5670 aliquid

341 5663 446 5719 Sibi
478 5665 787 5727 bra-sidittm
830 5675 1019 5731 petere
1068 5672 1291 5733 possent
1347 5663 1685 5717 recentiores
1731 5663 1765 5710 ii
1824 5663 1936 5723 qui,

348 5733 716 5799 praeeuntibus
738 5732 1085 5799 Casaubono,
1114 5743 1171 5788 et
1199 5732 1586 5799 TlilCllIOﬂli0,_
1606 5744 1669 5799 es
1708 5743 1938 5799 consen-

388 5748 716 5789 t'mettttttbus
738 5748 1085 5799 Uasauuotto,
1114 5748 1171 5788 et
1200 5748 1572 5798 'l’tlletltonlm,
1606 5748 1669 5782 ex
1708 5748 1938 5783 consen-

347 5748 412 5859 ευ
441 5798 788 5873 antiquorum
811 5796 866 5861 In
895 5800 1230 5873 explicandis
1253 5804 1481 5875 mystice
1511 5797 1620 5859 illis
1643 5795 1797 5853 issue
1821 5805 1939 5855 vera

2039 3289 2220 3342 asinus
2240 3304 2468 3361 praesepe
2504 3289 2700 3343 domini
2725 3290 2826 3355 sui,
2854 3288 3021 3344 Israel
3052 3307 3168 3345 vero
3199 3307 3278 3344 nte
3308 3307 3409 3344 non
3450 3307 3645 3364 cogno-

2039 3380 2131 3445 vit,
2160 3390 2208 3435 et
2250 3381 2470 3452 papulas
2498 3398 2578 3435 me
2603 3398 2707 3435 non
2750 3380 3008 3438 intellexit
3040 3381 3144 3455 (Is.
3190 3381 3269 3453 t);
3314 3392 3339 3430 ις
3372 3390 3650 3452 tamquam

2040 3471 2087 3525 si
2110 3471 2342 3538 diceret,
2384 3474 2642 3541 quoniam
2675 3483 3052 3543 cognoverunt
3080 3475 3211 3530 olim
3242 3474 3395 3529 bruta
3429 3476 3646 3529 anima-

2043 3563 2113 3619 lia
2154 3558 2449 3621 Gentilium
2481 3567 2802 3636 populornm
2849 3578 3199 3638 regnatorem
3242 3569 3390 3636 cteli,
3444 3584 3641 3625 suum-

2043 3672 2151 3725 que
2194 3672 2594 3729 possessorem,
2629 3674 2694 3714 ac
2724 3659 3032 3729 Dominum,
3065 3659 3429 3715 humanorum
3457 3656 3486 3696 ιι
3512 3675 3644 3731 pec-

2040 3811 2126 3866 bis
2154 3827 2168 3863 :
2199 3809 2449 3887 Cognovit
2494 3813 2581 3887 bos
2621 3830 2967 3885 possessorem
2998 3830 3171 3887 suum,
3205 3824 3252 3869 et
3299 3816 3481 3870 asinus
3510 3831 3647 3887 prte-

2039 3898 2161 3952 sepe
2206 3882 2405 3938 domini
2449 3886 2564 3950 sui,
2618 3882 2949 3952 putaverunt
2997 3885 3195 3941 confici
3252 3902 3434 3954 posse,
3490 3882 3647 3945 nullo

2039 3954 2203 4009 modo
2234 3957 2394 4009 verba
2429 3956 2545 4010 haec
2577 3956 2892 4025 Propbem,
2940 3957 3200 4013 historice
3228 3959 3296 4012 de
3327 3957 3468 4013 bove
3495 3968 3551 4013 ot
3580 3976 3644 4013 a-

2043 4026 2165 4079 sino
2194 4025 2261 4079 ad
2293 4042 2537 4094 pra-sepe
2580 4028 2791 4081 Domini
2819 4029 3183 4093 adstantibus,
3213 4044 3335 4083 esse
3360 4029 3643 4095 accipien-

2042 4097 2146 4169 da;
2175 4113 2239 4152 ac
2283 4099 2505 4168 perinde
2536 4108 2701 4153 lotam
2745 4100 2890 4153 illatn
2934 4102 3302 4154 narrationem
3348 4105 3505 4169 cujus
3546 4118 3646 4158 au-

2043 4166 2262 4223 toritate
2285 4166 2457 4222 ’bruta
2492 4170 2607 4225 haec
2636 4172 2929 4225 animantia
2968 4172 3122 4227 cunis
3150 4171 3360 4226 Domini
3395 4166 3644 4241 proxima

2043 4242 2436 4310 appinguntor,
2473 4241 2728 4297 fabellam
2775 4258 2896 4297 esse
2950 4243 3091 4296 male
3146 4255 3450 4297 oonsutam.
3501 4245 3644 4300 Nihil

2043 4319 2251 4384 tamen.
2276 4312 2371 4366 ubi
2394 4322 2595 4367 caetera
2630 4314 2774 4381 paria
2808 4323 3016 4373 essent.
3050 4314 3271 4369 obsmre
3292 4316 3643 4384 opinabatur,

2041 4382 2171 4452 quiti
2222 4382 2514 4448 Propheta:
2546 4387 2705 4439 verba
2739 4386 2998 4441 historice
3041 4397 3205 4439 etiam
3253 4382 3478 4452 intelligi
3511 4382 3642 4455 pos;

2042 4465 2186 4520 sent,
2222 4457 2472 4525 quamvis
2504 4472 2531 4508 a
2573 4456 2827 4512 Panibus
2859 4458 3057 4512 fuerint
3090 4461 3222 4511 satis
3250 4473 3391 4511 onan
3417 4457 3489 4512 mi
3512 4474 3646 4514 con-

2043 4540 2209 4580 sensu
2264 4530 2493 4597 mystice
2546 4527 2861 4596 explicita:
2921 4527 3049 4595 quid
3105 4532 3249 4581 enim
3305 4531 3644 4594 frequentius

2042 4598 2183 4665 apud
2213 4596 2489 4665 :tttliquos,
2523 4609 2596 4673 et?
2618 4596 3476 4673 prm't-ipueuaputlGaudentium
3508 4615 3641 4654 uos-

2042 4677 2208 4733 trum,
2261 4683 2423 4737 quam
2472 4679 2530 4722 ut
2586 4668 2847 4723 iliSldl'iCﬂ
2892 4668 3094 4721 Christi
3144 4676 3328 4736 gesta,
3384 4668 3646 4736 ipsasque

2043 4737 2400 4803 Evangeltcas
2432 4743 2795 4804 narrationes,
2829 4738 2894 4792 ad
2936 4739 3213 4803 ant-goria:
3258 4752 3480 4792 st-nSum
3533 4749 3645 4795 tra-

2041 4808 2208 4863 hant?
2242 4809 2524 4864 Sttbdebat
2551 4813 2713 4865 etiam
2743 4812 2877 4862 satis
2900 4810 3206 4877 ingeniose,
3237 4810 3289 4863 tti
3314 4808 3497 4873 fallor,
3531 4828 3642 4867 non

2042 4889 2333 4948 propterea
2382 4880 2680 4948 pictoribus
2728 4881 3192 4946 succensendutn,
3245 4882 3461 4935 etiamsi
3517 4882 3648 4939 facti

2043 4950 2199 5017 fides,
2245 4959 2326 5003 tot
2368 4954 2692 5007 sa'culorum
2737 4953 3065 5007 credulitate
3113 4952 3267 5013 fulta.
3301 4954 3449 5007 nttllo
3481 4956 3646 5009 modo

2041 5029 2360 5075 coostart-t:
2414 5031 2712 5091 potuerunt
2762 5028 2907 5077 enim
2966 5022 3277 5093 hujustnodi
3329 5023 3483 5078 bruta
3517 5026 3641 5080 ani-

2042 5094 2267 5166 mantia.
2302 5102 2576 5160 tamquam
2608 5094 2817 5166 ﬁgurat,
2850 5110 2915 5149 ac
2942 5097 3186 5166 sy-Itbola
3218 5096 3455 5154 .Iudaici.
3497 5096 3646 5151 Gen-

2043 5164 2245 5237 tillisve
2274 5166 2482 5235 pepuli.
2516 5182 2580 5221 ex
2615 5164 2859 5237 unanimi
2910 5164 3175 5224 Ecclesiae
3226 5168 3444 5237 placito,
3489 5167 3645 5237 cunis

2044 5235 2259 5308 Domini
2314 5236 2860 5308 nasci-ntisapnoni,
2913 5249 2970 5291 ut
3022 5235 3438 5308 monstraretur,
3489 5236 3645 5291 Isaia:

2044 5307 2383 5383 vaticinium,
2427 5319 2557 5363 nato
2575 5306 2824 5383 (Clu-isto,
2849 5311 2951 5383 sub
2980 5309 3085 5383 hoc
3117 5315 3273 5383 signo
3324 5306 3646 5383 τρίμμα-ἰση-

2042 5378 2269 5455 ΡΙειηιιι.
2304 5380 2511 5455 Placuit
2533 5382 2637 5455 vini
2669 5382 2812 5455 docti
2847 5380 3056 5451 opinio,
3086 5378 3316 5455 emitque
3344 5378 3471 5434 ideo
3515 5378 3645 5435 huic

2040 5448 2162 5503 loco
2190 5451 2378 5505 censui
2411 5452 2886 5507 substrribendatn.

2113 5518 2140 5555 ιι
2184 5518 2466 5576 Peccatum
2499 5538 2597 5589 pro
2647 5534 2871 5590 peccato
2920 5517 3131 5575 notavit
3181 5515 3337 5590 Voss.
3388 5519 3429 5574 1.
3473 5535 3531 5575 ttt
3570 5520 3643 5577 de

2040 5589 2151 5646 Vit.
2176 5607 2348 5663 serm.
2383 5607 2433 5647 e.
2465 5587 2559 5659 ὄις
2588 5587 2656 5649 es
2683 5593 2875 5657 Gilda;
2906 5587 3474 5648 sedinvenituretiam
3496 5592 3644 5663 apud

2041 5662 2305 5719 Prudent.
2326 5705 2340 5727 ,
2367 5666 2420 5717 in
2453 5664 2651 5733 Apotb.
2677 5664 2783 5719 915
2810 5680 2824 5715 :

2165 5747 2293 5817 Exin
2310 5751 2466 5817 tincta
2493 5749 2619 5817 malo
2645 5744 2931 5817 percaluit":-
2959 5744 3197 5812 principis
3218 5736 3334 5799 Adi

2173 5807 2346 5861 infecit
2364 5820 2527 5871 genus
2547 5802 2692 5860 Omn'e
2714 5802 3031 5857 hominum...
