4120 6174
577 373 685 433 915

1652 364 1709 433 s.
1752 350 2127 432 nivosam
2171 364 2432 432 omittas
2478 354 2785 433 Εἰδιδουρι

3772 375 3868 435 916

576 496 847 554 caminum
877 494 1070 568 pannis
1091 488 1362 562 indutum,
1389 504 1444 552 et
1475 492 1527 550 in
1560 504 1790 566 angusto
1814 474 2015 551 ludmie
2044 490 2180 564 prae—
2207 498 2259 562 Α
2285 503 2333 549 et
2353 503 2615 556 exeuntes.
2644 488 2841 563 inquit,
2874 488 2935 544 de
2966 489 3310 545 monumentis
3332 498 3444 563 post
3470 486 3869 547 resurrectionem

576 588 729 658 sepio
760 582 914 660 (an.
948 589 1007 658 ιι)
1050 586 1396 652 collocatam,
1454 586 1789 644 Israelitieus
1840 603 1969 642 vero
2015 578 2179 659 296

575 680 807 750 populus
833 672 1184 735 liberatorem
1212 695 1368 734 suum
1395 686 1419 715 η
1463 684 1571 735 non
1613 676 1785 734 voluit
1826 694 2126 751 agnoscere
2157 696 2172 733 :

575 771 850 840 Auferaiit,
875 770 1015 827 sicut
1044 773 1364 843 praedictum
1391 780 1495 839 Cal,
1517 770 1579 827 ab
1606 771 1822 839 ludam,
1848 783 1894 827 et
1924 772 1986 827 ab
2022 768 2179 826 Jeru-

576 861 759 931 salem,
808 860 1038 919 validum
1082 873 1130 919 et
1159 863 1405 919 validum.
1447 858 1682 920 Verbum
1717 864 1902 935 utique
1931 863 2179 919 incarna-

573 967 722 1023 tum;
755 959 990 1013 virtutem
1022 954 1257 1029 panis,et
1288 954 1528 1011 virtutem
1572 974 1739 1028 aquag
1778 954 2034 1013 virtutem
2071 950 2180 1013 cibi

573 1051 835 1115 cmlestis,
862 1058 916 1106 et
936 1050 1191 1105 virtutem
1212 1062 1367 1120 aqua:
1396 1050 1792 1120 rcgenerantis;
1818 1059 1865 1103 et
1880 1049 2183 1120 prudentem

572 1144 1099 1219 quinquagenarium,
1143 1142 1423 1214 jubilmum
1472 1142 1681 1201 scilicet
1720 1142 2058 1199 remissionis
2088 1159 2184 1199 an-

577 1253 729 1305 nutn;
756 1247 801 1291 et
816 1236 1101 1306 sapientem
1116 1230 1448 1290 architectum
1466 1233 1567 1310 (Is.
1586 1234 1967 1309 tu),Spiritutu
1989 1233 2182 1291 videli-

575 1336 945 1395 celsanctum,
966 1342 1062 1398 per
1074 1340 1234 1398 quem
1255 1322 1384 1381 mihi
1400 1320 1659 1382 aediﬁcem
1680 1316 1972 1383 Ecclesiam
1992 1340 2182 1382 novam

578 1416 946 1482 exGeuIibus.
968 1418 1048 1479 Ab
1083 1423 1358 1478 tulitenim
1379 1418 1638 1477 Dominus
1658 1432 1851 1479 cuncta
1866 1422 2184 1478 salutarium

577 1534 801 1574 munera
820 1516 984 1584 dona,
1017 1516 1100 1572 vel
1128 1532 1251 1588 quas
1281 1515 1565 1583 tribuerat,
1598 1514 1682 1574 vel
1706 1528 1826 1589 qua:
1861 1520 2189 1589 promiserat

576 1608 782 1667 Iudaeis
819 1610 1083 1682 ingratis;
1123 1618 1179 1666 et
1203 1609 1434 1665 contulit
1461 1608 1528 1665 ad
1567 1609 1725 1667 iidem
1754 1628 1906 1666 suam
1938 1624 2190 1683 prompto

576 1704 802 1761 servitio
817 1719 881 1759 ex
899 1703 1044 1759 οηιηί
1064 1703 1279 1759 natione
1295 1702 1829 1772 conversis.Quando
1843 1720 1973 1775 ergo
1986 1705 2192 1776 requie-

578 1794 653 1849 vit
677 1792 957 1862 Dominus,
974 1795 1063 1865 qui
1081 1808 1301 1864 semper
1329 1801 1415 1849 est
1440 1804 1717 1866 operatus,
1738 1812 1899 1868 quem
1925 1813 1988 1853 ex
2007 1795 2192 1867 paucis

2278 586 2443 654 ipsius
2461 629 2474 652 ,
2503 587 2820 640 intraverunt
2852 585 2904 639 in
2932 590 3163 639 sanctam
3187 584 3465 651 civitatem,
3502 593 3549 639 et
3592 585 3767 640 multis
3790 604 3874 661 ap-

2279 688 2568 749 paruerunt
2598 674 2816 750 (Matth.
2854 678 3051 748 xxvu).
3103 674 3461 733 Descendissc
3491 686 3669 734 autem
3700 676 3875 734 Salva-

2284 766 2416 825 toris
2443 765 2682 825 animam
2710 772 2777 824 ad
2809 770 3015 826 inferos
3044 770 3371 838 visitandos,
3406 784 3513 826 non
3544 768 3718 827 solum
3747 766 3877 831 beati

2283 852 2427 917 Pent
2471 854 2709 931 Epistula
2754 858 2799 933 (Ι
2828 860 2974 918 Petr.
3004 863 3112 934 tu),
3142 876 3331 919 verum
3363 865 3527 918 etiam
3560 863 3700 918 beati
3733 859 3878 918 Davi-

2284 954 2369 1012 dis
2391 948 2677 1027 prophetia
2705 962 2956 1023 teStatur,
2981 968 3103 1012 cum
3129 954 3262 1012 dicit
3293 974 3305 1013 :
3336 950 3596 1025 Quoniam
3620 974 3722 1012 non
3742 957 3878 1013 dere-

2284 1046 2486 1118 linquas
2516 1048 2739 1104 animant
2768 1067 2933 1104 nteant
2980 1050 3035 1104 in
3089 1047 3315 1121 inferno,
3348 1066 3440 1105 nec
3470 1048 3617 1104 dabis
3654 1060 3878 1107 sanctum

2287 1149 2433 1196 tuum
2450 1142 2621 1197 videre
2633 1143 3016 1214 corruptionem
3040 1138 3157 1214 (Ps.
3180 1140 3296 1213 xv).
3320 1140 3643 1199 Filiu‘senint
3673 1142 3759 1199 Dei
3778 1160 3875 1201 non

2288 1230 2495 1291 idcirco
2521 1249 2644 1289 cum
2674 1236 2911 1306 suscepti
2962 1228 3200 1291 hominis
3228 1236 3406 1291 anima
3453 1220 3519 1291 ad
3566 1232 3765 1293 inferos
3791 1230 3876 1293 de-

2287 1318 2535 1392 Scendit,
2777 1336 2833 1381 ut
2876 1342 2995 1382 eam
3037 1324 3090 1381 in
3135 1322 3353 1382 inferno
3392 1327 3757 1399 relinqueret,
3791 1328 3875 1385 sed

2288 1426 2349 1472 ut
2370 1412 2631 1487 plurimas
2655 1418 3058 1475 resurrecturis
3090 1429 3401 1475 sanetorum
3427 1416 3749 1491 corporibus
3773 1422 3877 1476 ani-

2293 1526 2409 1568 mas
2440 1524 2750 1569 revocaret.
2784 1513 2866 1570 Ol)
2897 1512 3001 1569 hoc
3041 1524 3275 1586 namque
3304 1513 3351 1568 is
3373 1512 3467 1586 qui
3498 1514 3553 1569 in
3594 1512 3758 1570 l'oriua
3791 1504 3875 1572 Dei

2292 1618 2513 1676 semper
2552 1612 2671 1661 erat
2694 1647 2710 1673 ,
2742 1604 2973 1660 formam
3007 1607 3154 1662 servi
3186 1604 3493 1677 suseiplens
3518 1650 3531 1673 ,
3570 1604 3803 1677 suscepit
3828 1616 3877 1663 et

2293 1712 2549 1765 crucem;
2590 1709 2649 1755 ut
2678 1694 2768 1756 die
2796 1700 2954 1757 tertia
2999 1692 3336 1770 resurgendo
3374 1704 3661 1771 exceptam
3701 1698 3876 1755 trium-

2298 1788 2495 1865 pharet
2534 1804 2799 1864 mortem,
2836 1811 2997 1866 quam
3033 1794 3245 1867 perpeti
3277 1790 3503 1851 omnino
3537 1794 3664 1851 vita!
3708 1790 3876 1851 Domi-

578 1889 840 1958 operibus
862 1884 982 1957 ejus
1004 1903 1124 1959 qum
1149 1886 1423 1944 transiens
1456 1891 1781 1955 memoravi,
1816 1887 1845 1928 δ
1874 1891 2187 1947 certissime
2218 1900 2265 1962 Β
2296 1904 2422 1943 num
2449 1904 2556 1943 non
2577 1888 2791 1944 liceret.
2812 1886 2957 1961 Ergo
2974 1888 3230 1960 quoniam
3254 1900 3373 1959 post
3393 1888 3713 1945 Passiouem
3739 1904 3876 1945 suam

576 1983 711 2037 certi
731 1998 919 2035 sumus
942 1997 1159 2052 semper
1181 1993 1490 2052 operatum,
1506 1980 1812 2054 etquotidie
1835 1984 2051 2055 operari
2067 2001 2185 2056 per-

577 2074 871 2146 epicimus?
892 2066 1183 2146 Namquod
1211 2075 2058 2149 elementatamcmlestia,quam
2088 2087 2188 2134 ter-

577 2185 734 2234 rena,
761 2169 998 2223 humano
1024 2166 1208 2239 generi
1233 2168 1496 2237 serviunt,
1530 2169 1701 2240 ipsius
1729 2185 1866 2241 cpus
1896 2181 1998 2225 est.
2035 2169 2183 2240 Quo-

581 2260 745 2315 modo
770 2262 915 2315 enim
941 2276 1046 2314 non
1076 2266 1493 2316 contemnerent
1519 2258 1774 2332 exiguum
1802 2272 2187 2335 terrenumque

580 2352 883 2419 hominem,
913 2350 1013 2406 nisi
1046 2350 1324 2407 Creatoris
1358 2353 1441 2407 sui
1475 2352 1704 2423 imperio
1732 2350 2055 2410 obedirent?
2076 2355 2188 2412 Nos

579 2446 680 2515 ipsi
696 2444 861 2500 etiam
882 2455 902 2483 ο
918 2444 1061 2516 quod
1078 2434 1520 2513 nascimur,quod
1536 2444 1778 2517 barcipsa
1792 2462 1955 2519 opera
1973 2448 2184 2507 Domini

578 2553 644 2594 ex
678 2548 830 2607 parte
857 2538 1127 2606 novimus,
1163 2538 1307 2608 quod
1354 2535 1592 2595 vivendo
1652 2538 1817 2597 vitam
1863 2542 2179 2614 quaerimus,

580 2630 722 2701 quod
775 2630 1078 2686 futurorum
1124 2645 1275 2702 spem
1308 2643 1563 2703 gerentes
1598 2632 1686 2703 pie
1712 2652 2105 2694 eonversamur
2130 2648 2187 2695 et

579 2719 889 2791 loquimur;
918 2719 1037 2789 Dei,
1068 2722 1309 2793 inquam,
1337 2714 1431 2779 Dei
1456 2732 1584 2779 sunt
1606 2740 1791 2796 Opera.
1825 2724 1991 2797 Cujus
2014 2729 2185 2800 pieta-

583 2816 653 2871 Iis
682 2826 738 2870 et
767 2816 871 2872 hoc
894 2816 1086 2888 ingens
1107 2832 1246 2887 opus
1276 2829 1392 2886 est,
1424 2814 1565 2890 quod
1598 2818 1761 2875 etiam
1803 2820 1980 2878 malos
2019 2835 2185 2897 atque

579 2906 894 2965 incredulos
928 2908 1197 2979 patienter
1219 2911 1513 2977 sustineat,
1546 2906 1848 2970 clementer
1878 2927 2179 2987 exspectet,

579 3013 655 3068 et,
677 3002 722 3058 si
749 3004 1123 3074 pmoituerint,
1148 3005 1287 3060 sicut
1313 3005 1626 3061 misericors
1641 3018 1791 3076 pater
1804 3006 2179 3077 amplectatur.

578 3082 869 3167 Requievit
902 3096 1059 3167 pl'nue
1090 3106 1216 3152 tune
1245 3098 1408 3152 etiam
1457 3096 1553 3152 Dei
1600 3097 1774 3154 Filius
1820 3101 1889 3158 ab
1924 3100 2181 3157 omnibus

580 3189 839 3259 operibus
862 3188 976 3244 suis
1003 3207 1122 3260 qua:
1154 3196 1395 3261 coeperat
1423 3190 1563 3245 Deus
1588 3190 1784 3262 facere,
1816 3196 2030 3265 quando
2050 3212 2182 3251 con-

2295 1980 2559 2037 Dominus
2598 1980 2790 2050 Jesus,
2835 1982 3193 2039 illucescente
3243 1978 3524 2039 Dominica
3549 2026 3564 2049 ,
3601 1999 3629 2038 a
3666 1985 3877 2039 mortuis

2288 2082 2406 2134 erat
2438 2084 2885 2145 resurrecturus,
2930 2085 2987 2131 et
3033 2078 3265 2147 primam
3310 2078 3667 2133 sanctitatem
3719 2078 3875 2150 primo

2292 2166 2718 2223 resurrectionis
2745 2181 2862 2223 suae
2887 2164 2997 2224 diei
3023 2167 3353 2238 collaturus;
3379 2160 3505 2224 ideo
3536 2164 3651 2225 Lex
3676 2169 3874 2240 antiqua

2291 2259 2651 2332 prteuuntiat,
2685 2268 2733 2315 et
2749 2261 2947 2332 primus
2962 2261 3073 2316 dies
3090 2304 3103 2326 ,
3129 2258 3303 2332 inquit
3325 2307 3336 2330 ,
3358 2258 3633 2315 vocabitur
3654 2272 3871 2330 sanctus,

2289 2362 2337 2408 et
2360 2350 2467 2407 dies
2478 2354 2727 2424 septimus
2740 2361 2949 2408 vocatus
2962 2364 3172 2409 sanctus
3186 2354 3280 2408 erit
3297 2354 3436 2408 vobis
3449 2353 3467 2426 (
3481 2350 3654 2408 Exod.
3675 2368 3741 2409 xu
3752 2398 3763 2420 ,
3774 2354 3793 2409 ί
3804 2353 3871 2424 6.)

2288 2438 2535 2500 Primum
2586 2443 2730 2500 diem
2778 2442 3203 2501 resurrectionis
3264 2445 3573 2500 vocandum
3644 2434 3874 2517 perbibet

2288 2549 2562 2606 Sanetum,
2585 2539 3002 2611 septlmumjam
3031 2548 3281 2597 vocatqu
3310 2541 3551 2596 futurum
3578 2540 3711 2598 dicit
3731 2552 3870 2596 sauc-

2288 2630 2437 2695 tuin;
2468 2635 2762 2703 septimum
2794 2630 3147 2689 millesimum
3180 2632 3389 2688 scilicet
3419 2646 3627 2689 annum
3650 2678 3664 2701 ,
3698 2624 3760 2689 de
3778 2645 3871 2704 quo

2288 2727 2365 2779 ait
2405 2718 2681 2795 Propheta
2737 2726 2803 2780 ad
2843 2720 3130 2780 Domintuu
3182 2745 3193 2780 :
3255 2720 3515 2792 Quoniam
3571 2724 3715 2781 utilis
3762 2724 3871 2778 anni

2286 2826 2404 2872 ante
2446 2818 2624 2872 oculos
2672 2826 2785 2873 tuos
2839 2818 2972 2873 sicut
3012 2816 3123 2872 dies
3167 2835 3299 2871 unus
3342 2815 3461 2888 (Ps.
3497 2816 3747 2887 Lxxxtx).
3805 2813 3868 2871 Ita

2284 2904 2449 2981 igitur
2478 2911 2495 2948 ί
2523 2916 2574 2967 iu
2608 2910 2841 2982 primum
2867 2912 3009 2967 diem
3037 2912 3461 2966 resurrectionis
3484 2908 3693 2967 Christi
3715 2908 3869 2965 omnis

2284 3013 2401 3059 erat
2430 3002 2802 3060 transferenda
2837 3002 3136 3067 festivitas.
3172 3014 3230 3060 ut
3258 2998 3480 3075 septimi
3510 3006 3623 3060 diei
3658 3014 3862 3073 exspec-

2287 3092 2451 3154 tanda
2477 3098 2634 3154 nobis
2651 3108 2800 3155 esset
2820 3108 2871 3155 et
2895 3100 3114 3171 requies
3144 3096 3305 3155 simul
3324 3144 3340 3168 ,
3366 3111 3416 3154 et
3443 3094 3735 3166 sanctitas;
3761 3108 3867 3155 cum

2285 3184 2505 3258 dicitur,
2535 3190 2735 3263 primus
2757 3190 2867 3245 dies
2897 3191 3160 3245 vocabitur
3182 3198 3392 3246 sanctus
3412 3233 3425 3256 ,
3454 3186 3756 3262 statimque
3783 3188 3867 3245 ad-

577 3288 865 3341 summatis
898 3282 1239 3340 mirabilibus
1271 3284 1574 3347 universis.
1607 3284 1633 3323 ιι
1665 3295 1722 3341 et
1764 3285 1985 3357 impleto
2023 3299 2178 3346 sexto
2206 3294 2251 3359 (ζ
2278 3282 2493 3356 jicilur.
2552 3292 2600 3338 et
2639 3284 2748 3339 dies
2795 3282 3042 3354 septimus
3090 3294 3298 3340 vocatus
3338 3288 3547 3339 sanctus
3593 3282 3688 3338 erit
3724 3278 3866 3337 vobis.

581 3378 672 3434 die
713 3378 857 3433 omni
891 3394 1057 3446 opere
1088 3377 1392 3442 Passionis,
1429 3375 1516 3431 die
1567 3380 1823 3448 septima,
1868 3376 1919 3435 id
1970 3392 2053 3437 est
2094 3380 2183 3438 die

578 3473 812 3535 sabbati,
849 3471 1114 3543 requievit
1141 3470 1405 3541 sepultus.
1451 3469 1556 3526 Sed
1603 3472 1860 3542 quoidam
1905 3458 1997 3529 Dei
2049 3490 2181 3542 Ope-

581 3580 705 3619 rosa
728 3562 886 3633 quies
914 3572 1016 3631 est,
1048 3564 1161 3632 ipsa
1198 3562 1416 3634 requies
1455 3564 1629 3618 otiosa
1674 3580 1799 3620 ese
1841 3572 1945 3620 non
1983 3569 2175 3635 potuit.

578 3658 713 3714 Nam
742 3656 974 3728 corpore
1008 3667 1031 3695 θ
1064 3657 1113 3711 in
1162 3656 1414 3727 sepulcro
1453 3657 1715 3726 seposito,
1763 3656 2017 3715 divinitas
2055 3677 2177 3715 cum

578 3755 757 3808 anima
783 3751 1020 3807 hominis
1047 3750 1113 3806 ad
1150 3750 1355 3806 inferna
1380 3748 1739 3815 descendens,
1773 3755 1983 3807 vocavit
2007 3753 2076 3809 tle
2107 3753 2184 3810 lo-

579 3848 660 3903 cis
689 3847 804 3901 suis
827 3845 1039 3900 animus
1070 3853 1414 3910 cinctorum,
1445 3860 1675 3914 quorum
1715 3860 1945 3913 corvom
1993 3863 2177 3903 surre-

580 3936 727 3993 xisse
786 3937 1071 3992 Mattheus
1128 3936 1462 4007 evangelista
1524 3938 1759 3991 testatur
1823 3936 2061 3993 dicens:
2113 3939 2181 3995 Et

579 4031 744 4085 multa
788 4046 1011 4103 corpora
1058 4042 1355 4085 sanctorum
1403 4028 1771 4085 dormientium
1800 4042 2181 4100 surrexerunt;

577 4189 780 4247 Eadem
815 4204 944 4245 voce
969 4206 1095 4243 usus
1125 4198 1212 4245 est
1240 4188 1439 4245 iterum
1463 4184 1801 4246 Gaudentius
1841 4207 2005 4248 serm.
2046 4190 2112 4250 i5
2142 4212 2157 4249 :

582 4259 651 4338 Ut
680 4261 876 4338 inimici
894 4258 1199 4338 necandum
1237 4259 1487 4338 traderet,
1515 4278 1679 4338 quem_
1695 4263 1830 4338 Asiae
1849 4262 1960 4338 ullo
1985 4281 2170 4338 pecca-

578 4334 719 4386 mine
746 4331 1006 4387 habuisset
1043 4332 1325 4401 infensum.
1359 4330 1427 4386 Et
1454 4326 1621 4387 ξεί-1η.
1658 4326 1761 4389 19ε
1795 4326 1997 4390 Ardoré
2025 4336 2171 4392 vide-

578 4405 697 4459 licet
722 4404 975 4456 exstincto
1009 4403 1378 4470 peccaminum.

653 4482 678 4511 II
722 4471 863 4527 Vatt.
896 4464 1025 4537 duo,
1057 4466 1203 4545 Flor.
1254 4482 1307 4527 et
1354 4468 1475 4528 oud.
1523 4471 1876 4545 Pantagathi,
1910 4464 2174 4532 Liberata-

581 4561 690 4600 rem
708 4561 858 4598 suum
881 4543 1189 4612 contempsit
1218 4561 1514 4613 agnoscere.

653 4614 680 4654 δ
724 4614 884 4689 9153.,
911 4632 1109 4688 semper
1138 4620 1397 4689 cernimus
1418 4627 1708 4689 apemtum.

653 4698 675 4727 ο
721 4687 811 4744 Sic
842 4686 1024 4757 legunt
1048 4702 1181 4742 mss.
1217 4688 1354 4742 bidui
1384 4686 1517 4744 vero
1543 4689 1748 4758 inepte.
1782 4688 1920 4757 quod
1948 4690 2178 4744 renasci-

581 4774 740 4826 mur;
769 4771 825 4831 et
857 4774 975 4827 quze
1007 4768 1313 4831 sequuntur
1341 4759 1393 4813 in
1432 4774 1589 4826 mss.,
1620 4761 1698 4814 sic
1725 4778 1738 4813 :
1763 4759 1904 4830 quod
1924 4759 2034 4815 haec
2061 4763 2175 4831 ipsa

578 4824 857 4902 aperqpei
878 4824 950 4902 ea:
968 4824 1117 4902 parte
1134 4829 1452 4902 noverimus.
1576 4824 1585 4826 ”
1775 4824 1785 4830 ’
1935 4899 1942 4902 Δ
1986 4878 1989 4879 ν

650 4898 675 4937 ιι
705 4890 861 4972 νειμ.
894 4890 1027 4972 (Ιυὶ),
1050 4911 1099 4956 et
1128 4896 1338 4972 impleto
1369 4901 1507 4955 omni
1537 4918 1690 4969 opere
1717 4911 1875 4955 sextte
1908 4899 2012 4972 diei
2034 4896 2171 4958 Pas-

574 4971 759 5043 sionis.
799 4968 978 5043 Flor._,
1014 4968 1226 5042 impleto
1264 4972 1405 5026 omni
1433 4968 1585 5043 opere
1629 4981 1787 5043 sexta
1824 4972 1908 5027 die
1951 4968 2170 5029 Passio-

573 5042 693 5107 nis;
734 5038 1192 5112 queiuadmodum
1222 5055 1276 5098 et
1307 5043 1443 5097 liber
1465 5038 1813 5112 Pantagatbi.

650 5104 683 5149 θ’
713 5104 848 5166 Cod.
887 5110 1197 5185 Pantagathi
1220 5155 1236 5179 ,
1268 5114 1504 5185 deposito
1547 5104 1691 5182 quo—tl
1740 5123 1913 5185 certe
1941 5114 2167 5184 melius;

570 5192 633 5238 ut
663 5185 822 5253 paulo
854 5182 975 5255 post
1009 5182 1104 5255 pro
1132 5182 1343 5240 vacavit
1367 5186 1432 5239 de
1462 5182 1587 5239 locis
1610 5185 1719 5240 suis
1748 5184 2028 5243 substituit
2054 5182 2171 5243 evo;

572 5257 708 5309 cauit
737 5255 802 5310 de
830 5254 960 5311 lucis
996 5254 1127 5310 suis.

649 5324 899 5399 (codicis
924 5320 1072 5399 Flor.
1102 5324 1781 5399 prtesidioemendavimus
1798 5327 1973 5384 locum
1998 5329 2164 5399 hunc,

569 5398 663 5467 qui
695 5397 893 5453 vitiose
915 5394 1304 5467 editusiuerat
1337 5396 1441 5452 boc
1468 5396 1629 5452 tnodo
1664 5417 1677 5452 :
1711 5399 1765 5454 in
1792 5400 2011 5467 primum
2033 5394 2165 5457 diem

563 5466 958 5542 resurrectionis
995 5466 1202 5542 Christo
1238 5466 1840 5542 ntiserat__transferenda
1876 5472 2164 5541 festivitas;

569 5549 623 5593 et
653 5537 954 5662 l'i‘lorentiui
995 5538 1285 5595 lectionem
1329 5537 1550 5596 exhibet
1591 5537 1756 5597 etiam
1793 5537 1930 5598 liber
1961 5537 2164 5598 PautaL

570 5621 652 5662 nat
684 5626 740 5662 u.

607 5621 740 5664 alllt.
1544 5664 1549 5669 .

570 5625 785 5754 “pusio.
808 5676 961 5736 Flor.
988 5676 1270 5754 γωδ-(1110
1296 5688 1347 5736 et
1375 5672 1508 5738 Urb.
1541 5664 1682 5738 Editi
1710 5680 2000 5754 legebant,
2024 5685 2163 5752 quod

568 5749 700 5825 enim
723 5751 1108 5825 primum_diem
1129 5749 1463 5825 Dominicum
1479 5754 1616 5825 diem
1636 5770 1655 5820 ;
1677 5749 1863 5825 verum
1889 5749 2161 5825 glossema

567 5816 803 5895 illud.'_id
833 5831 909 5875 est
936 5816 1266 5895 Dominicum
1287 5827 1446 5895 diem,
1480 5816 1711 5881 fortasse
1738 5816 1981 5883 additum
2012 5827 2160 5883 inita

565 5881 809 5958 libratio,
841 5894 1089 5963 quamvis
1120 5909 1363 5955 occurrat
1387 5881 1547 5954 etiam
1572 5899 1623 5952 iu
1651 5898 1788 5953 libro
1810 5881 2155 5972 Patittagatiti.

2289 3376 2453 3433 Omne
2480 3396 2608 3447 opus
2644 3379 2823 3433 servile
2852 3395 2957 3433 non
2984 3376 3218 3450 facietis,
3252 3388 3605 3451 praeterquam
3629 3372 3764 3450 quod
3784 3372 3869 3432 erit

2278 3466 2575 3543 faciendum
2592 3470 2734 3528 omni
2762 3472 2950 3527 anima:
2980 3468 3175 3545 (Exod.
3226 3473 3343 3545 xu).
3385 3482 3411 3523 3
3437 3460 3717 3546 Quotquot
3740 3468 3866 3527 ηιιίω

2285 3563 2723 3635 primumdieiu,
2774 3560 2824 3620 id
2870 3572 2954 3622 est
2993 3562 3339 3622 Dominicutn
3374 3553 3520 3623 diem
3547 3610 3561 3633 ,
3607 3574 3869 3636 nuncupao

2286 3676 2407 3715 mus
2437 3668 2710 3726 sanctum.
2752 3661 3042 3717 credentes
3074 3678 3198 3717 eum
3242 3660 3649 3718 sanctiﬁcatum
3695 3674 3868 3719 resur-

2290 3755 2531 3810 rectione
2549 3754 2761 3810 Domini
2785 3754 2913 3812 Jesu
2938 3772 2952 3821 ;
2977 3764 3363 3826 exspectamus
3388 3756 3558 3813 etiam
3585 3754 3730 3813 illum
3752 3768 3868 3813 vere

2278 3857 2524 3903 sanctum
2553 3847 2698 3904 diem
2718 3890 2734 3916 ,
2766 3847 2794 3885 ιι
2824 3851 3043 3921 septimi
3088 3851 3365 3908 millesimi
3397 3853 3527 3907 anui
3577 3854 3757 3918 diem,
3786 3849 3868 3921 qui

2280 3940 2533 3997 adveniet
2566 3951 2693 4012 post
2730 3943 2865 3996 istos
2893 3952 2990 3999 sex
3032 3942 3185 4008 dies,
3219 3958 3316 3998 sex
3353 3944 3591 4001 millium
3626 3944 3867 4001 videlicet

2281 4051 2550 4093 annorum
2571 4037 2779 4104 satcull,
2805 4037 3006 4109 quibus
3020 4037 3312 4111 completis
3338 4038 3356 4075 ί
3384 4038 3608 4112 requies
3632 4039 3735 4097 erit
3755 4042 3867 4094 vere

2341 4194 2369 4235 ιι
2399 4192 2660 4253 Videntur
2697 4194 2815 4254 brec
2842 4198 3128 4267 desumpta
3174 4206 3240 4253 ex
3273 4195 3502 4261 Irenaeo,
3555 4194 3655 4254 lib.
3701 4211 3731 4251 v
3774 4184 3861 4267 atl—

2274 4284 2391 4324 vcr.
2417 4267 2582 4337 b:er.,
2605 4287 2656 4324 c.
2683 4268 2754 4324 28
2777 4286 2793 4335 ;
2816 4282 2872 4325 et
2900 4262 3056 4324 Lactf
3077 4269 3173 4322 lib.
3202 4267 3394 4323 vttdiv.
3427 4268 3588 4334 lnst.,
3612 4284 3735 4335 can.
3767 4262 3861 4337 il:

2275 4339 2372 4396 sed
2393 4338 2530 4411 hanc
2549 4340 2861 4411 opinionem
2887 4339 3104 4395 refellit.
3128 4345 3261 4409 Aug.
3283 4338 3332 4411 iu
3362 4356 3443 4408 ps.
3466 4348 3757 4405 Lxxx1x,et
3779 4336 3861 4391 lib.

2278 4426 2412 4467 xvm
2440 4410 2507 4467 de
2528 4406 2646 4467 Civ.
2682 4410 2799 4477 Dei,
2830 4427 2881 4467 c.
2913 4410 3005 4475 53,
3030 4406 3259 4467 dicens:
3284 4406 3508 4465 Frustra
3527 4412 3689 4477 igitur
3718 4425 3863 4463 annos

2278 4430 2412 4467 xvm
2440 4430 2507 4467 ue
2528 4430 2646 4467 ων.
2683 4430 2799 4477 vel,
2830 4430 2881 4467 c.
2913 4430 3005 4475 oo,
3030 4430 3220 4465 lucens
3247 4431 3259 4467 :
3284 4430 3541 4465 rrustrat
3583 4430 3689 4465 itur
3718 4430 3860 4463 armas

2276 4483 2365 4545 qui
2392 4484 2512 4537 huic
2540 4483 3030 4553 swculoremanent,
3048 4495 3347 4549 computare
3374 4500 3435 4536 ac
3462 4430 3686 4552 deﬁnire
3716 4491 3860 4553 Cona-

2281 4570 2415 4621 mnr,
2450 4567 2570 4608 cum
2606 4552 2702 4607 hoc
2728 4556 2859 4609 scire
2899 4550 3143 4608 non'esse
3171 4564 3405 4608 nostrum
3434 4570 3498 4608 ea:
3530 4550 3619 4607 ore
3645 4550 3863 4608 veritatis

2281 4620 2576 4679 audiamus.
2615 4622 2750 4681 Vide
2798 4627 3050 4682 eumdem
3101 4625 3483 4695 Augqpepist.
3516 4624 3609 4689 78,
3651 4622 3739 4682 79.
3780 4621 3859 4675 80.

2281 4696 2578 4751 Obtinebat
2615 4712 2675 4751 ea
2730 4705 3050 4764 tempestate
3091 4693 3233 4764 apud
3279 4693 3626 4752 Christianos
3662 4705 3861 4764 quoque

2280 4767 2505 4821 Jutlaica
2550 4765 2772 4824 traditio
2801 4758 2869 4823 de
2911 4758 3424 4821 mundo'dttraturo
3458 4768 3552 4831 per
3576 4758 3855 4820 sex'mll'lla

2277 4852 2543 4909 uariorum
2569 4878 2584 4903 ,
2614 4840 2817 4906 quibus
2848 4840 3038 4902 liuitis,
3070 4836 3125 4892 in
3157 4840 3391 4909 septimo
3423 4836 3858 4909 millettario‘pe-

2279 4906 2515 4973 rilurus,
2542 4924 2605 4965 ac
2634 4904 2929 4964 vastandus
2963 4918 3137 4975 eSSeI;
3170 4904 3236 4963 de
3267 4924 3371 4978 qua
3406 4904 3704 4963 traditione
3722 4904 3860 4978 liue-

2279 4978 2385 5050 tius
2411 4980 2779 5036 demonstrat.
2811 4981 3020 5050 Evaug.
3058 4994 3217 5050 prop.
3261 4975 3327 5047 9,
3355 4994 3477 5050 cap.
3512 4978 3579 5045 8;
3616 4990 3670 5033 et
3710 4975 3856 5050 luaa.

2274 5042 2536 5106 Albertus
2574 5048 2852 5107 Fabricius
2876 5053 2927 5106 in
2960 5042 3680 5120 Codice-Pseudepigrapho
3710 5048 3768 5120 ν,
3799 5045 3854 5120 Ἰξτ

2275 5121 2423 5194 edito
2455 5120 2745 5194 llamburgi
2776 5122 3011 5194 t‘tl3,p.
3038 5116 3590 5194 1079.94tll_ier:tt6las
3615 5116 3855 5194 Cotclerii

2273 5194 2341 5250 ad
2368 5193 2427 5249 S.
2460 5186 2724 5264 Barnabté
2752 5186 3030 5264 epist.','p_.
3051 5195 3162 5264 _45,
3194 5192 3293 5264 46,
3324 5190 3377 5248 in
3412 5190 3666 5264 Patriluts
3696 5186 3856 5261 Apes.

2276 5265 2372 5336 tul.
2396 5305 2411 5329 ,
2441 5262 2579 5320 edit.
2626 5258 2895 5336 Antuérp.
2933 5258 3723 5336 l698;_Fert-ardentium”
3748 5258 3849 5314 uol.

2272 5318 2863 5462 idstél—mun'I—ipég:
3200 5318 3344 5391 hunc
3369 5328 3659 5392 Gattdentii
3689 5318 3849 5387 locum

2291 5422 2358 5462 att
2401 5424 2429 5462 a
2465 5447 2478 5460 ι

2291 5415 2478 5462 audat.

2349 5475 2363 5515 ί
2396 5477 2582 5551 Lectio
2610 5478 2819 5547 vulgata
2851 5478 3053 5551 requies
3083 5479 3179 5533 erit
3206 5488 3337 5532 verte
3366 5474 3849 5551 sanctitatishquam

2269 5549 2559 5620 manifeste
2598 5538 2931 5620 θοι-1³1191³1ιῖ
2960 5549 3222 5619 ejecimus
3248 5590 3262 5612 ,
3294 5538 3850 5620 restituentes'lectio-

2269 5635 2392 5675 nem
2435 5619 2581 5677 Flor.
2616 5616 2840 5676 codicis.
2893 5616 3164 5675 Firiuatur
3195 5620 3311 5675 haec
3344 5616 3655 5674 etin-udatiu
3683 5624 3848 5671 aucto-

2268 5690 2429 5747 ritate
2457 5692 2687 5749 duorum
2712 5691 2855 5747 Volt.
2885 5703 2943 5749 et
2974 5691 3251 5748 Urbinatis
3278 5733 3293 5757 ,
3324 5690 3375 5744 in
3403 5692 3597 5760 quibus
3632 5680 3847 5743 habetur

2267 5764 2464 5832 requies
2486 5766 2581 5818 erit
2603 5758 2795 5818 sanctis
2821 5775 2867 5818 et
2889 5760 3114 5832 ﬁdeliter
3140 5758 3483 5818 credentibus.
3514 5760 3569 5816 In
3598 5771 3701 5815 ms.
3726 5766 3846 5832 quq-

2266 5816 2372 5903 qu'e
2412 5816 2619 5890 Octavii
2651 5816 2970 5903 Pantaea'tlii
2998 5816 3025 5900 ,ί
3044 5816 3251 5890 omissa
3281 5834 3519 5903 dictione
3550 5846 3695 5902 vere,
3726 5816 3842 5899 legi-

2268 5913 2356 5959 tur
2382 5906 2577 5979 requies
2607 5906 2704 5959 erit
2734 5902 2928 5963 sanctis
2950 5916 2997 5961 et
3027 5904 3253 5978 ﬁdeliter
3271 5902 3615 5961 credentibus.

3515 6006 3531 6049 \
