4096 6192
394 263 499 320 917

1187 262 1420 322 SERMO
1458 261 1552 334 IX,
1595 261 1687 322 DE
1725 261 2098 323 EVANGELII
2141 264 2486 325 LECTIONE
2516 263 2893 326 SECUNDUS.

393 381 628 449 sanctis,
675 387 732 436 et
782 375 1017 436 lideliter
1062 379 1420 435 credentibus
1484 380 1539 434 in
1583 381 1988 436 resurrectione
2016 389 2070 450 Α
2092 382 2230 452 quod
2247 389 2319 434 est
2346 381 2401 435 in
2424 381 2754 451 paradisoad
2784 398 2970 448 escam,
2994 383 3112 437 edes
3137 398 3156 438 :
3186 381 3249 436 ab
3268 381 3374 437 ists
3390 389 3561 436 autem
3584 397 3689 435 non

392 473 621 528 Christi.
657 473 790 528 Nam
825 474 966 528 nulla
1000 474 1102 528 erit
1139 475 1208 528 lbi
1241 488 1415 543 pugna
1444 483 1631 527 contra
1665 473 1945 529 diabolum
1967 515 1982 541 ,

391 566 483 635 qui
511 575 639 620 tunc
668 565 854 636 utique
877 565 1214 620 detinebitnr
1235 565 1525 635 suppliciis
1546 564 1836 633 religatus;
1864 566 1988 619 nul-

391 657 501 712 lum
522 670 796 713 certamen
822 667 1009 712 contra
1040 660 1173 713 vitia
1197 659 1445 726 corporis
1464 699 1477 721 ,
1505 666 1531 694 ι
1557 657 1698 723 quod
1733 657 1836 726 iam
1863 669 1990 712 con-

387 751 747 819 cupisccntiis
767 751 1072 805 obnoxium
1101 767 1208 804 non
1237 750 1362 804 erit.
1398 749 1529 804 Nam
1553 751 1718 822 298
1742 749 1988 820 spiritale

386 849 640 916 reSurget
671 861 872 917 corpus
895 888 908 912 ,
949 858 1009 902 ιιι
1040 848 1336 918 Apostolus
1365 847 1441 900 ait
1474 862 1486 898 :
1523 846 1677 914 Quod
1705 846 1989 899 seminatur

385 939 440 993 in
475 941 810 1007 corruptione
831 985 844 1007 ,
878 950 1052 1012 surget
1089 940 1144 994 in
1185 939 1573 1010 incorruptione
1611 955 1629 992 :
1653 939 1792 1008 quod
1831 939 1986 992 semi-

385 1040 539 1084 natur
563 1032 615 1083 in
639 1032 951 1085 contumelia
971 1077 984 1099 ,
1018 1040 1190 1102 surget
1213 1033 1268 1085 in
1293 1030 1498 1102 gloria;
1539 1031 1679 1100 quod
1701 1031 1986 1084 seminatur

384 1125 439 1179 in
469 1126 768 1195 inﬁrmitate
790 1168 804 1190 ,
835 1136 1010 1195 surget
1052 1128 1106 1179 in
1137 1128 1351 1191 virtute;
1383 1127 1518 1193 quod
1548 1126 1834 1179 seminatur
1870 1138 1984 1177 cor-

386 1233 481 1290 pus
516 1218 770 1281 animale,
803 1227 976 1289 surget
1019 1233 1205 1291 corpus
1233 1219 1469 1289 spiritale
1515 1217 1531 1280 (
1549 1217 1569 1271 l
1602 1217 1720 1270 Cor.
1755 1213 1884 1288 xv).
1919 1217 1984 1271 Et

386 1311 585 1365 iterum
613 1319 918 1381 postpauca
937 1311 1079 1365 idem
1106 1312 1454 1365 beatissimus
1479 1309 1677 1363 Paulus
1704 1327 1714 1362 :
1745 1308 1979 1381 Oportet,

384 1405 589 1473 inquit,
641 1405 979 1478 corruptibile
1003 1405 1101 1459 hoc
1145 1407 1361 1459 induere
1405 1405 1880 1474 incorruptionem,
1933 1414 1983 1460 et

387 1501 605 1553 mortale
641 1502 735 1552 hoc
779 1501 997 1556 induere
1043 1499 1509 1554 immortalitatem.
1561 1497 1589 1536 δ
1635 1498 1763 1551 Cum
1808 1509 1982 1552 autem

385 1593 604 1646 mortale
623 1592 718 1646 hoc
737 1593 968 1646 induerit
993 1593 1470 1658 immortalitatem,
1498 1600 1619 1644 tunc
1647 1591 1754 1659 ﬁet,
1784 1591 1976 1660 inquit,

380 1703 548 1739 sermo
580 1687 666 1756 qtti
695 1687 919 1753 scriptus
945 1695 1020 1739 est
1054 1701 1071 1739 :
1102 1685 1359 1754 Absorpta
1386 1695 1462 1739 est
1490 1700 1627 1738 mors
1657 1685 1710 1737 in
1741 1685 1976 1738 victoria.

2096 476 2219 529 edas
2261 474 2436 546 (Gen.
2466 477 2580 544 tt);
2609 483 2664 530 et
2700 490 3056 547 quaecumque
3087 484 3214 530 ante
3249 475 3472 546 Moysen
3516 473 3686 528 verbo

2091 580 2298 624 tantum
2324 569 2582 625 Dominus
2606 570 2932 638 praecepisse
2950 570 3319 641 cognoscitur.
3344 568 3452 623 Lex
3489 568 3688 622 litteras

2088 673 2166 717 eat
2195 679 2206 715 :
2237 660 2358 715 Non
2391 663 2609 725 occides,
2630 676 2731 715 non
2749 661 3100 729 moechubcris,
3126 676 3227 714 non
3249 661 3440 730 falsum
3457 660 3688 714 testimo-

2089 755 2233 806 nium
2262 754 2404 806 dices
2445 753 2464 824 (
2493 751 2665 806 Exod.
2698 754 2845 821 xx),
2876 761 2930 806 et
2959 764 3160 810 caetera
3193 768 3316 823 quae
3345 747 3374 788 ά
3407 759 3684 805 tsansacto

2082 846 2195 916 jam
2225 844 2453 900 dimidio
2482 860 2712 899 numero
2750 861 3018 901 annorum
3055 847 3264 910 saeculi,
3298 845 3424 900 ideo
3455 859 3551 914 per
3577 843 3685 899 Lee

2085 953 2206 1008 gem
2233 937 2429 991 littera:
2470 937 2856 1004 prohibentur,
2907 948 2966 992 ut
3015 937 3307 1008 negligenti
3355 936 3564 992 homini
3596 937 3684 992 vel

2086 1032 2249 1104 399
2275 1032 2576 1086 naturalem
2598 1032 2795 1102 legem,
2821 1033 2900 1087 vel
2921 1033 3158 1087 mandati
3191 1033 3386 1104 legem,
3418 1030 3685 1102 scriptum

2085 1127 2245 1198 Legis
2272 1127 2752 1183 commonitorium
2798 1127 3132 1194 traderetur,
3178 1136 3234 1181 et
3284 1127 3514 1182 haberet
3547 1125 3688 1180 obli-

2084 1221 2172 1273 vio
2198 1219 2575 1289 paedagogum,
2600 1219 2970 1274 dissimulatio
2990 1219 3433 1287 compulsorem;
3461 1217 3684 1274 dicente

2084 1312 2390 1382 Apostolo:
2442 1312 2702 1377 Quoniam
2743 1309 2854 1366 Lex
2903 1311 3221 1385 ptedagogus
3266 1319 3437 1365 noster
3477 1311 3577 1382 fuit
3626 1312 3683 1366 its

2083 1407 2290 1462 Christo
2335 1406 2539 1476 (Galat.
2570 1407 2674 1475 tn).
2730 1405 2842 1460 Lex
2885 1413 3068 1460 autem
3116 1406 3235 1460 sive
3284 1414 3517 1469 natura},
3561 1403 3681 1460 sive

2084 1500 2354 1565 mandati,
2418 1500 2535 1554 sive
2586 1498 2821 1563 litterze,
2884 1506 3010 1552 tunc
3065 1498 3382 1552 dominatur
3433 1496 3678 1562 homini,

2082 1593 2307 1662 quando
2337 1601 2466 1645 :rtas
2496 1591 2615 1660 ejus
2643 1603 2812 1660 capax
2835 1605 2959 1645 esse
2985 1591 3216 1660 cmprrit
3243 1589 3425 1660 Legis.
3463 1589 3531 1645 Et
3552 1588 3682 1646 hinc

2081 1695 2166 1742 est.
2190 1684 2322 1740 illud
2347 1685 2490 1756 quod
2522 1683 2810 1754 apostolus
2849 1683 3055 1738 Paulus
3081 1699 3154 1738 ex
3196 1682 3404 1738 inda-is
3434 1683 3682 1752 parenli~

384 1776 483 1831 Ubi
509 1790 614 1847 est,
656 1793 825 1844 mors,
870 1779 1090 1831 victoria
1127 1779 1258 1832 tua?
1289 1777 1376 1832 ubi
1405 1788 1480 1831 est
1505 1819 1518 1841 ,
1567 1794 1726 1841 mors,
1768 1779 1979 1832 aculeus
2009 1782 2055 1842 Β
2085 1781 2184 1835 bus
2215 1788 2397 1846 natus,
2445 1778 2712 1832 Hebraeus
2751 1775 2954 1847 quippe
2995 1791 3065 1831 ex
3116 1777 3388 1840 Hebraeis,
3420 1778 3532 1831 ait:
3565 1774 3681 1848 Ego

377 1885 497 1929 tuus
526 1873 544 1945 (
571 1872 709 1927 Ibid.
736 1918 750 1943 ,
807 1871 925 1945 5)?
969 1873 1034 1928 Et
1067 1875 1189 1944 quis
1227 1874 1328 1928 iste
1357 1875 1428 1927 sit
1473 1874 1667 1928 mortis
1711 1872 1972 1942 aculeus,

378 1969 548 2038 ipsius
579 1967 725 2023 beati
771 1967 1018 2038 Apostoli
1055 1967 1346 2021 coluerens
1381 1963 1804 2036 aperitsermo:
1841 1965 1978 2019 Acu-

375 2062 483 2116 leus
509 2071 678 2115 autem
720 2062 898 2115 mortis
926 2069 1194 2131 peccatum
1226 2075 1244 2113 :
1274 2061 1435 2114 virtus
1467 2067 1637 2113 autem
1670 2059 1865 2129 peccati
1893 2058 1976 2110 lea:

371 2167 454 2210 est
487 2155 546 2224 (Ι
575 2153 697 2209 Cor.
739 2171 826 2218 xv,
857 2153 982 2224 56).
1018 2152 1256 2208 Aculeus
1303 2153 1523 2223 quidem
1565 2155 1754 2206 mortis
1784 2166 1976 2221 pecca-

371 2255 480 2301 tum
509 2288 523 2311 ,
569 2247 881 2301 charissimi
904 2287 918 2309 ,
953 2247 1078 2315 quia
1119 2261 1219 2317 per
1247 2258 1530 2315 peccatum
1574 2260 1762 2301 mors:
1800 2249 1974 2301 virtus

367 2354 502 2393 vero
535 2341 743 2407 peccati
768 2339 898 2403 Lex,
921 2340 1180 2410 quoniam
1203 2339 1322 2394 sine
1343 2339 1487 2409 Lege
1519 2347 1799 2408 peccatum
1829 2355 1975 2393 mor-

369 2438 522 2485 tuum
554 2441 659 2485 est.
702 2431 996 2486 Peccatum
1029 2431 1176 2486 enim
1215 2447 1322 2484 non
1357 2431 1656 2498 imputatur
1693 2443 1818 2485 cum
1859 2430 1973 2484 Lex

370 2537 478 2576 non
507 2531 610 2577 est.
646 2523 777 2578 Nam
805 2540 982 2594 neque
1009 2525 1178 2577 Adam
1207 2523 1401 2578 luisset
1428 2531 1674 2576 mortuus
1693 2565 1707 2588 ,
1733 2523 1878 2592 quod
1907 2525 1974 2576 de

369 2616 552 2671 fructu
581 2617 728 2670 illius
749 2617 968 2671 arboris
991 2616 1368 2678 manducavit,
1402 2615 1505 2669 nisi
1537 2627 1725 2670 contra
1745 2614 1973 2669 vetitum

369 2710 796 2776 manducasset,
843 2711 1018 2780 legem
1073 2710 1310 2764 mandati
1359 2716 1718 2764 contemnens
1751 2725 1764 2762 :
1798 2724 1973 2779 neque

374 2801 535 2858 hodie
558 2801 759 2872 aliquis
805 2812 1018 2856 reatum
1065 2802 1270 2872 peccati
1317 2801 1575 2866 incurrit,
1612 2800 1657 2854 si
1699 2813 1823 2856 eutn
1863 2815 1974 2855 non

372 2892 679 2962 adstringat
707 2901 802 2948 aut
845 2894 1117 2949 naturalis
1164 2894 1248 2949 lex
1271 2937 1284 2961 ,
1322 2903 1414 2948 aut
1446 2893 1686 2948 mandati
1727 2893 1807 2947 lex
1833 2936 1847 2960 ,
1879 2901 1975 2949 aut

373 2986 570 3042 littera:
594 2986 726 3042 Lex.
759 2986 1036 3042 Naturalis
1059 2988 1144 3043 lex
1171 2997 1256 3042 est
1290 2987 1379 3041 illa
1405 3002 1508 3057 qua
1538 2987 1742 3043 Gentes
1773 2986 1974 3056 Legem

373 3081 569 3135 litterze
600 3097 706 3134 non
742 3081 1027 3146 habentes,
1063 3082 1385 3136 naturaliter
1413 3096 1475 3136 ea
1503 3096 1627 3151 qua!
1657 3082 1815 3149 Li-gis
1846 3089 1975 3138 sunt

2080 1886 2251 1929 autem
2296 1873 2524 1927 vivebam
2554 1873 2664 1928 sine
2704 1871 2842 1943 Lege
2892 1871 3199 1940 aliquando,
3252 1877 3315 1925 ut
3359 1869 3683 1924 ostenderet

2081 1969 2302 2022 esolam
2356 1966 2606 2022 infantiae
2658 1977 2880 2022 atatem
2925 1966 3049 2022 sine
3082 1966 3227 2035 Lege
3276 1966 3499 2030 vivere,
3553 1979 3678 2034 qua

2077 2060 2320 2114 nondum
2360 2059 2542 2126 capiat
2574 2058 2808 2128 Legem;
2856 2060 2949 2112 sed
2976 2071 3098 2112 mox
3124 2058 3211 2111 ubi
3239 2059 3372 2112 venit
3405 2057 3539 2120 Lex,
3594 2057 3679 2110 in-

2076 2152 2216 2221 quit,
2248 2159 2512 2221 peccatum
2531 2149 2748 2204 reuixit:
2778 2166 2872 2220 ego
2899 2158 3074 2203 autem
3096 2156 3332 2202 mortuus
3361 2147 3673 2216 sumlﬂom.

2078 2242 2206 2313 vn);
2240 2241 2344 2298 hoc
2373 2251 2460 2297 est
2479 2242 2712 2307 dixiSse,
2738 2255 2899 2311 pet-ca
2912 2249 3052 2307 tum,
3085 2239 3232 2309 quml
3257 2248 3378 2296 erat
3401 2239 3679 2311 ignoranti

2078 2347 2374 2401 mortuum,
2409 2336 2594 2390 vivere
2625 2335 2955 2405 intelligenti
2978 2332 3146 2402 cmpit
3170 2351 3181 2386 :
3209 2342 3269 2388 et
3289 2348 3394 2404 ego
3411 2334 3500 2404 qui
3523 2334 3680 2416 vive-

2076 2431 2198 2485 bam
2231 2432 2384 2497 prius
2413 2430 2536 2483 sine
2578 2429 2740 2499 Lege,
2786 2427 2961 2481 factus
2994 2442 3117 2481 sum
3164 2429 3330 2481 morti
3378 2415 3673 2492 obndxitis,

2074 2523 2180 2576 nisi
2211 2523 2563 2576 declinavero
2594 2531 2904 2589 peccatum,
2952 2521 3100 2590 quod
3141 2521 3252 2589 jam
3289 2520 3422 2574 ntihi
3466 2520 3674 2575 intelli-

2075 2616 2225 2686 genti
2276 2627 2507 2668 mortem
2537 2625 2770 2684 generat
2810 2630 2822 2666 :
2857 2623 2914 2669 et
2959 2613 3146 2682 incipit
3181 2612 3499 2667 mandatum
3527 2613 3676 2682 quod

2076 2708 2211 2763 mihi
2241 2707 2308 2762 ad
2341 2707 2507 2761 vitam
2539 2706 2728 2760 datum
2757 2716 2861 2771 est,
2895 2705 2999 2760 hoc
3028 2719 3151 2760 esse
3182 2706 3248 2760 ad
3279 2713 3537 2759 mortem.
3581 2705 3680 2762 ille

2077 2817 2208 2872 ergo
2239 2802 2505 2871 septimus
2549 2797 2880 2855 millesimus
2911 2813 3091 2854 annus
3119 2800 3197 2870 (ut
3224 2799 3289 2853 ad
3327 2801 3674 2870 propositum

2076 2907 2240 2965 caput
2289 2895 2555 2967 redeam)
2603 2896 2724 2965 ipse
2783 2893 2889 2950 erit
2933 2910 3061 2950 vere
3117 2893 3470 2948 beatissimus
3523 2894 3675 2960 dies,

2075 2991 2296 3061 quando
2318 2993 2508 3062 agonis
2531 2991 2692 3061 hujus
2721 3007 2884 3060 qnetn
2916 3004 3062 3044 nunc
3086 2991 3346 3060 patimur,
3383 2991 3674 3048 desinente

2075 3083 2355 3151 conﬂictu,
2387 3093 2628 3152 optatam
2663 3082 2903 3137 vit-tores
2932 3083 3182 3152 requiem
3216 3083 3459 3150 capient,
3499 3097 3562 3138 ac
3596 3083 3677 3137 le-

375 3173 665 3246 (Rom.tt),
701 3174 934 3242 faciunt;
960 3177 1089 3246 quia
1115 3175 1453 3230 rationabilis
1476 3175 1672 3229 animm
1716 3177 1967 3231 humanae
1997 3169 2042 3232 C
2075 3176 2162 3231 lici
2196 3175 2306 3230 otio
2337 3174 2710 3244 perfruentur,
2749 3172 2766 3211 ί
2794 3173 3002 3228 nullum
3047 3172 3251 3229 servile
3285 3188 3425 3244 Opus
3471 3173 3565 3241 ibi,
3619 3172 3673 3230 id

374 3281 562 3323 natura
585 3310 599 3333 ,
633 3278 692 3324 ut
721 3268 1036 3325 Creatorem
1070 3286 1227 3324 suum
1276 3270 1511 3332 sentiat,
1556 3278 1611 3323 ιιι
1661 3271 1970 3338 proximum

375 3377 482 3416 non
528 3363 686 3415 laedat
709 3405 722 3428 ,
753 3373 813 3417 ttt
845 3378 950 3416 non
995 3362 1156 3415 faciat
1186 3362 1327 3428 quod
1365 3364 1472 3428 pati
1501 3379 1606 3416 non
1631 3363 1780 3430 vult,
1816 3369 1971 3416 natu-

375 3453 475 3509 rali
507 3454 737 3522 quadam
779 3455 896 3520 lege
941 3455 1242 3522 intelligit:
1281 3453 1423 3507 unde
1465 3452 1849 3508 inexcusabilis
1890 3461 1976 3509 est

376 3543 554 3599 omnis
579 3546 740 3600 homo
768 3549 856 3615 qui
885 3545 966 3600 vel
990 3558 1269 3600 anetorem
1324 3563 1478 3600 suum
1511 3555 1704 3615 negat;
1733 3546 1816 3601 vel
1845 3545 1978 3602 facit

379 3633 580 3686 malum
611 3633 756 3702 quod
782 3649 878 3702 per
900 3635 1071 3694 legem
1105 3644 1312 3688 natura:
1337 3647 1444 3687 non
1479 3633 1690 3702 ignorat
1717 3645 1837 3687 esse
1862 3648 1975 3685 ma-

378 3722 508 3776 lum.
544 3734 567 3762 ε
594 3723 792 3778 lterum
822 3724 905 3778 lex
931 3723 1169 3779 mandati
1193 3733 1276 3779 est
1308 3741 1320 3778 :
1352 3724 1429 3778 Ab
1460 3725 1599 3778 omni
1644 3729 1816 3795 fructu
1845 3726 1976 3796 ligni

453 3869 476 3898 ⁸
505 3860 567 3914 Ει
593 3860 678 3914 hic
700 3876 915 3930 quoque
937 3862 1107 3914 visum
1132 3871 1210 3915 est
1236 3875 1504 3925 reponere
1530 3861 1820 3918 teetionem
1844 3881 1976 3932 qua-

381 3943 504 3986 tuor
525 3948 657 3985 mss.
682 3932 774 4002 qui
801 3934 944 3987 nullo
966 3933 1282 4004 discrimine
1306 3933 1384 3985 sic
1408 3933 1625 4004 legunt;
1654 3936 1827 4004 iisque
1850 3950 1977 3989 con-

379 4005 518 4058 cinit
542 4005 706 4058 etiam
737 4005 860 4057 cod.
901 4003 1218 4070 Pantagatlti
1251 4045 1264 4067 ,
1290 4005 1382 4058 sed
1419 4021 1514 4072 pro
1541 4003 1976 4070 concupiscentiis

385 4077 545 4129 habet
576 4077 1028 4146 concupiscentia.
1057 4076 1196 4129 Etliti
1226 4086 1407 4128 autem
1437 4078 1617 4129 minus
1649 4087 1798 4132 recte
1831 4080 1973 4146 quod

376 4149 488 4214 jam
521 4148 950 4216 concupiscentiis
978 4149 1260 4200 obnoxium
1288 4158 1360 4200 est
1379 4188 1392 4206 ,
1421 4151 1538 4202 erit.

456 4217 481 4253 δ
513 4219 840 4272 Exciderunt
872 4221 1033 4273 verba
1069 4221 1184 4272 hate
1211 4217 1264 4270 itt
1293 4219 1457 4273 editis
1481 4263 1495 4284 ,
1522 4239 1642 4290 qtta-
1671 4229 1850 4273 tamen
1878 4236 1972 4274 ne-

382 4291 623 4344 cessario
654 4290 988 4344 restituenda
1015 4291 1269 4344 (luxiinus
1301 4305 1362 4344 ex
1396 4307 1527 4351 mss.
1560 4293 1728 4347 liabet
1756 4305 1816 4344 ea
1846 4293 1970 4346 cod.

383 4376 597 4432 quoque
625 4361 715 4432 qui
751 4360 850 4414 fuit
879 4362 1086 4415 Octavii
1120 4361 1464 4432 Pantagalhi.

459 4441 480 4469 ο
508 4430 818 4485 Mandatum
851 4445 1011 4486 vocat
1041 4435 1205 4487 etiam
1253 4430 1581 4495 Pnilastrius
1626 4441 1830 4489 statum
1880 4434 1973 4487 hu-

386 4513 801 4576 tnanznrnaturte
842 4515 968 4559 ante
1019 4504 1218 4567 Legem
1259 4504 1466 4576 Moysi,
1511 4523 1634 4574 cap.
1687 4505 1820 4566 155,
1871 4508 1975 4560 tria

387 4575 502 4628 haec
528 4574 874 4642 distinguens
901 4616 915 4640 ,
943 4593 994 4644 p.
1022 4577 1145 4638 lll,
1173 4587 1226 4627 ut
1248 4577 1298 4629 in
1333 4574 1501 4643 prima
1528 4588 1682 4632 celate
1700 4579 1793 4632 sub
1817 4592 1977 4631 mau-

385 4647 512 4719 dalo
543 4647 669 4719 sit,
691 4646 920 4699 secunda
963 4647 1058 4701 sub
1093 4647 1235 4715 Lege
1269 4649 1419 4719 tertia
1461 4651 1554 4702 sub
1580 4652 1754 4719 gratia
1791 4647 1980 4702 Salva-

387 4718 536 4771 toris.
577 4715 710 4770 Vide
745 4720 1030 4772 observata
1067 4720 1137 4771 ibi
1169 4736 1197 4770 ιι
1227 4718 1538 4773 clarissinm
1573 4715 1828 4775 Fabricio
1853 4761 1865 4781 ,
1900 4721 1975 4772 ttti

387 4798 443 4842 et
473 4805 591 4853 cap.
640 4789 766 4850 109,
815 4807 867 4855 p.
908 4792 996 4844 85.
1027 4789 1118 4845 Sic
1149 4789 1293 4843 idem
1331 4789 1664 4845 Philastrius
1687 4834 1699 4850 ,
1735 4805 1783 4844 c.
1826 4791 1928 4844 150
1963 4809 1973 4843 :

389 4859 500 4914 Lex
525 4861 710 4913 littera:
740 4861 792 4912 in
836 4861 1002 4914 medio
1041 4861 1208 4924 posita
1251 4871 1326 4912 est
1369 4863 1501 4914 inter
1542 4864 1881 4927 mandatum,
1929 4869 1978 4915 et

388 4933 644 5005 gratiam;
674 4939 882 5005 etcap.
913 4931 1016 5005 Mi
1047 4948 1060 4983 :
1095 4929 1157 4982 In
1186 4931 1430 4984 mandato
1460 4935 1682 5004 quippe,
1723 4933 1852 5005 Lege
1877 4975 1889 4997 ,
1933 4941 1980 4985 el

390 5001 585 5054 Christi
617 5002 824 5066 gratia,
875 5003 1048 5054 omnia
1093 5017 1211 5072 qua
1240 5014 1285 5054 et
1331 5001 1617 5065 primum
1661 5001 1882 5056 secundo
1933 5012 1981 5058 et

391 5081 650 5144 postremo
675 5081 942 5144 tempore,
962 5076 1168 5144 papulis
1194 5089 1286 5144 per
1315 5075 1516 5127 diuersa
1547 5078 1844 5127 meritorum
1875 5076 1984 5127 col-

391 5141 502 5194 lata
533 5143 634 5194 sint
664 5157 878 5196 munera
909 5141 1204 5211 dignitatis;
1248 5144 1538 5199 l’htlastrio
1568 5146 1798 5201 concinit
1831 5145 1980 5199 Gau-

394 5213 612 5267 dentius
640 5227 747 5267 non
795 5214 878 5267 hic
917 5223 1127 5279 solum,
1165 5217 1259 5269 seti
1292 5218 1456 5270 etiam
1503 5233 1662 5284 supra
1711 5231 1877 5271 set-tn.
1910 5218 1980 5280 8,

395 5301 516 5361 pag.
564 5285 672 5340 ἳἹὸ
713 5303 723 5337 :
771 5285 1102 5361 Dics__itaque
1146 5289 1242 5354 fuit
1291 5289 1366 5361 in_
1394 5293 1639 5361 mandato
1679 5285 1880 5361 primus
1921 5287 1982 5340 ab

396 5358 564 5430 ddum
591 5357 850 5430 usquead
884 5355 1100 5426 Moysen
1129 5372 1147 5409 :
1177 5359 1428 5411 secundas
1459 5355 1693 5430 diesqfuii
1725 5363 1814 5412 sub
1853 5359 1985 5430 Lege

400 5427 570 5498 Moysi
603 5443 622 5482 :
652 5429 833 5482 tertius
873 5430 982 5480 dies
1013 5438 1085 5481 est
1129 5431 1223 5480 sub
1272 5431 1441 5499 gratia
1487 5427 1796 5484 Saluatoris.
1827 5427 1984 5496 Quod

399 5509 578 5552 autem
623 5500 711 5553 hic
759 5500 935 5570 subdit
979 5499 1345 5560 Gaudentius,
1397 5503 1516 5554 ideo
1560 5503 1744 5553 datam
1788 5503 1983 5570 Legem

400 5571 661 5644 scripturn
690 5611 704 5631 ,
729 5581 800 5644 ut
815 5569 1093 5644 negligcnti
1131 5571 1328 5623 homini
1355 5572 1440 5644 uel
1471 5574 1763 5624 naturalem
1792 5575 1984 5642 legent,

402 5641 480 5690 vel
505 5639 737 5712 mandati
785 5639 975 5712 legent;
1031 5644 1286 5708 scriptum
1344 5641 1493 5710 Leqis
1539 5639 1986 5696 commonitorium

401 5709 709 5784 traderetur,
729 5725 783 5784 et
831 5709 1031 5767 habere!
1079 5713 1265 5767 oblivio
1299 5709 1680 5784 pantagogum;
1715 5715 1852 5767 idem
1905 5723 1990 5768 cst

401 5781 546 5854 quod
573 5781 652 5835 ait
683 5781 1007 5839 Philastrius
1038 5800 1158 5856 cap.
1193 5786 1294 5840 135
1325 5803 1335 5837 :
1373 5783 1485 5838 Lex
1517 5781 1806 5838 admonitio
1835 5799 1988 5840 man—

2079 3278 2164 3323 est
2193 3269 2400 3323 nullutn
2428 3267 2636 3336 peccati
2660 3283 2798 3336 opus
2820 3267 3118 3331 facientes;
3140 3268 3264 3338 quia
3291 3267 3380 3335 qui
3401 3267 3525 3338 facit
3550 3284 3675 3338 pec-

2077 3369 2270 3427 catum,
2325 3375 2502 3414 servus
2551 3369 2624 3412 est
2675 3360 2897 3429 peccati,
2934 3369 2992 3413 ut
3048 3360 3125 3413 ait
3177 3359 3433 3415 Salvator
3484 3358 3672 3428 (domi.

2076 3452 2222 3520 vm);
2263 3451 2361 3505 sed
2398 3452 2498 3504 hoc
2530 3451 2689 3521 plane
2733 3452 2908 3505 solum
2950 3450 3148 3506 facient
3181 3449 3325 3522 quod
3360 3449 3671 3507 iaciendum

2075 3546 2178 3599 erit
2224 3545 2372 3600 omni
2404 3545 2602 3598 animae
2633 3555 2862 3610 sanctm,
2889 3544 3102 3598 scilicet
3132 3552 3188 3597 ιιι
3214 3543 3460 3613 Copulali
3495 3545 3673 3615 agmi-

2080 3639 2244 3691 nibus
2286 3636 2640 3705 Angelornnt.
2685 3645 2982 3704 perpetuos
3016 3634 3257 3706 hymnos
3294 3648 3344 3690 et
3373 3637 3677 3705 gratiarum

2078 3729 2322 3783 actiones
2353 3726 2584 3781 Domino
2617 3737 2810 3781 nostro
2842 3725 3085 3782 referant
3123 3729 3175 3780 in
3196 3736 3483 3783 aeternum.
3527 3728 3674 3785 Sane

2079 3866 2216 3929 dati,
2243 3873 2290 3919 et
2324 3865 2656 3930 confirmatio
2679 3876 2752 3919 est
2786 3867 2940 3930 primi
2980 3865 3160 3932 illius;
3201 3875 3254 3920 et
3304 3868 3469 3935 paulo
3502 3877 3623 3932 p08!
3657 3885 3674 3923 :

2077 3939 2227 3997 cuius
2252 3937 2505 3990 oblivione
2528 3940 2774 3991 existente
2802 3939 2853 3989 in
2883 3935 3084 3990 Judatils
3107 3979 3118 4000 ,
3149 3939 3436 3990 admonitio
3466 3952 3676 3992 rursum

2078 4009 2265 4062 littera:
2294 4011 2562 4062 subsecuta
2586 4019 2696 4071 est;
2728 4017 2782 4062 et
2808 4009 3009 4073 denuo,
3037 4023 3156 4078 cap.
3188 4011 3310 4072 150,
3345 4007 3455 4062 Leu:
3496 4012 3679 4063 admo-

2077 4081 2204 4134 nitio
2234 4080 2468 4132 mandati
2492 4091 2588 4134 est.

2147 4149 2172 4186 ἀ
2205 4152 2316 4205 lloc
2365 4162 2449 4205 est
2483 4161 2566 4206 ter
2609 4152 2760 4208 mille
2805 4152 2992 4215 annis,
3037 4153 3192 4215 iuxta
3236 4161 3409 4206 sentes
3438 4151 3566 4206 tiam
3609 4151 3679 4210 de

2075 4224 2547 4276 consummatione
2578 4225 2762 4278 mundi
2811 4225 2968 4277 linito
3010 4235 3167 4277 Sexto
3197 4224 3502 4276 millcnario
3534 4225 3688 4279 futu-s

2082 4308 2196 4347 ram
2231 4335 2240 4354 .
2275 4295 2340 4346 de
2373 4307 2478 4363 qua
2509 4296 2670 4364 paulo
2713 4305 2838 4349 ante
2871 4306 3048 4348 actum
3080 4305 3184 4348 est.
3223 4294 3455 4350 Set-ntus
3492 4307 3674 4358 autem

2082 4364 2299 4437 ridetur
2328 4365 2665 4418 Gaudentius
2693 4370 3134 4435 supputationem
3176 4364 3495 4420 Graecorum
3527 4408 3540 4430 ,
3585 4365 3679 4437 qui

2081 4435 2348 4490 diluvium
2379 4437 2687 4490 statuebam
2723 4439 2790 4491 ab
2819 4441 2951 4491 orbe
2983 4438 3208 4490 condito
3234 4447 3356 4506 post
3388 4452 3563 4491 annos
3596 4435 3680 4491 bis

2083 4508 2231 4563 mile
2258 4550 2271 4570 ,
2309 4507 2389 4561 luis
2410 4522 2626 4563 centum
2647 4548 2663 4569 ,
2686 4511 2820 4562 duos
2846 4521 2896 4563 et
2928 4508 3285 4577 quadraginta
3315 4525 3327 4571 ;
3358 4524 3517 4578 quam
3548 4524 3680 4576 sup-

2081 4581 2415 4645 putationem
2442 4579 2657 4633 Latinis
2681 4596 2895 4649 quoque
2921 4594 3041 4632 a-vo
3067 4580 3355 4632 Gandcntii
3392 4579 3676 4649 probatam

2081 4650 2275 4710 fuisse,
2311 4651 2512 4718 colligo
2541 4665 2604 4702 ex
2642 4649 2885 4719 Sulpicio
2914 4649 3140 4708 Severo.
3174 4650 3271 4702 lib.
3306 4664 3321 4702 ι
3353 4651 3475 4704 Sac.
3509 4650 3678 4718 Ilist.,

2080 4737 2198 4786 cap.
2229 4723 2282 4775 5.
2315 4721 2417 4775 Sed
2451 4721 2594 4788 quiti,
2635 4720 2735 4775 hac
2766 4721 3156 4788 supputatione
3193 4720 3467 4783 admissa,
3503 4726 3678 4775 multo

2083 4794 2264 4860 plures
2291 4807 2451 4858 quam
2479 4801 2560 4844 ter
2585 4791 2732 4845 mille
2756 4795 2882 4845 anni
2917 4792 3264 4843 intervellunt
3285 4791 3352 4843 ab
3382 4793 3515 4845 orbe
3544 4808 3679 4846 con-

2081 4864 2195 4914 dito
2242 4862 2308 4916 ad
2355 4862 2594 4929 Legem,
2644 4862 2768 4916 ideo
2816 4862 3052 4915 fortasse
3101 4860 3436 4918 Gaudentius
3493 4865 3679 4930 posuit

2084 4943 2345 4985 transacto
2364 4936 2477 5001 jam
2500 4933 2716 4985 dimidio
2744 4949 2956 4986 numero
2993 4948 3246 4985 annorum
3272 4935 3470 4988 seaculi.
3501 4937 3675 4989 liodie

2084 5004 2152 5055 ab
2184 5003 2284 5055 hoc
2315 5004 2527 5056 calculo
2561 5005 2794 5077 immane
2822 5019 2983 5072 quant
3018 5005 3343 5059 dissentiant
3365 5006 3464 5077 ’qtti
3504 5006 3677 5060 ratio-

2086 5090 2209 5128 nem
2245 5088 2549 5144 temporum
2592 5076 2968 5144 investigatum
3001 5077 3218 5142 scriptis
3250 5076 3564 5130 ediderunt.

2161 5155 2183 5181 ε
2212 5145 2302 5200 Sic
2333 5148 2520 5213 legunt
2553 5145 2698 5202 Vatt.
2739 5148 2869 5213 dno,
2907 5145 3050 5200 Flor.
3086 5156 3141 5201 et
3169 5148 3289 5202 cod.
3324 5146 3670 5214 Pantagathi.

2075 5217 2256 5288 .Etliti,
2289 5217 2456 5270 solam
2483 5218 2696 5288 infantis
2727 5227 2947 5272 (etatem.

2166 5287 2183 5324 ί
2210 5289 2355 5340 idem
2383 5302 2511 5343 mss.
2533 5287 2694 5342 eodd.
2724 5291 2981 5343 exhibent
3004 5288 3141 5342 hanc
3167 5289 3478 5350 lectionem,
3508 5302 3671 5356 quam

2087 5361 2516 5414 commodiorem
2555 5375 2678 5413 ess»,
2719 5376 2880 5415 nemo
2911 5359 3151 5429 negabit,
3180 5361 3270 5428 qui
3317 5362 3565 5414 attendat
3612 5374 3675 5413 ea

2088 5447 2207 5500 quae
2256 5442 2581 5498 sequuntur,
2605 5433 2727 5502 quia
2765 5433 2851 5502 qui
2883 5434 3003 5500 facit
3055 5439 3339 5498 precatum,
3375 5447 3548 5483 servas
3597 5436 3676 5483 est

2089 5505 2305 5572 peccati.
2345 5503 2483 5555 Etliti
2511 5519 2674 5570 porro
2715 5507 2792 5556 sic
2833 5507 3061 5554 habent:
3092 5504 3291 5554 nullum
3332 5502 3512 5556 servile
3542 5517 3674 5568 Opus

2089 5577 2178 5630 ibi.
2213 5583 2257 5625 et
2299 5573 2500 5626 nullum
2533 5576 2726 5638 peccati
2759 5588 2886 5638 Opus
2916 5574 3192 5642 facientes;
3224 5575 3317 5626 sed
3363 5575 3511 5642 perit
3557 5582 3672 5626 tota

2091 5648 2172 5698 vis
2204 5644 2359 5712 hujus
2407 5649 2712 5700 sentcntiae.
2750 5646 2803 5697 lu
2838 5641 2967 5698 edit.
3004 5641 3280 5709 Lugdutt.,
3314 5641 3421 5699 sic:
3465 5643 3669 5696 nullum

2092 5718 2270 5769 seruile
2294 5731 2421 5784 Opus
2453 5717 2699 5785 facientes
2723 5732 2741 5780 ;
2767 5730 2796 5768 c
2814 5723 2962 5768 ctera
2989 5713 3330 5772 exciderunt.
