4120 6174
1493 236 1550 294 S.
1593 232 1970 293 GAUDENTII
2007 228 2270 288 BRIXLE
2312 225 2621 284 EPISCOPI

3592 213 3698 271 920

393 366 552 436 juxta
585 359 834 417 historia
855 357 1148 422 rationem,
1182 360 1517 423 praeceptum
1547 346 1753 405 ludatis
1792 345 1994 410 fuerat,
2025 349 2077 409 Α
2103 358 2185 396 ves
2211 347 2530 404 sanctorum,
2554 346 2602 392 et
2627 335 2898 436 don-testici
2925 332 3256 436 Dei-(.llbid.).
3289 329 3407 387 Una
3428 342 3562 436 ergo
3594 341 3696 382 no-

409 469 434 498 ι
468 471 526 514 ιιι
553 457 749 513 diebus
781 452 992 510 sabbati
1036 451 1105 506 ab
1132 449 1279 504 omni
1321 462 1489 516 opere
1521 442 1727 514 peccati
1751 443 2003 513 quiesce-

402 561 549 617 rent,
583 559 638 603 et
670 563 730 601 ea
765 545 940 600 solum
974 559 1094 612 quin
1125 543 1327 596 animm
1349 537 1743 608 congruebant,
1771 547 1999 589 exerce-

407 648 573 696 rent:
605 637 701 692 sed
730 635 989 707 quoniam
1013 676 1027 691 .
1076 631 1176 686 hac
1224 631 1455 686 salutari
1485 627 1872 682 ob~ervutiotte
1908 637 2004 677 ne-

402 734 600 803 glecta,
627 745 846 784 onmem
869 727 1082 783 sabbati
1118 727 1293 794 legem
1315 722 1381 777 ad
1408 722 1600 784 otium,
1621 719 2004 786 luxuriamque

405 826 777 892 contulerant,
797 822 825 862 ὶ)
869 823 1046 894 palam
1077 829 1182 886 est,
1217 818 1358 873 unde
1387 817 1572 871 odisse
1595 831 1654 869 se
1675 814 1818 869 Deus
1841 812 1946 882 (ls.
1965 811 2003 882 t)

400 923 514 991 jam
567 935 673 975 non
724 933 844 981 sua,
887 916 983 972 sed
1017 915 1236 970 illorum
1286 912 1512 966 sabbata
1538 918 1902 964 contestatur.
1947 906 2002 960 In

406 1011 742 1083 evangelicis
800 1009 1135 1064 lectionibus
1197 1000 1530 1058 fraternitati
1589 1007 1788 1055 vestrae
1828 999 1848 1026 ε
1901 995 2008 1052 fre-

407 1113 645 1178 quenter
674 1102 930 1171 exposui,
992 1100 1081 1154 ubi
1134 1098 1299 1169 300
1327 1096 1669 1149 Salvatorem
1721 1090 2007 1146 sabbatum

409 1197 677 1261 violasse,
728 1193 905 1249 Judu-i
952 1191 1221 1247 vecordes
1255 1191 1534 1247 incusant,
1579 1199 1738 1252 quem
1778 1196 1877 1236 nos
1908 1181 2009 1235 im-

406 1291 646 1362 plevisse
673 1289 845 1357 magis
869 1286 1042 1355 legem
1076 1282 1313 1346 sabbati,
1343 1281 1586 1350 ipsorum
1627 1291 1857 1347 operum
1886 1289 2008 1345 qua:

409 1381 654 1438 sabbatis
685 1378 1009 1444 celebravit,
1056 1373 1296 1430 evidenti
1342 1370 1667 1442 probatione
1696 1368 2006 1432 docuimus,

409 1491 517 1530 non
541 1473 762 1529 aliunde
795 1470 1074 1531 instructi,
1101 1467 1208 1521 nisi
1242 1482 1306 1521 ex
1342 1467 1457 1536 ipsa
1489 1463 1652 1533 Lege,
1676 1476 1836 1531 quam
1867 1459 2010 1530 pari-

411 1579 498 1626 ter
536 1568 772 1635 legimus
811 1581 934 1620 cum
976 1563 1200 1620 ludatis.
1235 1559 1513 1624 Scriptum
1543 1565 1627 1611 est
1658 1557 1839 1611 enim:
1890 1552 2010 1607 Una

416 1661 528 1718 Lex
575 1663 671 1715 erit
718 1661 997 1731 indigenae,
1027 1668 1073 1710 et
1101 1657 1313 1709 advena!
1345 1650 1546 1721 (Exod.
1581 1666 1678 1714 xu,
1710 1648 1826 1719 49).
1861 1647 2007 1702 ludi-

2105 433 2190 490 bis
2218 448 2340 488 cum
2372 430 2577 488 Judaeis
2605 437 2690 483 est
2725 429 2863 493 Lex;
2898 425 2994 481 sed
3026 425 3101 480 illi
3133 441 3252 480 eam
3295 423 3500 480 carnali
3533 435 3699 476 sensu

2106 527 2406 594 excipiunt,
2445 523 2584 577 nihil
2617 523 2688 576 ibi
2721 521 2982 589 spiritalis
3014 519 3389 582 intelligentite
3415 515 3699 586 requiren-

2106 628 2218 686 tes;
2250 634 2350 673 nos
2379 631 2510 672 vero
2534 621 2586 668 in
2611 630 2676 670 ea
2700 613 2978 670 Christum
3005 610 3340 680 reperimus,
3365 611 3417 662 in
3445 624 3547 679 quo
3580 614 3701 660 sunt

2108 729 2284 766 omnes
2316 710 2546 764 thesauri
2571 709 2847 776 sapientiae
2874 716 2922 760 et
2949 705 3177 758 scientia
3219 701 3439 758 caelestis
3485 700 3702 754 abscon-

2108 805 2206 858 diti
2237 802 2460 876 (Coloss.
2492 800 2576 873 tt).
2616 801 2861 869 Denique
2889 801 2942 853 in
2977 801 3079 852 bac
3105 799 3270 852 etiam
3304 796 3536 850 lectione
3562 793 3704 848 Exo-

2107 897 2160 952 di
2191 912 2311 967 quaa
2333 896 2586 950 ordinem
2619 892 2965 948 celebrandae
3012 890 3232 962 paschae
3260 889 3530 960 disponit,
3559 884 3587 924 τι
3610 902 3704 942 ve-

2107 1007 2227 1046 rum
2250 991 2342 1045 Dei
2375 993 2590 1058 Agnum
2611 1003 2736 1042 cum
2766 984 3022 1041 omnibus
3045 985 3326 1058 mys'eriis
3355 985 3484 1039 vitae
3501 993 3706 1039 nostra:

2110 1083 2445 1146 invenimus,
2473 1091 2494 1119 ε
2529 1082 2705 1152 ipsum
2759 1089 3160 1149 cognoscentes
3206 1077 3380 1132 Deum
3411 1089 3620 1135 verum.
3651 1082 3707 1131 et

2111 1176 2415 1241 hominem,
2443 1175 2731 1228 Dominum
2753 1175 2960 1244 gregis,
2987 1181 3043 1227 et
3069 1187 3251 1234 ovem,
3279 1169 3298 1208 τ
3333 1180 3606 1240 pastorem
3629 1169 3706 1224 si-

2110 1271 2246 1336 mul,
2277 1279 2331 1324 et
2357 1284 2575 1340 pascua.
2625 1267 2927 1321 Misericors
2953 1268 3124 1327 enim,
3155 1272 3200 1318 et
3221 1265 3496 1319 miserator
3528 1261 3708 1317 Domi-

2111 1379 2210 1416 nus
2236 1363 2569 1433 semet-ipsum
2591 1359 2733 1413 dedit
2763 1375 2933 1412 escam
2965 1356 3265 1410 timentibus
3287 1353 3406 1425 (Ps.
3437 1352 3549 1426 cs).
3573 1353 3706 1408 Nam

2112 1458 2284 1512 totius
2314 1455 2683 1510 observantiae
2712 1453 2916 1507 vetet-is
2946 1451 3170 1522 Legem,
3212 1465 3308 1519 per
3336 1449 3562 1520 gratiam
3590 1447 3709 1502 Filii

2114 1549 2237 1613 Dei,
2285 1549 2336 1604 in
2369 1551 2604 1604 veritate
2650 1545 2777 1601 novi
2809 1541 3148 1600 Testamenti
3190 1541 3548 1611 cognovimus
3587 1551 3711 1594 esse

2112 1645 2462 1714 completum,
2509 1641 2824 1712 probantes,
2868 1636 3144 1708 quomodo
3190 1636 3407 1704 paschae
3450 1634 3560 1698 lett,
3591 1647 3713 1703 quae

413 1771 568 1826 gente
602 1753 793 1822 procul
835 1725 1005 1805 dubio
1033 1748 1208 1804 Judaei
1240 1758 1420 1811 erant,
1450 1742 1878 1815 patriarcharum
1924 1741 2000 1796 ci-
2037 1738 2083 1798 Β
2114 1752 2214 1808 per
2236 1737 2458 1808 Moysen
2492 1735 2672 1790 fuerat
2692 1733 2882 1826 d_.ata,8
2905 1732 3102 1826 gratia,
3121 1740 3169 1784 et
3201 1730 3390 1826 veritas
3413 1745 3505 1800 per
3531 1725 3714 1826 .lesum

415 1865 540 1912 ves,
562 1857 618 1901 et
640 1847 1040 1915 Prophetarum
1065 1859 1077 1895 :
1098 1841 1324 1894 advena:
1347 1846 1551 1905 autem,
1574 1839 1665 1907 qui
1690 1849 1874 1906 grazco
1895 1849 2013 1888 scr—

419 1958 585 2000 mone
624 1941 966 2012 appellantur
1003 1937 1352 2012 «poenitet-ot;
1409 1949 1507 1988 nos
1556 1931 1745 2000 utique
1793 1943 2013 1986 eramus

419 2037 646 2101 Gentes,
691 2045 748 2089 ιιι
771 2035 850 2088 ait.
897 2030 1216 2102 Apostolus,
1258 2028 1537 2100 peregrini,
1581 2034 1732 2096 atque
1787 2022 2012 2092 hospites

422 2129 890 2195 Testamentorunt,
917 2134 966 2179 et
998 2122 1359 2192 promissionis
1388 2137 1590 2184 eorum,
1617 2135 1761 2187 spem
1791 2134 1893 2172 non
1921 2118 2014 2170 Ita-

421 2224 618 2288 bentes,
651 2231 698 2274 et
738 2221 848 2274 sine
900 2217 1013 2272 Deo
1055 2219 1111 2270 in
1153 2216 1251 2270 hoc
1295 2213 1492 2268 mundo
1527 2211 1744 2285 (Epltes.
1771 2212 1853 2282 ιι).
1908 2210 2014 2292 sed

425 2326 713 2383 [tamquam
743 2311 1095 2375 credidimus,
1130 2307 1265 2363 dicit
1294 2307 1451 2362 ttobis
1479 2305 1624 2361 idem
1661 2307 1857 2361 beatus
1880 2307 2018 2361 Pau-

422 2406 504 2461 lus
532 2422 545 2459 :
576 2402 702 2458 lam
733 2419 840 2458 non
873 2401 998 2457 estis
1039 2401 1290 2471 hospites,
1321 2407 1368 2454 et
1394 2397 1628 2463 advenae,
1663 2397 1757 2452 sed
1779 2401 1902 2454 estis
1935 2399 2011 2452 ci-

498 2624 525 2654 ι
551 2613 697 2670 Vatt.
726 2610 836 2666 duo
857 2617 913 2664 et
936 2609 1086 2664 Flor.
1113 2617 1166 2661 ut
1197 2607 1274 2662 vel
1303 2606 1531 2660 sabbatis
1559 2603 1624 2656 ab
1645 2620 1802 2673 opere
1830 2611 2024 2672 peccati

427 2687 750 2759 quiescerent
779 2700 798 2737 :
829 2681 1059 2745 deinde,
1095 2690 1147 2759 et
1174 2696 1250 2759 ea_
1282 2679 1450 2759 solum
1494 2691 1610 2759 qua:
1664 2683 1854 2734 anich
1896 2695 2022 2759 con-

429 2750 667 2831 gruum,
684 2762 976 2831 exercerent
993 2767 1029 2831 ;.
1048 2763 1125 2831 eL
1137 2752 1189 2804 itt
1239 2750 1708 2831 lianc-lectionem
1747 2753 2022 2807 consentit

429 2822 595 2884 Etiam
627 2822 816 2884 Urbiu.
850 2837 898 2877 et
933 2824 1054 2880 cod.
1088 2822 1430 2890 Pantagatlti.

502 2898 530 2938 ιι
565 2899 737 2951 Voces
759 2898 867 2951 illae
899 2893 1074 2966 palam
1097 2905 1169 2948 est
1193 2895 1390 2948 desunt
1416 2892 1468 2946 iu
1499 2894 1677 2950 tribus
1706 2911 1837 2949 mss.
1869 2893 2018 2961 cod.,

432 2969 730 3027 retinendae
761 2978 967 3030 tamen,
993 2981 1060 3021 ne
1090 2980 1282 3037 sensus
1313 2980 1540 3037 mancus
1571 2966 1640 3019 sit
1677 2983 1739 3020 ac
1775 2968 2020 3037 mutilus.

430 3041 490 3097 lu
525 3058 628 3096 tus.
679 3040 995 3109 Pantagatbi
1046 3036 1447 3109 ea-demvorcs
1484 3035 1890 3097 desiderantur,
1925 3037 2021 3091 sud

429 3112 602 3182 ipsius
626 3127 788 3165 manu
815 3107 911 3174 pro
936 3109 1072 3182 unde
1099 3107 1240 3177 quod
1266 3107 1334 3178 ibi
1358 3107 1513 3182 prius
1541 3117 1682 3166 erat.
1708 3109 2010 3182 repositum

431 3178 517 3238 est
549 3185 706 3249 inde;
749 3182 947 3252 legitur
992 3179 1159 3234 etiam
1189 3179 1498 3252 contulerint
1530 3194 1630 3243 pro
1665 3178 2016 3252 contulerant,

433 3263 482 3308 et
514 3257 657 3309 odire
689 3269 786 3322 pro
807 3249 1008 3315 odisse,
1039 3264 1204 3322 quare
1224 3257 1368 3322 totus
1398 3249 1548 3322 locus
1571 3252 1654 3305 sic
1680 3251 1880 3304 habet:
1912 3266 2021 3303 om-

435 3342 552 3379 nem
572 3319 772 3378 sabbati
793 3325 954 3392 legem
990 3321 1056 3375 ad
1085 3322 1248 3374 otium
1287 3319 1649 3390 luxuriamque
1685 3322 2019 3386 contulerint,

433 3396 556 3451 inde
587 3397 730 3449 odire
758 3411 812 3448 se
839 3393 996 3448 Deus.

513 3478 534 3506 ο
564 3466 700 3522 Vide
729 3477 1046 3533 sequentem
1085 3474 1396 3520 tractatum.
1429 3467 1586 3521 Patet
1627 3465 1914 3521 manifeste
1956 3481 2023 3520 ex

437 3537 545 3593 hoc
574 3539 718 3599 loco,
764 3547 998 3606 quatuor
1039 3545 1330 3606 sequentes
1364 3547 1630 3592 tractatus
1679 3538 1747 3592 de
1788 3537 2024 3592 diversis

434 3610 688 3678 capitulis
740 3609 1046 3677 Evangelii,
1093 3619 1221 3664 ante
1271 3609 1460 3663 decem
1517 3610 1801 3674 paschales
1854 3609 2023 3662 luisse

435 3681 798 3746 conscriptos.
849 3679 960 3734 Ηοι·
995 3680 1138 3735 idem
1170 3680 1510 3735 Gaudentius
1553 3681 1924 3734 insinuaverat
1970 3681 2023 3733 in

437 3753 598 3808 l’rmf.
631 3754 846 3807 (Ιιοιτιιεε
885 3750 1121 3816 Quatuor
1152 3760 1398 3818 praeterea
1445 3752 1700 3805 breviores
1743 3760 2019 3812 tractatus,

435 3839 564 3890 quos
591 3828 652 3877 de
680 3823 889 3877 diversis
909 3821 1155 3894 capitulis
1188 3822 1450 3894 Evangelii
1477 3825 1618 3893 apud
1644 3833 1691 3876 te
1713 3825 1836 3877 olim
1862 3822 2025 3892 fuisse

437 3911 528 3967 me
547 3896 772 3967 locutum
800 3893 1096 3967 prodidisti.

505 3964 532 4037 (ξ
555 3965 649 4022 Sic
680 3964 1094 4021 eute‘mlavimus
1132 3982 1199 4020 ex
1219 3977 1453 4037 quatuor
1475 3981 1608 4037 mss.
1641 3965 1804 4019 codd.
1826 3965 2026 4034 quibus

435 4036 764 4106 sull'iagatur
807 4040 969 4106 elt:t_ttt
1018 4038 1158 4090 liber
1191 4035 1539 4104 Pantagatbi,
1587 4051 1710 4091 cum
1755 4039 1806 4091 iu
1859 4037 2026 4091 editis

435 4121 584 4163 exsta
595 4104 673 4161 rel
707 4125 866 4160 unum
895 4104 993 4160 Dei
1012 4107 1235 4174 Agnum.

510 4191 534 4215 ι·
571 4177 794 4231 Videtur
823 4182 1048 4249 ontuino
1071 4179 1188 4232 haec
1217 4194 1338 4233 esse
1357 4193 1612 4246 germana
1645 4177 1828 4244 lectio,
1859 4195 2021 4249 quam

434 4251 751 4320 accepimus
783 4265 848 4303 cx
885 4248 1028 4302 Vatt.
1061 4249 1294 4314 duobus,
1325 4261 1379 4304 et
1411 4251 1766 4304 confirmatur
1794 4248 1959 4304 etiam
1992 4267 2023 4306 a

432 4323 556 4392 cod.
588 4322 794 4392 Octztvii
833 4321 1169 4392 Pzitttag.ttlti.
1208 4321 1265 4374 In
1309 4321 1472 4374 editis
1513 4322 1718 4390 quippe
1761 4333 2023 4392 Corrupte

434 4391 668 4446 habetur
720 4390 998 4443 Dominum
1044 4406 1238 4451 verum,
1289 4401 1338 4444 et
1396 4392 1671 4456 hominem,
1727 4390 2019 4462 statimque

429 4462 683 4516 subditur
732 4463 912 4529 int-pta
941 4461 1208 4532 repetitio
1253 4462 1544 4530 Dominum
1573 4463 1741 4532 gregis
1771 4474 1818 4516 et
1851 4461 2011 4516 ovem.

430 4532 828 4605 Aunotavimns
881 4531 1043 4586 etinu
1086 4532 1216 4586 alibi
1271 4550 1376 4588 non
1430 4536 1620 4605 semel,
1668 4531 1765 4588 ubi
1816 4535 2015 4605 legitur

431 4602 576 4658 Deus
619 4605 670 4658 itt
704 4618 833 4658 ms-.
887 4607 1226 4673 Stltiptlsilttlll
1261 4605 1428 4660 fuisse
1465 4602 1750 4669 Dominus;
1794 4602 1892 4659 nec
1926 4621 2014 4661 re—

427 4689 558 4731 cens
602 4679 717 4730 tia-.c
748 4683 831 4729 est
859 4677 1108 4745 querela,
1153 4691 1300 4745 saepe
1327 4693 1556 4731 numero
1585 4678 1634 4728 in
1669 4682 1896 4730 vetn~lts
1925 4694 2017 4732 co-

424 4747 640 4801 dicibus
661 4748 721 4803 τό
749 4745 888 4800 Deus
915 4747 1186 4801 sublatum
1218 4749 1388 4803 fuisse
1419 4750 1486 4800 ab
1518 4748 1583 4801 iis
1607 4749 1698 4815 qui
1729 4750 1806 4801 vel
1844 4749 2018 4802 deita-

427 4827 537 4871 tem
566 4818 794 4880 Curisti,
822 4823 901 4871 vel
924 4821 1206 4887 lllt'lltStltlc
1235 4830 1443 4874 natura:
1463 4822 1720 4872 unionem
1746 4819 1854 4887 jam
1885 4819 2016 4875 inde

425 4889 496 4942 ab
528 4889 648 4958 ipso
675 4891 1052 4952 conceptionis
1085 4903 1384 4952 momento,
1423 4891 1714 4961 negabunt.
1750 4890 1884 4961 Vide
1920 4909 2014 4945 att-

423 4969 630 5033 notata
658 4963 727 5033 ad
777 4974 942 5033 serm.
992 4970 1312 5033 sequentem
1355 4963 1409 5017 itt
1444 4960 1532 5017 illa
1563 4961 1762 5018 verba:
1801 4960 2014 5016 Putrem

417 5049 568 5086 suum
596 5029 794 5084 dicebat
831 5032 1010 5085 Deum.

498 5101 516 5140 ί
551 5101 875 5170 Discrepant
903 5119 1035 5177 mss.
1064 5108 1284 5163 codices
1312 5125 1323 5160 :
1355 5115 1410 5161 et
1439 5105 1584 5159 Vatt.
1617 5107 1837 5177 quidem
1873 5105 2013 5160 nihil

416 5177 534 5248 sani
557 5181 872 5248 prmlet'unt,
909 5176 1153 5246 legentes
1177 5189 1435 5248 pastorem
1459 5176 1646 5248 simul,
1663 5189 1709 5232 et
1730 5177 2013 5244 pascham;

415 5247 512 5320 s_ed
557 5245 704 5320 Flor.
749 5247 882 5320 satis
916 5245 1064 5304 ret-te
1114 5245 1370 5317 pastorem
1409 5247 1593 5315 simul,
1641 5258 1690 5301 et
1737 5263 2010 5320 pascuum.

414 5315 626 5371 Pascua
657 5319 919 5390 feminino
958 5315 1158 5390 genere
1202 5325 1480 5374 invenitur
1507 5321 1668 5374 etiam
1704 5315 1847 5384 apud
1878 5318 2011 5371 Ter-

411 5390 534 5442 tull.
562 5389 818 5457 Apolog.,
850 5405 968 5459 cap.
1005 5391 1106 5445 22:
1135 5394 1263 5458 Qua:
1289 5392 1666 5446 illiaccuratior
1688 5405 1884 5456 pascua
1910 5398 2006 5454 est,

410 5475 564 5528 quam
608 5470 660 5511 ut
707 5461 965 5531 hominem
994 5478 1022 5515 e
1053 5468 1281 5531 cogitatu
1313 5477 1444 5514 verte
1496 5462 1780 5516 divinitatis
1813 5469 2010 5514 avertat

412 5531 693 5601 prtestigiis
727 5530 919 5598 falsis?
950 5530 1328 5601 Similiterque
1379 5535 1523 5599 apud
1558 5532 1714 5585 Voss.
1747 5532 1843 5587 lib.
1880 5547 1908 5580 v
1939 5535 2007 5584 de

411 5597 571 5667 Vitio.
597 5597 770 5672 serui.
807 5605 1082 5658 Arnobius
1110 5597 1328 5668 Junior,
1360 5597 1526 5672 in'ps.
1557 5619 1646 5661 Cit.
1678 5604 1845 5657 dixit:
1881 5602 2008 5656 Sta-

406 5675 562 5743 tuens
591 5671 672 5743 eis
701 5681 950 5743 pastores,
983 5683 1030 5735 et
1073 5691 1324 5743 paeanas.
1363 5671 1501 5731 Vide
1530 5675 1853 5742 Meursium,
1888 5683 2003 5741 not.

406 5692 556 5721 tuens
598 5692 672 5723 ειε
701 5692 950 5742 pastores,
983 5692 1030 5735 et
1112 5692 1324 5731 Menas.
1368 5692 1501 5731 vtae
1531 5692 1853 5742 mettrstum,
1888 5692 1998 5741 not.

401 5737 472 5793 ad
498 5737 789 5796 Minucium
814 5733 954 5810 Feb,
987 5747 1039 5815 p.
1071 5692 1199 5813 £36,
1234 5747 1367 5802 edit.
1399 5743 1569 5819 Lugd.
1596 5747 1715 5804 Bst.
1739 5758 1864 5803 cum
1884 5755 1998 5800 not;

2114 1829 2378 1882 Christum
2399 1832 2540 1898 facta
2569 1837 2654 1880 est
2682 1823 2861 1896 (Joan.
2897 1832 2972 1891 ι);
3001 1823 3088 1878 cui
3117 1822 3263 1876 omni
3295 1821 3492 1886 honor,
3517 1818 3710 1885 virtus,

2114 1929 2170 1976 et
2199 1921 2374 1991 gloria
2403 1936 2525 1975 cum
2553 1920 2737 1983 Patre.
2769 1926 2825 1974 ct
2854 1932 2978 1974 cum
2998 1916 3209 1987 Spiritu
3234 1924 3451 1983 sancto,
3481 1928 3578 1984 per
3597 1928 3718 1969 om-

2117 2015 2208 2069 nia
2236 2011 2449 2068 secula.
2471 2009 2501 2049 ιι
2526 2014 2724 2067 Amen.

2697 2101 2967 2164 SERMO
3010 2101 3125 2164 XI.

2377 2211 2392 2247 ί
2419 2223 2504 2266 n1:
2534 2221 2823 2265 υινειιειε
2855 2220 3183 2264 CAPITULIS
3213 2219 3474 2264 PRIMUS.

2697 2305 2776 2361 De
2804 2304 3138 2376 Paralytico.

2196 2405 2355 2478 301
2384 2403 2629 2470 Memini,
2660 2416 2748 2457 me
2778 2401 3063 2473 superiore
3110 2407 3341 2456 tractatu
3387 2397 3728 2471 sancttelgdi-

2130 2609 2256 2664 Var.
2306 2609 2466 2666 1672.
2516 2608 2861 2664 Retinuimus
2889 2624 3058 2677 porro
3085 2610 3361 2680 vulgatam
3403 2610 3722 2676 lectionem,

2123 2697 2246 2738 mne
2280 2681 2502 2735 fulvitur
2532 2683 2858 2735 auctoritate
2887 2682 3014 2737 cod.
3047 2682 3364 2748 Urbinatls;
3417 2682 3561 2736 liber
3593 2697 3724 2736 vero

2122 2751 2336 2808 Octavii
2386 2753 2706 2823 Pantagatbi
2739 2754 3015 2808 consentit
3062 2754 3282 2807 lectioni
3334 2755 3459 2808 cod.
3498 2752 3727 2808 Floren-

2127 2826 2245 2886 tini,
2279 2841 2306 2876 a
2339 2840 2446 2894 quo
2477 2827 2529 2878 in
2562 2824 2943 2890 superioribus
2973 2839 3079 2878 non
3109 2825 3278 2879 semel
3312 2825 3726 2880 diSseuttrede-

2126 2895 2542 2964 prehendtmus.
2575 2895 2754 2962 Quare
2786 2895 2902 2948 fieri
2938 2912 3046 2948 non
3083 2907 3292 2964 potest,
3327 2906 3382 2950 ut
3415 2907 3506 2950 aut
3531 2912 3558 2947 a
3601 2895 3725 2951 Flo-

2126 2971 2366 3030 rentino,
2398 2978 2538 3021 antu
2574 2966 2721 3020 Vatt.
2763 2968 2846 3021 vel
2885 2967 3151 3022 Urbinate
3180 2970 3502 3034 desumptus
3537 2968 3719 3032 fuerit,

2049 3059 2094 3122 ρ
2127 3053 2250 3092 cum
2280 3038 2347 3122 ab
2402 3053 2510 3122 uno
2551 3053 2740 3122 eorum
2774 3053 2919 3103 mox,
2957 3053 3081 3093 mox
3124 3039 3193 3093 ab
3245 3039 3422 3096 altero
3468 3048 3578 3093 tam
3611 3037 3720 3094 fre-

2133 3119 2367 3180 quenter
2393 3110 2689 3174 discrepet.

2203 3191 2226 3228 ις
2247 3180 2500 3234 Voculam
2523 3189 2617 3243 est,
2636 3196 2797 3249 quam
2812 3181 2942 3236 editi
2965 3181 3723 3247 omiserant,restituimusex

2125 3263 2506 3324 qttatuormss,
2523 3256 3008 3324 eatnqueagnoscit
3031 3254 3192 3308 etiam
3207 3251 3718 3324 coil.Pauiltagatbi.

2197 3320 2226 3359 ¹ι
2258 3322 2404 3377 Vatt.
2450 3324 2557 3378 duo
2581 3320 2860 3378 subdnni:
2895 3325 3040 3378 Finit
3071 3325 3308 3378 Decimus
3339 3328 3404 3378 de
3444 3321 3720 3378 Paschali-

2128 3394 2219 3447 bus
2290 3392 2437 3448 Flor.
2488 3409 2618 3449 vero
2648 3404 2704 3450 et
2736 3394 2888 3464 Urb.,
2927 3394 3126 3450 Finitis
3166 3395 3340 3450 decem
3388 3396 3722 3462 pose/talibus

2125 3465 2380 3537 incipiunt
2411 3467 2635 3537 excerpti
2667 3477 2947 3534 tractatus,
2975 3477 3106 3534 elc.,
3141 3483 3262 3538 qua:
3299 3475 3382 3522 est
3436 3465 3722 3536 inscriptio

2128 3550 2445 3607 sermonum
2479 3540 2846 3607 sequentium.

2207 3606 2222 3644 ί
2261 3606 2582 3674 (Galeardns
2613 3610 2772 3665 liabet
2799 3610 2886 3664 bic
2917 3609 3723 3678 titulumbujnscemodi:lnci-

2129 3679 2276 3746 piunt
2317 3683 2516 3746 excepti
2556 3689 2806 3750 tractatus
2855 3683 2920 3736 de
2970 3683 3183 3736 diversis
3230 3682 3473 3750 capitulis
3508 3696 3722 3750 quorum

2131 3767 2330 3816 primus
2357 3761 2432 3805 est
2468 3751 2530 3804 de
2563 3749 2866 3823 Paralgtiro
2894 3795 2908 3818 ,
2959 3763 3008 3807 et
3054 3755 3108 3807 in
3148 3749 3330 3806 ordine
3373 3752 3719 3818 undecimus;

2129 3823 2509 3890 Subnectitque
2538 3833 2722 3876 notant
2756 3828 3104 3891 sequentem)
3132 3841 3144 3874 :
3171 3824 3330 3878 Nullo
3383 3825 3546 3877 modo
3574 3824 3723 3877 dubi-

2130 3894 2353 3946 tandum
2381 3905 2484 3954 est,
2516 3894 2643 3962 quin
2673 3893 2786 3948 [nec
2809 3898 2877 3948 sit
2907 3905 3083 3960 vetus,
3114 3907 3165 3950 et
3193 3901 3407 3950 sincera
3430 3895 3599 3949 lectio
3624 3894 3723 3948 hu-

2125 3962 2216 4032 jus
2236 3965 2377 4018 tituli
2400 3980 2414 4028 ;
2437 3979 2669 4032 eamque
2696 3967 2970 4022 editiones
2997 3967 3404 4022 etueudatiores
3435 3967 3718 4031 exhibent,

2131 4050 2328 4100 nempe
2360 4034 2719 4094 Parisiensis.
2749 4046 2803 4090 et
2829 4036 3174 4094 Coloniettsis
3201 4080 3215 4100 ,
3261 4053 3491 4105 quarum
3538 4052 3722 4091 exem—

2131 4105 2246 4175 plar
2273 4109 2443 4160 secuti
2472 4122 2680 4160 sumus.
2717 4106 2862 4162 Vatt.
2897 4111 3006 4162 duo
3029 4111 3180 4164 nullo
3209 4110 3526 4163 discrimine
3550 4115 3630 4162 sic
3653 4108 3722 4162 le-

2129 4187 2259 4244 gunt
2293 4193 2304 4228 :
2339 4177 2609 4246 Incipiunt
2632 4182 2835 4244 excepti
2865 4191 3140 4244 tractatus,
3183 4197 3399 4244 quorum
3430 4181 3628 4249 primus
3657 4181 3719 4232 de

2129 4249 2458 4318 paralytico;
2495 4251 2694 4304 desunt
2722 4263 2907 4305 autem
2941 4253 3108 4306 verba
3141 4253 3230 4305 illa
3255 4263 3301 4304 et
3323 4255 3376 4304 in
3409 4253 3590 4305 ordine
3625 4268 3724 4304 un-

2129 4321 2379 4386 decimus,
2412 4321 2554 4386 ideo,
2586 4336 2835 4391 quamvis
2866 4338 2929 4376 ea
2952 4325 3136 4378 delere
3179 4324 3448 4377 noluerim
3477 4362 3492 4386 ,
3543 4323 3722 4390 suspi-

2135 4405 2232 4443 Cor
2260 4391 2437 4444 addita
2471 4407 2500 4444 a
2531 4393 2792 4457 librario;
2827 4408 2947 4446 nam
2976 4394 3339 4461 Gaudentius,
3393 4409 3526 4447 sane
3557 4394 3720 4448 liuilis

2123 4461 2320 4535 decent
2348 4462 2715 4535 pasvhalibus,
2751 4465 2907 4530 quasi
2936 4468 3082 4535 aliud
3114 4481 3250 4534 Oplts
3285 4466 3620 4535 aggreditur.
3665 4465 3720 4519 In

2121 4531 2612 4607 lihr0_Pautagathi
2643 4536 2872 4588 habetur
2901 4553 2914 4607 ς
2963 4531 3161 4590 Finitis
3186 4531 3368 4591 decem
3391 4535 3721 4607 paschalibus

2117 4603 2375 4673 incipiunt
2395 4607 2590 4677 excepti
2613 4614 2863 4677 tractatus
2877 4606 2941 4658 de
2961 4609 3175 4661 diversis
3197 4603 3466 4673 capitulis.
3490 4624 3712 4677 quorum

2119 4680 2318 4746 primus
2349 4685 2421 4726 est
2451 4675 2521 4729 de
2543 4675 2864 4744 paralytico;
2901 4679 3206 4746 eademque
3238 4680 3403 4734 lectio
3435 4675 3512 4734 est
3549 4679 3714 4734 etiam

2120 4745 2172 4799 ιιι
2205 4745 2527 4799 Florentino
2553 4760 2606 4801 et
2637 4747 2914 4802 Urbinute.
2940 4751 3047 4803 llos
3067 4745 3250 4805 autem
3277 4760 3539 4804 tractatus
3565 4766 3595 4803 a
3623 4765 3722 4805 no-

2120 4815 2277 4870 tariis
2305 4825 2595 4890 exceptos,
2629 4829 2689 4872 ut
2716 4819 2910 4872 titulus
2942 4821 3184 4890 praefert,
3217 4838 3247 4874 a
3273 4837 3334 4876 se
3381 4823 3716 4888 recognitos,

2117 4896 2174 4960 et
2195 4889 2517 4960 emendatas
2551 4899 2784 4942 testatur
2808 4891 3143 4946 Gaudentius
3172 4895 3287 4960 ipse
3316 4894 3366 4946 itt
3389 4892 3721 4948 Pro-fatiooe

2117 4957 2205 5011 his
2247 4959 2471 5032 verbis:
2534 4959 3073 5032 Quatuorprteterea
3131 4957 3382 5017 breviores
3436 4972 3713 5029 tractatus,

2115 5045 2243 5106 quos
2271 5031 2334 5083 de
2360 5029 2855 5106 divet°sis_cnpitulis
2882 5033 3150 5106 Evangelii
3175 5042 3318 5106 apud
3335 5044 3384 5106 te
3404 5033 3529 5106 olim
3562 5035 3720 5105 fuisse

2118 5117 2196 5154 me
2223 5101 2449 5173 locutum
2470 5101 2763 5173 prodidisti.
2799 5113 2846 5156 et
2875 5101 3108 5172 quintum
3141 5101 3221 5157 de'
3240 5101 3717 5161 Machabteis'mar-

2116 5171 2661 5246 tyribns,_emen_datos
2693 5175 2806 5240 tibi,
2836 5176 3082 5246 quoniam
3128 5179 3289 5246 cegis,
3324 5178 3590 5230 remittam
3614 5220 3626 5238 ,
3661 5185 3717 5229 ut

2114 5257 2199 5294 eos
2218 5244 2263 5294 si
2285 5243 2391 5314 ulla
2421 5244 2536 5296 utili
2559 5247 2806 5298 memoria
2838 5245 3026 5312 dignos
3052 5243 3355 5308 arbitraris,
3378 5250 3433 5301 in
3454 5259 3714 5314 postrema

2113 5323 2261 5391 parte
2283 5312 2546 5391 schedula;
2577 5315 2734 5388 hujus
2763 5319 2920 5391 simul
2961 5318 3381 5391 transcribendos
3424 5312 3710 5391 ndjungas.

2114 5386 2367 5460 Editorrs
2394 5385 2790 5460 Lugdunenses
2822 5388 2922 5460 hac
2952 5397 3162 5444 tantum
3194 5385 3552 5460 inscriptione
3583 5385 3716 5444 con-

2113 5456 2248 5532 tenti
2279 5457 2353 5510 De
2389 5458 2602 5511 diversis
2629 5459 2899 5532 capitulis.
2927 5471 2973 5512 et
2999 5462 3223 5530 primum
3280 5456 3460 5514 est'de
3504 5463 3716 5532 paraly-

2112 5529 2242 5588 tion.
2270 5540 2468 5583 caetera
2505 5533 2725 5597 insuper
2755 5529 3063 5584 habitet-not
3089 5548 3102 5594 ;
3147 5532 3242 5586 sed
3272 5532 3324 5585 in
3351 5549 3412 5584 ea
3445 5529 3713 5598 editione,

2110 5612 2166 5653 ut
2191 5598 2302 5682 jam
2338 5605 2666 5667 monuimus,
2693 5600 2895 5657 frustra
2925 5603 3205 5676 ἀκρίϐειαν,
3233 5614 3327 5658 aut
3347 5603 3712 5676 diligentiam;

2111 5685 2379 5742 requiras.
