4096 6192
314 315 413 372 921

1163 315 1400 373 SERMO
1438 317 1532 384 XI,
1574 317 1666 375 DE
1707 316 2028 374 DIVERSIS
2063 317 2431 377 CAPITULIS
2469 319 2748 379 PRIMUS.

3505 319 3613 376 922

311 431 536 489 lectioni
557 442 757 491 vestra:
782 432 1112 504 pollicitum,
1136 433 1308 506 quod,
1331 434 1626 506 adjuvante
1648 435 1901 503 Domino,
1932 449 1984 510 Α
2007 445 2185 508 geret.
2209 434 2319 493 Sed
2353 437 2410 491 in
2442 437 2692 508 catalogo
2734 438 2840 494 isto
2867 437 3167 508 virtutum,
3219 435 3402 494 adhuc
3446 451 3611 494 unum

310 526 532 598 plenius
553 529 1164 596 explanaturus‘essem,
1201 543 1364 596 quam
1393 529 1462 584 ob
1493 543 1710 583 causam
1744 545 1905 584 unum

309 635 373 677 se
418 636 554 693 opus
603 620 799 676 fecisse
855 621 1116 675 Dominus
1172 629 1513 676 testaretur:
1565 621 1705 676 unde
1759 621 1911 690 plebs

309 714 664 786 ignavissima
684 714 997 770 Judzcorum
1024 724 1049 752 ⁸
1072 715 1383 785 scrupulum
1408 729 1560 784 passa
1588 713 1767 786 (Joan.
1786 714 1906 784 vn),

309 819 365 862 et
398 809 743 879 iniquissimo
774 808 958 864 furore
988 823 1274 872 succensa,
1308 808 1708 864 benedictionis
1749 808 1908 863 dato-

259 893 431 957 'rem
489 902 794 958 maledictis
851 901 1186 971 blasphemis
1245 903 1613 974 pulsavisset,
1665 901 1905 959 dicens:

313 993 641 1050 Dwmonium
685 995 844 1050 liabes
873 997 1031 1067 :quis
1061 1005 1109 1051 te
1135 998 1319 1065 quaerit
1376 997 1665 1065 interﬁcere
1698 994 1908 1067 (Ibid)?

311 1097 365 1144 et
388 1090 612 1159 insuper
640 1090 769 1143 vitae
799 1089 1132 1156 Dominum,
1179 1090 1332 1145 necis
1379 1089 1595 1145 tradere
1643 1089 1908 1160 supplicio

311 1183 599 1252 cogitaret.
643 1181 997 1238 Probavimus
1027 1183 1244 1254 quidem
1276 1181 1302 1220 δ
1336 1183 1492 1237 iSIius
1550 1182 1906 1252 Evangelista:

314 1279 651 1338 testimonio,
687 1293 794 1332 n0n
818 1293 1010 1344 unum,
1044 1277 1140 1332 sed
1171 1278 1369 1342 multa,
1402 1285 1458 1332 et
1488 1275 1904 1331 innumerabilia

311 1385 340 1424 a
372 1368 588 1424 Christo
618 1367 789 1424 fuisse
820 1385 986 1438 opera
1026 1370 1324 1426 celebrata.
1374 1369 1464 1425 Sic
1510 1371 1653 1424 enim
1700 1370 1752 1423 iu
1801 1370 1906 1424 line

311 1461 438 1520 libri
465 1463 763 1517 conscribit
795 1479 808 1516 :
855 1462 992 1516 Sunt
1038 1473 1207 1517 autent
1239 1473 1285 1516 et
1325 1461 1435 1516 alia
1467 1464 1629 1516 multa
1655 1478 1767 1530 qua:
1787 1462 1906 1533 fecit

308 1553 486 1622 Jesus,
519 1572 632 1626 qua:
651 1556 697 1610 si
726 1555 1021 1610 scribantur
1048 1573 1138 1628 per
1165 1557 1374 1626 singula
1401 1599 1414 1621 ,
1442 1554 1668 1609 arbitror
1700 1571 1793 1608 uec
1823 1555 1906 1623 ip-

307 1662 422 1703 sum
469 1649 722 1702 mundum
754 1665 939 1716 capere
989 1664 1074 1703 eos
1123 1647 1284 1702 libros
1335 1659 1358 1686 ο
1403 1650 1491 1718 qui
1536 1647 1900 1714 scriberentur,

308 1757 458 1812 posse
477 1740 661 1812 (Joau.
696 1741 836 1811 XXI).
868 1740 978 1796 Sed
1011 1743 1241 1796 fortasse
1271 1740 1416 1796 dicat
1445 1741 1720 1795 SlUtllOsllS
1747 1739 1904 1794 andi-

2012 529 2215 586 l'ecerat
2233 546 2389 603 opus,
2413 528 2432 568 τ
2459 547 2566 602 quo
2580 530 2834 588 frementi
2855 544 3045 588 contra
3063 547 3122 586 se
3138 532 3395 601 imperito
3411 531 3614 602 populo

2010 622 2348 691 Iudaeorum,
2381 625 2536 694 quasi
2570 625 2925 681 verisimilem
2954 624 3220 680 sreviendi
3261 623 3467 678 aditum
3519 622 3616 678 de—

2009 717 2157 773 disse
2186 717 2497 784 videbatur,
2528 719 2671 789 quod
2704 718 2924 774 scilicet
2961 718 3314 790 paralytirum
3365 724 3616 772 curasset

2009 809 2064 864 in
2094 809 2326 865 sabbato
2361 807 2544 880 (Joan.
2575 825 2642 872 ν,
2678 809 2770 882 10)
2795 853 2810 876 ,
2843 826 2966 866 cum
3017 809 3129 866 Lex
3176 810 3348 866 otium
3398 807 3612 864 sabbati

2010 902 2354 972 imperasset.
2385 902 2570 973 Itaque
2592 902 2864 965 Christus,
2895 902 2986 974 qui
3018 902 3205 974 Legem
3238 911 3478 957 veterea:
3507 917 3611 956 non

2008 997 2206 1050 solvere
2250 1006 2500 1060 venerat,
2543 997 2634 1051 sed
2679 997 2892 1068 implere
2939 995 3158 1068 (Matth.
3199 993 3278 1067 v),
3333 1003 3609 1064 tamquam

2010 1090 2197 1144 violati
2230 1090 2445 1146 sabbati
2498 1106 2657 1156 reus,
2712 1091 3138 1146 insectationem
3186 1094 3493 1161 perpetitur
3522 1088 3618 1146 Ju-

2006 1184 2271 1241 dzeoruin.
2304 1186 2484 1258 Cogor
2508 1185 2611 1242 hnc
2643 1188 2785 1254 loco,
2821 1186 3016 1242 fratres
3041 1186 3378 1254 charissimi,
3403 1185 3608 1242 omissa

2010 1278 2268 1349 praesenti
2301 1279 2551 1334 lectionis
2572 1279 2738 1344 serie,
2765 1281 3035 1333 rationem
3056 1277 3268 1333 sabbati
3293 1277 3610 1346 explanare,

2009 1388 2080 1428 ne
2117 1373 2263 1442 justa
2303 1373 2560 1428 credatur
2609 1373 2779 1428 fuisse
2825 1381 3018 1427 contra
3058 1372 3266 1442 justum
3301 1372 3610 1442 persecutio

2007 1470 2342 1540 iniquorum.
2391 1469 2525 1525 Nam
2557 1469 2893 1542 paralyticus
2943 1469 3034 1524 ille
3081 1469 3174 1540 qui
3207 1467 3298 1524 die
3327 1468 3538 1523 sabbati
3578 1481 3611 1522 tt

2007 1563 2230 1620 Christo
2257 1576 2478 1619 curatus
2507 1579 2630 1619 esse
2674 1574 3052 1629 memoratur,
3104 1561 3226 1618 ideo
3273 1561 3606 1616 calumniam

2008 1657 2214 1727 patitur
2243 1674 2273 1712 a
2301 1656 2526 1722 Jndrcis,
2550 1656 2696 1728 quod
2739 1657 2854 1728 ipsa
2901 1655 2991 1712 die
3020 1672 3124 1728 qua
3154 1667 3380 1711 sanatus
3404 1654 3605 1721 fuerat,

2008 1750 2204 1806 lectum
2237 1767 2398 1805 suttm
2426 1762 2643 1820 portare
2688 1751 2991 1805 videretur.
3047 1749 3335 1804 Sabbatum
3373 1760 3486 1816 est,
3524 1748 3607 1802 in-

310 1841 436 1889 tor:
473 1835 531 1890 In
561 1836 748 1903 primis
772 1837 1012 1905 partibus
1033 1835 1313 1905 Evangelii
1343 1836 1582 1906 loquitur
1611 1835 1899 1904 Dominus,
1937 1847 1980 1908 Β
2009 1844 2206 1914 quiunt
2229 1884 2246 1910 ,
2302 1853 2351 1898 ει
2412 1860 2515 1898 non
2578 1843 2697 1898 licet
2742 1843 2833 1897 tibi
2883 1853 3090 1914 portare
3134 1841 3410 1912 grabatum
3459 1852 3604 1896 tuum

313 1925 486 1984 Unum
517 1945 648 1999 Opus
678 1931 801 2000 feci,
831 1941 878 1983 et
908 1947 1082 1985 omnes
1125 1931 1390 1984 miramini
1436 1929 1616 2001 (Joau.
1662 1931 1760 2000 vri)
1799 1948 1812 1984 :
1848 1929 1899 1984 in

308 2021 770 2088 subsequentibus
818 2022 910 2077 ille
953 2026 1214 2077 virtutum
1256 2023 1506 2077 cumulus
1553 2022 1896 2087 celebratur,

308 2121 364 2169 et
390 2113 594 2167 idcirco
620 2109 647 2149 ἀ
679 2114 812 2168 nihil
842 2116 1160 2184 quaeSIioiiis
1191 2131 1355 2185 super
1389 2117 1490 2170 hoc
1532 2115 1748 2170 videtur
1779 2129 1902 2170 esse

308 2205 580 2262 relictum.
614 2204 818 2262 Verum
843 2223 944 2278 ego
965 2207 1034 2262 ab
1058 2208 1162 2262 i510
1189 2223 1446 2264 sermone
1469 2208 1752 2278 superiora
1777 2207 1899 2262 libri

307 2299 471 2372 hujus
500 2301 664 2373 302
691 2303 834 2356 dicta
865 2318 1183 2368 recensens,
1217 2303 1439 2357 invenio
1467 2302 1698 2372 plurima
1732 2315 1900 2370 usque

307 2392 363 2448 in
398 2398 540 2448 hunc
571 2396 747 2448 locum
779 2395 1058 2464 Evangelii
1095 2405 1116 2432 ο
1148 2393 1423 2450 Christum
1457 2395 1626 2450 Deum
1655 2402 1898 2450 nostrum

307 2485 555 2542 miranda
581 2501 746 2556 opera
765 2487 1088 2543 confecisse.
1117 2486 1235 2541 .laiu
1259 2485 1645 2541 Nnthanaelein
1663 2486 1897 2553 viderat,

306 2579 627 2649 priusquam
650 2578 752 2635 sub
781 2579 1009 2634 ﬁculnea
1039 2581 1369 2634 constitutus
1391 2595 1422 2634 a
1455 2579 1708 2650 Philippo
1740 2593 1900 2633 voca-

306 2684 457 2728 retur
473 2690 486 2726 :
503 2673 614 2740 jam
631 2675 899 2744 liquorem
915 2672 1382 2743 simplicissimum
1401 2672 1733 2742 perlucentis
1747 2687 1899 2741 aqua:

306 2763 361 2818 in
390 2765 634 2820 colorem
667 2781 1033 2836 sapori-mque
1057 2768 1195 2831 vini,
1225 2781 1322 2820 sua
1353 2775 1621 2836 potestate
1663 2780 1897 2821 conver-

301 2864 486 2913 terat:
514 2857 627 2928 jam
662 2860 833 2930 reguli
866 2861 1033 2913 lilium
1077 2861 1406 2916 morientem
1446 2859 1687 2915 cmlestis
1729 2858 1901 2914 medi-

301 2963 418 3012 cus,
452 2951 768 3020 priusquam
803 2953 1070 3020 visitaret,
1106 2953 1232 3008 dum
1267 2963 1573 3025 rogaretur,
1609 2953 1773 3009 verbo
1807 2969 1897 3009 san

303 3055 548 3102 naverat.
575 3046 692 3101 Jam
725 3049 1082 3103 Samaritana:
1131 3051 1278 3104 illius
1339 3052 1588 3105 mulieris
1629 3051 1757 3105 vitia
1808 3065 1900 3105 oc-

304 3142 448 3194 culta
505 3141 872 3211 prodiderat,
934 3153 989 3197 et
1037 3143 1349 3199 confessam
1418 3145 1686 3213 spirituali
1750 3145 1896 3200 fonte

2009 1937 2190 2009 (Joan.
2217 1955 2268 2004 ν,
2296 1937 2716 2008 15).Respondit
2737 1944 2988 1991 curatus:
3015 1935 3120 2001 Qui
3143 1937 3262 2006 fecit
3286 1950 3368 1988 me
3394 1949 3605 1999 sanum,

2004 2031 2094 2084 ille
2142 2029 2267 2084 mihi
2289 2030 2420 2084 dixit
2453 2047 2471 2084 :
2516 2029 2663 2084 Tolle
2687 2030 2956 2100 grabatum
3005 2039 3173 2096 tuum,
3205 2037 3252 2082 et
3274 2028 3504 2081 ambula.
3541 2026 3608 2080 Et

2005 2124 2057 2177 iri
2073 2123 2532 2193 subsequentibus
2550 2140 2562 2176 :
2581 2119 2734 2176 Jesus
2747 2132 2840 2188 est,
2859 2122 3053 2191 inquit,
3069 2121 3155 2189 qui
3170 2121 3384 2191 fecitme
3394 2115 3605 2172 sanum.

2004 2214 2175 2268 Rudis
2198 2213 2376 2269 adhuc
2393 2230 2457 2269 ex
2475 2213 2793 2268 infirmitate
2809 2211 3062 2278 Judaica,
3085 2210 3178 2265 sed
3197 2210 3308 2280 jam
3322 2220 3511 2280 gratus
3538 2208 3607 2264 de

2001 2307 2326 2362 salubritate
2342 2315 2581 2375 recepta,
2597 2305 2857 2376 quoniam
2875 2319 2981 2359 non
3000 2301 3610 2374 praevaletealurnnian-

2005 2399 2148 2454 tibus
2179 2399 2304 2452 lacti
2330 2409 2590 2468 praestare
2614 2397 2909 2462 rationem,
2939 2396 3196 2466 praecepti
3225 2403 3388 2465 atque
3419 2393 3608 2464 operis

2002 2492 2345 2548 demonstrat
2366 2499 2668 2546 auctorem.
2701 2488 2806 2555 Qui
2838 2489 2961 2559 fecit
2992 2505 3072 2542 me
3105 2504 3316 2555 sanum,
3348 2487 3437 2542 ille
3479 2486 3607 2540 milii

2003 2588 2174 2641 dixit:
2206 2585 2353 2640 Tolle
2398 2584 2674 2656 grabatum
2706 2596 2888 2648 tuum,
2915 2595 2962 2637 et
2997 2581 3243 2649 ambula;
3271 2591 3327 2636 et
3353 2581 3556 2651 adjecit
3589 2598 3602 2635 :

1999 2681 2154 2735 Iesus
2175 2690 2272 2745 est,
2300 2679 2496 2750 inquit,
2523 2682 2612 2750 qui
2631 2678 2751 2747 fecit
2775 2694 2854 2731 nte
2873 2675 3244 2748 sanum(lbid)
3274 2695 3285 2730 :
3319 2675 3428 2738 vel,
3460 2675 3604 2731 illius

2003 2775 2171 2829 David
2216 2782 2318 2838 est,
2351 2773 2442 2843 qui
2496 2772 2621 2826 fecit
2653 2786 2741 2826 me
2787 2786 2980 2826 sanum
3013 2785 3026 2825 :
3059 2770 3176 2838 vel,
3207 2769 3349 2824 ﬁlius
3374 2767 3599 2840 Joseph,

1999 2869 2089 2940 qui
2121 2868 2248 2922 fecit
2270 2883 2354 2922 me
2376 2881 2590 2922 sanum.
2617 2866 2741 2921 lltec
2762 2865 2906 2920 enim
2948 2865 3170 2920 nomina
3204 2864 3405 2919 usitata
3444 2871 3602 2918 erant

2000 2962 2162 3034 303
2183 2962 2234 3017 in
2254 2961 2455 3032 populo
2475 2971 2498 3007 ες
2521 2959 2838 3015 Iudaeorum
2865 2970 2996 3014 tunc
3015 2959 3271 3029 temporis
3297 2958 3364 3012 de
3384 2957 3603 3014 Christo

2005 3056 2240 3110 Domino
2268 3055 2582 3111 Salvatore.
2626 3053 2731 3109 Sed
2765 3053 2933 3124 quid?
2962 3049 3114 3106 Jesus
3140 3060 3214 3106 est
3240 3053 3338 3118 ait,
3365 3052 3455 3121 qui
3483 3052 3602 3122 fecit

2002 3166 2081 3204 me
2123 3164 2342 3214 sartum;
2376 3147 2584 3202 sciebat
2632 3147 2814 3231 enim,
2862 3153 3048 3214 utpote
3082 3144 3368 3208 Hebraeus,
3401 3158 3603 3198 noruen

303 3231 860 3303 mundnveratann.
893 3251 932 3302 i,
970 3251 1027 3301 ll,
1053 3236 1131 3308 iv)
1161 3236 1305 3305 :jam
1339 3239 1624 3308 paralytici
1651 3239 1894 3292 membra
1923 3238 1968 3301 C
2000 3240 2128 3296 Jesu
2151 3258 2219 3297 ex
2251 3241 2452 3296 virtute
2478 3239 2814 3294 descendere
2840 3237 3111 3292 sanitatis.
3152 3237 3408 3293 Salvator
3432 3236 3602 3307 siqui-

301 3336 399 3394 per
425 3324 645 3395 triginta
670 3339 726 3382 et
755 3339 879 3383 octo
897 3345 1072 3384 annos
1102 3341 1372 3396 emortua,
1402 3333 1560 3386 unius
1585 3331 1734 3386 vocis
1759 3348 1899 3402 prac-

300 3431 463 3488 cepto
493 3432 782 3475 curaverat
809 3420 989 3492 (latin.
1025 3421 1102 3491 v),
1138 3423 1224 3477 vel
1257 3424 1436 3492 pmius
1479 3423 1891 3480 reformaverat.

297 3509 420 3565 Jaui
451 3513 694 3582 quinque
728 3515 956 3570 millium
987 3515 1265 3572 hominum
1300 3516 1499 3572 famem
1530 3519 1768 3588 quinque
1799 3535 1894 3588 pa-

295 3605 458 3658 nibus
503 3603 843 3674 bordeaceis,
896 3617 949 3662 et
999 3609 1214 3664 duobus
1273 3611 1556 3681 piscibus,
1604 3611 1898 3666 satiaverat

299 3693 478 3764 (Joan.
531 3697 647 3768 vr),
709 3699 918 3768 majore
969 3701 1236 3756 miraculo
1284 3702 1596 3758 eonvivium
1646 3704 1889 3758 solvens".

298 3787 548 3858 Amplior
574 3791 854 3862 euim,cibi
901 3793 1132 3863 appositi
1184 3797 1489 3865 quantitate
1538 3797 1891 3867 reliquiarum

295 3881 549 3935 ciimulus
579 3883 876 3951 inVenitur,
907 3895 982 3938 tot
1016 3888 1339 3956 potiulorum
1376 3888 1642 3944 famelicis
1693 3890 1893 3944 cohor-

297 3973 442 4028 tibus
467 3977 700 4032 satiatis.
729 3977 848 4033 Jam
879 3993 1028 4034 mare
1056 3981 1285 4050 pedibus
1313 3982 1696 4052 ambulaverat
1723 3981 1888 4055 (Ibid.

297 4069 411 4138 19),
446 4071 517 4124 ita
555 4081 610 4126 ut
635 4074 848 4142 plantas
878 4074 1176 4144 gradientis
1207 4085 1423 4131 tumens
1454 4075 1595 4130 unda
1622 4092 1728 4131 non
1770 4088 1888 4132 tan-

367 4206 712 4279 ?V’idehalur
739 4208 962 4264 omnino
996 4211 1368 4279 reponendum
1424 4211 1528 4265 hoc
1572 4213 1693 4266 loco
1734 4228 1883 4266 scan-

290 4277 468 4332 dalum
490 4297 682 4346 passu;
710 4281 806 4335 sed
835 4297 862 4332 a
889 4298 1021 4335 mss.
1056 4277 1110 4334 et
1137 4284 1404 4336 editorum
1428 4298 1698 4338 ciiiisensu
1725 4283 1882 4337 facile

290 4365 398 4405 non
431 4354 646 4406 recedo.
673 4352 832 4406 Certe
871 4351 1183 4407 Jndaaorum
1215 4355 1367 4421 plebs
1397 4369 1501 4406 non
1531 4357 1705 4408 solum
1736 4371 1882 4407 scru-

289 4422 491 4492 pulum,
525 4423 577 4476 id
606 4433 690 4477 est
718 4424 1168 4490 sollicitudinem,
1204 4441 1267 4478 ac
1301 4426 1626 4490 molestiam,
1663 4435 1882 4494 propter

287 4496 606 4548 miraculum
634 4494 835 4550 Christi
865 4511 1016 4564 pissa
1051 4508 1162 4561 est,
1209 4496 1303 4550 sed
1333 4497 1498 4550 etiam
1549 4500 1877 4559 scandalum,

289 4566 570 4635 qutt'reltat
596 4582 790 4634 nempe
807 4583 930 4620 eum
955 4567 1274 4622 iuterlicei-e
1301 4584 1316 4633 ;
1344 4581 1398 4621 at
1421 4569 1564 4622 enim
1581 4583 1702 4623 cuin
1724 4569 1884 4623 etiam

287 4633 388 4689 cod
441 4633 648 4692 Oetavii
680 4637 999 4706 Pantagathi
1035 4643 1269 4693 retineat
1313 4641 1640 4706 scrupulum,
1677 4653 1887 4693 mutare

290 4708 636 4781 llOlUi._ltlt’.lll
669 4709 791 4763 cod.
826 4711 1019 4765 eodem
1050 4711 1172 4764 loco
1205 4726 1301 4778 pro
1346 4713 1488 4781 plebs
1529 4712 1884 4780 ignavissima,

289 4779 504 4852 reponit
530 4779 882 4852 ingratissima
908 4799 927 4845 ,°
953 4797 1112 4851 quam
1145 4779 1436 4834 lecti-ment
1480 4779 1694 4850 vulgata
1738 4791 1886 4835 certe

289 4841 856 4914 melioreiufaliorum
887 4841 1020 4905 tiiss.
1057 4852 1236 4906 nullus
1267 4841 1619 4921 suppeditat;
1663 4855 1776 4906 ll:t‘.(3
1807 4863 1886 4906 ta-

285 4936 412 4976 men
441 4937 564 4976 cum
595 4925 798 4990 scripta
829 4925 902 4976 sit
950 4923 1016 4976 ad
1055 4939 1204 4976 oraui
1244 4921 1450 4976 eodicis
1476 4963 1492 4989 ,
1545 4935 1603 4977 ut
1646 4925 1881 4986 videtur,

284 5007 448 5119 ingruit
481 4993 826 5062 Pantagatlii,
859 4993 984 5048 ideo
1014 4995 1067 5047 in
1100 5001 1307 5048 textum
1334 4993 1591 5050 inducere
1620 5010 1740 5050 eam
1775 5013 1880 5049 ltuit

309 5081 321 5117 1
367 5075 466 5118 1111.

309 5065 466 5119 1111111.

356 5134 384 5173 ι’
418 5137 533 5187 Duo
561 5133 710 5189 Vatt.
743 5134 908 5205 ipsius
942 5137 1288 5205 evaugelistw.

358 5215 381 5243 ο
419 5205 560 5260 Vatt.
595 5206 703 5259 duo
730 5219 784 5258 et
807 5205 981 5272 Flor.,
1011 5210 1099 5272 qui
1129 5209 1494 5260 scriberentur.
1531 5206 1636 5262 Sed
1664 5209 1883 5276 fortasse

281 5279 444 5334 dicat.
474 5279 674 5347 quibus
699 5279 974 5332 coiisentit
1007 5278 1144 5331 liber
1176 5279 1517 5347 Pantagathi.
1561 5279 1699 5331 Ediii
1736 5279 1879 5347 lege-

280 5350 412 5405 bant
443 5350 664 5422 fortasse
694 5348 844 5401 dicit.
879 5347 1101 5417 Vulgata
1134 5351 1306 5422 editio
1333 5366 1429 5422 nec
1451 5351 1617 5418 ipsum
1649 5348 1879 5422 (arbitror

282 5421 536 5474 mundam
562 5436 747 5489 capere
770 5436 920 5489 posse
947 5435 1036 5474 eos
1063 5421 1150 5489 qui
1171 5421 1432 5474 scribendi
1458 5431 1578 5474 sunt
1600 5421 1774 5472 libros.
1807 5421 1879 5475 De

282 5490 384 5545 liae
412 5491 719 5563 Evangelit-i
754 5501 934 5548 textus
965 5493 1264 5562 hyperbole
1294 5494 1440 5554 vide,
1475 5493 1522 5545 si
1571 5491 1736 5553 lubet,
1772 5490 1875 5545 Fa-

281 5564 440 5617 bricii
470 5573 624 5616 ιιιιιης
652 5566 719 5617 ail
755 5565 1136 5627 Pliilastriutu,
1175 5578 1375 5631 supra,
1416 5578 1470 5631 p.
1507 5565 1604 5624 79,
1635 5565 1876 5630 itemque

282 5632 538 5688 eumdem
575 5633 901 5702 Fabricium,
936 5635 989 5690 in
1017 5634 1142 5689 eod.
1175 5639 1503 5704 Apocrypho
1541 5633 1605 5688 N.
1637 5633 1702 5687 Τ.
1756 5649 1872 5700 par.

281 5721 326 5774 ι,
361 5720 480 5774 pag.
514 5703 639 5774 3321,
665 5715 720 5759 et
748 5721 862 5774 par.
895 5723 972 5772 111,
1011 5724 1064 5774 p.
1098 5706 1227 5769 517,
1279 5703 1369 5759 uti,
1402 5715 1456 5759 et
1501 5705 1785 5771 Grotium,
1823 5706 1873 5759 in

283 5771 502 5842 Crititcis
531 5770 829 5838 Pearsoriii,
860 5779 928 5842 ad
957 5770 1100 5834 hunc
1127 5775 1362 5840 Joannis
1384 5776 1583 5842 locum.

358 5842 381 5880 "-
414 5839 601 5901 Lectio
625 5857 691 5900 ax
731 5839 940 5902 duobus
998 5844 1137 5905 Vati.
1198 5837 1508 5918 desumpta.
1542 5839 1688 5904 Edltl
1743 5837 1873 5898 nihil

1999 3337 2121 3392 dem
2153 3336 2358 3390 dicitur
2387 3334 2568 3399 Jesus,
2602 3333 2742 3388 sicut
2787 3333 3032 3387 declarat
3060 3331 3324 3402 Angelus,
3354 3346 3476 3385 cum
3503 3345 3602 3400 per

1999 3428 2268 3483 somnium
2298 3428 2366 3482 de
2392 3426 2613 3481 Christo
2659 3425 2903 3494 loquitur
2951 3423 3018 3478 ad
3068 3423 3316 3490 Ioseph:
3361 3421 3600 3487 Vocabis,

1998 3521 2196 3589 inquit,
2230 3536 2414 3574 nomen
2445 3520 2557 3588 ejus
2603 3517 2825 3572 Jesum:
2878 3519 2989 3586 ipse
3028 3518 3167 3570 enim
3208 3515 3408 3570 salvum
3449 3517 3602 3587 faciet

2001 3613 2251 3686 papulum
2280 3629 2429 3665 suum
2455 3629 2486 3664 a
2510 3615 2731 3681 peccatis
2754 3626 2931 3663 eorum
2963 3607 3181 3678 (Matth.
3218 3609 3280 3679 1).
3317 3607 3416 3662 Ille
3442 3622 3597 3678 ergo,

2001 3707 2200 3775 inquit,
2254 3720 2333 3756 me
2377 3705 2496 3774 fecit
2532 3718 2716 3756 sanum
2742 3701 2898 3771 cujus
2927 3709 2983 3755 et
3008 3715 3204 3754 nomen
3232 3699 3378 3754 salus
3400 3708 3503 3754 est.
3534 3698 3604 3754 Et

2003 3794 2028 3834 ιι
2060 3796 2335 3868 quomodo
2367 3796 2568 3865 poterit
2609 3794 2756 3848 salus
2791 3793 3110 3860 praescripta
3152 3793 3272 3862 lege
3315 3791 3599 3860 prohiberi

2001 3908 2070 3948 ne
2113 3892 2285 3946 salvet
2309 3935 2322 3958 ,
2371 3900 2464 3945 aut
2503 3889 2853 3944 sabbatorum
2881 3888 3198 3944 conditione
3228 3887 3501 3942 immutari
3533 3902 3602 3941 ne

2000 3985 2146 4041 salus
2176 3985 2285 4039 sit?
2304 3982 2593 4038 Videamus
2622 3995 2824 4048 tamen,
2857 3980 3054 4036 fratres
3078 3980 3388 4036 cliarissimi
3409 4025 3423 4049 ,
3449 3980 3491 4034 si
3514 3980 3599 4034 vel

2000 4079 2115 4148 ipsa
2145 4078 2281 4146 Lex,
2314 4078 2430 4131 otio
2461 4075 2674 4132 sabbati
2711 4075 2904 4130 salutis
2954 4089 3093 4144 opus
3143 4072 3397 4129 exclusit.
3453 4072 3598 4140 Sex,

1991 4211 2286 4278 quaestionis
2310 4225 2462 4280 super
2491 4209 2587 4261 Itoc
2620 4206 2853 4260 videlicet
2907 4223 3017 4260 esse
3049 4206 3306 4280 relictum.
3348 4204 3406 4259 In
3461 4205 3600 4280 libro

1993 4277 2310 4351 Pantagathi
2353 4277 2488 4333 nihil
2527 4281 2825 4348 qutcstiouis
2857 4294 3014 4350 super
3045 4279 3245 4331 videtur
3297 4293 3407 4330 esse
3455 4277 3601 4332 dere-

1995 4354 2196 4407 lictum.

2065 4434 2086 4461 ο
2119 4425 2173 4479 lu
2205 4439 2336 4476 mss.
2369 4431 2603 4490 quatuor
2633 4421 2794 4475 codd.
2837 4420 3124 4474 Dominum
3184 4428 3461 4486 nostrum;
3503 4420 3599 4474 sed

1992 4495 2156 4550 lectio
2188 4497 2404 4564 vulgata
2433 4493 2486 4547 in
2517 4491 2704 4556 editis,
2733 4510 2894 4560 quam
2949 4491 3330 4564 retinuimus,
3379 4493 3598 4564 verior;

1995 4583 2118 4621 riam
2149 4561 2492 4622 Gaudentius
2525 4566 2628 4618 hnc
2649 4564 2762 4632 agit
2787 4578 3006 4628 semper
3027 4605 3041 4627 ,
3079 4573 3134 4614 ut
3177 4564 3228 4614 in
3274 4561 3497 4616 Christo
3525 4562 3601 4616 di-
3653 4571 3656 4574 '

1992 4640 2278 4692 vinitatnm
2308 4647 2542 4690 astruat.
2582 4634 2714 4688 Vide
2743 4635 3032 4688 observata
3057 4633 3108 4686 in
3135 4633 3288 4687 calce
3330 4636 3600 4687 sermonis

1993 4708 2378 4779 princedentis.

2067 4779 2085 4818 ῐ
2126 4781 2266 4832 Vati.
2309 4780 2417 4833 duo
2449 4787 2610 4845 atque
2633 4775 2871 4830 Urbinas
2900 4775 2979 4828 sic
3010 4773 3223 4839 legunt,
3256 4772 3434 4841 iisque
3463 4789 3599 4845 con—

1988 4865 2143 4904 sonat
2170 4851 2294 4904 cod.
2324 4844 2667 4916 Pantagatlii.
2693 4845 2860 4907 Editi,
2886 4845 3026 4916 quod
3045 4845 3305 4913 frementi.
3325 4845 3460 4899 Tota
3483 4844 3601 4901 hirc

1989 4921 2334 4984 Evangelicae
2365 4922 2609 4988 historia:
2631 4926 2908 4971 t‘Ottlrttcta
2939 4921 3204 4988 narratio,
3222 4932 3383 4988 quam
3405 4916 3601 4974 hucus-

1987 5008 2094 5060 que
2126 4991 2468 5047 Gandentius
2502 4998 2821 5058 prosccutus
2852 4996 2958 5054 est,
2994 4987 3180 5042 nobile
3210 4998 3296 5042 est
3334 4987 3598 5045 Gauden-

1989 5064 2150 5118 tiana:
2178 5063 2506 5131 eloquentia:
2538 5060 2840 5126 Specimen.

2061 5144 2085 5179 8
2114 5134 2170 5188 In
2207 5128 2381 5187 tribus
2405 5131 2735 5186 editiorithus
2767 5131 3000 5185 habetur
3029 5146 3041 5182 :
3078 5128 3207 5184 Ilth
3246 5132 3382 5185 enim
3423 5133 3598 5187 omnia

1984 5206 2177 5258 usitata
2202 5213 2347 5258 erant
2385 5205 2438 5257 iit
2473 5201 2670 5274 populo
2697 5209 2854 5269 tunc;
2894 5202 2992 5257 sed
3025 5201 3368 5272 praetulimus
3400 5204 3566 5258 lectio

1986 5291 2112 5330 nem
2149 5291 2282 5329 tusis.

2055 5345 2082 5384 ιι
2118 5347 2292 5401 Verba
2328 5361 2448 5417 quae
2477 5354 2785 5412 sequuntur
2814 5354 2904 5398 aut
2935 5346 3267 5400 sabbatorum
3296 5345 3596 5417 conditione

1982 5419 2245 5472 immutari
2269 5434 2330 5472 ne
2347 5415 2498 5471 salus
2523 5419 2611 5483 sit,
2643 5418 2870 5472 deerant
2906 5418 2957 5469 in
2993 5417 3154 5470 editis
3174 5460 3188 5484 ,
3221 5431 3392 5485 eaque
3415 5415 3596 5470 reddi-

1981 5491 2161 5544 dimus
2190 5507 2257 5546 ex
2291 5489 2450 5551 Urb.,
2489 5488 2636 5542 Flor.
2665 5497 2722 5542 et
2753 5487 2884 5542 Vatt.
2923 5487 3165 5551 duobus,
3193 5502 3425 5553 quorum
3461 5501 3595 5540 (3011-

1979 5563 2166 5616 sensui
2200 5561 2524 5631 sum-agatur
2574 5560 2714 5614 liber
2748 5560 3093 5631 Paut-igﬂhi.
3123 5558 3402 5631 Legehaut
3425 5559 3590 5631 etiam

1979 5632 2110 5704 editi
2138 5651 2225 5701 per
2252 5629 2611 5704 praescriptam
2642 5631 2805 5700 legem
2831 5629 3115 5704 ςγδι-111111.
3149 5629 3260 5682 duo
3285 5629 3592 5697 praescripta

1978 5703 2114 5827 letge2
2139 5699 2225 5758 uti
2253 5699 2331 5760 'et
2378 5699 2518 5760 liber
2545 5699 2894 5771 Pantagathi.
2948 5699 3188 5755 Urbiuas
3226 5715 3354 5756 Vero
3385 5716 3590 5770 priapo»

1978 5793 2017 5827 si
2044 5792 2076 5827 a
2119 5791 2225 5827 eae.

1974 5777 2076 5830 sita
2097 5777 2225 5844 lege.
