4096 6192
586 341 693 399 927

593 551 834 608 crevisse
890 550 1160 620 fastigium
1222 549 1547 620 dignitatis,
1622 549 1882 620 peculiari
1952 551 2194 605 carmine

593 646 756 717 307
793 645 1062 716 gloriatur
1087 685 1104 712 ,
1132 643 1321 700 dicens
1347 661 1361 698 :
1389 643 1624 700 Pusillus
1651 653 1836 699 eramal
1854 646 1986 699 inter
2010 648 2196 715 fratres

597 755 768 806 meos,
802 747 860 793 et
897 747 1122 792 cwtera.
1161 737 1384 794 Utiliter
1414 753 1547 810 ergo
1595 754 1695 808 per
1723 740 1903 794 omnia
1947 737 2196 795 Christus

596 832 716 888 ait:
750 831 1189 906 Nolitejudicare
1213 832 1493 886 secundum
1524 834 1730 902 faciem,
1765 832 1855 887 sed
1875 834 2081 903 justum
2101 838 2197 907 ju-

596 925 794 980 dicium
827 927 1069 996 judicate
1115 923 1291 994 (Joau.
1328 940 1427 992 vn,
1476 922 1596 994 24).
1640 925 1708 980 Ει
1750 926 1874 990 quis
1906 938 2151 980 noSIrum
2178 968 2192 992 ,

597 1020 934 1084 charissitni,
963 1020 1029 1073 ad
1056 1020 1269 1086 singula
1289 1037 1408 1088 quae
1433 1019 1658 1088 pra'dixi
1682 1019 1950 1074 servanda
1970 1020 2197 1075 idoneus

599 1113 914 1169 invenitur?
943 1113 1092 1169 Beati
1121 1114 1212 1184 qui
1252 1114 1548 1168 custodiunt
1579 1113 1843 1182 judicium
1870 1156 1883 1181 ,
1915 1125 1960 1168 et
2002 1115 2198 1180 faciunt

589 1207 855 1279 justitiam
886 1206 939 1259 in
988 1205 1130 1258 omni
1181 1213 1405 1273 tempore
1431 1204 1607 1277 (Psal.
1640 1220 1728 1270 cv,
1758 1206 1836 1270 5).
1876 1206 2044 1274 Igitur
2074 1222 2196 1260 cum

599 1299 897 1370 generalis,
929 1309 985 1352 ut
1020 1314 1185 1365 supra
1219 1298 1330 1352 dixi
1365 1297 1413 1361 b.
1449 1298 1522 1353 sit
1570 1299 1674 1354 iSIa
1719 1302 1992 1353 sententia
2021 1342 2035 1365 ,
2062 1304 2199 1370 {spe-

600 1394 814 1449 cialiter
845 1404 1024 1448 tamen
1077 1393 1336 1464 dirigitur
1381 1393 1447 1446 ad
1501 1393 1721 1448 Jtttlmos
1746 1436 1759 1458 ,
1790 1395 1877 1461 qtti
1918 1391 2197 1448 Christum

601 1486 875 1542 mirabilia
910 1485 1196 1540 facientem
1225 1529 1239 1553 ,
1275 1487 1552 1540 hominem
1591 1485 1938 1540 solummodo
1965 1502 2029 1540 ex
2064 1485 2200 1540 facie

595 1577 953 1649 judicabant,
986 1579 1156 1633 Deum
1183 1594 1318 1634 vero
1346 1580 1399 1632 in
1445 1579 1738 1632 virtutibus
1776 1594 1881 1632 non
1929 1579 2198 1634 videntes.

606 1671 909 1728 Hareticos
958 1673 1122 1726 etiam
1158 1671 1252 1726 Dei
1306 1669 1504 1725 Filium
1558 1671 2038 1741 blasphetnantcs,
2094 1687 2198 1725 non

604 1763 963 1820 mediocriter
1012 1764 1281 1820 sententia
1314 1766 1412 1819 ista
1446 1765 1777 1834 contundit,
1809 1765 1953 1836 quod
1986 1766 2202 1820 humili.

1657 341 1717 397 S.
1757 338 2140 399 GAUDENTII
2181 338 2440 396 BRIXIIE
2481 338 2790 397 EPISCOPI

589 468 649 516 et
696 473 758 515 se
802 473 872 515 es
895 457 1201 514 humilitate
1248 471 1346 528 per
1389 457 1486 513 Dei
1527 457 1758 529 gratiam
1801 456 1868 513 ad
1921 472 2191 514 summum
2221 461 2270 520 Λ

3749 343 3836 406 928

2869 458 3141 522 SERMO
3183 460 3328 523 XII.

2523 575 2607 618 DE
2633 574 2922 621 DIVERSIS
2953 577 3282 623 CAPITULIS
3319 580 3657 624 SECUNDUS.

2371 658 2448 714 De
2467 675 2528 714 eo
2541 661 2677 730 quod
2702 662 2775 715 ait
2800 661 3054 735 Dominus
3066 661 3259 719 Jesus:
3287 664 3438 721 Nunc
3455 665 3703 735 judicium
3723 675 3794 723 est

2868 733 3050 803 {hujus
3084 736 3294 790 tnundi.

2369 823 2535 894 308
2576 824 2704 878 Post
2746 823 2892 880 illam
2926 826 3023 880 Dei
3054 827 3238 882 Patris
3271 814 3458 884 vocem
3488 846 3592 901 qua
3615 831 3848 901 gloriﬁca-

2303 927 2412 971 tum
2447 916 2640 971 Filium
2680 934 2870 971 rursus
2915 920 3328 990 gloriﬁcandum
3377 921 3615 989 dixerat,
3649 923 3728 978 ubi
3756 923 3852 977 Sal-

2301 1013 2458 1062 vator
2513 1009 2726 1063 locutus
2786 1019 2872 1064 est
2911 1013 2977 1065 ad
3036 1014 3455 1070 circumstantes
3495 1015 3852 1085 turbas,quod

2299 1101 2555 1172 proxime
2584 1103 2943 1159 disseruimus
2964 1152 2978 1175 ,
3009 1107 3170 1176 hujus
3202 1109 3576 1165 testimonium
3603 1111 3743 1165 vocis
3767 1126 3853 1165 non

2301 1195 2385 1250 sui
2412 1210 2574 1251 causa
2607 1195 2854 1259 honoris.
2888 1199 2982 1254 sed
3011 1212 3212 1256 nostra:
3241 1201 3367 1258 fidei
3409 1203 3730 1258 instruenda:
3753 1220 3854 1272 gra-

2303 1291 2375 1346 tia
2425 1291 2590 1347 fuisse
2630 1292 2905 1360 delatum;
2936 1296 3064 1366 quid
3117 1298 3301 1351 statim
3359 1299 3690 1368 subsequens
3738 1299 3852 1354 idem

2303 1383 2566 1440 Dominus
2595 1386 2882 1456 adjecerit,
2914 1397 3094 1444 textus
3125 1389 3286 1459 hujus
3318 1406 3440 1460 qua:
3467 1392 3628 1446 modo
3662 1392 3853 1446 decursa

2303 1486 2406 1541 est,
2440 1477 2642 1533 iudieat
2668 1478 3012 1550 Evangelicae
3045 1482 3318 1537 lectio’nis.
3351 1483 3542 1550 Nunc,
3569 1483 3856 1554 inquit,jtt-

2304 1570 2498 1623 diciunt
2538 1581 2610 1625 est
2640 1572 2798 1646 hujus
2822 1572 3000 1626 mundi
3030 1571 3210 1644 (Joan.
3244 1591 3317 1628 XII
3337 1616 3350 1634 .
3378 1573 3492 1647 5i).
3537 1575 3856 1630 Consideran-

2305 1663 2430 1719 dum
2456 1676 2608 1734 puto,
2630 1666 2828 1723 fratres
2858 1668 3192 1736 charissimi,
3213 1669 3522 1738 cnjusmodi
3553 1667 3858 1722 dixerittunc

2307 1756 2595 1813 imminere
2633 1758 2922 1827 judicium.
2954 1759 3010 1816 Si
3042 1761 3108 1815 de
3138 1761 3322 1816 futuro
3346 1762 3556 1831 judicio
3581 1807 3594 1830 ,
3641 1777 3740 1831 quo
3785 1774 3858 1827 per

602 1864 771 1915 tatem
817 1868 1087 1926 suscepta:
1118 1858 1302 1913 carnis
1329 1857 1512 1912 intuiti
1533 1899 1548 1924 ,
1587 1860 1871 1914 immensa;
1902 1860 2202 1914 divinitatis
2233 1859 2280 1918 Β
2309 1851 2485 1915 ignem
2533 1851 2869 1920 judicabitur
2920 1853 3012 1908 hic
3059 1855 3294 1909 mundus
3319 1898 3333 1921 ,
3366 1855 3556 1909 sentiri
3603 1856 3855 1920 voluissd,

605 1963 876 2006 conentur
907 1951 1087 2006 metiri
1134 1952 1521 2006 substantiam.
1554 1951 1665 2005 Nos
1709 1963 1889 2006 autem
1918 1994 1932 2017 ,
1962 1952 2159 2007 fratres
2185 1998 2199 2021 ,

602 2047 775 2116 gratia
815 2049 929 2118 ejus
977 2045 1163 2100 saluati
1202 2063 1292 2116 per
1319 2046 1473 2115 ﬁdem
1515 2045 1751 2118 (Ep/tes.
1781 2062 1839 2110 ll,
1865 2045 1930 2118 8)
1958 2092 1972 2115 ,
1995 2047 2202 2116 justum

598 2137 869 2208 judicium
896 2138 1234 2208 judicemus,
1261 2138 1577 2208 aequitatem
1604 2149 1892 2194 servantes
1923 2149 1945 2177 ο
1971 2140 2023 2193 in
2055 2139 2201 2193 omni

607 2232 826 2286 actione
895 2231 1336 2287 conversationis
1400 2243 1624 2286 nostrae.
1687 2233 1783 2284 Est
1837 2232 1982 2284 enim
2038 2232 2206 2286 ratio-

605 2327 802 2383 nabilis
828 2327 1028 2383 anima;
1053 2328 1260 2395 justum
1285 2327 1580 2395 judicium,
1616 2338 1675 2382 ttt
1698 2328 1864 2397 eligat
1892 2327 2004 2382 Deo
2034 2327 2204 2396 magis

604 2421 847 2486 servire,
879 2435 1040 2491 quam
1079 2421 1310 2485 saeculo;
1343 2430 1401 2473 ut
1440 2428 1646 2475 statuat
1689 2419 1963 2474 mandatis
2001 2419 2202 2474 Christi

606 2515 835 2586 obsequi
865 2556 881 2582 ,
917 2530 1022 2569 non
1074 2513 1277 2569 diaboli
1309 2513 1557 2569 consiliis
1596 2515 1915 2584 depravari;
1946 2522 2008 2569 ut
2041 2513 2204 2581 Spiri-

605 2609 843 2664 tualibus
893 2609 1165 2664 inhaerere
1207 2605 1232 2644 ἀ
1263 2608 1524 2665 decernat
1557 2609 1790 2677 studiis,
1843 2625 1955 2665 non
2012 2624 2206 2665 carna-

605 2701 749 2757 libus
782 2701 936 2757 vitiis
982 2702 1282 2772 implicari;
1313 2713 1370 2757 et
1417 2712 1475 2756 ut
1503 2711 1758 2758 aeternam
1808 2703 2203 2758 beatitudinem

604 2792 910 2849 futurorum
934 2837 950 2862 ,
973 2795 1313 2850 brevissimis
1342 2795 1529 2849 mundi
1585 2795 1956 2865 voluptatibus
2000 2796 2208 2864 judicet

609 2888 1056 2958 praeponendam.
1123 2887 1277 2943 Βρειί
1329 2887 1511 2956 itaque
1563 2888 1747 2942 cordis
1797 2903 1954 2958 a-quo
1999 2886 2206 2957 judicio

605 2979 918 3049 gradiamur
946 2981 999 3035 itt
1030 2981 1286 3035 omnibus
1309 2983 1615 3049 praeceptis,
1641 2990 1695 3034 et
1722 2981 2206 3049 justificationihus

605 3069 858 3139 Domini,
889 3082 945 3127 ut
972 3074 1246 3142 possimus
1287 3072 1412 3128 vitae
1444 3083 1664 3129 aeterna!
1701 3074 2034 3128 consortium
2075 3090 2202 3143 pro-

606 3165 807 3220 mereri
839 3166 911 3219 ab
941 3166 1060 3236 ipso
1091 3166 1181 3220 Dei
1219 3165 1356 3220 Filio
1381 3165 1728 3234 sitnpiterno,
1759 3166 1919 3234 cujus
1946 3166 2203 3234 omnipo-

2307 1961 2415 2001 non
2443 1946 2667 2002 dixisset
2698 1964 2837 2002 nunc
2860 1958 2976 2015 est,
3019 1949 3116 2004 sed
3164 1949 3395 2004 dixisset
3427 1947 3447 1988 ί
3481 1959 3604 2002 tunc
3655 1949 3859 2002 eritne-

2307 2054 2429 2092 rum
2460 2039 2583 2106 quia
2628 2039 2698 2094 de
2754 2042 3012 2109 prtescnti
3063 2041 3391 2111 loquebatur
3430 2041 3672 2111 judicio,
3701 2037 3859 2093 intueri

2306 2133 2588 2202 convenit,
2617 2134 2760 2205 quod
2788 2135 2947 2191 fuerit
2975 2136 3105 2190 illttd
3132 2151 3377 2206 prmsens
3401 2135 3592 2190 tnnndi
3614 2133 3856 2206 judcium.

2306 2226 2580 2297 Numquid
2625 2229 2678 2283 in
2726 2230 2902 2299 primo
2942 2228 3178 2285 adventu
3209 2243 3308 2283 suo
3356 2228 3613 2284 Christus
3644 2226 3858 2280 muudutn

2302 2321 2583 2391 judieasse
2623 2322 3065 2391 existimabitur,
3108 2339 3269 2392 quem
3317 2323 3505 2392 potius
3549 2322 3769 2377 salvasse
3787 2335 3858 2374 eo-

2309 2415 2619 2486 gnoseitnr.
2653 2417 2791 2471 sicut
2837 2420 2956 2488 ipse
2987 2425 3218 2474 testatus
3242 2427 3322 2474 est
3354 2419 3549 2474 dicens
3580 2435 3593 2472 :
3627 2417 3737 2472 Non
3759 2411 3861 2469 enim

2305 2508 2440 2562 misit
2475 2508 2610 2562 Deus
2643 2508 2837 2564 Filium
2863 2527 3013 2564 suunt
3041 2519 3094 2564 ut
3112 2512 3319 2582 judicet
3347 2512 3624 2575 mundum,
3682 2519 3703 2556 ε
3729 2508 3800 2563 sed
3822 2513 3862 2559 Ill

2305 2601 2529 2655 salvetur
2583 2601 2808 2656 mundus
2861 2619 2951 2671 per
2998 2604 3170 2674 ipsum
3220 2602 3404 2674 (Joan.
3465 2600 3690 2671 "1.17).
3737 2600 3792 2654 Et
3823 2598 3862 2650 in

2307 2693 2603 2762 Evangelio
2652 2695 2799 2750 beati
2849 2695 3010 2751 Lucae
3046 2697 3280 2767 legitur,
3312 2711 3436 2750 cum
3490 2695 3704 2766 quidam
3746 2693 3864 2744 virus

2305 2785 2564 2840 Samaria;
2615 2787 2880 2842 noluisset
2926 2791 3209 2858 suscipere
3263 2789 3648 2853 Salvatorem,
3684 2785 3864 2855 indigne

2307 2876 2548 2931 ferentes
2595 2879 2838 2945 Aposmli
2869 2879 3110 2935 Jacobus
3156 2891 3208 2935 et
3259 2879 3529 2942 Joannes.
3561 2875 3864 2934 dixeruntad

2305 2986 2432 3026 eum
2461 2990 2474 3025 :
2508 2970 2750 3041 Domine,
2775 2976 2848 3028 vis
2871 2975 3104 3029 dicamus
3129 2983 3187 3028 ut
3229 2973 3363 3046 ignis
3394 2973 3669 3028 descendat
3695 2973 3750 3024 de
3767 2968 3862 3023 culo

2306 3082 2458 3136 super
2482 3083 2566 3120 eos
2591 3109 2605 3132 ,
2635 3067 2681 3120 et
2718 3077 2984 3122 consumat
3023 3084 3131 3134 eos,
3161 3069 3291 3121 sicut
3322 3065 3472 3121 Elius
3494 3067 3649 3136 fecit?
3673 3063 3698 3102 ιι
3717 3067 3772 3118 At
3801 3061 3867 3115 ille

2306 3157 2609 3229 indignatus
2636 3161 2900 3231 prohibuit
2928 3161 3082 3234 (Luc.
3115 3177 3190 3221 nt,
3222 3159 3312 3232 54)
3333 3202 3346 3214 .
3375 3160 3419 3214 Ο
3446 3162 3526 3214 ira
3562 3155 3861 3214 misericorS!

603 3257 769 3310 tentia
827 3272 951 3312 cum
1002 3258 1160 3313 Patre
1187 3300 1201 3323 ,
1233 3270 1287 3313 et
1312 3258 1523 3330 Spiritu
1557 3269 1747 3314 sancto
1775 3303 1788 3327 ,
1824 3268 2108 3330 permanet
2148 3261 2199 3315 in
2232 3245 2277 3309 C
2309 3248 2447 3317 Quid
2496 3267 2625 3320 Ngo
2670 3262 2755 3308 est
2796 3253 2939 3324 quod
2982 3253 3101 3308 ait:
3136 3252 3295 3307 Nunc
3327 3253 3591 3324 judicium
3640 3261 3708 3305 est
3744 3248 3866 3320 hujus

605 3348 787 3402 omnia
817 3349 1024 3405 secula.
1050 3359 1072 3386 ε
1103 3350 1299 3405 Amen.

600 3853 724 3908 dem
777 3853 984 3909 Graecis
1031 3853 1283 3910 versibus
1332 3853 1568 3909 reddidit
1595 3853 1936 3923 Apollinaris
1965 3855 2206 3911 Alexan-

600 3925 828 3988 drinus,
876 3925 1235 3981 Laodicensis
1270 3926 1531 3981 Ecclesia:
1561 3927 1868 3997 presbyter,
1911 3927 2056 3980 circa
2101 3945 2200 3982 an-

602 4012 732 4068 num
762 3996 887 4059 560;
919 4007 1101 4067 atque,
1130 3999 1274 4052 inter
1323 4000 1679 4061 recitationes,
1733 3996 2041 4067 elegantem
2087 4000 2206 4068 ejus

602 4067 973 4139 Metapltrasin
1010 4083 1187 4139 graece
1236 4078 1293 4123 et
1348 4069 1514 4122 latine
1555 4069 1704 4139 dedit
1732 4069 1978 4139 Olympia
2013 4067 2205 4125 Fulvia

602 4138 831 4202 Morata,
866 4138 1026 4206 quam
1069 4139 1291 4193 exhibet
1336 4140 1494 4193 Joan.
1543 4138 1812 4193 Alliertus’
1831 4139 2114 4196 Fabricius
2148 4143 2201 4196 itt

599 4209 790 4281 codice
817 4209 1169 4281 Pseudepigr.
1203 4210 1268 4264 V.
1315 4210 1378 4263 Τ.
1415 4226 1533 4278 pag.
1584 4210 1710 4265 905.
1767 4209 1990 4264 Videtur
2038 4216 2202 4267 etiam

579 4279 748 4353 illunc
779 4282 1044 4353 psalmum
1077 4279 1416 4350 expressisse
1454 4281 1670 4353 Marcus
1701 4282 1969 4353 A_tttonius
2003 4283 2205 4337 Flami-

600 4351 724 4406 nius
755 4352 1084 4407 ttitidissimo
1117 4355 1210 4406 illo
1243 4355 1487 4406 carmine
1529 4351 1676 4422 quod
1723 4351 2053 4422 Parapltrasi
2107 4358 2204 4410 tri-

595 4423 743 4493 ginta
776 4423 1115 4478 Psaltnorum
1146 4423 1414 4492 praetixit:

724 4517 872 4584 Eram
899 4519 1353 4584 paternaahjectns
1386 4523 1432 4570 in
1457 4521 1601 4571 domo
1624 4534 1770 4584 puer,

788 4582 1084 4641 Cunctisqttc
1103 4582 1339 4633 fratribus
1360 4586 1487 4633 meis

724 4643 903 4704 Minor,
931 4646 1160 4706 pusillum
1184 4647 1233 4695 in
1254 4655 1421 4696 monte
1442 4646 1703 4708 pascebam
1719 4658 1950 4709 gregem.

672 4738 697 4768 α
737 4729 850 4785 Hac
880 4729 1189 4799 compendii
1224 4729 1454 4784 formula
1489 4732 1661 4784 utitur
1693 4745 1800 4784 non
1836 4746 1945 4783 uno
1978 4730 2030 4786 in
2081 4731 2202 4787 loco

599 4801 974 4865 Gaudentius,
1035 4811 1094 4855 ut
1149 4801 1326 4856 Serm.
1391 4801 1423 4855 4
1458 4819 1469 4855 :
1503 4803 1738 4856 Assumet
1793 4819 1963 4857 secum
2002 4803 2202 4858 vicinus

599 4874 896 4940 proximum
923 4889 1072 4926 suum
1094 4918 1108 4942 ,
1140 4884 1187 4926 et
1209 4883 1428 4938 autem;
1462 4874 1640 4928 Serm.
1675 4872 1765 4928 14.
1800 4874 1862 4927 Si
1887 4890 2154 4943 sumpsero
2181 4915 2197 4942 ,

595 4943 765 5013 inquit
793 4985 807 5007 ,
841 4959 1034 5010 pennas
1075 4961 1236 5006 meas.
1259 4957 1310 4998 et
1331 4955 1551 5004 ctetera:
1579 4944 1763 5000 Serm.
1807 4946 1876 4999 19
1903 4962 1916 4997 :
1960 4946 2099 5009 Quid
2122 4963 2200 4999 me

600 5014 754 5067 vultis
780 5014 1055 5068 occidere?
1081 5014 1363 5075 hominem.
1396 5027 1442 5070 et
1465 5029 1652 5070 cretera
1674 5032 1692 5080 ,'
1719 5028 1775 5071 et
1801 5018 1953 5070 alibi.
1990 5016 2195 5072 Eadem

597 5085 828 5138 formula
885 5098 1038 5138 nsum
1097 5101 1314 5154 quoque
1344 5089 1701 5143 Philastrinm
1754 5089 2067 5141 observavit
2097 5087 2200 5142 Fa-

597 5155 828 5220 bricius,
861 5169 984 5223 cap.
1023 5157 1162 5212 150:
1200 5157 1431 5222 Spiritus
1471 5159 1678 5212 Domini
1703 5176 1863 5224 super
1889 5175 1990 5221 nte,
2017 5169 2065 5212 et
2098 5176 2197 5213 ra:-

597 5239 741 5296 tera;
771 5236 827 5281 et
875 5240 995 5295 cap.
1031 5228 1177 5299 1M:
1208 5228 1353 5296 Opus
1382 5229 1535 5296 Legis
1567 5236 1818 5299 scriptum
1844 5231 1896 5284 in
1950 5229 2195 5284 cordibus

598 5305 708 5354 suis
725 5344 739 5366 ,
758 5308 806 5354 et
820 5307 1024 5354 etatem.
1047 5297 1138 5353 Sic
1160 5300 1436 5354 Enuodius
1449 5297 1759 5355 'l‘icinett'sis
1777 5303 1874 5355 lib.
1897 5318 1990 5355 tv.:
2007 5301 2190 5368 ep.,4.

595 5370 721 5427 Juri
749 5383 835 5425 tuo
878 5379 1126 5441 perpetua
1169 5369 1479 5425 liberalitate
1524 5372 1832 5430 transfundo
1877 5374 2192 5440 mancipium

585 5445 730 5513 juris
755 5443 854 5497 mei
882 5441 1047 5510 illud,
1077 5450 1123 5494 et
1147 5450 1372 5505 cratera;
1401 5443 1724 5508 Fulgentius
1765 5443 2068 5510 RttSpensis
2099 5459 2188 5511 ep.

596 5515 663 5572 5:
698 5513 1117 5587 Fructusautem
1137 5514 1352 5584 sp-ritus
1381 5523 1454 5568 est
1482 5515 1726 5587 eharitas,
1760 5516 2031 5587 gaudium.
2063 5532 2190 5587 pax,

594 5596 643 5640 et
673 5597 878 5641 cetera.
916 5582 1058 5639 Usus
1105 5582 1234 5652 quin
1266 5590 1431 5640 etiam
1461 5585 1578 5639 Cic.
1609 5585 1664 5639 2.
1695 5582 1942 5640 de'Orat.
1976 5587 2035 5638 Si
2064 5582 2192 5638 inihi

594 5657 737 5730 ﬁlius
764 5659 966 5730 genitus
988 5695 1002 5717 ,
1035 5657 1181 5730 isque
1203 5659 1348 5726 prius
1378 5657 1616 5721 moritur,
1645 5665 1691 5709 et
1714 5670 1899 5730 uetera
1924 5665 2018 5730 ;et
2049 5655 2189 5711 infra

590 5729 716 5797 eod.
745 5727 838 5782 liti.
867 5727 1000 5796 Ages
1023 5729 1288 5795 Asellum,
1320 5737 1369 5782 et
1393 5742 1612 5793 cratera;
1645 5739 1696 5782 et
1726 5734 1775 5780 in
1802 5729 1939 5788 'l‘on.
1966 5727 2033 5797 _ln
2060 5743 2187 5797 par.-

585 5795 766 5870 titione
793 5790 941 5870 quasi
973 5797 1195 5866 membra
1214 5790 1354 5870 sunt,
1385 5809 1444 5867 ut
1469 5790 1724 5870 corporis,
1755 5810 1932 5870 caput,
1955 5790 2185 5870 humeri,

575 5847 1202 5934 uana—,‘umniitg.
1216 5847 1491 5939 mare
1504 5847 1724 5925 ista};
1753 5847 1982 5933 sima
1998 5847 2181 5922 suae

2228 4555 2283 4616 Β

2309 3342 2493 3396 mundi
2515 3342 2697 3416 (Joan.
2724 3362 2822 3406 xu.
2850 3346 2970 3417 51)?
2999 3345 3295 3414 Judicitttn,
3329 3345 3564 3410 fratres,
3598 3343 3776 3412 duplici
3803 3354 3866 3393 ra-

2310 3435 2456 3490 tione
2483 3448 2662 3504 potest
2692 3438 2943 3510 intelligi.
2970 3439 3104 3493 Natn
3136 3447 3191 3494 et
3236 3439 3593 3494 decernentis
3638 3433 3864 3492 sententia

2303 3526 2566 3596 judicium
2617 3530 2857 3599 dicitur,
2912 3541 2968 3586 et
3019 3531 3346 3603 supplicium
3401 3530 3655 3599 patientis
3707 3528 3865 3582 dicitur

2308 3633 2509 3688 poena:
2540 3622 2804 3691 judicium
2855 3624 3085 3680 alterum
3137 3623 3352 3694 agentis
3385 3634 3472 3678 est
3496 3669 3515 3694 ν,
3541 3623 3756 3678 alterum
3795 3630 3867 3688 pa-

2304 3710 2514 3769 tientis.
2552 3714 2774 3772 iJudex
2816 3717 2947 3771 facit
2991 3715 3255 3785 judicium
3281 3756 3296 3781 ,
3329 3729 3460 3770 reus
3515 3714 3759 3776 subit;et
3800 3715 3865 3762 est

2313 3869 2502 3925 latinae
2535 3872 2732 3937 linguas
2762 3888 2860 3928 usu
2902 3874 3100 3928 factam
3131 3887 3320 3928 vocem
3351 3872 3594 3928 italicam
3622 3914 3635 3931 .
3663 3888 3689 3925 e
3717 3877 3864 3923 cetera

2317 3945 2538 4064 tltgotahat
2565 3945 2849 4016 Menagius
2882 3945 2936 3999 in
2965 3943 3280 4015 Originibus
3315 3946 3518 4015 lingua:
3551 3943 3737 3999 italica:
3771 3953 3860 3994 ver.

2390 4023 2600 4064 caetera.

2390 4023 2600 4068 cratera.

2384 4083 2412 4122 δ
2457 4084 2526 4140 Ut
2555 4104 2720 4154 supra
2751 4088 2880 4140 dixi.
2916 4087 3068 4142 Flor.
3110 4087 3255 4140 Vatt.
3300 4087 3409 4142 dtto
3437 4129 3451 4148 .
3493 4098 3552 4142 et
3592 4088 3720 4141 liber
3751 4082 3862 4137 Pan-

2312 4157 2517 4230 tagathi
2540 4167 2594 4211 ut
2622 4157 2930 4230 prtelocutus
2955 4175 3089 4212 sunt.
3119 4158 3293 4212 Lusus
3317 4160 3746 4212 atnanuettsintu.

2385 4239 2407 4266 ο
2452 4228 2516 4282 In
2562 4224 2704 4282 omni
2768 4231 2972 4283 actione
3032 4231 3443 4284 conversationis
3511 4240 3720 4284 nostris.
3757 4224 3858 4279 Mss.

2311 4308 2547 4371 quatuor
2577 4299 2746 4355 Codd.
2774 4311 2831 4355 et
2859 4301 2999 4355 liber
3025 4300 3352 4371 Pantagathi
3386 4303 3437 4354 in
3470 4304 3610 4354 omni
3637 4313 3761 4352 acta.

2381 4368 2408 4407 ἀ
2451 4371 2519 4426 Ut
2574 4373 2934 4427 suiritualibus
2980 4365 3249 4426 inhaerere.
3301 4375 3430 4428 Urh.
3494 4383 3548 4425 et
3587 4372 3724 4425 Vatt.
3777 4365 3860 4420 duo

2311 4449 2368 4494 ut
2399 4442 2724 4512 spiritalibus
2751 4441 3020 4506 inhterere,
3053 4459 3212 4511 quam
3250 4461 3437 4499 vocem
3463 4443 3771 4514 spiritalibus
3788 4451 3859 4491 re-

2312 4511 2451 4567 tinet
2471 4518 2638 4568 etiatn
2681 4515 2817 4569 Cod.
2849 4515 3194 4582 Pantagatlti.
3221 4515 3359 4570 Vide
3403 4511 3525 4578 sup.
3556 4515 3722 4570 Serm.
3749 4511 3795 4576 ‘2,
3817 4523 3859 4577 p-

2309 4582 2436 4639 259.
2470 4586 2651 4642 Serm.
2682 4589 2738 4653 8,
2772 4602 2825 4654 p.
2849 4585 2979 4638 ειη.
3005 4585 3181 4640 Serm.
3214 4587 3269 4650 9,
3299 4605 3349 4656 p.
3380 4585 3510 4640 289.

2382 4665 2406 4692 θ
2451 4659 2633 4711 Amen.
2693 4651 2955 4712 lit—Flor.
3013 4669 3069 4712 et
3129 4651 3310 4710 γωδ
3347 4657 3561 4712 duobus
3609 4651 3857 4709 subditur:

2306 4725 2454 4799 Finit
2485 4729 2548 4781 de
2575 4727 3102 4799 Paralytico;inms.
3135 4745 3268 4783 vero
3293 4727 3636 4798 Pantagatlti,
3664 4719 3860 4794 Explicil

2304 4797 2369 4852 de
2387 4797 2722 4870 ‘Parulytico.

2380 4867 2399 4906 τ
2443 4871 2533 4924 Sic
2564 4865 2715 4924 Flor.
2751 4880 2807 4926 et
2840 4871 2988 4925 Vatt.
3017 4871 3126 4926 duo
3149 4885 3246 4937 pro
3274 4885 3341 4925 eo
3371 4869 3512 4938 quod
3539 4869 3592 4922 in
3624 4865 3859 4938 editisest

2302 4956 2443 4994 nunc
2468 4943 2604 5008 erit;
2636 4954 2690 4996 at
2721 4944 2774 4997 itt
2802 4944 2928 4998 cod.
2968 4936 3284 5012 Pantagathi
3315 4936 3436 4996 tunc
3460 4943 3556 4995 erit
3578 4957 3595 5005 ;
3615 4942 3696 4992 "hi
3726 4936 3856 5012 e‘i"_‘“

2302 5011 2421 5078 ejus
2479 5005 2640 5067 manu
2697 5031 2797 5080 pro
2851 5015 3068 5069 dixisset
3112 5005 3408 5081 répositutu
3460 5025 3546 5067 est
3591 5005 3856 5072 diceret,in

2303 5092 2454 5138 textu
2489 5088 2988 5156 νθιυυίοεριιττθὺιιι
3018 5087 3244 5142 dixerat.
3366 5154 3387 5156 ξ
3629 5153 3677 5156 _,

2373 5164 2398 5202 8
2446 5156 2588 5210 Vatt.
2621 5155 2730 5210 duo
2760 5159 2840 5211 sic
2871 5159 3097 5220 habent,
3126 5167 3178 5211 et
3209 5157 3345 5208 liber
3366 5153 3711 5222 Pantagathi;
3748 5147 3852 5203 editi

2296 5239 2430 5281 vero
2483 5237 2539 5279 ut
2587 5227 2898 5281 salvaretur.
2940 5228 3404 5283 Concinitautem
3440 5225 3661 5282 lectioni
3691 5229 3852 5276 nostra:

2297 5297 2462 5367 etiam
2499 5298 2725 5367 Vulgata
2756 5298 2945 5354 editio.

2370 5365 2396 5404 ¹ι
2437 5363 2625 5423 (Σωάθί
2642 5369 2878 5444 Urbittas
2907 5371 3175 5444 prohibuit
3193 5385 3301 5444 eos.
3331 5367 3564 5444 Vulgata
3584 5363 3741 5444 editio
3766 5370 3849 5444 tam

2295 5455 2698 5515 grtece,iquatn
2748 5436 2934 5505 latine,
2960 5443 3119 5496 aliter
3167 5443 3330 5515 legit;
3353 5441 3595 5515 στραφεὶς
3634 5436 3686 5492 δέ
3714 5436 3850 5489 iueri-

2295 5533 2452 5584 μησεν
2477 5514 2678 5584 αὐτοῖςὲ
2705 5522 2753 5566 et
2777 5529 3054 5566 conversus
3073 5514 3355 5584 increpavit
3387 5514 3528 5584 illos.
3610 5579 3623 5584 Δ
3683 5581 3694 5584 _
3750 5578 3759 5584 _
3811 5570 3836 5584 ν

2371 5582 2385 5618 ί
2435 5570 2788 5658 LectitrFlor.
2821 5584 3028 5639 codicis
3053 5587 3133 5640 sic
3165 5570 3328 5637 litibet
3353 5600 3367 5637 :
3392 5579 3573 5658 {udex
3597 5579 3713 5658 facit
3734 5570 3851 5658 judi-

2292 5655 2448 5714 cium.
2462 5655 2723 5725 judiciunt
2748 5658 2942 5725 patitur
2973 5672 3122 5721 reus;
3145 5667 3190 5710 et
3215 5665 3287 5708 est
3319 5654 3585 5725 utriusque
3603 5650 3846 5721 judicium-

2290 5723 2479 5792 llattllc
2508 5727 2673 5798 verba
2706 5723 2824 5798 base
2854 5738 2902 5779 et
2929 5728 3301 5798 estutriusque
3318 5723 3578 5798 judicium
3609 5728 3844 5798 tamquam

2309 5791 2525 5864 tett’uina
2568 5795 2950 5864 Gaudentiano
3005 5797 3178 5864 textui
3216 5791 3568 5864 addidimus.
3596 5791 3843 5864 ejicientfg

2313 5847 2536 5934 napus
2581 5847 3371 5938 patu’ai“qimzt"ta"etiam
3400 5847 3733 5933 irrepserat,
3761 5847 3843 5910 lict
