4096 6192
340 240 453 303 9‘29

1207 246 1441 305 SERMO
1482 240 1607 316 ΧΗ,
1653 246 1739 303 DE
1780 239 2098 301 DIVERSIS
2136 236 2503 301 CAPITULIS
2553 239 2932 302 SECUNDUS.

3538 239 3645 301 930

336 352 928 425 tttrinsqnejudicimn.
949 356 1203 414 Mnntlum
1231 377 1364 417 vero
1387 378 1511 417 cum
1531 362 1659 417 dicit
1693 361 1943 431 Seriptu-
1971 361 2025 421 Α
2049 358 2328 425 veritatis;
2360 368 2414 413 et
2439 361 2566 430 quia
2596 361 2739 416 Dens
2771 358 3091 415 hominibus
3122 356 3319 428 agendi
3352 357 3649 428 quodetim-

338 465 398 503 ra
430 450 595 520 309
621 462 713 503 atit
742 449 953 519 facere,
980 464 1068 505 aut
1102 456 1209 523 pati
1235 456 1523 523 judicium,
1560 474 1664 511 non
1700 458 1939 511 elemen-

346 550 525 596 torntn
558 544 1007 599 irrationabilimn
1052 560 1279 602 naturas
1307 548 1549 615 indicat,
1581 553 1675 605 sed
1720 554 1938 603 accolas

338 635 526 691 mandi
573 636 847 706 signiticat
890 656 903 692 :
936 639 1095 692 sicuti
1129 656 1250 695 cum
1283 642 1478 696 domus
1509 641 1674 694 Israel
1704 640 1929 705 dicitur,

348 742 457 782 non
494 730 749 796 parietes,
779 730 861 783 vel
892 738 1053 795 tecta,
1080 733 1175 786 sed
1203 733 1748 788 homines'lsraelitie
1784 748 1939 786 mon-

338 829 605 876 strantur.
660 821 802 892 Ergo
830 823 1145 879 dominator
1182 828 1424 881 omnium
1480 825 1763 893 Christus,
1817 834 1942 895 post

336 916 655 971 inusitatum
700 933 871 971 sacra:
931 918 1170 989 Virginis
1224 934 1483 989 partum,
1538 929 1661 990 post
1716 920 1942 974 adorata

339 1010 599 1067 muniﬁcd
622 1026 902 1078 magorum
936 1014 1083 1067 ciiltu
1107 1016 1402 1081 cunabula,
1432 1026 1552 1083 post
1574 1014 1939 1081 multiplicem

342 1102 651 1157 doctrinam
682 1104 925 1158 C(Blcslis
962 1105 1167 1175 eloquii
1189 1148 1202 1168 ,
1239 1116 1363 1177 post
1397 1108 1671 1161 variarum
1704 1106 1943 1161 curatio-

345 1210 473 1249 mnn
529 1193 768 1249 medelas
814 1195 1048 1263 imperio
1072 1198 1223 1252 verbi
1256 1200 1498 1268 potentis
1527 1198 1786 1260 ellectas,
1825 1206 1944 1266 post

343 1287 488 1343 istud
522 1302 762 1356 praesens
794 1290 1167 1343 testiinonium
1206 1290 1383 1344 Patris
1408 1300 1458 1358 ,⁸
1492 1306 1615 1344 cum
1659 1300 1801 1345 esset
1830 1290 1942 1359 jam

342 1380 628 1449 proximus
660 1378 935 1446 PaSsiOni,
963 1381 1041 1436 sic
1068 1384 1146 1435 ait
1174 1401 1183 1435 :
1214 1381 1374 1436 Nunc
1395 1384 1660 1454 judicium
1688 1394 1759 1436 (st
1786 1384 1944 1453 hujus

342 1474 523 1526 mundi
574 1471 777 1543 (Joan.
826 1474 977 1545 xu);
1031 1488 1305 1546 tamquam
1352 1480 1395 1531 si
1446 1478 1656 1533 diceret
1705 1496 1718 1532 :
1760 1477 1940 1541 Nunc,

344 1582 493 1620 nunc
520 1575 605 1621 est
632 1568 794 1631 hujus
824 1569 1011 1623 mundi
1037 1569 1302 1638 judicium
1322 1612 1336 1636 ,
1373 1580 1551 1625 utrum
1583 1570 1811 1625 credere
1840 1571 1941 1623 eli-

342 1670 437 1729 gat
491 1668 613 1726 post
660 1659 985 1715 Pa~sionem
1046 1662 1409 1716 voluntariam
1471 1664 1671 1716 virtute
1724 1661 1944 1731 propria

2046 466 2150 518 que
2174 450 2345 505 velint
2370 452 2534 523 310
2556 452 2786 506 liberum
2822 450 3073 522 permisit
3100 450 3409 515 arbitrium,
3449 460 3469 487 ο
3487 466 3648 504 exer-

2044 554 2174 598 cent
2242 547 2294 599 in
2349 544 2625 600 Christum
2685 545 3011 615 sacrilegam
3075 552 3423 615 potestatem.
3497 542 3650 599 Unde

2047 638 2220 693 Pilato
2242 638 2809 695 dicenti:Potestatem
2827 638 2990 695 habeo
3017 638 3357 711 crucifigendi
3386 650 3452 703 te,
3482 646 3529 691 et
3561 653 3654 705 po-

2045 739 2275 783 testatem
2301 731 2461 784 habeo
2483 731 2783 785 dimittendi
2812 743 2860 785 te
2878 747 2897 795 ;
2933 732 3193 785 Dominus
3222 729 3298 784 ita
3327 729 3612 798 respondit
3637 748 3649 783 :

2048 822 2169 876 Non
2206 823 2423 877 haberes
2446 833 2771 893 potestatem.
2798 825 2899 878 nisi
2922 824 3047 877 data
3089 823 3177 877 tibi
3221 833 3349 877 esset
3406 822 3656 892 desurper

2048 913 2231 987 (Joan.
2273 918 2412 985 xui.)
2458 917 2702 987 Denique
2746 927 2801 970 ut
2850 916 3167 971 ostenderet
3204 915 3470 970 Dominus
3509 913 3656 970 istud

2046 1008 2189 1079 quod
2214 1008 2425 1066 dixerat
2452 1010 2633 1063 mundi
2652 1008 2941 1081 judicium,
2969 1009 3287 1063 l’assionem
3317 1023 3469 1062 suam
3502 1021 3654 1074 esse;

2048 1104 2122 1158 ita
2144 1104 2421 1174 copulaiit
2446 1104 2639 1160 dicens
2666 1122 2678 1156 :
2712 1102 2868 1157 Nunc
2890 1103 3150 1175 judicium
3174 1113 3251 1156 est
3271 1101 3430 1171 hujus
3451 1101 3653 1170 mundi,

2048 1215 2186 1251 nunc
2233 1199 2391 1270 hujus
2424 1198 2603 1251 mundi
2651 1200 2893 1269 princeps
2938 1199 3168 1251 mittetur
3214 1196 3487 1265 deorsum,
3539 1198 3659 1252 sive

2047 1288 2339 1359 expelletur
2375 1292 2518 1359 foras
2550 1288 2729 1361 (Joan.
2776 1289 2906 1362 xu),
2941 1288 2968 1325 ἀ
3012 1299 3069 1343 ιιι
3126 1289 3180 1343 in
3236 1289 3445 1345 Gra'CIs
3472 1303 3658 1345 exem-

2054 1384 2295 1452 plaribus
2327 1383 2581 1453 legimus.
2619 1384 2745 1437 Erat
2772 1385 2919 1437 enim
2948 1382 3139 1437 Passio
3160 1381 3366 1436 Christi
3389 1397 3660 1451 expugna-

2050 1478 2129 1533 tio
2173 1478 2352 1533 futnra
2391 1478 2620 1533 diaboli.
2652 1477 2808 1533 Unde
2836 1490 3059 1532 sanctus
3093 1476 3358 1547 propheta
3391 1475 3557 1531 David
3589 1475 3658 1532 ad

2049 1574 2168 1643 ejus
2196 1589 2488 1644 personam
2520 1572 2760 1641 loquitur
2786 1590 2796 1625 :
2829 1570 3221 1644 Utjitsti/iceris
3251 1571 3303 1623 in
3333 1569 3660 1623 sermonibus

2050 1667 2174 1731 tuis,
2206 1678 2254 1719 et
2286 1668 2460 1720 vincas
2483 1682 2599 1719 cum
2621 1665 2881 1737 judicaris
2909 1662 3029 1733 (Ps.
3056 1667 3135 1729 L).
3168 1663 3322 1717 Licet
3353 1673 3536 1716 autem
3572 1661 3661 1718 hic

346 1752 653 1823 resurgenii
678 1794 690 1815 ,
744 1763 800 1805 ιιι
850 1768 916 1807 ex
970 1753 1075 1807 llde
1124 1758 1366 1808 salvetur
1396 1800 1409 1822 ,
1453 1771 1519 1808 an
1568 1771 1692 1809 cum
1738 1754 1943 1809 .ludazis
1970 1758 2021 1820 Β
2051 1774 2240 1812 versus
2257 1767 2311 1813 et
2342 1759 2450 1812 alio
2476 1772 2642 1813 sensu
2674 1758 2845 1825 possit
2875 1753 3132 1824 intelligi,
3169 1754 3295 1808 huic
3323 1763 3503 1806 tamen
3527 1752 3661 1807 satis

346 1847 654 1917 negandum
694 1847 900 1914 judicet
929 1863 1053 1902 eum
1084 1846 1335 1903 Judicem
1371 1849 1461 1919 qui
1511 1859 1809 1918 negaturus
1836 1849 1944 1904 erit

343 1940 603 2013 preprios
636 1949 963 2010 negatores,
1006 1939 1197 1995 dicens
1243 1942 1313 1994 ad
1359 1942 1483 1995 illos
1529 1959 1542 1995 :
1592 1940 1784 1995 Nescio
1812 1958 1941 1996 vos:

344 2033 596 2087 discedite
626 2051 657 2086 a
683 2049 761 2086 me
796 2034 850 2087 in
877 2035 1049 2104 ignem
1081 2044 1333 2088 aeternum
1354 2077 1368 2099 ,
1403 2036 1630 2105 aperarii
1655 2035 1946 2107 iniquitatis

345 2125 366 2198 (
396 2125 523 2179 Luc.
562 2142 652 2180 xm
678 2129 717 2196 ).
760 2125 888 2181 Sive
922 2126 1092 2197 magis
1137 2126 1237 2195 (et
1268 2128 1339 2181 ita
1375 2126 1728 2182 sentiendum
1758 2136 1949 2183 aucto-

344 2217 505 2273 ritate
522 2219 855 2272 cohterentis
877 2217 1083 2287 eloquii
1113 2218 1299 2273 utilius
1327 2221 1753 2291 approbamus),
1789 2219 1948 2275 Nunc

344 2312 605 2384 judicium
650 2322 721 2364 (st
764 2310 920 2381 hujus
948 2312 1126 2363 mundi
1160 2310 1351 2381 (Joan.
1388 2312 1531 2383 xu);
1569 2314 1619 2367 id
1648 2322 1732 2369 est
1756 2328 1952 2383 appro-

349 2402 643 2473 pinquavit
691 2402 825 2455 hora
870 2413 928 2456 ut
972 2403 1157 2457 mundi
1206 2403 1550 2469 Creatorem,
1600 2420 1663 2458 ac
1703 2404 1949 2459 Judicem

348 2498 589 2550 mundus
630 2495 843 2563 judicet
890 2496 1242 2565 jndicandus.
1306 2498 1567 2552 Similiter
1615 2514 1848 2569 namque
1895 2500 1948 2554 in

356 2588 660 2657 Evangelia
693 2587 853 2642 Luca:
886 2588 1127 2658 loquitur
1153 2588 1220 2642 ad
1270 2589 1588 2658 pontiﬁces,
1636 2600 1691 2645 et
1726 2592 1953 2662 presby-

358 2691 525 2747 teros,
561 2680 659 2735 bet
684 2692 953 2750 strategos
984 2684 1333 2752 magistratus
1363 2683 1569 2752 templi,
1603 2684 1692 2754 qui
1725 2685 1791 2738 ad
1822 2700 1948 2739 eum

348 2775 928 2845 comprehemlendnm
987 2786 1249 2831 venerant
1295 2796 1308 2831 :
1356 2777 1520 2843 Quasi
1569 2780 1636 2832 ad
1690 2780 1950 2834 latronem

351 2871 529 2925 existis
559 2886 675 2923 cum
703 2871 895 2943 gladiis
922 2882 970 2925 et
1002 2871 1263 2941 fustibus;
1295 2888 1411 2926 cum
1439 2874 1665 2942 quotidie
1692 2874 1953 2927 vobiscum

358 2967 551 3036 fuerim
576 2968 629 3020 in
660 2969 874 3035 templo,
905 2977 955 3022 et
984 2985 1086 3021 non
1114 2969 1417 3023 extendistis
1446 2986 1632 3023 manus
1659 2986 1817 3040 super
1840 2986 1952 3034 me;

360 3061 447 3113 sed
480 3058 589 3113 hwc
617 3068 717 3127 est,
756 3060 950 3130 inquit,
987 3074 1155 3116 vestra
1188 3062 1340 3127 hora,
1369 3071 1417 3116 et
1456 3073 1679 3132 potestas
1715 3064 1952 3115 tenebra-

2049 1851 2336 1921 congruit;
2372 1866 2494 1904 nam
2536 1850 2798 1904 Dominus
2824 1849 2983 1903 Jesus
3014 1847 3066 1902 in
3102 1848 3365 1902 l‘assione
3390 1862 3487 1901 sua
3515 1845 3661 1915 judi-

2050 1952 2206 2000 catur
2256 1954 2312 1999 et
2364 1945 2575 2011 vincit,
2627 1943 2859 1997 moritur
2916 1952 2971 1996 et
3028 1940 3343 2011 triumphat.
3398 1938 3660 1996 Diabolus

2050 2047 2230 2091 autem
2262 2052 2360 2090 cur
2388 2038 2651 2106 princeps
2685 2035 2844 2104 hujus
2876 2033 3063 2088 mundi
3099 2034 3334 2099 dicatur,
3364 2031 3658 2088 advertite.

2052 2131 2309 2185 Diabolus
2340 2130 2503 2198 hujus
2534 2128 2721 2182 mundi
2756 2129 3013 2198 princeps
3047 2129 3401 2197 usurpatione
3429 2126 3655 2198 dicitur,

2057 2238 2165 2277 non
2197 2231 2413 2276 natura.
2444 2221 2662 2276 Etenim
2710 2221 2979 2276 seduCens
3026 2220 3322 2273 humanum
3370 2234 3564 2289 genus,
3600 2226 3660 2273 ut

2055 2314 2324 2369 derelicto
2354 2314 2468 2368 Deo
2497 2313 2676 2383 ipsum
2704 2314 2960 2367 Satanam
2994 2327 3089 2380 per
3119 2311 3413 2366 simulacra
3445 2314 3658 2367 coleret

2061 2405 2391 2471 manufacta,
2414 2406 2784 2476 principatum
2810 2404 3085 2460 violenter
3108 2405 3305 2470 tenuit,
3331 2413 3386 2459 et
3410 2404 3664 2459 exercuit

2058 2499 2419 2569 tyrannidem,
2455 2500 2507 2552 in
2542 2506 2753 2552 tantum
2782 2496 3256 2552 utadvenientem
3283 2513 3469 2552 verum
3501 2496 3655 2552 Prin’

2056 2578 2444 2661 cipem’snutn
2501 2607 2608 2645 non
2666 2602 3089 2661 recognosceret
3142 2592 3421 2657 mundus,
3483 2592 3657 2662 ipsius

2056 2687 2261 2756 quippe
2308 2685 2509 2739 diaboli
2558 2685 2837 2755 prestigiis
2882 2684 3212 2738 obcazcatus.
3264 2684 3400 2738 Nam
3444 2684 3501 2737 in
3550 2683 3656 2740 hoc

2060 2777 2257 2831 mundo
2308 2787 2417 2831 erat
2469 2777 2759 2841 Christus,
2807 2785 2865 2830 ut
2914 2777 3262 2847 Evangelista
3315 2785 3563 2842 testatur,
3615 2786 3664 2832 et

2058 2871 2280 2923 mundus
2327 2887 2418 2941 per
2457 2870 2631 2939 ipsum
2673 2871 2844 2940 factus
2884 2876 2997 2933 est,
3044 2876 3090 2921 et
3128 2868 3353 2921 mundus
3384 2884 3502 2922 eum
3547 2884 3652 2922 non

2060 2964 2315 3036 ragnovit.
2350 2962 2414 3016 In
2440 2964 2651 3034 propria
2683 2962 2840 3027 venit,
2880 2971 2926 3016 et
2957 2962 3041 3016 sui
3071 2978 3173 3016 non
3208 2971 3511 3031 receperunt
3543 2976 3661 3015 eum

2059 3055 2261 3124 (Joan.
2290 3054 2367 3125 ι).
2406 3054 2601 3109 Passus
2631 3064 2711 3109 est
2743 3070 2874 3125 ergo
2909 3055 3169 3108 Dominus
3196 3069 3255 3109 se
3281 3054 3443 3123 hujus
3471 3052 3661 3111 mundi

355 3167 471 3205 runt
500 3151 661 3222 (Luc.
698 3153 865 3221 XXII).
901 3152 1149 3208 Potesms
1176 3156 1526 3209 tenebrarum
1559 3156 1760 3224 quippe
1792 3155 1951 3223 hujus
1977 3154 2026 3218 ε
2054 3150 2263 3222 judicio
2303 3149 2570 3220 judicari,
2621 3148 2687 3203 ad
2720 3148 2866 3203 hunc
2904 3148 3122 3203 hostem
3165 3150 3386 3218 generis
3436 3147 3662 3205 humani

353 3243 539 3297 mundi
589 3254 703 3311 est,
751 3244 835 3299 vel
870 3244 1146 3299 hominum
1181 3248 1581 3302 mundanorum
1605 3291 1618 3315 ,
1651 3249 1740 3316 qui
1787 3250 1838 3301 in
1874 3258 1954 3303 te-

353 3336 539 3390 nebris
583 3336 825 3406 perlidire
872 3338 1189 3404 constituti,
1244 3340 1427 3395 lumen
1472 3340 1662 3394 nolunt
1696 3342 1941 3410 aspicere

354 3517 518 3575 modo
544 3536 556 3571 :
588 3518 763 3591 Iudex
786 3519 909 3589 facit
942 3521 1221 3587 iudicium,
1242 3539 1357 3576 reus
1378 3523 1537 3588 subit,
1564 3524 1727 3586 idest,
1761 3526 1957 3591 patitur

350 3592 638 3665 judicium.
670 3590 820 3645 Vatt.
854 3592 962 3645 duo
986 3594 1167 3663 legunt
1195 3596 1463 3665 judicium
1494 3597 1690 3661 patitur
1721 3590 1882 3663 reus;
1915 3604 1963 3650 et

356 3672 431 3715 est
462 3664 712 3736 uniusque
733 3665 1177 3736 judiciumpqme
1198 3664 1337 3719 licet
1381 3666 1627 3720 nonnihil
1660 3668 1951 3736 depravata

355 3736 483 3796 sint,
507 3735 795 3787 lectionem
823 3746 1002 3788 tamen
1020 3735 1168 3790 Flor.
1194 3738 1400 3791 codicis
1423 3735 1769 3793 Conﬁrmant.
1793 3741 1952 3793 Eam-

355 3805 492 3879 deut
514 3804 734 3879 exhibet
764 3807 927 3859 etiam
962 3809 1083 3860 cod.
1118 3806 1325 3862 Octavii
1358 3809 1676 3878 Pantagatbi
1705 3852 1720 3877 ,
1751 3827 1859 3879 quo
1894 3814 1953 3865 lit

358 3886 417 3949 ut
447 3878 531 3929 vix
563 3878 831 3936 dubitem,
858 3881 985 3944 quin
1013 3881 1127 3931 tunc
1151 3890 1424 3947 tamquam
1468 3896 1591 3934 vera
1623 3893 1677 3935 et
1710 3878 1949 3949 genuina

356 3946 741 4022 Gatldettliano
795 3949 967 4022 textui
1017 3946 1349 4022 restituenda
1380 3951 1452 4004 sit
1477 3992 1492 4015 ,
1529 3954 1556 4004 Ιι
1580 3946 1948 4022 gentiumque,

348 4018 519 4091 judex
560 4020 681 4088 facit
714 4019 1013 4089 judicium,
1048 4021 1307 4090 judicium
1357 4025 1554 4091 patitur
1584 4018 1749 4089 reus,
1793 4018 1952 4079 etest

360 4090 629 4164 utriusque
648 4091 910 4164 judicium
937 4108 954 4155 ;
978 4093 1055 4145 sic
1080 4094 1226 4146 enim
1258 4090 1419 4147 habet
1446 4095 1740 4164 prmdictus
1774 4096 1911 4151 liber
1936 4138 1950 4163 ,

359 4158 675 4214 Florentino
704 4162 1022 4216 concinens.

430 4240 456 4267 ει
492 4230 639 4307 Flor.
693 4233 840 4307 cod_.,
896 4250 1013 4307 cum
1059 4245 1188 4307 esset
1222 4237 1349 4307 jam
1392 4238 1507 4306 jam
1556 4239 1855 4307 proximus,
1899 4247 1956 4294 at

360 4301 500 4377 liber
529 4304 843 4377 l’antaggthi
879 4304 1079 4359 retinet
1108 4301 1404 4361 lectionem
1431 4301 1727 4377 vulgatam.

432 4374 458 4411 δ
490 4374 542 4427 In
581 4394 683 4451 ms.
724 4375 1250 4451 llrb._nmr_habetur
1282 4394 1385 4431 vox
1418 4374 1749 4451 magistratus
1794 4380 1954 4451 (qua:

360 4444 702 4522 deestetiam
731 4448 784 4499 in
814 4448 954 4500 libro
978 4448 1348 4519 Pantagathi),
1378 4444 1523 4505 unde
1548 4452 1600 4503 lit
1630 4461 1689 4505 ut
1709 4444 1956 4522 suspicer

367 4528 473 4590 tam
525 4516 718 4581 istam,
766 4533 924 4585 quam
973 4516 1528 4589 sequentcm'vocem
1578 4516 1955 4590 teittpli,'e.sSe

364 4589 729 4641 additamenta
756 4590 1125 4663 librariorum,
1155 4592 1249 4661 qui
1282 4596 1523 4663 ineptum
1547 4589 1817 4659 glossema
1843 4611 1955 4647 ora:

366 4675 571 4729 pagina:
625 4662 986 4728 adscriptum,
1052 4666 1103 4716 in
1158 4672 1363 4717 textum
1415 4668 1757 4719 admiserint.
1812 4665 1955 4719 Nihil

365 4738 652 4807 proiecto,
680 4734 824 4800 quod
851 4733 1019 4787 sciam
1041 4776 1056 4800 ,
1088 4737 1300 4805 strategi
1330 4735 1399 4789 ad
1432 4738 1692 4807 templum
1725 4740 1959 4805 pertine-

363 4802 525 4861 bant.
558 4804 654 4857 sed
688 4819 801 4857 rem
836 4802 1435 4869 militaremextrahant,
1463 4816 1521 4858 ut
1546 4802 1617 4860 ex
1648 4802 1759 4861 Jul.
1792 4807 1956 4871 Pol|.,

366 4872 415 4947 l_._
437 4888 470 4947 ιὲ
505 4887 555 4927 c.
594 4876 679 4937 id,
713 4874 845 4947 satis
875 4874 1066 4942 liquet.
1102 4875 1237 4929 Hinc
1267 4880 1513 4947 strategia
1545 4882 1683 4947 apud
1726 4880 1958 4932 Plinium

365 4944 565 4997 dit-itur
599 4944 957 5015 prmfectura,
990 4960 1083 4999 seu
1120 4961 1195 5000 rei
1243 4944 1498 4999 militaris
1542 4944 1871 5015 imperium,
1906 4958 1963 5003 ut

366 5015 465 5070 lib.
515 5030 686 5089 I\',rc.
738 5015 794 5068 li
844 5033 855 5067 :
906 5014 1129 5069 Thracia
1173 5018 1305 5070 inter
1336 5014 1681 5073 validissimus
1738 5021 1965 5089 Europa:

367 5098 571 5156 gentes.
608 5088 659 5137 in
706 5089 992 5155 strategias
1029 5090 1401 5157 quinquaginta
1434 5088 1634 5153 divisa;
1662 5101 1715 5143 et
1762 5091 1853 5144 lib.
1890 5106 1963 5155 vt,

365 5172 415 5209 c.
448 5157 503 5218 9,
623 5157 900 5231 Armenia,
927 5162 1002 5210 sic
1033 5160 1105 5211 ait
1152 5176 1164 5212 :
1210 5158 1476 5214 Dividitur
1505 5162 1557 5213 in
1590 5165 1962 5231 praefecturas),

364 5243 496 5297 quas
528 5227 564 5279 ii
595 5228 880 5294 strategias
907 5240 1107 5281 vocant.
1150 5232 1371 5285 l’lautus
1404 5235 1567 5297 item,
1598 5227 1819 5287 Curcnl.
1858 5227 1967 5288 act.

367 5314 437 5360 ιι,
492 5313 568 5374 sc.
621 5314 712 5374 tit,
764 5299 829 5361 6,
881 5310 1164 5372 strategum
1196 5320 1302 5357 non
1335 5306 1541 5369 sacris,
1594 5307 1689 5359 sed
1726 5304 1969 5374 profanis

368 5372 773 5441 magistratibus
803 5386 1057 5426 accenset
1085 5390 1097 5425 :

462 5483 567 5553 gae
581 5490 837 5553 strategus.
855 5497 947 5534 nec
966 5493 1198 5547 tyrannus
1222 5488 1499 5553 quisquam,
1514 5502 1607 5539 nec
1626 5501 1970 5553 agoranomus.

462 5545 566 5595 Nec
582 5549 891 5607 demarchus,
921 5545 1013 5598 nec
1036 5545 1337 5600 comarchus.
1350 5545 1380 5601 ἶ.

371 5648 538 5721 Igitur
566 5670 812 5721 quamvts
854 5656 1137 5726 legendum
1188 5672 1442 5713 censeam
1495 5659 1563 5711 ad
1616 5658 1886 5782 pontiﬁces
1929 5664 1978 5711 et

374 5725 710 5782 υνωδὺιιιιηόκ
732 5768 747 5782 .
780 5738 825 5780 et
853 5739 1101 5782 strateaos
1121 5771 1137 5782 .
1164 5730 1254 5782 aui
1285 5730 1354 5782 ad
1385 5746 1501 5782 eum
1543 5747 1747 5782 conmre
1786 5731 1978 5782 cuden-

374 5725 710 5801 prtesbyteros
732 5768 747 5791 ,
780 5738 825 5780 et
853 5725 1101 5801 strategos
1121 5771 1137 5796 ,
1164 5730 1254 5799 qui
1285 5730 1354 5783 ad
1385 5746 1501 5783 eum
1543 5725 1978 5801 comprehenden-

372 5794 499 5849 dum
530 5807 794 5862 venerant,
822 5794 1448 5873 tamen'muta'renolui;
1482 5802 1579 5858 sed
1602 5794 1976 5873 conjeCturam

1982 4488 2036 4548 D

2062 3243 2546 3315 pra-cipitandum,
2592 3243 2709 3297 sive
2738 3242 3162 3312 expellendum,
3196 3240 3322 3310 quia
3364 3252 3660 3311 utrumque

2051 3356 2215 3395 uuutn
2266 3353 2389 3393 esse
2437 3337 2806 3408 dignoscitur;
2864 3348 2886 3373 ε
2923 3344 2979 3392 et
3028 3351 3134 3407 qua
3179 3337 3393 3392 ratione
3444 3351 3650 3404 unum,

2060 3538 2237 3578 meam
2280 3520 2501 3575 lectoris
2537 3520 2744 3589 judicio
2777 3522 3051 3591 permitto.
3090 3521 3379 3591 Postquam
3413 3523 3529 3579 haec
3553 3523 3659 3578 Pa-

2063 3596 2262 3647 tavinis
2296 3594 2436 3662 typis
2482 3595 2787 3663 vulgassent
2815 3609 2961 3645 anno
2996 3592 3153 3655 i720,
3187 3594 3319 3648 Acta
3355 3593 3661 3663 Lipsiensia

2058 3667 2267 3720 mensis
2311 3660 2790 3729 Uctobris'ﬁﬁ,
2845 3679 2967 3732 pag.
3017 3665 3145 3726 488,
3194 3660 3497 3720 docuerunt
3536 3670 3662 3732 me',

2058 3736 2305 3806 quamvis
2340 3750 2461 3809 non
2514 3732 2633 3809 sine
2680 3735 2840 3800 felle,
2891 3734 3082 3809 haberi
3128 3743 3385 3809 strategus
3442 3736 3656 3809 templi,

2060 3805 2388 3885 ἀτρατηῖοὺς
2414 3812 2510 3885 you
2553 3806 2715 3880 ἱεροῦ.
2760 3815 2865 3859 act.
2902 3820 2974 3869 tv,
3010 3805 3060 3869 1,
3101 3816 3161 3885 et
3185 3824 3238 3870 v,
3266 3805 3369 3885 g4;
3401 3805 3659 3885 a_ddi'po-

2058 3876 2197 3932 terat
2220 3876 2385 3931 etiam
2412 3876 2571 3929 Luca-
2597 3876 2733 3937 irrit,
2761 3883 2813 3938 4,
2848 3891 2968 3943 qua:
2998 3876 3240 3943 profecto
3270 3878 3385 3931 loca
3423 3879 3657 3933 fortasse

2064 3959 2189 4004 tunc
2245 3950 2389 4002 aliud
2440 3948 2651 4011 agentis
2709 3946 3047 4015 diligentiam
3103 3947 3378 4015 fugerunt.
3439 3949 3662 4007 Dubitat

2063 4020 2422 4075 nihilominus
2444 4017 2517 4072 cl.
2546 4016 2907 4091 Ltghtlooms,
2937 4018 3065 4071 llor.
3091 4018 3343 4091 llehraic.
3372 4021 3423 4074 in
3454 4020 3658 4091 Evang.

2057 4092 2218 4147 Luca:
2268 4108 2317 4145 c.
2368 4105 2701 4152 xxn,-nnm
2752 4088 3031 4152 tribunus,
3080 4089 3162 4142 vel
3209 4092 3459 4144 centurio
3504 4088 3658 4148 istius

2060 4163 2323 4232 praesidii,
2357 4162 2650 4234 στρατηγὸς
2678 4166 2772 4235 τοῦ
2802 4161 2963 4235 ἱεροῦ,
2995 4161 3261 4235 dicendus
3291 4164 3469 4235 potius
3498 4162 3662 4219 fuerit

2058 4231 2351 4309 στρατηγὸς
2376 4242 2471 4309 τῆς
2502 4231 2773 4309 Auli-wing,
2810 4231 2970 4309 quem
3006 4231 3129 4309 vide
3149 4271 3165 4296 ,
3196 4235 3244 4286 si
3291 4233 3467 4299 lubet;
3498 4235 3575 4288 uti
3606 4244 3660 4290 et

2058 4300 2307 4361 Gr'otim'n
2342 4304 2397 4356 in
2431 4301 2617 4355 Matth.
2656 4317 2820 4369 xxvi,
2850 4300 2941 4363 45.
2974 4305 3059 4356 cui
3093 4317 3341 4371 aperturi.
3372 4318 3487 4372 est,
3523 4322 3660 4373 prac-

2060 4377 2258 4432 sidimn
2285 4376 2430 4430 istud
2476 4389 2583 4427 non
2616 4374 2785 4427 fuisse
2812 4374 2865 4427 in
2898 4374 3128 4443 Temple
3159 4374 3493 4429 ordinarium
3519 4420 3532 4441 ,
3563 4378 3660 4432 sed

2062 4449 2213 4503 festis
2253 4448 2447 4501 diebus
2487 4445 2613 4499 illuc
2659 4460 2726 4499 ex
2774 4445 3007 4501 Antonia
3058 4448 3403 4501 translatum.
3460 4446 3659 4505 Verum

2061 4519 2237 4575 doctis
2280 4518 2387 4572 illis
2421 4517 2552 4570 viris
2590 4516 2749 4569 valde
2785 4516 3101 4583 displicuit,
3148 4521 3291 4585 quod
3339 4518 3657 4584 Bartbinm,

2060 4591 2146 4646 cui
2179 4606 2286 4643 non
2321 4591 2445 4642 ideo
2474 4587 2769 4655 quidquam
2796 4591 2863 4641 de
2886 4603 3114 4641 summa:
3146 4588 3471 4643 eruditionis
3502 4590 3662 4647 laude

2061 4663 2364 4715 dt-tractntn
2400 4660 2585 4721 velim,
2621 4658 2866 4711 modeste
2902 4656 3023 4712 licet
3052 4672 3115 4712 ac
3143 4658 3338 4713 leVIter
3366 4662 3663 4714 Vellieave-

2062 4732 2187 4785 rint.
2218 4731 2323 4785 Sed
2370 4744 2501 4798 pace
2532 4742 2723 4781 eorum
2745 4769 2759 4794 ,
2805 4730 2873 4781 de
2904 4727 3156 4795 Barthio,
3207 4728 3435 4799 ejusque
3462 4734 3662 4787 erratis

2064 4804 2081 4867 (
2110 4804 2271 4856 homo
2309 4802 2453 4854 enim
2483 4812 2631 4874 erat;
2668 4801 2817 4874 sicu_t_
2839 4809 2893 4874 et
2923 4814 3041 4874 nos,
3086 4813 3139 4853 et
3169 4803 3368 4874 ett-teri
3401 4800 3659 4874 omnes),

2066 4884 2265 4943 praeter
2296 4875 2462 4935 alios,
2496 4872 2663 4943 immo
2695 4879 2747 4921 et
2777 4868 2973 4922 Fabric
2999 4884 3091 4943 um
3118 4886 3336 4937 queque
3354 4870 3516 4939 hu1us
3544 4868 3664 4928 edi-

2068 4940 2230 4998 tionis
2262 4959 2313 5009 p.
2342 4943 2429 5006 i7,
2455 4941 2721 4994 videndus
2749 4943 2978 4994 omnino
3012 4940 3300 4996 Reinesius
3330 4946 3382 4995 in
3413 4946 3662 5013 epistolis

2066 5018 2131 5068 ad
2180 5014 2547 5069 Christianum
2609 5013 2924 5077 Ilaumiutn;
2987 5020 3046 5065 ut
3093 5027 3198 5066 non
3256 5024 3540 5082 propterea
3591 5015 3661 5069 ob

2067 5087 2284 5139 unicum
2318 5082 2575 5155 Cotelerit
2608 5084 2870 5155 verbum,
2906 5098 2934 5135 a
2985 5098 3071 5137 me
3100 5084 3425 5155 simpliiiter
3454 5088 3663 5155 repog-

2072 5167 2214 5223 tum,
2252 5166 2454 5209 tantam
2489 5153 2618 5207 ntihi
2654 5154 2802 5208 litem
2835 5168 3057 5209 movere
3083 5153 3374 5213 debuerint
3397 5153 3661 5213 Actorum

2072 5228 2436 5296 Lipsiensinm
2466 5225 2802 5280 Conditorcs.

2146 5310 2167 5336 π
2206 5298 2349 5353 Vatt.
2399 5299 2507 5351 duo
2554 5310 2607 5351 et
2638 5296 2813 5359 Flor.,
2857 5308 3093 5353 exercent
3142 5298 3195 5352 in
3243 5296 3509 5353 Christum
3534 5298 3658 5354 Dei.

2073 5370 2208 5425 Cod.
2245 5369 2584 5439 l’asttagatlti,
2614 5371 2887 5423 exercendi
2918 5372 2970 5422 in
3001 5368 3269 5424 Christum
3302 5367 3420 5423 Dei.

2148 5438 2173 5477 ά
2206 5441 2361 5495 Patet
2411 5438 2495 5494 vel
2551 5441 2713 5504 hinc,
2771 5449 2972 5509 quanta
3024 5450 3150 5493 tunc
3199 5441 3461 5508 temporis
3515 5451 3666 5499 esset

2076 5515 2373 5567 auctoritas
2418 5510 2732 5567 GrmCormn
2794 5512 3223 5580 ext-mplarium,
3271 5512 3434 5565 etiam
3486 5516 3575 5567 ubi
3630 5530 3662 5570 a

2081 5585 2306 5651 Vulgata
2357 5585 2700 5638 recederent.
2734 5582 2890 5653 Legit
2934 5592 3114 5637 autem
3146 5582 3331 5653 Crgcca
3364 5582 3533 5638 editio
3577 5587 3661 5640 ix—

2083 5650 2384 5716 ϐληθήσεται
2426 5657 2553 5723 ἐξω,
2603 5650 2865 5723 ejicietur,
2914 5656 3027 5706 sive
3057 5650 3346 5718 expelletur
3379 5655 3559 5725 foras,
3607 5663 3666 5712 ut

2083 5730 2221 5784 idem
2252 5728 2583 5781 Gaudentius
2616 5728 2775 5794 paulo
2802 5726 3023 5779 interius
3050 5725 3231 5778 Vertit.

2161 5808 2181 5836 θ
2213 5797 2365 5853 Unus
2394 5814 2458 5854 cx
2483 5796 2627 5851 Vatt.
2657 5795 2844 5861 codd.,
2874 5810 3021 5865 tequa
3043 5796 3246 5853 ratione
3273 5811 3429 5852 unum
3450 5836 3467 5866 ,
3503 5798 3670 5872 perci.
