4096 6192
577 256 687 318 955

1665 251 1722 316 S.
1765 253 2147 316 GAUDENTII
2188 253 2447 317 ΒιιιΧΙιΕ
2489 254 2794 317 EPISCOPI

3749 256 3834 318 956

578 378 770 450 pedes;
795 384 849 432 et
871 374 1326 446 quemadmodum
1351 375 1518 431 Judas
1541 376 1663 446 pio,
1697 376 1991 446 debitaque
2013 376 2179 449 31h.
2207 384 2257 440 Α
2284 379 2588 435 Salvatoris
2611 421 2625 444 ,
2653 382 2756 438 sub
2787 385 3057 451 prtetextu
3093 377 3308 448 pietatis
3353 387 3537 435 tamen
3556 421 3570 445 ,
3622 378 3701 435 illa
3741 380 3834 450 ipsa

577 471 922 526 adversarius
959 469 1252 540 obsequio,
1279 469 1406 525 dum
1440 480 1706 540 patronus
1734 485 2035 540 pauperum
2067 471 2184 524 vult

578 562 782 624 videri.
815 559 942 616 furti
975 575 1102 616 reus
1129 562 1378 631 arguitur
1409 578 1422 614 :
1459 560 1553 616 sed
1587 560 1718 616 illud
1743 559 2051 628 omisimus,
2095 559 2182 614 vel

577 655 758 727 potius
786 653 1184 711 reservavimus
1208 701 1221 724 ,
1255 653 1387 726 quid
1435 654 1578 709 inter
1627 656 1730 709 hoc
1761 653 1978 708 locutus
2019 652 2183 709 fuerit

579 746 844 804 Dominus
886 745 1074 802 Jesus.
1137 745 1304 811 Sine,
1353 746 1562 816 inquit,
1607 762 1721 800 eam
1750 788 1765 812 ,
1801 746 1921 801 sive
1959 746 2112 799 sinite
2165 762 2178 799 :

575 851 600 880 ⁸
625 850 918 912 utrumque
939 842 1088 898 enim
1121 850 1177 898 et
1199 841 1250 896 in
1275 840 1517 908 Graecis,
1553 850 1610 896 et
1661 840 1871 895 Latinis
1906 838 2182 907 exempla-

574 938 728 993 ribus
765 937 1072 1002 invenitur;
1103 936 1197 991 sed
1223 938 1396 1005 magis
1420 951 1724 1006 congruere
1754 934 1968 990 videtur
1996 935 2181 989 sensui

575 1047 698 1088 cum
721 1031 922 1102 legitur
946 1030 1139 1096 sinite,
1173 1040 1282 1085 etc.
1304 1070 1318 1095 ,
1354 1039 1578 1098 propter
1611 1029 1703 1082 illa
1748 1043 1873 1095 qua:
1902 1027 2183 1096 pluraliter

577 1127 988 1194 subsequuntur
1017 1142 1030 1179 :
1063 1140 1314 1197 pauperes
1347 1124 1483 1177 enim
1512 1139 1714 1192 semper
1766 1123 1963 1175 habetis
2015 1119 2185 1174 vobis-

575 1236 712 1274 cum.
761 1216 1129 1287 Quaerendum
1175 1231 1308 1287 ergo
1335 1258 1349 1281 ,
1392 1214 1773 1276 dilectissimi,
1822 1213 2180 1282 quamobrem

573 1313 642 1368 ad
661 1311 814 1367 luds:
837 1310 1010 1366 solius
1028 1309 1194 1365 verba
1219 1306 1506 1378 pluraliter
1526 1305 1876 1375 reSponderit
1896 1304 2180 1370 Dominus,

579 1405 748 1463 Sinite
774 1421 889 1460 eam
916 1449 930 1474 ,
986 1412 1042 1458 ut
1091 1404 1141 1456 in
1172 1403 1308 1456 diem
1337 1402 1620 1470 sepulturae
1651 1417 1776 1455 metu
1805 1408 1967 1453 servet
1998 1398 2134 1452 illud
2164 1415 2181 1452 :

576 1500 843 1572 Pauperes
881 1500 1015 1554 enim
1051 1513 1252 1569 semper
1284 1496 1482 1550 habetis
1512 1496 1774 1550 vobiscum
1803 1538 1817 1562 ,
1874 1510 1956 1547 me
2010 1503 2182 1547 autent

580 1613 683 1652 non
713 1610 914 1665 semper
945 1590 1122 1664 (Joan
1155 1606 1232 1646 xu
1259 1606 1272 1656 ;
1301 1589 1472 1643 Math.
1507 1603 1666 1653 xxvi;
1704 1586 1873 1641 Marc.
1900 1584 2041 1657 xw).
2073 1584 2179 1638 Ad-

576 1687 844 1744 mirabilis
873 1701 1037 1755 vere,
1069 1699 1133 1739 ac
1166 1685 1394 1739 nimium
1425 1681 1722 1752 providens
1742 1678 1948 1735 Chliin
1975 1679 2181 1748 patien-

2285 473 2514 529 fallacitu
2568 476 2737 530 verba
2784 476 3204 546 depronipserat
3236 496 3248 529 :
3285 475 3459 540 Quare
3501 475 3594 529 hoc
3644 493 3834 548 unguen-

2284 575 2389 620 tum
2456 569 2822 622 venumdatum
2882 585 2985 622 non
3043 577 3155 634 est,
3217 568 3425 638 inquit,
3483 567 3699 621 denariis
3756 578 3838 623 tre-

2284 661 2443 714 centis
2468 703 2481 725 ,
2517 672 2564 714 et
2591 661 2771 714 datum
2810 671 2882 716 est
2911 661 3224 733 pauperibus
3252 657 3453 734 (Joan.
3484 675 3562 715 xu
3587 659 3605 728 )
3634 660 3656 712 ?
3698 659 3844 714 lrreli-

2279 756 2471 826 giosus
2489 755 2648 827 315
2668 755 2915 822 nimium,
2943 766 2995 809 et
3012 755 3148 810 satis
3172 755 3526 824 importunus
3543 752 3828 823 dispositor,

2287 856 2311 884 θ
2335 849 2482 902 avari
2524 847 2852 903 fraudatoris
2883 847 3166 912 affectum,
3205 847 3417 903 crimen
3463 847 3707 902 videlicet
3746 863 3850 916 pro-

2286 942 2490 1011 prium,
2525 943 2629 996 sub
2679 944 2867 1011 Specie
2905 941 3194 1013 religionis
3222 941 3350 996 dum
3396 950 3584 1012 tegere
3625 921 3848 1009 conatui,

2283 1034 2578 1099 expressit.
2637 1034 2986 1104 lrreligiosus
3054 1035 3236 1103 plane,
3296 1046 3463 1105 atque
3506 1033 3845 1104 importunus;

2284 1125 2408 1196 quia
2438 1126 2585 1195 quod
2631 1126 2697 1182 ad
2740 1127 3010 1182 honorem
3040 1125 3248 1182 Christi
3284 1129 3492 1182 factum
3544 1127 3727 1191 fuerat,
3756 1143 3848 1184 non

2285 1218 2447 1273 modo
2464 1219 2805 1288 superﬂuum
2834 1220 3195 1290 computavit,
3218 1237 3407 1275 verum
3434 1221 3598 1276 etiam
3627 1236 3850 1276 sermone

2286 1311 2696 1381 improbissimo
2741 1312 3451 1380 reprehendit.Fraudator
3498 1311 3681 1378 etiam;
3725 1314 3849 1384 quia,

2285 1404 2529 1460 loculum
2570 1417 2785 1471 tenens,
2820 1406 3147 1476 exportabat
3173 1421 3233 1461 ea
3267 1421 3390 1476 qua:
3431 1405 3774 1460 mittebantur
3796 1403 3850 1459 ad

2285 1513 2417 1552 usus
2479 1498 2862 1568 indigentium,
2921 1500 3066 1553 sicut
3123 1498 3475 1568 evangelista
3532 1498 3852 1567 conqueritur

2286 1590 2469 1659 (Joan.
2514 1608 2606 1658 xu,
2658 1593 2734 1648 6i.
2774 1595 2989 1646 Avarus
3016 1608 3267 1663 quoque;
3296 1593 3558 1656 quoniam
3590 1607 3690 1646 non
3716 1591 3854 1645 satia-

2284 1685 2466 1752 batur,
2519 1686 2794 1758 stipendia
2844 1703 3147 1758 pauperum
3191 1687 3440 1758 quotidie
3489 1684 3850 1748 subtrahendo,

572 1783 644 1838 tia
672 1782 768 1838 lin
815 1793 1105 1836 commune
1131 1777 1388 1832 omnibus
1436 1773 1724 1844 discipulis
1751 1773 1992 1843 loquitur
2017 1813 2031 1837 ,
2066 1771 2092 1808 ι)
2123 1779 2180 1826 ιιι
2209 1768 2255 1828 Β
2284 1780 2381 1835 sed
2413 1789 2468 1834 et
2489 1782 2791 1850 sepultura:
2813 1779 3020 1836 Christi
3051 1781 3284 1852 pretium
3316 1781 3366 1835 in
3399 1782 3624 1851 propria
3654 1779 3850 1833 ardebat

572 1876 642 1931 ab
685 1873 1020 1930 adversantis
1058 1871 1213 1927 Juda:
1260 1869 1594 1926 contumelia
1649 1875 1952 1933 temperet;
1999 1881 2178 1935 neque

572 1967 772 2024 acriter
799 1977 856 2020 ut
878 1966 932 2018 in
959 1963 1327 2019 fraudatorem
1362 1960 1662 2025 invehitur,
1705 1959 1800 2014 sed
1830 1956 2177 2013 dissimulato

571 2060 690 2132 ejus
718 2058 953 2115 crimine
973 2098 987 2123 ,
1041 2071 1203 2127 quem
1231 2065 1286 2110 et
1315 2053 1666 2123 Evangelista
1700 2051 1871 2107 furem
1905 2059 2133 2107 noverat
2162 2091 2176 2116 ,

573 2151 684 2209 leni
711 2153 923 2207 monitu
951 2149 1240 2204 universos
1273 2147 1482 2218 pariter
1515 2145 1773 2211 inStruit;
1807 2145 2012 2200 ducens
2039 2145 2178 2200 inte-

573 2247 676 2303 rim
703 2287 717 2310 ,
764 2245 902 2301 illud
936 2244 1080 2316 quod
1110 2243 1281 2298 Maria
1310 2241 1554 2308 fecerat,
1591 2241 1904 2296 necessario
1942 2255 2070 2310 erga
2117 2254 2177 2295 se

571 2339 906 2397 celebratum
923 2337 1095 2393 fuisse
1116 2335 1414 2406 sepultura:
1439 2333 1718 2405 mySIerio.
1741 2333 2010 2387 Caeterum
2041 2345 2176 2401 pau-

570 2434 794 2504 peribus
848 2429 1120 2502 largiendi
1177 2429 1325 2485 omni
1361 2440 1643 2497 tempore,
1679 2436 1701 2465 ε
1757 2425 1826 2481 iis
1851 2426 1942 2496 qui
1974 2426 2179 2480 vellent

569 2542 693 2583 esse
739 2540 900 2597 posse
952 2523 1202 2594 cupiam,
1245 2522 1371 2594 quia
1413 2536 1632 2590 semper
1679 2519 1964 2575 nobiscum
2005 2519 2117 2574 sint
2160 2537 2170 2572 :

567 2616 596 2656 ιι
623 2619 728 2675 sibi
757 2633 890 2674 vero
921 2619 974 2672 in
1025 2630 1196 2672 carne
1239 2615 1353 2687 jam
1409 2629 1518 2669 non
1574 2614 1666 2668 diu
1691 2629 1718 2667 a
1751 2628 2024 2685 quoquam
2076 2612 2176 2666 mi-

569 2712 957 2779 nistrandum,
1016 2712 1141 2783 quia
1219 2721 1341 2779 post
1410 2709 1788 2766 imminentem
1857 2708 2172 2764 Passionetn

564 2823 906 2880 resurgens,
954 2808 1220 2862 continuo
1273 2816 1597 2872 susceptum
1651 2820 1855 2876 corpus
1911 2806 2174 2862 ducturus

565 2911 712 2959 esset
759 2901 828 2957 ad
883 2903 1110 2959 malum.
1159 2901 1371 2956 Idcirco
1415 2909 1597 2957 autem
1661 2900 1975 2970 supradicta
2031 2900 2173 2956 leni-

566 3003 718 3065 tate,
793 3010 857 3050 ac
937 2995 1256 3065 promiscuo
1340 2992 1603 3058 monitu,
1655 2993 1812 3048 Judae
1890 3007 2173 3048 sermones

565 3087 817 3144 Christus
868 3095 1145 3152 evacuat,
1221 3101 1292 3141 ne
1367 3096 1462 3140 aut
1532 3085 1637 3155 ipsi
1711 3084 1865 3141 Judae
1924 3085 2173 3141 occasio-

2282 1873 2432 1928 lucra
2477 1883 2807 1930 convertere
2835 1891 2847 1926 :
2879 1876 3152 1928 convertit
3193 1883 3376 1928 autem
3413 1889 3524 1927 non
3557 1873 3608 1928 in
3641 1888 3850 1927 momen-

2283 1973 2441 2021 tanca
2471 1980 2584 2021 sua:
2615 1965 2938 2033 cupiditatis
2982 1968 3150 2028 lucra.
3185 1965 3282 2022 sed
3323 1967 3526 2022 salutis
3555 1966 3849 2022 detrimenta

2281 2067 2566 2127 perpetua.
2602 2058 2884 2128 Siquidem
2927 2075 3034 2114 non
3068 2061 3240 2114 multo
3281 2073 3429 2130 p05t,
3463 2063 3707 2117 universa
3748 2076 3849 2129 qua:

2281 2149 2367 2204 vel
2411 2151 2610 2220 impius
2643 2150 2728 2204 fur
2765 2151 3068 2223 collegerat
3097 2168 3162 2208 ex
3198 2152 3486 2209 fraudibus
3535 2155 3848 2226 perpetratis,

2280 2241 2366 2296 vel
2413 2257 2534 2312 quae
2579 2244 2882 2314 sacrilegus
2931 2243 3136 2300 Christi
3193 2247 3427 2302 traditor
3477 2264 3578 2319 pro
3633 2248 3848 2303 mercede

2280 2332 2582 2404 iniquitatis
2613 2347 2921 2404 acceperat,
2956 2354 3077 2393 cum
3121 2339 3230 2393 vita
3263 2341 3477 2410 pariter
3507 2342 3703 2395 amisit.
3744 2339 3848 2395 Nam

2280 2428 2668 2497 praedictorum
2737 2429 3044 2486 facinorum
3097 2435 3436 2488 conscientia
3498 2435 3847 2506 strangulatus,

2279 2530 2508 2574 mortem
2542 2520 2780 2576 debitam
2823 2522 3019 2593 laqueo
3055 2524 3272 2580 sibimet
3315 2526 3513 2582 intulit
3556 2537 3847 2597 prteparato,

2277 2612 2564 2666 confestim
2603 2612 2620 2650 τ
2657 2613 2958 2683 rapiendos
2989 2615 3056 2670 ad
3100 2615 3301 2671 inferni
3337 2617 3635 2688 supplicia.
3664 2627 3688 2666 ε
3724 2616 3848 2686 Quod

2241 2712 2457 2776 .autem
2508 2715 2844 2776 unguentum
2898 2707 3035 2761 illud
3091 2708 3157 2763 ad
3209 2711 3540 2781 obsequium
3596 2710 3849 2779 profecerit

2279 2796 2576 2852 Dominica:
2617 2799 2936 2869 scpulturm,
2986 2799 3129 2855 idem
3177 2800 3447 2857 Salvator
3488 2803 3542 2858 in
3587 2801 3847 2871 Evangelia

2277 2888 2513 2945 Mattluei
2561 2894 2806 2960 apertius
2851 2893 3156 2948 declaravit
3193 2912 3206 2948 :
3260 2894 3500 2963 Mittens,
3536 2898 3721 2964 inquit,
3762 2898 3846 2950 hac

2277 2997 2598 3054 unguentum
2624 2985 2720 3040 hoc
2751 2987 2805 3041 in
2835 3004 3024 3058 corpus
3071 3006 3260 3052 meum,
3292 2978 3360 3043 ad
3407 2991 3753 3062 sepeliendum
3786 3004 3846 3041 me

2278 3079 2401 3148 fecit
2448 3077 2663 3150 (Matth.
2718 3078 2890 3151 xxvi).
2932 3079 3193 3146 Quamtis
3233 3096 3366 3151 ergo
3419 3083 3678 3137 Dominus
3713 3081 3844 3136 Jesus

564 3199 688 3239 nem
733 3182 1034 3238 excusandi
1083 3180 1287 3235 furoris
1319 3180 1590 3235 tribueret
1618 3221 1632 3241 ,
1666 3188 1760 3233 aut
1789 3178 1951 3234 alicui
1982 3179 2160 3249 Apos-
2190 3163 2234 3226 C
2269 3172 2624 3226 conscientiae
2654 3171 2822 3242 judex
2853 3183 3021 3233 esset.
3049 3172 3227 3227 noluit
3249 3183 3429 3228 tamen
3461 3175 3657 3230 Judam
3687 3175 3747 3228 de
3771 3187 3843 3227 oc-

566 3280 800 3334 tolorum
871 3275 1165 3346 quidquam
1240 3273 1484 3342 scrupuli
1560 3271 1767 3336 daret,
1839 3273 1981 3340 piam
2054 3270 2162 3326 foro

565 3380 710 3426 tasse
745 3367 1046 3438 suspicanti
1092 3364 1246 3420 Judte
1278 3363 1726 3433 suggestionem;
1779 3361 1864 3418 vel
1917 3372 2068 3416 certe
2099 3377 2167 3417 ne

563 3464 818 3534 cuiquam
847 3472 1037 3532 postea
1072 3461 1329 3525 lecturo,
1379 3456 1600 3527 aliquod
1650 3455 2036 3512 ollendiculum
2081 3474 2168 3514 rc-

561 3565 826 3614 servaret.
855 3552 1023 3610 Judas
1066 3552 1210 3608 enim
1239 3551 1370 3606 licet
1416 3549 1601 3605 studio
1641 3548 1888 3618 fraudis,
1943 3561 1995 3604 ct
2036 3551 2163 3606 odio

560 3695 772 3769 optimo.
808 3692 944 3747 llinc
970 3687 1344 3763 myrothecium
1366 3731 1380 3754 ,
1420 3686 1677 3813 ungtltenti
1727 3688 2116 3755 repositorium
2139 3729 2154 3754 ,

560 3769 701 3813 munt
731 3765 846 3813 Cic.
878 3780 915 3813 ιι
947 3764 1011 3813 ad
1049 3765 1242 3813 Attio..-
1271 3778 1359 3813 eo.
1403 3761 1428 3813 1
1459 3777 1471 3812 :
1562 3759 1877 3813 urothecium
1908 3759 2154 3813 Isocratis

559 3759 701 3836 apud
731 3765 846 3822 th.
878 3780 916 3821 It
947 3759 1242 3836 ad'Attjcq
1271 3778 1359 3832 ep.
1403 3761 1429 3816 1
1459 3777 1471 3812 :
1500 3759 1879 3836 Myrothecium
1908 3759 2158 3836 Isocratis

559 3832 723 3894 totum
760 3835 1078 3902 consumpsi.
1119 3833 1348 3890 Frustra
1375 3836 1569 3903 igitur,
1622 3839 1679 3886 ut
1719 3847 1787 3887 ex
1832 3833 1915 3886 his
1940 3832 2112 3900 liquet
2139 3877 2152 3901 ,

559 3915 764 3968 Auctor
783 3909 1328 3979 llieronymianarum
1360 3902 1720 3979 qumstionum
1740 3946 1754 3968 ,
1787 3905 1968 3979 uimio_
1995 3918 2160 3979 repu-

555 3983 752 4051 guaudi
786 3979 968 4036 studio
993 3975 1038 4032 'a
1073 3987 1222 4033 certa
1257 3975 1739 4033 Benedictinurum
1771 3975 2160 4031 emendatione

558 4052 836 4110 dissentit.

632 4133 659 4162 α
681 4125 822 4179 Hinc
863 4121 1088 4191 colligas
1119 4122 1294 4191 licet,
1321 4118 1683 4191 Gaudentium
1717 4127 1964 4191 nostrum
1997 4116 2162 4191 fuisse

557 4196 766 4252 critica:
796 4198 932 4248 artis
968 4189 1076 4247 non
1105 4189 1416 4258 imperitum
1447 4235 1461 4258 ,
1504 4190 1630 4243 dum
1659 4190 1730 4243 ita
1765 4189 2057 4259 diligenter
2110 4190 2162 4242 in

557 4265 905 4322 conferendis
954 4263 1260 4318 Bibliorum
1291 4260 1698 4330 exemplaribus
1752 4275 2041 4325 versatur;
2088 4262 2166 4315 ait

556 4340 796 4408 quippe:
828 4335 990 4399 Sine,
1044 4336 1256 4408 inquit,
1300 4349 1447 4408 eam,
1503 4333 1608 4386 siv‘e
1637 4333 1800 4408 sinite
1833 4349 1844 4384 :
1871 4343 2164 4408 mirumque

557 4403 707 4462 enim
723 4415 768 4461 et
801 4408 855 4460 in
907 4407 1088 4479 graecis
1115 4403 1213 4479 iet‘
1239 4403 1416 4479 latinis
1447 4404 1823 4479 exetttplarilrus
1844 4477 1847 4479 _
1867 4404 2156 4479 invenitur;

554 4482 648 4534 sed
680 4481 840 4549 magis
866 4472 1148 4549 congruere
1170 4475 1372 4549 videtur
1400 4474 1577 4549 sensui
1607 4489 1724 4527 cum
1747 4472 1940 4544 legitur
1966 4475 2150 4539 sinite,

557 4544 784 4623 prapter"
824 4551 918 4603 illa
965 4544 1080 4623 auat
1111 4544 1383 4623 pluraliter
1437 4546 1814 4623 subsequuntur
1845 4561 1891 4623 :_
1905 4560 2156 4623 pauperes

555 4615 692 4679 cnim
731 4637 934 4692 semper
986 4619 1184 4675 habetis
1223 4616 1504 4692 vobiscum.
1538 4615 2156 4692 Variantesjtentlec-

553 4695 733 4751 tiones
761 4687 890 4749 alibi
923 4694 1181 4749 observat
1210 4704 1376 4744 serui.
1415 4687 1513 4753 1‘2,
1550 4704 1603 4756 p.
1633 4687 1738 4744 510
1765 4704 1777 4740 :
1812 4687 1971 4742 Nunc
2001 4691 2155 4760 hujus

549 4768 732 4839 mundi
762 4767 1001 4839 princeps
1052 4765 1301 4839 mittetur
1340 4761 1612 4839 deorsum
1641 4800 1657 4839 ,_
1714 4760 1819 4813 sive
1849 4760 2158 4830 expelletur

553 4836 703 4892 foras
722 4879 736 4902 ,
762 4831 820 4891 ut
850 4840 901 4891 in
926 4836 1120 4892 Graecis
1149 4831 1530 4900 exemplaribus
1559 4832 1793 4904 legimus.

626 4908 653 4946 ι)
682 4901 1039 4962 llestituimus
1089 4906 1384 4961 leoniouent
1433 4901 1684 4956 subsidio
1723 4903 1846 4956 cod.
1881 4901 2016 4960 Urb.
2066 4903 2153 4958 cui

555 4977 886 5047 Sttﬂragatur
906 4980 1070 5032 etiam
1097 4977 1240 5031 liber
1269 4974 1606 5047 lfantagatbi.
1648 4973 1883 5047 Uterque
1910 4975 2023 5028 Vat.
2062 4974 2158 5028 ha-

554 5050 643 5105 bet
677 5066 691 5102 :
731 5045 797 5102 ἰιι
847 5049 910 5102 ab
941 5050 1242 5102 adversante
1271 5045 1428 5119 (uda:
1468 5045 1783 5100 contumelia
1810 5055 2155 5119 temperetur;

590 5137 671 5175 uae
700 5120 942 5191 quidem,
979 5120 1104 5172 licet
1132 5117 1333 5191 mendo
1368 5133 1475 5191 non
1499 5127 1719 5191 vacent,
1752 5117 1932 5191 tamen
1967 5133 2156 5172 emen-

590 5137 671 5175 UiB
700 5137 942 5191 qutuetn,
979 5137 1104 5172 ιιεθι
1132 5137 1333 5172 11191100
1368 5137 1475 5171 111³1]
1499 5137 1719 5181 vacent,
1752 5137 1932 5172 ιεηιιθιι
1967 5137 2156 5172 6111611·

548 5137 827 5248 ﬂatiuneut
864 5201 1106 5244 nostram
1139 5187 1389 5243 nonnihil
1412 5189 1765 5242 confirmant.
1797 5189 2046 5244 Deterior
2072 5199 2157 5243 est

547 5266 763 5320 caeteris
814 5265 1028 5334 vulgata
1066 5259 1231 5314 lectio
1262 5259 1317 5313 in
1345 5259 1530 5327 editis,
1565 5268 1617 5311 ut
1649 5260 1972 5315 adversantis
2000 5259 2157 5316 Iuda:

551 5336 915 5392 contumeliam
944 5340 1212 5398 temperet.

625 5418 648 5447 ο
683 5407 758 5462 Ita
795 5421 934 5461 unus
963 5421 1030 5460 ex
1063 5402 1206 5474 Vatt.
1236 5419 1249 5468 ;
1284 5403 1458 5468 alter,
1484 5404 1637 5474 siqui
1659 5403 1875 5470 uellent,
1915 5405 1999 5459 cui
2024 5419 2157 5460 con-

545 5481 716 5604 gemit
768 5479 901 5536 Urb.
950 5485 1007 5534 et
1061 5473 1187 5531 cod.
1218 5473 1569 5546 Pantagatlti.
1605 5475 1783 5542 Editi,
1813 5475 1857 5528 si
1898 5476 2023 5544 quid
2055 5478 2157 5530 vel-

571 5560 676 5604 em.

571 5560 676 5606 ent.

616 5619 644 5658 ά
672 5623 835 5678 Deest
855 5637 961 5677 vox
982 5624 1104 5694 jam
1125 5621 1178 5694 in
1210 5619 1408 5689 editis,
1441 5633 1671 5694 eamque
1690 5616 2064 5694 supplevimus
2090 5632 2156 5672 ex

545 5703 783 5814 quatuor
840 5689 998 5749 mss.'
1034 5693 1234 5763 quibus
1267 5692 1546 5749 consentit
1571 5691 1736 5747 etiam
1791 5690 1930 5745 liber
1962 5689 2158 5745 Panta-

549 5775 614 5814 aa
683 5777 722 5814 I.

549 5762 722 5834 gatbi.

2187 4441 2240 4501 D

2272 3265 2432 3322 cultis
2457 3266 2576 3336 ejus
2607 3266 2785 3321 acrius
2813 3269 3120 3336 increpare,
3169 3284 3257 3339 ne,
3293 3272 3559 3338 quoniam
3589 3269 3840 3326 verisimili

2271 3363 2483 3416 ratione
2507 3361 2795 3417 videbatur
2825 3363 3055 3428 locutus,
3093 3371 3378 3431 putaretur
3405 3365 3641 3430 forsitan
3671 3366 3840 3432 ituuste

2267 3463 2586 3524 correptus;
2662 3453 2876 3525 llatque
2918 3455 3046 3511 hinc
3087 3456 3389 3513 iracundia:
3426 3461 3635 3528 justam
3672 3473 3839 3514 concc-

2270 3549 2417 3622 pisse
2444 3565 2690 3616 causam,
2719 3557 2778 3604 ut
2809 3551 3046 3605 inimicis
3074 3552 3380 3607 necandum
3407 3554 3677 3621 traderet,
3702 3566 3832 3623 quem

2340 3699 2363 3763 ἐ
2389 3690 2584 3763 Aptior
2622 3689 2738 3743 visa
2759 3697 2854 3763 est
2880 3690 3046 3746 lectio
3078 3693 3361 3762 utriusque
3393 3693 3519 3749 Vat.
3548 3696 3670 3750 cod.
3697 3705 3829 3763 quam

2267 3761 2650 3837 substituimus
2681 3761 2934 3837 vulgatus,
2965 3779 3086 3837 quae
3118 3761 3352 3837 habebat
3378 3768 3528 3820 avari
3547 3761 3829 3837 fraudatoris

2265 3831 2472 3898 affectu.
2509 3833 2640 3887 Illud
2671 3831 2815 3886 enim
2842 3834 2983 3902 quod
3013 3834 3199 3888 statim
3229 3840 3479 3905 sequitur
3507 3831 3693 3893 crimen
3717 3838 3830 3890 ride-

2267 3906 2384 3957 licet
2418 3905 2706 3971 proprium,
2760 3905 2928 3974 magis
2968 3905 3228 3960 cohaarct.
3282 3907 3462 3962 Etiam
3512 3915 3634 3966 cod.
3663 3907 3828 3962 Panta-

2265 3976 2411 4060 gathi
2449 3975 2612 4060 habet
2634 3974 2777 4028 arari
2804 3975 3124 4060 fraudator-is
3155 3977 3432 4060 aﬂectunt;
3467 3981 3706 4060 etpaqu
3727 3986 3826 4047 post

2265 4047 2354 4101 ubi
2386 4049 2598 4115 vulgata
2623 4049 2949 4120 esi-utplaria
2995 4052 3180 4114 legunt
3207 4053 3495 4115 sepultura:
3523 4047 3706 4106 Citriin
3730 4065 3827 4120 pre-

2265 4120 2394 4171 tium
2423 4120 2474 4171 in
2503 4118 2717 4190 propria
2743 4117 2959 4190 ardebat
3003 4120 3149 4173 lucra
3180 4131 3497 4190 conuertere,
3550 4125 3683 4178 idem
3712 4117 3824 4174 liber

2267 4191 2319 4244 in
2353 4187 2564 4261 propria
2589 4187 2820 4244 trahebat
2843 4191 3021 4262 lucra;
3044 4192 3187 4259 quod
3219 4187 3493 4262 scripturn
3516 4208 3592 4250 est
3613 4195 3674 4248 ad
3695 4207 3820 4244 oratu

2265 4260 2473 4330 pagina.-
2505 4276 2664 4315 manu
2697 4260 3241 4333 ipsiusAPautagathi,
3265 4260 3387 4319 cuin
3419 4268 3472 4318 in
3500 4266 3822 4330 tt-xtu,omis-

2263 4335 2340 4385 sis
2367 4350 2486 4405 qua;
2516 4342 2844 4400 sequuntur,
2881 4331 2997 4387 htnc
3031 4331 3240 4390 tantum
3286 4347 3638 4391 tit-currerent
3672 4334 3820 4405 scpttl'

2266 4403 2614 4475 turwdChristi
2641 4406 2861 4465 pretium
2889 4408 2942 4456 in.
2970 4407 3185 4475 propria
3214 4407 3430 4462 ardebat
3462 4409 3627 4463 lucra.

2338 4475 2359 4513 ί
2389 4473 2514 4529 Cusi
2570 4475 2823 4540 legebant
2849 4473 3135 4542 rapiendas
3178 4489 3305 4541 est;‘
3332 4487 3424 4533 sed
3460 4481 3603 4533 Vall.
3633 4479 3747 4545 duo,
3775 4483 3820 4531 et

2263 4545 2406 4621 Urb.
2441 4547 2721 4621 rapiendas
2778 4547 2857 4621 a_d_
2893 4549 3087 4616 inferni
3135 4551 3424 4621 supplicia;
3473 4552 3607 4606 liber
3649 4551 3817 4621 Panta-

2259 4617 2408 4693 gatlti
2441 4617 2718 4690 rapiendas
2743 4618 2810 4693 ad
2824 4619 3051 4693 _in[crna
3079 4617 3352 4693 supplicia.
3391 4624 3466 4678 De
3494 4640 3560 4676 eo
3583 4626 3715 4691 quod
3747 4619 3817 4673 hic

2260 4691 2334 4743 ait
2359 4688 2697 4745 Gaudentius
2725 4692 2790 4743 de
2817 4688 2846 4745 J
2857 4692 2981 4756 uda,
3009 4688 3362 4760 uetnpequod
3389 4688 3816 4748 mortem-debitum

2261 4761 2450 4834 laqueo
2470 4761 2668 4834 sibimet
2701 4761 2875 4834 intulit
2906 4773 3230 4834 pmparato;
3261 4765 3494 4820 videnda
3522 4765 3699 4820 Jacobi
3729 4763 3814 4817 Pe-

2262 4832 2453 4885 l'iZUIIii
2508 4832 2715 4885 erudita
2773 4832 3092 4888 dissertatio
3143 4834 3212 4891 de
3272 4846 3447 4893 morte
3495 4836 3644 4893 Judae
3691 4834 3813 4890 edita

2259 4902 2434 4964 Lugd.
2459 4903 2578 4957 Bal.
2605 4920 2749 4956 anno
2781 4904 2943 4958 1702.

2334 4985 2358 5020 8
2387 4974 2450 5030 Ει
2485 4975 2570 5028 hic
2597 4989 2813 5049 quoque
2841 4992 2940 5045 pro
2966 4987 3287 5049 unguentum
3317 4979 3452 5033 illud
3479 4996 3508 5035 a
3545 4973 3813 5034 Gaudentio

2260 5058 2630 5114 CttnSCl‘tpllllll
2658 5048 2826 5121 fuisse
2848 5048 3072 5117 myrunt,
3105 5063 3198 5121 seu
3227 5067 3408 5121 myron
3437 5052 3586 5110 illud.
3613 5066 3672 5121 ex
3699 5063 3810 5102 con-

2260 5131 2425 5171 sensu
2460 5132 2592 5173 mss.
2622 5119 2781 5171 codd.
2830 5121 2991 5172 valde
3039 5119 3381 5187 comiciuius.
3432 5124 3558 5177 Nam
3609 5120 3739 5175 Flor.
3767 5123 3811 5187 et

2265 5187 2395 5244 Urb.
2415 5189 2592 5259 legunt
2621 5190 2756 5262 quod
2779 5199 2948 5262 autem
2973 5185 3154 5262 myrott
3177 5191 3334 5246 illud.
3366 5193 3530 5249 Watt.
3564 5185 3811 5262 veruquod

2260 5271 2431 5313 autem
2453 5256 2636 5332 ingrati
2659 5259 2954 5326 illud;cod.
2981 5256 3298 5332 Pantagatlti
3316 5270 3505 5320 mirum
3527 5265 3672 5328 illud,
3686 5256 3807 5331 quod

2260 5332 2326 5384 ad
2351 5346 2500 5386 oratu
2518 5334 2664 5399 libri,
2684 5334 2852 5400 ipsius
2878 5333 3191 5404 Pantagathi
3207 5352 3366 5391 manu
3387 5341 3461 5391 ita
3489 5335 3807 5404 reformatur"

2260 5414 2343 5458 est
2369 5420 2382 5456 :
2411 5408 2594 5482 μύρον,
2644 5412 2984 5482 unguentum.
3031 5400 3208 5482 Itaque
3237 5420 3570 5480 unguentum.
3590 5416 3642 5461 ut
3660 5400 3807 5482 suspi-

2261 5489 2378 5542 (ευτ’,
2407 5476 2674 5548 glossema
2697 5476 3805 5548 estahindoctislibrarilsintextutnejecla

2260 5544 2659 5622 vera'teetioiie
2684 5547 3100 5622 _iuductutn._Ex
3133 5551 3232 5604 hoc
3258 5554 3488 5619 repetito
3508 5553 3650 5604 vocis
3674 5544 3806 5622 bujgts

2261 5618 2404 5684 apud
2428 5618 2790 5675 Gaudentium
2811 5634 2932 5682 usu,
2968 5620 3200 5676 alterius
3227 5614 3333 5678 loci
3361 5622 3670 5679 emendandi
3694 5614 3806 5670 indi-

2261 5690 2404 5761 cium
2429 5691 2589 5744 avide
2611 5691 2940 5761 arripuimus
2971 5693 3023 5746 in
3056 5708 3310 5750 sermone
3331 5695 3396 5749 de
3412 5695 3564 5750 Petro
3583 5685 3800 5747 etl’aulo.

2337 5758 2360 5796 ¹³
2405 5762 2482 5817 Ita
2512 5776 2645 5816 mss.
2693 5758 2929 5833 quatuor
2957 5765 3116 5820 codd.
3146 5781 3374 5836 quorum
3417 5767 3691 5824 lectionem
