4096 6192
322 268 427 327 957

1133 266 1370 326 SERMO
1410 268 1552 336 XIII,
1596 264 1685 324 DE
1726 266 2041 328 DIVERSIS
2066 267 2433 327 CAPITULIS
2472 268 2793 326 TERTIUS.

3511 272 3616 331 958

321 382 442 438 sine
470 380 583 436 ullo
615 380 932 451 peccamine
967 380 1250 439 habuisset
1282 382 1574 439 infensum.
1609 383 1754 439 Nihil
1786 400 1916 457 ergo
1942 388 1993 449 Α
2022 385 2169 440 mine
2218 386 2554 455 promereri;
2597 384 2818 440 dicente
2867 384 3136 455 Apostolo
3169 402 3183 438 :
3218 384 3491 458 Numquid
3535 387 3619 440 in-

322 477 577 531 acerbum
609 476 863 532 Christus
888 476 1064 531 voluit
1092 492 1195 547 pro
1221 479 1421 534 merito
1450 479 1739 535 sceleratzc
1768 496 1919 536 men-

325 570 395 625 tis
447 570 591 627 illius
643 570 813 642 loqui,
869 585 938 627 ne
978 570 1148 627 Judas
1195 587 1319 628 eum
1373 572 1589 629 tradere
1641 574 1920 630 videretur

324 662 515 721 iratus.
561 664 693 720 Vult
736 665 883 720 enim
926 663 1192 721 Dominus
1236 681 1365 721 vere
1405 665 1583 736 justus
1622 666 1811 736 judex,
1864 675 1923 722 ut

324 758 508 812 meriti
539 758 744 829 proprii
776 757 879 813 sibi
916 757 988 812 sit
1027 772 1193 814 causa
1239 760 1617 830 unusquisque
1661 779 1673 813 :
1720 761 1834 816 vult
1866 772 1923 817 et

317 846 523 919 justum
566 864 667 919 pro
713 849 828 904 sola
858 849 1069 921 justitia
1102 850 1213 919 pati
1245 865 1259 904 ε
1297 851 1413 905 vult
1457 860 1513 907 et
1552 851 1822 922 iniquum,
1873 853 1919 907 si

323 941 376 996 in
406 942 571 1015 316
607 942 813 997 malitia
846 942 1259 1011 perduraverit,
1289 960 1445 1003 reum
1478 947 1673 1001 mortis
1698 946 1921 1017 proprio

321 1032 552 1089 arbitrio
578 1032 834 1104 iudicari.
867 1034 1147 1105 Figuravit
1176 1037 1325 1092 enim
1355 1037 1504 1094 Deus
1532 1037 1833 1106 hominem,
1864 1049 1925 1095 ut

320 1126 601 1195 Scriptura
651 1135 884 1183 testatur
913 1127 1071 1199 (Gen.
1105 1146 1145 1196 ι,
1176 1130 1291 1202 26),
1342 1140 1398 1187 et
1426 1132 1491 1188 ad
1525 1133 1816 1205 imaginem
1847 1136 1924 1190 si-

324 1219 648 1276 militudinis
685 1236 799 1277 suae
826 1222 955 1278 fecit
984 1223 1161 1290 illum,
1192 1234 1249 1280 et
1274 1225 1485 1280 dimisit
1516 1242 1639 1283 eum
1675 1227 1726 1281 iu
1762 1241 1922 1283 manu

325 1315 538 1371 consilii
559 1315 663 1371 sui.
703 1315 893 1372 Posuit
931 1328 1058 1372 ante
1103 1333 1225 1373 eum
1269 1320 1471 1390 ignem,
1504 1330 1562 1376 et
1589 1336 1810 1393 aquam,
1841 1321 1925 1377 di-

325 1420 456 1461 cens
508 1423 520 1459 :
582 1407 663 1460 Ad
715 1408 857 1479 quod
914 1410 1164 1477 volueris,
1224 1411 1440 1465 extende
1496 1428 1712 1465 manum
1782 1424 1924 1467 tuam

330 1496 519 1568 (Eccli.
565 1498 681 1570 xv).
737 1498 955 1565 Posuit,
1016 1501 1213 1571 inquit,
1267 1511 1393 1557 ante
1450 1502 1730 1559 hominem
1782 1505 1925 1561 Deus

326 1604 543 1661 aquam,
589 1602 645 1646 et
693 1590 896 1663 ignem,
939 1592 990 1647 id
1038 1602 1125 1649 est
1169 1594 1541 1667 refrigerium,
1587 1606 1641 1651 et
1672 1612 1923 1667 poenam;

324 1682 740 1749 remissionem,
800 1692 857 1739 et
905 1685 1271 1754 Supplicium;
1324 1686 1518 1753 vitam,
1567 1696 1624 1744 et
1666 1699 1921 1745 mortem.

2010 480 2190 549 justus
2222 476 2386 544 Deus,
2416 479 2504 549 qui
2536 478 2693 548 infert
2737 478 2869 531 iram
2909 478 3087 549 (Rom.
3122 476 3245 548 tu)?
3292 488 3348 533 et
3379 480 3616 533 iterum:

2025 572 2285 639 Quoniam
2331 588 2433 624 non
2484 579 2765 625 coronatur
2802 571 2918 641 quis
2966 572 3021 623 in
3069 587 3234 643 agone
3281 571 3620 636 contendens,

2021 664 2123 718 nisi
2166 665 2393 735 legitime
2422 664 2695 718 certaverit
2735 662 2805 737 (ll
2852 662 2992 718 Tim.
3028 662 3111 735 ιι).
3148 662 3445 719 Certamen
3495 680 3625 720 nos-

2020 768 2167 813 trum
2214 766 2404 813 contra
2455 757 2584 812 vitia
2632 759 2817 813 carnis
2868 768 2975 824 est,
3034 766 3224 815 contra
3268 760 3624 831 cupiditatem

2021 853 2287 922 pecuniae,
2316 859 2510 908 contra
2542 851 2710 906 animi
2740 851 3082 908 iracundiam
3115 870 3128 906 :
3154 868 3275 924 quae
3315 862 3441 908 sunt
3469 869 3624 910 arma

2023 944 2252 1013 diaboli,
2282 943 2481 1014 quibus
2520 943 2883 999 resistendum
2926 953 3010 1001 est
3043 946 3233 1013 utique
3275 947 3430 1017 galea
3471 945 3626 1015 ﬁdei,

2024 1036 2192 1093 lorica
2214 1037 2591 1103 continentiae,
2621 1036 3019 1093 misericordia:
3045 1038 3263 1109 clypeo,
3296 1039 3349 1091 in
3378 1055 3476 1108 quo
3507 1055 3627 1110 pos-

2023 1129 2206 1192 simus,
2235 1136 2295 1184 ut
2316 1129 2393 1183 ait
2418 1129 2741 1199 Apostolus,
2766 1131 2941 1183 omnia
2953 1129 3141 1200 jacula
3171 1131 3474 1201 nequissimi
3498 1148 3626 1186 can-

2026 1225 2201 1279 dentia
2223 1225 2554 1298 exstinguere
2601 1223 2818 1295 (Ephes.
2867 1224 2967 1295 v1).
2996 1224 3209 1279 Etenim
3243 1222 3273 1263 δ
3318 1225 3449 1279 sicut
3494 1242 3631 1296 aqua

2027 1316 2307 1386 exstinguit
2337 1317 2531 1388 ignem,
2548 1314 2619 1369 ita
2646 1319 2973 1385 eleemosyna
2996 1315 3189 1370 resistit
3210 1313 3625 1388 peccato(Eccli.

2027 1424 2106 1474 ιιι,
2139 1408 2265 1478 55),
2297 1409 2349 1463 id
2380 1416 2489 1475 est,
2513 1408 2657 1463 sicut
2686 1422 2825 1479 aqua
2852 1407 3113 1476 baptismi
3138 1408 3394 1463 salutaris
3422 1411 3633 1464 exstin-

2026 1501 2143 1570 guit
2187 1501 2462 1555 flammam
2502 1501 2773 1571 gehennze
2804 1516 2902 1571 per
2928 1501 3182 1571 gratiam,
3229 1502 3300 1556 ita
3333 1502 3632 1574 eleemosy-

2028 1609 2219 1649 narum
2250 1594 2419 1652 fluvio
2444 1595 2627 1650 omnis
2658 1596 2752 1650 ille
2779 1605 3134 1650 coacervatos
3179 1606 3301 1666 post
3346 1606 3631 1668 acceptam

2030 1686 2220 1751 fidem,
2252 1696 2601 1756 peccatorum
2633 1686 2772 1756 ignis
2799 1687 3205 1757 exstinguitur;
3235 1687 3280 1742 si
3301 1696 3483 1743 tamen
3508 1698 3638 1758 post

324 1776 482 1845 Quis,
538 1793 658 1845 oro,
708 1793 817 1833 non
868 1777 1103 1849 refugiat
1153 1781 1507 1850 supplicium,
1564 1796 1809 1852 poenam,
1869 1780 2471 1849 ethonversionem,
2520 1798 2630 1837 non
2683 1783 2881 1837 iterum
2953 1782 3235 1839 renovatis
3309 1784 3636 1841 criminibus

324 1878 592 1936 mortem;
654 1878 708 1926 et
759 1870 926 1941 eligat
979 1872 1349 1941 refrigerium,
1411 1873 1811 1940 remissionem,
1861 1889 1927 1931 ac

326 1964 533 2019 vitam?
579 1962 685 2019 Sed
716 1963 807 2020 ille
845 1965 979 2035 fugit
1005 1977 1242 2022 mortem
1291 1969 1382 2038 qui
1437 1984 1535 2038 per
1570 1971 1765 2026 itinera
1802 1986 1927 2042 gra-

336 2057 484 2113 ditur
530 2056 775 2112 vitalium
825 2057 1243 2125 mandatorum;
1298 2060 1394 2115 ille
1438 2060 1643 2116 donum
1694 2064 1929 2134 percipit

334 2151 461 2206 vitm
490 2161 517 2189 α
545 2150 641 2219 qui
672 2166 770 2219 per
787 2150 1027 2207 laborem
1060 2153 1429 2222 spiritualium
1453 2156 1759 2210 studiorum
1785 2172 1930 2212 mor-

332 2240 467 2298 tales
496 2252 651 2297 actus
681 2242 871 2297 evitat.
906 2241 1142 2312 Ideoque
1184 2244 1396 2300 dictum
1428 2255 1517 2302 est
1546 2263 1559 2299 :
1595 2246 1727 2301 Ecce
1767 2266 1926 2319 aqua,

333 2343 380 2389 et
426 2335 565 2404 ignis
607 2350 627 2388 :
655 2334 724 2387 ad
774 2334 914 2404 quod
972 2333 1217 2400 volueris,
1264 2338 1481 2392 extende
1527 2354 1735 2392 manum
1788 2348 1933 2394 tuam

338 2424 528 2499 (Eccli.
582 2427 705 2497 xv);
756 2425 859 2481 hoc
901 2435 986 2482 est
1034 2442 1172 2497 opus
1221 2436 1393 2485 tuum.
1444 2428 1503 2485 In
1536 2447 1700 2487 manu
1731 2434 1935 2503 quippe

336 2532 504 2589 opera
558 2518 1031 2586 demonstrantur,
1082 2520 1206 2589 quia
1256 2537 1355 2577 nec
1398 2524 1689 2579 tormentis
1739 2525 1934 2595 subjici

338 2616 460 2671 sine
504 2614 734 2671 crimine
763 2620 1079 2686 possumus,
1122 2630 1225 2671 nec
1265 2616 1552 2687 praemium
1600 2618 1720 2673 sine
1761 2627 1937 2674 certa-

338 2802 449 2858 cuti
484 2814 701 2865 sumus;
749 2800 1048 2868 reSpnndet
1091 2799 1237 2854 enim
1268 2798 1514 2868 apprime
1544 2797 1689 2868 quod
1727 2812 1929 2865 praece-

338 2873 436 2938 dit,
467 2882 738 2941 putaretur
766 2872 985 2941 forsitan
1001 2872 1195 2940 injuste
1217 2878 1501 2940 correptus.
1529 2869 1671 2941 Editi
1697 2869 1929 2923 habent:

338 2940 489 3015 atque
520 2944 639 2996 hinc
666 2940 941 3015 iracundia
986 2944 1099 3013 ejus
1129 2950 1339 3015 tantam
1374 2940 1668 3015 concepisse
1696 2957 1929 3015 causam,

340 3010 499 3071 male.
527 3015 854 3069 Invenerunt
881 3010 1109 3068 fortasse
1139 3012 1369 3076 librarii,
1402 3012 1492 3065 ubi
1526 3012 1665 3063 tinea
1704 3010 1927 3080 desinit,

340 3098 493 3158 atque
512 3085 636 3139 hinc
673 3085 961 3138 iracundiae
981 3087 1097 3158 jus,
1131 3098 1346 3158 exque
1361 3082 1618 3158 fecerunt
1659 3081 1932 3158 iracundia

341 3154 629 3231 ejus;tam
657 3171 811 3223 vero,
864 3154 1088 3231 quodin
1143 3154 1413 3231 principio
1456 3154 1737 3219 sequentis
1784 3154 1927 3231 posi-

2031 1874 2364 1930 inardescat.
2420 1874 2472 1929 Is
2519 1874 2669 1929 enim
2725 1875 2818 1945 qui
2889 1875 3259 1947 elecmosyuis
3328 1877 3635 1933 remedium

2030 1977 2380 2037 peccatorum
2447 1967 2720 2037 poenitens
2778 1967 2996 2037 quaerit,
3060 1977 3083 2006 ο
3144 1967 3309 2023 debet
3352 1971 3464 2039 jam
3523 1984 3630 2025 non

2031 2073 2196 2129 agere
2272 2058 2606 2128 paenitenda,
2652 2073 2743 2139 ’ne
2816 2059 2964 2128 quod
3031 2074 3139 2113 uno
3185 2060 3358 2116 latere
3427 2064 3636 2118 exstin-

2030 2153 2239 2224 guitur,
2290 2154 2398 2209 alio
2446 2152 2837 2209 succendatur.
2894 2151 3148 2208 Fluvium
3197 2154 3442 2210 diximus
3489 2157 3636 2212 elec-

2032 2261 2428 2318 mosynarum,
2497 2254 2554 2301 ut
2629 2246 2937 2317 largitatem
3010 2245 3252 2301 donandi
3328 2249 3639 2304 sentires:

2034 2336 2063 2376 τι
2112 2339 2207 2395 sed
2273 2354 2433 2394 rarus
2483 2339 2716 2410 quisque
2784 2350 2869 2394 est
2929 2339 3019 2408 qui
3082 2339 3170 2395 vel
3230 2355 3412 2396 rorem
3477 2358 3637 2413 spar—

2032 2439 2127 2501 gat
2169 2431 2331 2503 317
2362 2430 2731 2502 eleemosynte
2778 2445 2881 2486 suo
2923 2430 3217 2501 refrigerio
3266 2433 3637 2503 profuturum.

2040 2535 2063 2564 θ
2095 2526 2384 2596 Egreditur
2411 2525 2480 2581 de
2509 2525 2743 2581 ecclesia
2775 2524 3143 2591 Christianus,
3178 2536 3233 2580 et
3262 2528 3446 2583 surdis
3489 2530 3641 2584 auri-

2038 2619 2139 2675 bus
2183 2628 2500 2689 precantem
2548 2633 2846 2690 pauperem
2898 2618 3162 2688 praaterit.
3196 2619 3215 2656 ί
3250 2618 3325 2673 lta
3351 2635 3449 2675 nos
3497 2621 3644 2678 Deus

2036 2799 2334 2874 appellatur
2362 2808 2409 2853 et
2440 2799 2633 2853 dicitur
2664 2799 2994 2856 Christianus
3023 2802 3048 2853 ἱ)
3079 2798 3339 2855 Pliaristei
3360 2801 3452 2856 tibi
3474 2805 3638 2874 magis

2036 2871 2275 2925 conaruit
2303 2886 2507 2924 nomen.

2157 2942 2288 2997 abes
2323 2942 2445 2995 hinc
2477 2956 2586 3012 quo
2627 2943 2908 3013 antiquum
2937 2942 3207 3000 Ecclesia:
3250 2959 3457 3000 morem
3505 2962 3643 3002 con-

2032 3013 2222 3067 ﬁrmes
2249 3058 2261 3081 ,
2294 3027 2419 3067 cum
2452 3028 2721 3084 pauperes
2753 3015 2952 3081 stipem
2999 3014 3280 3082 accepturi
3304 3056 3317 3077 ,
3354 3030 3454 3084 pro
3502 3028 3640 3071 tem-

2032 3084 2247 3157 plorum
2274 3084 2483 3138 foribus
2512 3084 2822 3157 adstabant.
2850 3086 3009 3139 Joan.
3032 3085 3339 3157 Chrysost.,
3372 3087 3519 3141 hom.
3547 3089 3639 3155 28,

2033 3156 2100 3210 ad
2133 3156 2388 3225 populum
2417 3155 2846 3221 Antiochenum,
2875 3155 3158 3211 Bernardo
3183 3157 3441 3211 Brixiano
3470 3159 3640 3214 inter-

344 3213 456 3283 ιῖιιιι
479 3213 624 3290 erat,
676 3213 1158 3299 cnngnminantes,
1205 3213 1471 3299 fecerunt
1517 3213 1737 3299 tantam.
1785 3213 1924 3278 'Cod.
1957 3213 2002 3276 C
2038 3213 2252 3294 pre'te':
2286 3225 2576 3299 Propterea
2607 3237 2729 3281 ante
2755 3213 3021 3291 ecclesias,
3053 3237 3100 3282 et
3136 3239 3427 3299 martyrum
3456 3213 3643 3284 monu-

342 3299 660 3370 Pantagathi
697 3294 827 3368 legit
847 3308 1001 3367 atque
1046 3294 1171 3350 hinc
1197 3297 1488 3350 iracundiae
1524 3297 1718 3365 iustam
1749 3311 1935 3350 conce~

343 3372 486 3442 pisse
505 3386 735 3442 causam.

420 3441 561 3498 “Sic
609 3440 789 3505 Flor.,
840 3439 973 3495 Urb.
1020 3448 1075 3493 et
1117 3438 1255 3493 liber
1291 3437 1638 3507 Pantagatbi.
1689 3437 1742 3491 lu
1789 3439 1937 3494 Vatt.

340 3528 497 3581 vero,
538 3513 627 3583 qui
667 3528 761 3583 pro
783 3512 977 3564 labore.
1013 3510 1157 3583 Editi
1188 3510 1442 3580 legebant
1474 3511 1563 3578 qui
1589 3526 1680 3580 per
1709 3508 1939 3564 laborem

343 3582 557 3655 spiritus
574 3583 871 3655 mortalium
903 3582 1217 3655 studiorum.

414 3654 443 3695 δ
490 3654 671 3709 Locus
702 3654 806 3707 iste
847 3668 879 3707 a
922 3651 1151 3722 Dupinio
1177 3668 1285 3705 non
1329 3652 1461 3706 satis
1505 3660 1654 3707 recte
1680 3661 1941 3721 acceptus

345 3736 453 3795 est,
485 3728 687 3796 quippe
729 3726 821 3792 qui
868 3724 1116 3796 eum‘sic
1144 3723 1349 3796 Gallice
1394 3726 1793 3793 interpretatur
1828 3742 1839 3776 :
1887 3722 1940 3775 ll

345 3741 453 3795 εει,
485 3741 574 3796 qui
623 3741 687 3791 pe
729 3741 821 3792 qut
868 3741 994 3778 eum
1035 3741 1116 3778 suc
1144 3741 1349 3779 batuce
1395 3741 1793 3793 interpretatur
1828 3742 1839 3776 :
1887 3741 1938 3775 ιι

344 3797 556 3852 exhorte
578 3741 616 3850 Ξ
639 3796 916 3861 l‘aumbne,
944 3794 1069 3865 qu’il
1090 3811 1153 3848 ne
1169 3794 1295 3863 feiut
1315 3796 1458 3865 point
1484 3798 1547 3848 de
1576 3810 1844 3865 comparer
1872 3810 1942 3847 au

345 3867 612 3940 Baptéme,
668 3883 736 3940 en
785 3864 1121 3940 ιίἱεαιιιλῳιεΔ
1153 3864 1347 3940 coniuge
1400 3866 1532 3940 lfeau
1580 3866 1653 3940 du
1694 3864 1942 3940 Bapte‘me

345 3934 501 3994 éteiut
528 3940 573 3992 le
600 3940 685 4009 feu
705 3939 819 3993 d‘eu
828 3940 925 4005 fer,
948 3934 1029 4009 de:
1045 3937 1203 3990 meme
1225 3936 1563 4009 l‘abondance
1582 3934 1942 4009 desaumones

343 4012 499 4065 eteint
523 4010 570 4063 le
597 4005 681 4077 feu
710 4011 773 4062 de
804 4010 855 4061 la
876 4007 1122 4078 cupidite.
1154 4008 1243 4077 qui
1273 4016 1405 4061 reste
1425 4007 1573 4078 aprés
1602 4005 1649 4058 le
1673 4007 1940 4073 Ilaptéme;

348 4098 414 4135 ou
443 4082 515 4134 du
566 4082 735 4134 moins
774 4079 1012 4150 empe‘cne
1056 4080 1179 4146 qu‘tl
1220 4094 1283 4130 ne
1326 4080 1658 4147 s’enﬂamme.
1692 4078 1942 4150 Prorsus

348 4153 511 4207 male.
535 4148 879 4207 Gaudentius
903 4150 979 4203 ait
1012 4165 1025 4202 :
1058 4158 1384 4217 peccatorum
1412 4151 1546 4220 ignis
1574 4148 1939 4219 exstinguitur,

349 4226 391 4277 si
420 4233 586 4277 tamen
613 4232 725 4294 post
756 4222 1159 4294 conversionem,
1199 4235 1299 4272 non
1327 4222 1522 4294 iterum
1559 4220 1815 4274 renovatis
1842 4221 1945 4271 cri-

350 4295 571 4349 minibus
613 4291 965 4356 iuardescat;
1030 4300 1087 4345 at
1145 4291 1410 4359 Dupinius
1473 4307 1581 4346 non
1639 4298 1723 4344 est
1793 4305 1945 4345 asse-

350 4377 528 4421 CUIUS.

429 4447 451 4474 ο
481 4435 663 4491 Editio
695 4435 945 4504 Lugdun.
980 4433 1282 4489 foedissime
1326 4442 1611 4501 corrupta,
1661 4432 1807 4486 debet
1830 4434 1945 4503 jam

354 4525 459 4563 non
482 4524 636 4578 agere
660 4506 1047 4577 paenitentiam;
1078 4516 1132 4558 at
1174 4504 1297 4578 cod.
1332 4504 1655 4574 Pantagathi
1685 4519 1792 4558 una
1820 4518 1943 4578 eum

2041 3307 2235 3373 menta,
2268 3314 2362 3369 pro
2387 3298 2586 3373 foribus
2606 3314 2862 3373 pauperes
2881 3302 3077 3373 sedent
3102 3344 3116 3367 ,
3134 3309 3201 3373 ut
3234 3298 3329 3373 nos
3355 3316 3418 3353 ea:
3454 3300 3641 3373 hujus-

2041 3369 2183 3440 ηκοάὶ
2209 3368 2503 3440 spectaculo
2524 3368 2744 3421 multum
2776 3371 3041 3440 capiamus
3068 3370 3343 3435 utilitatis;
3369 3382 3422 3425 et
3452 3372 3504 3425 in
3518 3368 3552 3427 Ἰ
3572 3374 3641 3427 ad

2041 3438 2165 3495 Cor.
2194 3454 2289 3503 xu,
2327 3439 2473 3492 hom.
2505 3440 2597 3503 50,
2625 3438 2899 3495 Germano
2919 3442 3100 3495 Brixia
3124 3444 3427 3508 interprete
3458 3460 3469 3494 :
3502 3443 3643 3508 Quid

2041 3521 2116 3564 est
2139 3512 2277 3563 enim
2302 3510 2457 3563 vilius
2488 3520 2535 3563 et
2564 3512 2816 3583 abjectius
2846 3513 3283 3566 mendicantibus?
3297 3515 3388 3566 sed
3409 3524 3581 3568 tamen
3606 3517 3643 3567 ii

2040 3597 2241 3655 quoque
2282 3583 2770 3655 usunt__ntaa:imum
2821 3584 3039 3655 implent
3076 3585 3129 3637 in
3177 3583 3409 3638 ecclesiis
3442 3626 3457 3648 ,
3488 3586 3643 3655 afﬁxi

2042 3654 2203 3722 portis
2226 3652 2421 3721 templi.
2446 3650 2729 3720 Vulgatum
2752 3664 2837 3707 est
2857 3654 2985 3707 illud
3009 3653 3133 3708 Act.
3160 3670 3239 3718 ιιι,
3257 3656 3312 3716 2,
3328 3655 3396 3708 de
3417 3650 3640 3721 claudo,

2042 3738 2203 3800 quem
2228 3722 2793 3800 ponebant__quotidie
2840 3726 2971 3800 πρᾲς
3016 3730 3107 3784 τήν
3144 3728 3302 3800 θύραν
3334 3734 3431 3800 frob
3477 3727 3637 3800 ἱεροῦ,

2042 3792 2110 3865 ad
2130 3802 2332 3864 portam
2361 3792 2560 3859 templi,
2584 3802 2640 3845 ut
2671 3804 2863 3863 peteret
2884 3792 3267 3865 'eleemosyna'm
3291 3796 3354 3848 ab
3378 3792 3644 3850 introeun-

2044 3864 2175 3918 tibus
2209 3881 2227 3917 :
2258 3864 2348 3918 hic
2375 3872 2556 3918 autem
2605 3879 2723 3917 mos
2775 3865 3081 3920 custoditus
3116 3864 3213 3920 est
3243 3867 3644 3921 recentioribus

2044 3938 2207 3990 etiam
2239 3935 2471 3999 saeculis,
2509 3943 2570 3988 ut
2605 3934 2769 3990 habet
2800 3936 3093 3990 concilium
3128 3936 3472 3991 Bituriccnse
3516 3942 3649 3994 anui

2046 4006 2207 4069 I585,
2242 4006 2324 4060 tit.
2352 4005 2386 4060 9
2411 4022 2424 4059 :
2455 4003 2718 4060 Curabunt
2746 4008 2979 4061 custodes
3006 4008 3340 4061 ecclesiarum
3363 4048 3377 4071 ,
3405 4025 3468 4060 ne
3501 4026 3642 4062 men-

2044 4076 2149 4129 dici
2179 4093 2269 4145 per
2285 4076 2550 4130 ecclesiam
2572 4089 2842 4148 vagentur,
2876 4089 2967 4132 aut
2988 4080 3201 4132 chorum
3224 4079 3485 4132 introeant
3509 4096 3643 4147 prte-

2045 4156 2185 4203 textu
2212 4150 2549 4221 eleemosynte
2578 4150 2831 4221 petendaz,
2863 4149 3026 4203 divini
3054 4150 3242 4221 ofﬁcii,
3274 4148 3352 4202 vel
3382 4152 3643 4205 concionis

2046 4228 2273 4287 tempore
2302 4219 2438 4290 ᾔδεα
2466 4222 2521 4272 in
2558 4220 2753 4289 foribus
2800 4219 3136 4274 ecclesiarum
3174 4221 3519 4290 eleemosynas
3550 4239 3643 4277 ea:-

2043 4302 2287 4362 spectent.
2321 4288 2619 4362 Exstat_Pii
2657 4291 2718 4355 V,
2748 4292 3013 4357 pontificis
3045 4293 3297 4359 maximi,
3331 4288 3553 4346 constit.
3587 4310 3644 4362 v,

2048 4308 2067 4342 ι
2107 4308 2287 4343 ectent.
2321 4308 2513 4343 nxStat
2543 4308 2619 4343 ru
2662 4308 2718 4355 γ,
2748 4308 3013 4357 ιιοιιιιιιοιε
3045 4308 3297 4359 maxum,
3331 4308 3553 4346 consul.
3587 4310 3643 4362 ν,

2048 4308 2177 4413 (.Pum
2204 4362 2453 4434 primum,
2478 4360 2622 4434 edita
2652 4378 2801 4416 anno
2832 4362 2986 4431 1566,
3017 4380 3120 4433 qua
3152 4377 3421 4433 pauperes
3445 4365 3643 4434 stipem

2048 4442 2303 4503 petentes
2330 4433 2398 4486 ab
2425 4432 2786 4503 ecclesiarum
2815 4438 2986 4503 septis
3011 4432 3184 4489 arcet.

2126 4503 2141 4540 ί
2196 4502 2467 4571 Tempora
2517 4502 2635 4559 haee
2683 4502 2958 4559 bellorum
3025 4505 3430 4562 calamitatibus
3486 4506 3645 4573 plena

354 4578 477 4634 aliis
508 4574 639 4633 mss.
661 4574 721 4632 et
749 4578 1100 4643 editionibus,
1128 4577 1272 4631 debet
1291 4579 1411 4648 jam
1451 4593 1554 4629 non
1594 4590 1745 4648 agere
1784 4574 1946 4645 pceni-
1976 4604 2031 4664 D
2054 4583 2211 4664 erant
2232 4615 2246 4639 ,
2263 4574 2477 4664 Lqui'b‘us
2506 4575 2965 4664 orbisﬂRomanus
2995 4578 3365 4645 premebatur.
3421 4576 3645 4632 llieron.

356 4651 528 4707 tendo.

428 4720 456 4759 ά
483 4722 572 4776 Sic
616 4721 761 4777 Vatt.
805 4720 932 4781 duo,
968 4734 1199 4788 quorum
1251 4718 1416 4773 lectio
1460 4718 1563 4773 hoc
1593 4716 1953 4788 loco'cteteris

357 4792 473 4849 visa
517 4803 605 4849 est
642 4786 1006 4846 emendatior.
1048 4789 1183 4843 Cod.
1220 4789 1545 4858 Pantagathi
1575 4790 1809 4859 legebat,
1862 4786 1952 4841 sed

358 4867 530 4917 carnis
571 4867 784 4933 quisque
815 4872 908 4925 est,
963 4864 1205 4929 pessime
1236 4860 1484 4933 quidem;
1529 4864 1674 4933 at_iu
1706 4859 1953 4933 margine

360 4926 659 5007 repositum
694 4926 873 4988 iuerat
901 4926 1087 5001 quotus
1121 4946 1217 5007 pro
1257 4926 1455 5007 carnis,
1490 4940 1549 4983 ut
1586 4926 1953 5007 liaberet'scd

359 5000 547 5076 qu'otus
587 5006 804 5075 quisque
835 5015 927 5069 est,
977 5000 1229 5076 appOsita
1276 5002 1708 5076 interrogatione
1762 5001 1811 5052 iu
1846 5000 1953 5076 line

359 5072 668 5139 commatis,
721 5091 844 5141 quin
890 5089 1022 5126 sane
1071 5072 1231 5126 lectio
1278 5073 1372 5126 toti
1406 5072 1532 5126 huic
1580 5072 1703 5125 loco
1746 5072 1951 5140 optime

360 5149 632 5211 congruit.
686 5146 865 5200 Editio
906 5144 1023 5199 Col.
1070 5154 1126 5196 et
1156 5142 1366 5213 Lugd"
1405 5143 1494 5195 sed
1542 5158 1691 5195 rarus
1735 5142 1822 5210 qui
1869 5154 1955 5213 es;

361 5210 561 5281 Paris,
594 5216 683 5271 sed
704 5232 854 5269 rarus
874 5215 989 5285 quis
1019 5225 1113 5268 est.
1142 5210 1513 5268 Consentium
1532 5228 1663 5285 vero
1698 5221 1809 5285 tres
1841 5210 1958 5266 edi-

361 5290 537 5343 tiones
571 5290 623 5343 in
653 5286 799 5341 aliud
833 5283 1111 5347 mendum,
1139 5285 1383 5355 legentes
1408 5301 1503 5337 suo
1533 5283 1807 5353 refrigerio
1839 5297 1960 5353 pro-

364 5362 561 5431 futuro,
597 5358 741 5430 quod
761 5357 1175 5431 emendavimus
1205 5372 1273 5409 ex
1303 5356 1517 5431 duobus
1543 5355 1689 5431 γεω.

438 5441 461 5468 ε’
491 5424 629 5486 Mss:
657 5442 890 5499 quatuor
930 5425 1093 5481 codd.
1127 5429 1312 5499 legunt
1344 5445 1355 5479 :
1384 5424 1669 5499 Egreditur
1699 5426 1761 5499 de
1796 5425 1960 5479 eccle-

364 5504 443 5556 sia
469 5496 822 5567 Cliristianus,
855 5501 899 5554 si
931 5509 1095 5553 tamen
1136 5496 1466 5552 Christianus
1506 5514 1522 5561 ;
1555 5512 1675 5565 quae
1726 5496 1959 5551 fortasse

402 5588 620 5627 ermana
668 5584 752 5629 est
800 5572 1000 5635 lectio,
1043 5584 1275 5639 eamque
1320 5568 1559 5623 ostendit
1606 5569 1773 5622 etiam
1819 5567 1961 5620 liber

402 5588 620 5627 ermana
668 5588 752 5629 εει
801 5588 1000 5635 Iecno,
1043 5588 1275 5639 eamque
1320 5588 1559 5623 oswnuu
1606 5588 1773 5622 etiam
1819 5588 1961 5620 nuer

364 5588 711 5712 gantagatlii.
747 5644 937 5699 Simile
970 5642 1135 5697 habet
1162 5640 1470 5710 Cyprianus
1499 5640 1552 5694 in
1577 5640 1769 5712 eodem
1798 5652 1963 5712 ἕπευ-ς

373 5708 569 5767 ιιιειιιιῖ
586 5714 653 5767 de
682 5729 848 5781 opere
873 5723 931 5768 et
955 5708 1255 5768 elccmosizr
1272 5712 1411 5778 Quid
1442 5712 1565 5780 facit
1602 5711 1657 5763 in
1685 5711 1837 5763 domo
1863 5708 1961 5781 Dei

372 5783 630 5861 perﬁdum
653 5779 827 5855 pectus
844 5786 869 5837 Ρ
894 5784 1033 5850 Quid
1056 5786 1081 5839 ?
1102 5788 1186 5854 qui
1208 5782 1417 5839 Christo
1437 5782 1648 5837 omnino
1668 5797 1772 5836 non
1801 5779 1964 5836 credit

766 5877 1043 5936 PATBOI..
1098 5876 1241 5937 ΧΧ.

2057 4645 2317 4715 Epitaph.
2370 4646 2563 4712 Nepot.
2599 4664 2611 4698 :
2646 4644 2837 4699 Horret
2867 4644 3067 4699 animus
3113 4658 3400 4710 temporum
3449 4658 3651 4701 nostro-

2054 4733 2169 4769 rum
2196 4718 2375 4769 ruinas
2405 4717 2660 4785 persequi.
2704 4717 2902 4785 Viginti
2933 4725 2981 4769 et
3011 4733 3071 4770 eo
3096 4715 3321 4785 amplius
3351 4720 3475 4770 anni
3505 4730 3650 4776 sunt,

2055 4787 2194 4858 quod
2216 4788 2348 4839 inter
2376 4784 2904 4858 Constantinopolim,
2941 4795 2987 4839 et
3014 4788 3170 4854 Alpes
3196 4784 3652 4858 Juliagquotidie

2058 4857 2331 4929 Romanus
2370 4857 2583 4929 sanguis
2625 4857 2951 4929 effunditur.
3013 4858 3283 4929 Scythiam
3306 4898 3319 4920 ,
3346 4857 3647 4925 Thraciam,

2058 4926 2419 4980 Macedoniam
2445 4968 2459 4989 ,
2485 4924 2810 4981 Dardaniam
2834 4971 2848 4991 ,
2884 4924 3102 4982 Daciam
3133 4971 3147 4993 ,
3178 4927 3605 4982 Thessalonicam
3635 4924 3651 4993 ,

2056 4998 2325 5056 Achaiam,
2362 4997 2572 5063 Epiros,
2614 4998 2952 5061 Dalmatiam,
2982 5012 3293 5064 cunctasque
3321 4998 3649 5063 Pannonias.

2059 5068 2282 5133 Gothus,
2314 5068 2583 5130 Sarmata,
2613 5069 2853 5135 Quadus,
2887 5069 3085 5124 Alanus
3109 5113 3123 5135 ,
3160 5071 3364 5129 Hunni,
3400 5070 3653 5135 Vandali,

2060 5138 2445 5213 arcomanni,
2469 5149 2689 5213 vastant,
2714 5140 2946 5213 trahunt,
2973 5143 3205 5213 rapiunt.
3227 5141 3429 5197 Confer
3446 5141 3649 5196 Zosim.

2057 5210 2151 5263 lil).
2186 5224 2239 5262 tv
2272 5210 2406 5264 Hist.
2440 5210 2974 5267 novzc.Gaudcntius
3007 5210 3235 5277 ﬂerula,
3262 5213 3355 5266 lib.
3385 5229 3420 5266 ιι
3451 5216 3517 5265 de
3542 5215 3655 5266 Au-

2060 5280 2241 5353 tiquit.
2274 5280 2417 5353 Gall.
2453 5281 2654 5353 Cisalp.
2700 5298 2750 5339 c.
2779 5285 2846 5338 14
2871 5325 2884 5346 ,
2919 5295 3205 5353 postquam
3253 5284 3503 5338 recitavit
3532 5298 3657 5337 mox

2060 5352 2281 5424 allatum
2329 5352 2645 5424 Hieronymi
2680 5354 2881 5421 locum,
2918 5353 3035 5410 hace
3064 5352 3246 5409 Subdit
3279 5372 3291 5407 :
3342 5353 3508 5424 Miror
3554 5369 3659 5406 non

2062 5423 2319 5495 adjecisse
2370 5422 2881 5493 illumr‘Cisalpinam
2910 5424 3140 5480 Galliam
3161 5466 3175 5495 ,
3204 5440 3359 5493 quam
3388 5442 3420 5477 a
3450 5423 3662 5479 Marco-

2065 5494 2283 5568 mannis
2296 5504 2551 5568 vastatam
2599 5496 2759 5565 fuisse
2785 5541 2798 5563 ,
2822 5498 3122 5568 prwsertim_
3149 5494 3430 5568 Insubrum
3465 5510 3659 5568 agrum

2065 5567 2203 5639 circa
2234 5564 2610 5639 Mediolanum,
2640 5572 2797 5639 refert
2823 5564 3049 5621 Flavius
3079 5564 3353 5639 Vopiscus,
3384 5567 3472 5635 qui
3510 5564 3662 5639 'post-_

2066 5637 2280 5708 modum
2304 5637 2586 5708 Aureliano
2618 5635 2927 5708 imperante,
2949 5644 3097 5690 tanta
3117 5635 3263 5689 clade
3295 5635 3561 5690 Romanos
3590 5637 3661 5689 ad

2073 5706 2397 5762 Placentiam
2423 5707 2661 5780 a/fercre,
2691 5706 2745 5765 ut
2774 5725 2900 5780 pene
2930 5708 3225 5780 Romanum
3253 5707 3534 5761 solveretur
3560 5708 3666 5780 im-

2072 5780 2290 5847 perium.
2342 5780 2519 5835 Locus
2554 5779 2779 5849 Voluisci'
2820 5788 2902 5834 est
2937 5780 2988 5831 iu
3038 5779 3353 5845 Aureliano,
3401 5792 3519 5850 cap.
3554 5779 3618 5835 l8
3650 5792 3666 5845 ;

3021 5870 3099 5934 30
