4120 6174
506 264 615 325 945

1592 259 1648 315 S.
1690 253 2065 314 GAUDENTII
2108 251 2369 311 ΒΒΙΧΙᾸΞ
2413 252 2723 312 EPISCOPI

3692 255 3787 313 9M

498 380 750 435 viribus:
783 379 936 433 Nihil
976 379 1111 433 enim
1148 377 1416 431 intulimus
1447 376 1499 430 in
1537 376 1674 431 hunc
1708 376 1985 440 mundum,
2017 373 2106 428 sed
2134 374 2183 433 Α
2212 373 2503 428 veritatem
2534 374 2658 429 ﬁdei
2696 374 2972 442 salutaris,
3019 388 3181 446 quam
3209 373 3412 445 pariter
3437 372 3678 443 excipere
3699 373 3787 427 hu-

495 490 589 527 uec
616 476 821 544 auferre
847 472 1049 542 aliquid
1073 487 1343 542 possumus
1366 468 1407 541 (I
1436 468 1572 523 Tim.
1600 468 1701 539 v1).
1737 467 1929 521 Nudus
1952 467 2106 530 exivi,

494 564 576 617 ait
620 573 841 618 sanctus
866 564 989 625 Joh,
1014 564 1075 615 de
1122 570 1267 615 utero
1318 563 1500 614 matris
1539 577 1684 627 mete,
1718 562 1889 614 nudus
1921 560 2110 612 iterum

490 666 718 710 revertar
746 658 797 708 in
840 666 1029 709 terram
1054 654 1202 725 (Job.
1227 652 1287 724 ι).
1327 654 1443 708 Hoc
1481 669 1667 709 secum
1720 653 1951 723 quisque
1984 666 2110 720 por-

495 758 577 805 tat
606 764 671 802 ex
700 747 1050 802 facultatibus
1097 762 1233 815 quas
1274 748 1506 817 accepit,
1541 746 1684 817 quod
1714 747 1768 800 in
1818 760 1956 812 opus
1982 744 2109 799 reli~

501 842 681 913 gionis
716 840 1065 910 impenderit,
1101 842 1245 911 quod
1291 856 1391 910 pro
1417 840 1714 894 dilectione
1738 838 1835 893 Dei
1890 836 2104 899 fecerit,

493 932 785 1001 praeceptis
830 932 949 1000 ejus
992 933 1424 1002 obtemperans;
1463 931 1677 985 dicetur
1731 930 1875 985 enim
1904 930 1957 982 in
2017 928 2106 982 die

487 1026 689 1096 judicii
724 1044 736 1079 :
765 1035 788 1061 η
822 1026 955 1080 Ecce
997 1027 1148 1081 homo
1170 1073 1183 1095 ,
1227 1037 1275 1080 et
1324 1044 1481 1097 opera
1526 1028 1678 1096 ejus;
1709 1042 1815 1079 non
1846 1025 2058 1080 dicetur
2089 1041 2103 1078 :

495 1121 639 1176 Ecce
666 1119 949 1181 ltomo,bet
984 1120 1224 1187 potentia
1243 1119 1381 1187 ejus,
1398 1130 1449 1172 et
1466 1117 1668 1173 divitia}
1692 1117 1835 1186 ejus,
1854 1124 1909 1171 et
1929 1114 2105 1171 hmre—

489 1212 585 1267 des
613 1213 751 1281 ejus.
783 1213 960 1279 Opera
987 1210 1216 1281 requirit
1238 1211 1329 1279 qui
1364 1218 1635 1279 praecepta
1667 1208 1939 1263 commisit
1968 1207 2103 1272 ;mi-

493 1306 811 1363 sericordi.e
833 1320 1097 1375 repensor
1120 1312 1205 1359 est
1247 1305 1336 1375 qui
1371 1304 1559 1359 docuit
1588 1303 1870 1372 pietatem,
1902 1302 1994 1371 qui
2023 1300 2103 1354 di-

495 1398 792 1453 lectionem
824 1398 908 1451 sui
939 1398 991 1451 in
1019 1406 1419 1466 praeceptorum
1450 1396 1668 1465 probari
1697 1394 1942 1450 custodia
1965 1409 2104 1463 pra?-

494 1491 691 1545 ﬁnivit‘.
745 1488 879 1543 Nam
959 1489 1063 1545 sibi
1134 1490 1439 1559 prmstitnm
1492 1498 1710 1557 reputat
1760 1498 1781 1525 ε
1839 1487 2099 1557 quidquid

493 1598 667 1653 egeno
714 1583 1016 1653 praestitum
1067 1581 1193 1635 erit.
1244 1580 1400 1636 Unde
1447 1581 1577 1634 alibi
1625 1580 1854 1649 legimus
1889 1577 1953 1631 εά
1998 1579 2101 1646 Qui

495 1678 767 1731 miseretur
800 1677 1066 1747 pauperis,
1096 1674 1207 1729 Deo
1227 1678 1428 1745 fenerat
1452 1673 1635 1745 (Prov.
1669 1674 1805 1741 xix).
1838 1672 1905 1726 Et
1934 1673 2098 1742 plane

2215 479 2369 518 mana
2401 465 2564 521 corda
2613 480 2720 521 non
2783 466 3037 536 capiunt.
3078 466 3334 537 paulatim
3387 466 3634 535 dignatur
3684 464 3787 519 suis

2211 558 2431 627 aperire
2460 558 2762 627 discipulis.
2800 556 2819 595 ί
2846 558 2965 613 Jam
3011 560 3077 614 de
3108 560 3318 615 unitate
3362 558 3661 613 divinitatis
3688 572 3789 612 sua:

2210 663 2333 704 cum
2361 660 2513 718 patre
2554 650 2787 720 plurima
2820 650 2873 704 in
2898 652 3286 721 superioribus
3322 650 3485 705 dictis
3523 650 3787 717 docuerat,

2211 743 2396 796 Ssicut
2430 743 2679 811 proximo
2706 743 2965 797 Tractatu
3000 743 3231 814 exposui
3260 761 3272 795 :
3306 742 3605 798 ostendens
3631 743 3791 796 intan-

2209 842 2319 889 tum
2349 835 2482 889 nihil
2528 835 2820 890 divisionis
2868 851 2993 891 esse
3026 837 3164 891 inter
3190 836 3439 903 Patrem,
3475 843 3529 889 et
3570 834 3786 900 Filium,

2209 936 2267 982 ut
2293 929 2457 983 etiam
2485 944 2794 985 sermonem
2831 946 2988 985 suum
3010 972 3026 997 ,
3066 945 3227 1000 quem
3272 930 3613 1001 loqueretur,
3645 944 3790 983 suum

2210 1018 2414 1075 diceret
2438 1036 2544 1075 non
2584 1037 2727 1084 esse,
2761 1022 2866 1076 nisi
2916 1022 3093 1076 Patris
3138 1029 3306 1077 esset.
3352 1022 3577 1076 Dixerat
3604 1022 3740 1076 enim
3776 1039 3789 1074 :

2207 1110 2275 1164 Et
2306 1129 2474 1167 sermo
2500 1130 2665 1180 meus,
2698 1132 2848 1182 quem
2869 1114 3109 1182 audistis,
3144 1132 3288 1169 meus
3320 1130 3424 1168 non
3446 1124 3542 1178 est,
3575 1114 3661 1169 sed
3691 1118 3793 1185 ejus

2204 1206 2294 1275 qui
2319 1207 2459 1260 misit
2485 1224 2589 1273 me,
2626 1206 2801 1262 Patris
2832 1207 3012 1282 (Joan.
3041 1224 3157 1273 xtv,
3189 1208 3261 1263 24
3280 1206 3324 1278 ).
3346 1207 3470 1275 Quo
3500 1207 3650 1262 dicto
3674 1207 3792 1262 satis

2204 1299 2425 1366 claruit,
2476 1302 2649 1356 Patris
2687 1311 3096 1370 contemptores
3120 1318 3243 1358 esse
3283 1303 3568 1357 universos
3605 1300 3795 1356 doctri-

2205 1406 2329 1445 nam
2380 1391 2501 1446 Filii
2551 1394 2815 1464 unigeniti
2842 1404 3298 1461 contemnentes;
3336 1396 3597 1465 quoniam
3645 1410 3791 1466 quem

2203 1499 2357 1537 suum
2388 1499 2699 1541 sermonem
2727 1486 2859 1541 dicit
2889 1487 3081 1553 Filius,
3116 1489 3262 1543 hunc
3288 1504 3446 1543 suum
3485 1498 3648 1559 negat
3685 1503 3793 1544 esse

2204 1574 2307 1629 nisi
2336 1576 2407 1629 sit
2436 1576 2634 1632 Patris.
2668 1578 2820 1634 Tunc
2852 1580 2996 1634 enim
3030 1580 3152 1635 Filii
3184 1595 3369 1635 sermo
3397 1590 3524 1645 est,
3559 1581 3604 1635 si
3634 1579 3793 1635 Patris

2201 1682 2384 1722 sermo
2391 1677 2527 1757 ἕδη
2560 1672 2683 1739 quia
2713 1674 2888 1725 omnia
2917 1688 3248 1741 quaecumque
3274 1672 3425 1727 habet
3464 1671 3627 1727 Pater
3653 1714 3666 1737 ,
3696 1689 3796 1725 mea

491 1768 742 1834 fenerat;
778 1768 1009 1836 recipiet
1046 1768 1194 1822 enim
1232 1782 1425 1835 magna
1474 1782 1571 1836 pro
1609 1765 1863 1827 modicis,
1898 1774 1953 1819 et
1995 1778 2104 1819 coe-
2135 1765 2184 1825 B
2211 1768 2352 1825 sunt,
2386 1759 2560 1829 inquit
2608 1760 2806 1831 (Joan.
2840 1778 2951 1823 xvr.
2994 1763 3059 1817 15
3088 1762 3127 1831 ).
3178 1762 3246 1817 Ει
3290 1762 3403 1817 alio
3453 1762 3505 1817 in
3567 1762 3688 1817 loco
3737 1760 3796 1816 ad

496 1863 653 1919 lestia
709 1878 808 1933 pro
858 1862 1096 1917 terrenis
1139 1862 1208 1914 ab
1236 1862 1355 1931 ipso
1398 1860 1494 1915 Dei
1551 1858 1691 1912 Filio
1739 1858 2096 1925 sempiterno,

493 1956 647 2026 cujus
675 1970 901 2023 regnum
926 1968 1049 2009 cum
1075 1952 1260 2018 Patre,
1280 1960 1333 2007 et
1355 1966 1479 2007 cum
1498 1950 1705 2020 Spiritu
1735 1958 1947 2015 sancto,
1975 1964 2104 2019 per-

495 2056 682 2104 manet
712 2049 764 2103 in
788 2046 971 2103 omnia
1001 2045 1222 2101 saecula.

1044 2160 1314 2224 SERMO
1358 2160 1534 2222 XIV.

738 2311 821 2353 DE
848 2307 1139 2351 DIVERSIS
1172 2304 1499 2349 CAPITULIS
1531 2302 1843 2355 QUARTUS.

748 2404 771 2430 θ
802 2391 879 2445 De
907 2390 1244 2463 promissione
1265 2388 1512 2442 adventus
1546 2383 1829 2438 Paracleti.

569 2510 730 2583 322
772 2504 1070 2562 lneffabilis
1107 2502 1451 2573 providentia
1493 2497 1756 2569 unigeniti
1823 2498 1916 2551 ﬁlii
1978 2496 2093 2559 Dei,

568 2656 595 2683 ⁸
625 2642 833 2701 Similis
883 2641 1108 2695 omnino
1155 2647 1240 2693 est
1289 2638 1439 2691 locus
1479 2635 1670 2705 lgnatii
1729 2635 1781 2687 in
1837 2633 2002 2704 epist.
2028 2630 2094 2686 ad

498 2718 863 2789 Smyrneuses
904 2732 938 2789 :_
968 2710 1380 2789 Consentaneum
1420 2715 1493 2789 est
1534 2706 1601 2761 ad
1628 2706 1803 2789 Deum
1828 2719 2098 2789 conuersos

499 2777 779 2859 pasriitere;
817 2786 877 2859 in
921 2784 1124 2850 inferno
1164 2777 1519 2859 euim_nullus
1561 2778 1757 2859 esttqui
1785 2777 2092 2859 .c‘onﬁte‘tur.

502 2845 636 2915 'Ecce
652 2845 792 2913 enim
807 2845 988 2913 homo,
1010 2862 1055 2905 et
1088 2866 1249 2920 opera
1276 2853 1387 2922 ejus
1417 2850 1747 2922 antejfaciem
1778 2848 1945 2922 illius.
1968 2845 2097 2899 Foro

2202 1850 2420 1906 Patrem
2478 1852 2610 1907 dicit
2668 1870 2683 1906 :
2743 1854 3006 1921 Quoniam
3079 1864 3171 1906 tua
3234 1854 3410 1908 omnia
3472 1871 3587 1908 mea
3643 1862 3795 1919 sunt,

2199 1951 2246 1994 et
2302 1959 2413 1995 mea
2466 1953 2553 1997 tua
2606 1944 2960 2012 sunt(Joan.
3016 1960 3155 2009 xvu,
3216 1945 3345 2017 10);
3394 1961 3489 2015 per
3551 1948 3796 2001 unitatem

2198 2033 2457 2090 videlicet
2486 2036 2683 2090 divina:
2726 2037 3071 2103 substantim,
3103 2053 3223 2107 qua:
3264 2041 3438 2094 nescit
3474 2038 3677 2107 aliquid
3716 2037 3797 2092 ha-

2200 2123 2334 2181 bere
2380 2141 2553 2193 suum,
2591 2127 2735 2196 quod
2769 2136 2975 2182 naturae
3006 2142 3116 2183 sute
3148 2144 3253 2183 non
3294 2129 3386 2184 sit.
3431 2128 3589 2185 Nune
3632 2140 3798 2186 autem

2206 2217 2548 2288 subsequens
2577 2220 2823 2290 adjungit
2852 2222 3059 2287 statim,
3092 2222 3342 2277 eamdem
3372 2208 3595 2293 quoque
3637 2222 3798 2279 sancti

2208 2310 2446 2380 Spiritus
2502 2314 2765 2368 unitatem
2821 2315 2975 2369 credi
3032 2324 3331 2385 oportere,
3390 2316 3519 2371 dum
3579 2318 3799 2387 plenitu-

2205 2403 2392 2461 dinem
2464 2407 2732 2462 doctrina:
2808 2422 2922 2463 suae
2978 2406 3005 2444 ιι
3064 2424 3161 2479 per
3216 2410 3389 2480 ipsum
3464 2410 3798 2467 Paracletum

2204 2498 2453 2566 pradicit
2506 2502 3001 2555 consummandam
3035 2541 3050 2564 ,
3109 2500 3298 2556 dicens
3353 2519 3366 2554 :
3424 2500 3555 2556 Hac
3616 2504 3799 2557 locutus

2204 2632 2303 2697 sis,
2337 2634 2485 2689 hom.
2506 2636 2580 2709 _H
2613 2654 2626 2689 :
2664 2636 2773 2691 Deo
2801 2640 2937 2691 enim
2968 2638 3305 2709 eleemosyuis
3344 2654 3636 2709 pauperum
3673 2642 3799 2709 fenc-

2204 2714 2383 2769 ratur;
2410 2718 2461 2759 at
2493 2706 2826 2777 Cyprianus,
2858 2718 3015 2763 tract.
3059 2708 3127 2763 de
3162 2706 3415 2778 Operﬁet
3452 2706 3794 2779 Eleemosyn.

2205 2786 2255 2850 et
2285 2786 2441 2850 tract.
2472 2778 2538 2831 de
2571 2778 2723 2834 Orat.
2760 2782 2910 2833 Dom.
2935 2822 2948 2842 ,
2986 2781 3086 2834 hoc
3117 2782 3494 2835 testimonium
3525 2781 3613 2835 sic
3636 2778 3758 2850 legit
3784 2794 3796 2833 :

2210 2846 2606 2921 Qaimiseretur
2622 2852 2864 2921 pauperis
2885 2892 2898 2913 ,
2926 2851 3091 2904 Deum
3114 2854 3332 2919 fenerat.
3359 2850 3631 2907 Similiter
3654 2846 3798 2905 tract.

500 2939 650 2986 tasse
683 2938 810 2981 tunc
850 2917 1429 2992 temporis'obtin'ebat
1473 2917 1691 2993 opinio,
1725 2920 1890 2993 verba
1933 2917 2097 2993 hasce
2128 2930 2173 2993 ρ
2205 2918 2508 2993 όεηΗίιιηιυ
2538 2925 2673 2989 virg.
2704 2917 2734 2993 γε’
2758 2920 3086 2975 Patrimonio
3114 2917 3213 2976 tuo
3262 2920 3433 2975 Deum
3482 2926 3683 2991 fenera.
3734 2921 3802 2975 De

500 3002 723 3058 Chrism
752 2989 980 3051 Domino
1020 2994 1185 3047 luisse
1219 2994 1447 3061 prolata,
1474 3000 1531 3044 ut
1563 2990 1725 3043 habet
1758 2989 2097 3061 Nierquher-

502 3074 623 3143 gius
642 3069 935 3143 deorigine
958 3079 1126 3143 sacrm
1153 3058 1434 3143 scripturar
1459 3060 1550 3116 lib.
1580 3077 1675 3143 xn_,
1703 3076 1751 3114 c.
1776 3058 2096 3143 15._Eadem

504 3129 668 3211 porro
700 3129 996 3211 sententia,
1023 3135 1157 3189 Ecce
1185 3129 1338 3187 homo
1368 3146 1415 3211 et
1442 3135 1754 3211 operaejus,
1786 3132 1839 3183 in
1873 3129 2101 3211 {leuita-

503 3202 747 3270 iiouibus
781 3210 1053 3263 invenitur
1084 3220 1207 3274 quze
1236 3213 1351 3258 tum
1378 3205 1695 3269 Augustini,
1724 3212 1837 3255 tum
1872 3202 2101 3274 Bernar-

503 3269 557 3340 di
604 3284 823 3336 nomine
864 3269 1359 3339 circumferuntur;
1405 3276 1550 3328 illius
1592 3274 1816 3342 quidem
1851 3286 1971 3339 cap.
2008 3269 2099 3334 '59,

508 3356 673 3423 hujus
704 3368 828 3420 cap.
858 3352 893 3402 ‘2
920 3367 932 3401 :
974 3349 1071 3423 sed
1102 3348 1155 3401 in
1187 3361 1253 3423 eo
1292 3348 1590 3423 talsusmest
1630 3343 2098 3423 NEPOll-lel'glUS,

508 3413 653 3497 quod
692 3438 756 3497 ea
778 3413 1061 3497 putaverit
1100 3418 1266 3472 verba
1300 3432 1420 3497 eSse
1449 3413 1651 3497 Christi
1683 3414 1953 3497 Domini;
1977 3428 2103 3497 pro-

508 3486 594 3553 cul
621 3486 959 3550 dubio‘enim
984 3488 1267 3557 desumpta
1299 3496 1426 3540 sunt
1455 3502 1520 3541 ex
1548 3487 1699 3540 Isaia:
1728 3500 1867 3547 1.x",
1900 3486 1988 3544 11,
2025 3492 2106 3537 at-

509 3585 617 3637 que
640 3582 667 3616 τι
698 3563 840 3618 LXX
873 3565 941 3637 ita
974 3560 1232 3637 reddita;
1255 3557 1645 3637 ’ἰδούῥ-Σξυτήρ
1683 3557 2104 3637 ᾳοι-παραγὲγοα

510 3628 610 3703 θεν,
631 3638 771 3709 ἔχων
786 3638 872 3690 τὸν
890 3634 1292 3709 ἐρξυτοῦ-μιςῖθὸν,
1317 3631 1473 3685 καὶτὸ
1488 3628 1631 3709 ἔργαῇ
1649 3631 1804 3709 αὐγοᾷ
1822 3628 1921 3702 πρὸ
1940 3628 2106 3702 nptia-

512 3698 866 3765 ambulans,
904 3703 1033 3757 Ecce
1064 3698 1311 3758 Salvator
1349 3712 1467 3754 tuus
1512 3698 1669 3762 uenit,
1705 3698 1895 3752 habens
1920 3698 2108 3750 nterce-

513 3783 632 3835 dem
673 3794 817 3832 suam
847 3790 1053 3845 secum,
1097 3782 1144 3827 et
1192 3790 1332 3845 opus
1358 3782 1505 3825 tuum
1547 3778 1666 3825 ante
1712 3770 2107 3845 fa_cicm_s_uam_;

509 3855 577 3907 de
602 3866 708 3921 quo
735 3848 935 3921 videsis
977 3838 1633 3921 Usserium,_l‘r_ole_gom.
1664 3838 1732 3895 ad
1756 3840 1950 3921 l_g__nat_ii
1996 3838 2108 3921 epi-

513 3910 683 3978 stolas
711 3935 831 3989 cap.
870 3918 958 3982 tl,
977 3926 1261 3989 extremo.
1294 3910 1537 3989 Epistula
1566 3924 1743 3967 autem
1768 3911 1865 3989 illa
1894 3910 2108 3989 lgnatii,

514 4010 674 4062 quam
731 3981 916 4062 laudat
977 3981 1456 4062 Nierembergius,
1507 3994 1591 4062 est
1642 3999 1709 4062 ex
1768 3981 2112 4062 interpolatis

520 4052 661 4133 apud
683 4060 1041 4121 Cotelerium,
1083 4072 1203 4133 pag.
1234 4052 1321 4133 9_l;
1357 4071 1479 4133 nam
1524 4059 1574 4133 in
1609 4054 1836 4133 epistola
1877 4052 2111 4121 genuina

522 4123 588 4188 ad
630 4132 944 4202 Smyrnaeos
990 4123 1370 4202 testiinonium
1410 4124 1543 4202 illud
1582 4123 1965 4202 propheticum
2005 4136 2110 4175 nou

522 4195 793 4266 habetur,
824 4200 1073 4266 quamvis
1115 4198 1307 4253 iisdem
1352 4197 1577 4250 omnino
1627 4195 1805 4266 verbis
1864 4202 2118 4247 occurrat

522 4276 685 4331 etiam
713 4265 856 4340 apud
881 4270 1213 4325 Clementem
1250 4268 1455 4322 Potteri
1488 4283 1607 4337 pag.
1629 4265 1769 4340 642.

593 4345 619 4383 b
652 4336 1009 4397 Exhibuitnus
1033 4342 1173 4393 bona
1199 4340 1304 4391 tide
1335 4336 1597 4407 integram
1628 4338 1916 4391 lectionem
1946 4336 2111 4389 trium

525 4385 862 4472 missas.“
872 4385 1925 4478 ;".';s:n"p“s"a..'s}1.tinnis?an);'i}.
1950 4385 2116 4461 sua;
2144 4385 2197 4446 D

524 4487 805 4555 legebatur
827 4491 873 4535 et
904 4476 1132 4555 potentia
1153 4482 1285 4555 ejus,
1319 4490 1363 4532 et
1380 4480 1605 4555 liwredes
1620 4482 1666 4550 ej
1675 4476 2011 4555 iisanerum
2034 4479 2121 4555 qui

564 4550 783 4627 rtecepta
808 4550 1061 4627 commisit
1086 4569 1102 4617 ;
1134 4552 1597 4627 sed__manite.stu_s
1634 4561 1727 4627 est
1760 4550 1935 4602 hiatus
1962 4550 2120 4615 culpa

564 4578 783 4627 rwcepta
808 4578 1099 4617 cummutt,’
1134 4578 1229 4605 acu
1274 4578 1597 4605 qullucatua
1634 4578 1718 4603 cal.
1760 4578 1935 4602 ιιιιιιυδ
1962 4578 2120 4615 υιιιμη

523 4578 875 4684 iibrartorum
906 4624 1176 4677 inductus.
1208 4622 1353 4676 Fl0r.
1383 4621 1507 4677 cod.
1534 4622 1613 4677 sic
1644 4621 1806 4674 habet
1833 4638 1844 4672 :
1867 4630 1911 4671 et
1946 4628 2123 4685 poten-

530 4702 601 4754 tia
629 4702 764 4771 ejus,
795 4696 1094 4771 et_lttered_es
1117 4697 1250 4767 ejus.
1290 4692 1461 4771 _0pera
1495 4694 1711 4771 requirit
1748 4693 1837 4771 qui
1866 4700 2125 4771 prwcepta

526 4764 799 4824 commisit.
837 4768 997 4821 Liber
1020 4764 1381 4833 Pantagathi:
1415 4774 1459 4817 et
1490 4764 1684 4817 divitia:
1711 4766 1843 4835 ejus,
1879 4773 1925 4815 et
1964 4764 2126 4813 lucre-

531 4843 619 4895 des
650 4845 783 4912 ejus.
822 4837 989 4912 Opera
1018 4837 1232 4912 requirit
1260 4837 1348 4912 qui
1378 4845 1634 4912 prarcepta
1659 4835 2039 4912 commisit;_.ut
2058 4847 2125 4885 ex

531 4903 813 4979 utriusque
845 4903 967 4963 eod.
992 4903 1289 4979 collatione
1308 4903 1571 4979 integram
1599 4908 1887 4979 leCtionem
1913 4903 2123 4979 elicias.

611 4993 631 5021 ο
663 4975 849 5036 Lectio
888 4981 1126 5033 uuiusex
1162 4978 1303 5030 Vatt.
1342 4978 1534 5033 Czeteri
1577 4991 1705 5031 mss.
1735 4976 1936 5029 habent
1971 4975 2127 5043 quid-

530 5052 657 5119 quid
672 5068 827 5125 rgeno
844 5048 1368 5125 prmsti_terit._Verum
1387 5046 1560 5125 facilis
1583 5048 1682 5101 fuit
1696 5045 2125 5125 lups'ttslibl'ﬂnrii;

533 5114 661 5179 dum
691 5114 1133 5177 énim'incuriOse
1159 5120 1287 5185 legit
1312 5120 1452 5187 quod
1479 5134 1577 5188 per
1598 5119 1986 5181 compendium
2014 5114 2128 5170 for-

539 5207 685 5250 tasse
720 5196 821 5248 hoc
859 5192 1022 5246 modo
1062 5192 1331 5257 scriptum
1379 5189 1576 5261 fuerat,
1625 5191 1843 5261 prtrstit.
1878 5191 2011 5249 erit,
2062 5203 2130 5241 ex

534 5267 749 5321 duobus
777 5264 960 5318 verbis
983 5278 1148 5316 unum
1174 5260 1448 5315 conﬂavit.
1482 5262 1609 5315 Dum
1636 5263 1913 5314 editiones
1946 5262 2130 5327 legunt

531 5335 785 5409 quidquid
812 5351 970 5409 egeno
991 5333 1302 5409 praestiteris
1326 5374 1341 5398 ,
1375 5332 1568 5409 quibus
1597 5332 1834 5409 concinit
1865 5333 2000 5385 liber
2028 5330 2131 5409 Qe-

533 5399 1039 5477 t'avii'Panttigathi;
1070 5402 1261 5458 Colon.
1293 5419 1423 5458 vero
1443 5403 1630 5467 editio,
1662 5403 1952 5469 mendose,
1982 5399 2133 5470 quid-

535 5480 658 5550 quid
688 5495 847 5550 egeno
878 5477 1153 5547 prwsteris.
1224 5545 1261 5550 η
1303 5545 1351 5550 __
1520 5544 1530 5550 _
1869 5544 1880 5550 _
1942 5543 1973 5550 _
2036 5510 2046 5514 _

607 5550 633 5585 ά
668 5543 757 5605 Sic
795 5543 937 5602 Vatt.
968 5550 1100 5609 duo,
1135 5555 1189 5600 et
1221 5545 1481 5607 Urbinas,
1520 5544 1759 5611 itemque
1780 5544 1906 5598 cod.
1942 5543 2134 5598 Panta-

531 5622 704 5692 gathi.
753 5620 1172 5692 Flor._q_uoque,
1197 5616 1556 5692 sedimmutat
1572 5617 1800 5692 verbum
1816 5615 2129 5692 pauperis‘in

534 5685 865 5761 pauperibus.
900 5685 1089 5761 Editit
1116 5689 1218 5761 Qui
1240 5686 1511 5761 miseretur
1540 5685 1883 5761 pauperibus,
1915 5685 2025 5761 _Deo
2054 5686 2132 5754 fe-

531 5756 780 5825 neratnr;
804 5760 1013 5829 recipiet
1050 5760 1207 5813 enim.
1242 5756 1335 5814 Sic
1357 5756 1521 5813 etiam
1552 5756 1759 5827 Eligius
1796 5756 2123 5815 Noviomen-

2208 2990 2404 3053 quibus
2450 2993 2583 3046 locis
2626 2992 2750 3046 vide
2796 2993 3064 3056 Gronov.,
3115 2994 3436 3048 Observatis
3479 2990 3546 3047 ad
3596 2993 3799 3049 Eccles.

2209 3060 2415 3128 Script.
2442 3078 2563 3131 cap.
2590 3064 2639 3117 l.
2671 3079 2790 3133 pag.
2826 3064 2915 3118 10.

2281 3141 2304 3167 ο
2338 3133 2551 3204 Titulus
2584 3135 2670 3188 hic
2702 3137 2771 3188 ita
2817 3136 3020 3204 legitur
3049 3136 3099 3189 in
3145 3135 3361 3189 duobus
3391 3135 3540 3191 Vatt.
3575 3144 3634 3191 et
3661 3136 3712 3190 in
3742 3134 3801 3188 li-

2206 3202 2305 3256 bro
2349 3203 2690 3277 Pantagathi.
2740 3202 2895 3277 Flor;
2934 3221 3067 3259 vero
3116 3207 3203 3277 sic;
3250 3206 3411 3261 habet
3450 3226 3461 3260 :
3496 3204 3696 3277 Incipit
3748 3206 3804 3259 de

2210 3274 2547 3345 promissione
2580 3277 2832 3329 adventus
2866 3275 3139 3330 Paracliti.
3167 3276 3327 3333 Urb.:
3366 3277 3444 3333 De
3474 3274 3803 3345 promissione

2206 3344 2454 3466 affirmas
2478 3344 2752 3400 Parartiti.
2788 3347 3071 3402 Editioues
3105 3367 3117 3402 :
3150 3346 3231 3403 De
3258 3344 3605 3419 promissione
3653 3350 3804 3403 Para-

2210 3432 2234 3466 τ
2261 3432 2285 3466 e
2310 3434 2350 3466 ι.

2210 3418 2350 3469 (leti.

2284 3484 2303 3522 ί
2335 3487 2424 3562 Sic
2454 3488 2599 3562 Vatt.
2633 3488 2741 3542 duo
2763 3532 2777 3555 ,
2811 3498 2868 3545 et
2897 3490 3037 3545 liber
3064 3490 3413 3562 Pantagathi.
3447 3490 3598 3547 Editi
3638 3499 3805 3547 autem

2212 3573 2333 3611 nam
2365 3561 2427 3611 de
2459 3561 2683 3614 unitate.

2286 3641 2309 3676 8
2366 3630 2671 3685 Nonnullos
2739 3630 3032 3687 Gaudentii
3101 3642 3365 3688 tractatus
3432 3632 3806 3695 intercidisse,

2211 3710 2462 3771 apertum
2500 3703 2558 3754 ﬁt
2600 3718 2665 3755 ex
2698 3702 2801 3755 hoc
2833 3702 2953 3757 loco
2984 3719 3089 3759 non
3122 3706 3332 3769 solum,
3369 3706 3465 3759 sed
3509 3706 3675 3760 etiam
3714 3704 3808 3758 ini-

2212 3779 2290 3827 tio
2333 3781 2493 3827 tract.
2548 3774 2627 3845 il
2661 3781 2717 3827 et
2758 3774 2853 3837 ης
2901 3790 3027 3828 nam
3074 3776 3126 3829 in
3172 3776 3372 3845 quibus
3404 3776 3474 3830 ibi
3508 3778 3717 3839 innuit,
3757 3788 3810 3828 se

2214 3846 2513 3914 explanare
2561 3844 2766 3911 aliquid
2825 3844 3197 3911 promisisse,
3240 3857 3335 3901 aut
3365 3848 3617 3913 proxime
3650 3847 3811 3901 disse-

2216 3919 2417 3979 ruisse,
2475 3929 2580 3969 non
2638 3925 2886 3979 exstant;
2944 3917 3405 3982 quemadmodum
3464 3920 3635 3973 etiam
3689 3914 3811 3970 illud

2216 3986 2358 4056 quod
2390 3986 2465 4039 ait
2493 3986 2672 4041 Serm.
2704 3987 2738 4039 ‘2
2761 4028 2774 4047 ,
2810 4001 2865 4055 p.
2896 3987 3006 4041 242
3039 4005 3051 4040 :
3098 3989 3162 4041 de
3192 3989 3561 4058 prrecinctioue
3624 3987 3813 4042 lumba-

2216 4074 2330 4111 ruut
2360 4060 2651 4126 frequenter
2680 4073 2707 4109 a
2746 4071 2807 4111 se
2846 4059 3006 4112 latius
3057 4059 3254 4112 dictant
3300 4059 3491 4124 fuisse,
3551 4072 3812 4127 nusquam

2217 4127 2475 4183 occurrit.
2514 4127 2643 4181 Item
2677 4143 2841 4182 serm.
2889 4130 2975 4193 15,
3010 4130 3128 4184 hmo
3163 4142 3566 4185 commemorat
3600 4149 3613 4185 :
3649 4129 3815 4184 Disse-

2219 4200 2415 4253 ruimus
2441 4198 2458 4268 (
2468 4208 2521 4251 ut
2540 4199 2865 4275 meministis)
2876 4216 3088 4275 omnem
3117 4210 3311 4275 telrtum
3335 4202 3569 4255 lectionis
3584 4205 3694 4275 ejus
3710 4213 3814 4271 qum

2220 4280 2503 4325 comantem
2534 4270 2775 4340 describit
2797 4272 2848 4323 in
2867 4270 3120 4324 Bethania
3144 4269 3448 4339 Dominum,
3489 4269 3815 4340 expianantes

2221 4341 2533 4393 discubitum
2563 4339 2775 4407 Lazari,
2827 4342 3079 4395 rationem
3128 4340 3248 4408 loci,
3283 4353 3330 4396 et
3360 4345 3626 4411 temporis,
3678 4340 3816 4395 Mar-

2223 4414 2324 4465 tha:
2354 4412 2713 4474 ministerium,
2744 4413 2937 4465 sororis
2966 4414 3079 4480 ejus
3110 4413 3425 4482 obsequium,
3447 4414 3701 4481 unguenti
3729 4412 3818 4464 vir-

2225 4495 2405 4546 tutem,
2464 4483 2815 4563 ratiou‘e‘mque
2870 4484 3322 4563 criniumquibus
3373 4483 3549 4563 Maria
3597 4484 3814 4563 pretioso

2224 4569 2372 4624 mer
2404 4562 2581 4605 unctos
2612 4549 2803 4605 Christi
2834 4555 2975 4606 tersit
3026 4549 3200 4624 pedes.
3234 4556 3439 4609 Cuncta
3472 4549 3817 4623 ha’c'pariter

2227 4625 2277 4678 in
2313 4638 2554 4691 prmsens
2584 4638 2612 4675 a
2646 4624 2801 4678 nobis
2831 4624 3246 4689 desiderantur;
3286 4635 3448 4694 prout
3504 4626 3673 4679 etiam
3704 4638 3817 4692 quas

2227 4703 2388 4749 tract.
2421 4697 2474 4759 8,
2508 4710 2559 4763 p.
2592 4694 2700 4750 9.74
2726 4736 2738 4756 .
2772 4694 3075 4761 explicasse
3115 4695 3319 4750 iudicat
3350 4698 3431 4749 his
3461 4696 3646 4749 verbis
3679 4713 3691 4749 :
3728 4694 3818 4748 His

2226 4766 2483 4820 conterent
2514 4783 2573 4817 ea
2600 4782 2715 4834 qua:
2744 4782 2835 4818 suo
2863 4766 2917 4818 iu
2946 4766 3063 4819 loco
3090 4808 3104 4829 ,
3135 4776 3192 4820 ut
3238 4768 3467 4820 meminit
3497 4766 3704 4819 dilectio
3742 4781 3820 4818 re-

2228 4846 2355 4898 stru,
2386 4836 2679 4895 minutatim
2710 4836 2959 4902 disserui,
2994 4837 3077 4889 ubi
3106 4839 3374 4907 confestim
3408 4836 3658 4891 Dominus
3687 4835 3821 4906 lega-

2228 4916 2308 4961 tos
2331 4907 2573 4979 Gentium
2600 4908 2927 4979 gratulanter
2966 4910 3276 4979 amplectens
3301 4950 3314 4969 ,
3346 4917 3393 4960 et
3418 4910 3473 4961 in
3503 4910 3683 4975 paucis
3712 4922 3819 4959 cre-

2230 4979 2467 5031 dentibus
2498 4978 2653 5044 ﬁdem
2688 4979 2973 5050 prtgvidens
3002 4979 3457 5033 innumerabilium
3495 4981 3818 5050 populorum,

2231 5052 2361 5103 dixit
2383 5051 2643 5121 Apostolis
2687 5064 2704 5101 :
2760 5048 2908 5101 Venit
2942 5052 3071 5121 liora
3100 5059 3154 5101 ut
3183 5048 3505 5121 glorificetur
3532 5048 3707 5103 Filius
3734 5048 3822 5101 Ito-

2232 5122 2404 5173 minis.
2439 5119 2573 5173 Vide
2601 5122 2677 5173 sis
2706 5128 2963 5173 annotata
2993 5119 3057 5173 ad
3093 5119 3238 5174 hunc
3270 5122 3471 5174 locum.

2308 5189 2333 5227 ιι
2367 5191 2455 5246 Sic
2486 5191 2785 5252 editiones;
2829 5205 2959 5244 mss.
2995 5205 3130 5244 vero
3180 5208 3269 5260 per
3296 5193 3469 5258 ipsum
3503 5190 3819 5244 Paracletum

2235 5263 2483 5333 prardicat
2513 5262 2993 5333 consumnutndum.
3016 5260 3148 5317 Urb.
3172 5279 3261 5333 per
3282 5268 3455 5330 ipsum
3485 5261 3818 5333 Paraclitum,

2234 5330 2490 5399 idemque
2519 5333 2692 5387 codex
2724 5332 3042 5402 alihiietiam
3078 5330 3181 5399 pro
3209 5331 3515 5387 Paracletus
3546 5334 3675 5402 legit
3718 5330 3820 5402 Pa-

2234 5404 2473 5467 raclitus;
2504 5403 2599 5457 sed
2633 5414 2811 5456 utrum
2847 5401 3149 5457 Paracletus
3182 5403 3469 5472 legendum
3496 5400 3687 5467 sit,'an
3719 5400 3821 5472 Pa-

2235 5477 2472 5538 raclitus,
2507 5491 2613 5527 non
2645 5475 2777 5527 satis
2805 5483 3018 5527 constat
3053 5477 3192 5529 inter
3220 5471 3488 5529 eruditos.
3543 5475 3733 5529 Exstat
3756 5471 3821 5527 de

2237 5545 2337 5600 hac
2368 5564 2427 5599 re
2460 5549 2609 5599 locus
2651 5544 2948 5615 Haymonis
2974 5587 2989 5609 ,
3036 5544 3492 5600 Halberstatcnsis
3532 5544 3816 5615 episcopi,

2236 5632 2400 5688 super
2432 5616 2726 5686 Evangelia
2758 5616 3110 5688 Dominicalia
3135 5616 3330 5688 dignus
3361 5617 3519 5685 plane
3546 5615 3638 5686 qui
3669 5630 3700 5668 a
3728 5629 3817 5688 no-

2237 5685 2320 5744 bis
2351 5688 2435 5742 hic
2465 5685 2805 5741 describatur
2840 5706 2853 5741 :
2889 5687 3113 5753 Quidam
3133 5685 3345 5741 ercus
3374 5685 3574 5741 veniens
3603 5688 3656 5739 in
3686 5685 3820 5755 pala-

2234 5761 2306 5815 tio
2330 5760 2486 5830 regis,
2516 5775 2631 5812 cum
2653 5760 2907 5829 tegeretur
2934 5756 3069 5812 illud
3099 5757 3459 5829 Evangelium,
3479 5767 3526 5813 et
3547 5758 3815 5825 diceretur,
