  <div class='ocr_page' id='page_1' title='image "/cluster/home/n/w/nwhite01/storage/ocr_20150623/20/hvd.32044096580469/478.png"; bbox 0 0 4096 6192; ppageno 0'>
   <div class='ocr_carea' id='block_1_1' title="bbox 390 326 497 382">
    <p class='ocr_par' dir='ltr' id='par_1_1' title="bbox 390 326 497 382">
     <span class='ocr_line' id='line_1_1' title="bbox 390 326 497 382; baseline 0 -1"><span class='ocrx_word' id='word_1_1' title='bbox 390 326 497 382; x_wconf 78' lang='grc'><strong><em>945</em></strong></span> 
     </span>
    </p>
   </div>
   <div class='ocr_carea' id='block_1_2' title="bbox 1190 334 2912 414">
    <p class='ocr_par' dir='ltr' id='par_1_2' title="bbox 1190 334 2912 414">
     <span class='ocr_line' id='line_1_2' title="bbox 1190 334 2912 414; baseline 0.006 -23"><span class='ocrx_word' id='word_1_2' title='bbox 1190 334 1420 391; x_wconf 81' lang='lat' dir='ltr'><strong>SERMO</strong></span> <span class='ocrx_word' id='word_1_3' title='bbox 1458 336 1604 406; x_wconf 80' lang='lat' dir='ltr'><strong><em>XIV,</em></strong></span> <span class='ocrx_word' id='word_1_4' title='bbox 1647 338 1735 393; x_wconf 89' lang='lat' dir='ltr'><strong><em>DE</em></strong></span> <span class='ocrx_word' id='word_1_5' title='bbox 1775 337 2095 396; x_wconf 82' lang='lat' dir='ltr'><strong><em>DIVERSIS</em></strong></span> <span class='ocrx_word' id='word_1_6' title='bbox 2131 342 2498 402; x_wconf 84' lang='lat' dir='ltr'><strong><em>CAPITULIS</em></strong></span> <span class='ocrx_word' id='word_1_7' title='bbox 2535 347 2912 414; x_wconf 63' lang='lat' dir='ltr'><strong><em>QUARTUSJ,</em></strong></span> 
     </span>
    </p>
   </div>
   <div class='ocr_carea' id='block_1_3' title="bbox 3587 356 3692 410">
    <p class='ocr_par' dir='ltr' id='par_1_3' title="bbox 3587 356 3692 410">
     <span class='ocr_line' id='line_1_3' title="bbox 3587 356 3692 410; baseline 0 0"><span class='ocrx_word' id='word_1_8' title='bbox 3587 356 3692 410; x_wconf 67' lang='grc'><strong><em>966</em></strong></span> 
     </span>
    </p>
   </div>
   <div class='ocr_carea' id='block_1_4' title="bbox 385 423 3694 516">
    <p class='ocr_par' dir='ltr' id='par_1_4' title="bbox 385 423 3694 516">
     <span class='ocr_line' id='line_1_4' title="bbox 385 423 3694 516; baseline 0.007 -36"><span class='ocrx_word' id='word_1_9' title='bbox 385 438 502 480; x_wconf 77' lang='lat' dir='ltr'><strong><em>sum</em></strong></span> <span class='ocrx_word' id='word_1_10' title='bbox 566 423 728 497; x_wconf 70' lang='lat'><strong>323</strong></span> <span class='ocrx_word' id='word_1_11' title='bbox 801 425 938 479; x_wconf 84' lang='lat' dir='ltr'><strong><em>vobis</em></strong></span> <span class='ocrx_word' id='word_1_12' title='bbox 994 427 1138 496; x_wconf 88' lang='lat' dir='ltr'><strong><em>apud</em></strong></span> <span class='ocrx_word' id='word_1_13' title='bbox 1212 445 1300 482; x_wconf 76' lang='lat' dir='ltr'><strong><em>cos</em></strong></span> <span class='ocrx_word' id='word_1_14' title='bbox 1365 446 1599 486; x_wconf 87' lang='lat' dir='ltr'><strong><em>manens.</em></strong></span> <span class='ocrx_word' id='word_1_15' title='bbox 1671 431 1984 487; x_wconf 83' lang='lat' dir='ltr'><strong><em>Paracletus</em></strong></span> <span class='ocrx_word' id='word_1_16' title='bbox 2009 444 2057 502; x_wconf 76' lang='grc' dir='ltr'><strong>Α</strong></span> <span class='ocrx_word' id='word_1_17' title='bbox 2087 435 2180 490; x_wconf 91' lang='lat' dir='ltr'><strong><em>ubi</em></strong></span> <span class='ocrx_word' id='word_1_18' title='bbox 2216 453 2322 492; x_wconf 91' lang='lat' dir='ltr'><strong><em>non</em></strong></span> <span class='ocrx_word' id='word_1_19' title='bbox 2356 437 2520 497; x_wconf 90' lang='lat' dir='ltr'><strong><em>habet</em></strong></span> <span class='ocrx_word' id='word_1_20' title='bbox 2550 441 2654 495; x_wconf 89' lang='lat' dir='ltr'><strong>nisi</strong></span> <span class='ocrx_word' id='word_1_21' title='bbox 2687 441 2802 496; x_wconf 89' lang='lat' dir='ltr'><strong><em>sola</em></strong></span> <span class='ocrx_word' id='word_1_22' title='bbox 2834 457 2990 498; x_wconf 87' lang='lat' dir='ltr'><strong><em>mens</em></strong></span> <span class='ocrx_word' id='word_1_23' title='bbox 3021 442 3197 497; x_wconf 79' lang='lat' dir='ltr'><strong><em>ﬁdelis</em></strong></span> <span class='ocrx_word' id='word_1_24' title='bbox 3227 458 3538 510; x_wconf 90' lang='lat' dir='ltr'><strong><em>accessum,</em></strong></span> <span class='ocrx_word' id='word_1_25' title='bbox 3570 460 3694 516; x_wconf 61' lang='lat' dir='ltr'><strong><em>quae</em></strong></span> 
     </span>
    </p>
   </div>
   <div class='ocr_carea' id='block_1_5' title="bbox 387 520 1982 593">
    <p class='ocr_par' dir='ltr' id='par_1_5' title="bbox 387 520 1982 593">
     <span class='ocr_line' id='line_1_5' title="bbox 387 520 1982 593; baseline 0.006 -20"><span class='ocrx_word' id='word_1_26' title='bbox 387 527 560 573; x_wconf 86' lang='lat' dir='ltr'><strong><em>autem</em></strong></span> <span class='ocrx_word' id='word_1_27' title='bbox 585 521 675 574; x_wconf 89' lang='lat' dir='ltr'><strong><em>ille</em></strong></span> <span class='ocrx_word' id='word_1_28' title='bbox 697 520 928 590; x_wconf 76' lang='lat' dir='ltr'><strong><em>Spiritus</em></strong></span> <span class='ocrx_word' id='word_1_29' title='bbox 956 533 1166 576; x_wconf 86' lang='lat' dir='ltr'><strong><em>sanctus</em></strong></span> <span class='ocrx_word' id='word_1_30' title='bbox 1187 541 1339 593; x_wconf 83' lang='lat' dir='ltr'><strong><em>quem</em></strong></span> <span class='ocrx_word' id='word_1_31' title='bbox 1377 527 1542 580; x_wconf 86' lang='lat' dir='ltr'><strong><em>mittet</em></strong></span> <span class='ocrx_word' id='word_1_32' title='bbox 1568 526 1728 581; x_wconf 88' lang='lat' dir='ltr'><strong><em>Pater</em></strong></span> <span class='ocrx_word' id='word_1_33' title='bbox 1753 544 1898 583; x_wconf 86' lang='lat' dir='ltr'><strong><em>mens</em></strong></span> <span class='ocrx_word' id='word_1_34' title='bbox 1928 529 1982 582; x_wconf 89' lang='lat' dir='ltr'><strong><em>in</em></strong></span> 
     </span>
    </p>
   </div>
   <div class='ocr_carea' id='block_1_6' title="bbox 388 613 1978 688">
    <p class='ocr_par' dir='ltr' id='par_1_6' title="bbox 388 613 1978 688">
     <span class='ocr_line' id='line_1_6' title="bbox 388 613 1978 688; baseline 0.008 -23"><span class='ocrx_word' id='word_1_35' title='bbox 388 613 598 667; x_wconf 80' lang='lat' dir='ltr'><strong><em>nomine</em></strong></span> <span class='ocrx_word' id='word_1_36' title='bbox 625 629 736 667; x_wconf 91' lang='lat' dir='ltr'><strong><em>meo</em></strong></span> <span class='ocrx_word' id='word_1_37' title='bbox 753 655 766 680; x_wconf 98' lang='lat'><strong><em>,</em></strong></span> <span class='ocrx_word' id='word_1_38' title='bbox 800 613 890 668; x_wconf 89' lang='lat' dir='ltr'><strong><em>ille</em></strong></span> <span class='ocrx_word' id='word_1_39' title='bbox 911 631 996 670; x_wconf 78' lang='lat' dir='ltr'><strong><em>vos</em></strong></span> <span class='ocrx_word' id='word_1_40' title='bbox 1019 617 1219 671; x_wconf 90' lang='lat' dir='ltr'><strong><em>docebit</em></strong></span> <span class='ocrx_word' id='word_1_41' title='bbox 1247 619 1422 672; x_wconf 88' lang='lat' dir='ltr'><strong><em>omnia</em></strong></span> <span class='ocrx_word' id='word_1_42' title='bbox 1445 664 1462 688; x_wconf 80' lang='lat'><strong><em>,</em></strong></span> <span class='ocrx_word' id='word_1_43' title='bbox 1496 630 1545 674; x_wconf 89' lang='lat' dir='ltr'><strong><em>et</em></strong></span> <span class='ocrx_word' id='word_1_44' title='bbox 1566 621 1863 676; x_wconf 77' lang='lat' dir='ltr'><strong><em>admonebit</em></strong></span> <span class='ocrx_word' id='word_1_45' title='bbox 1887 637 1978 677; x_wconf 88' lang='lat' dir='ltr'><strong><em>vos</em></strong></span> 
     </span>
    </p>
   </div>
   <div class='ocr_carea' id='block_1_7' title="bbox 388 705 1982 784">
    <p class='ocr_par' dir='ltr' id='par_1_7' title="bbox 388 705 1982 784">
     <span class='ocr_line' id='line_1_7' title="bbox 388 705 1982 784; baseline 0.008 -26"><span class='ocrx_word' id='word_1_46' title='bbox 388 705 562 758; x_wconf 86' lang='lat' dir='ltr'><strong><em>omnia</em></strong></span> <span class='ocrx_word' id='word_1_47' title='bbox 583 721 697 772; x_wconf 76' lang='lat' dir='ltr'><strong><em>qua:</em></strong></span> <span class='ocrx_word' id='word_1_48' title='bbox 725 722 816 776; x_wconf 86' lang='lat' dir='ltr'><strong><em>ego</em></strong></span> <span class='ocrx_word' id='word_1_49' title='bbox 848 707 959 762; x_wconf 72' lang='lat' dir='ltr'><strong><em>dixi</em></strong></span> <span class='ocrx_word' id='word_1_50' title='bbox 999 710 1138 763; x_wconf 71' lang='lat' dir='ltr'><strong><em>vobis</em></strong></span> <span class='ocrx_word' id='word_1_51' title='bbox 1188 709 1364 782; x_wconf 89' lang='lat' dir='ltr'><strong><em>(Joan.</em></strong></span> <span class='ocrx_word' id='word_1_52' title='bbox 1407 728 1497 768; x_wconf 79' lang='lat' dir='ltr'><strong><em>xw</em></strong></span> <span class='ocrx_word' id='word_1_53' title='bbox 1520 756 1534 779; x_wconf 94' lang='lat'><strong><em>,</em></strong></span> <span class='ocrx_word' id='word_1_54' title='bbox 1568 711 1684 784; x_wconf 76' lang='grc'>25).</span> <span class='ocrx_word' id='word_1_55' title='bbox 1715 715 1982 771; x_wconf 74' lang='lat' dir='ltr'><strong><em>Przenun-</em></strong></span> 
     </span>
    </p>
   </div>
   <div class='ocr_carea' id='block_1_8' title="bbox 387 793 1985 878">
    <p class='ocr_par' dir='ltr' id='par_1_8' title="bbox 387 793 1985 878">
     <span class='ocr_line' id='line_1_8' title="bbox 387 793 1985 878; baseline 0.008 -29"><span class='ocrx_word' id='word_1_56' title='bbox 387 793 530 850; x_wconf 87' lang='lat' dir='ltr'><strong><em>tiare</em></strong></span> <span class='ocrx_word' id='word_1_57' title='bbox 571 796 794 866; x_wconf 86' lang='lat' dir='ltr'><strong><em>quidem</em></strong></span> <span class='ocrx_word' id='word_1_58' title='bbox 850 799 1025 854; x_wconf 91' lang='lat' dir='ltr'><strong><em>beatis</em></strong></span> <span class='ocrx_word' id='word_1_59' title='bbox 1072 804 1356 870; x_wconf 81' lang='lat' dir='ltr'><strong><em>Apostolis</em></strong></span> <span class='ocrx_word' id='word_1_60' title='bbox 1387 805 1612 875; x_wconf 89' lang='lat' dir='ltr'><strong><em>eloquio</em></strong></span> <span class='ocrx_word' id='word_1_61' title='bbox 1648 807 1754 861; x_wconf 81' lang='lat' dir='ltr'><strong><em>isto</em></strong></span> <span class='ocrx_word' id='word_1_62' title='bbox 1796 807 1985 878; x_wconf 80' lang='lat' dir='ltr'><strong><em>digna-</em></strong></span> 
     </span>
    </p>
   </div>
   <div class='ocr_carea' id='block_1_9' title="bbox 389 896 1981 964">
    <p class='ocr_par' dir='ltr' id='par_1_9' title="bbox 389 896 1981 964">
     <span class='ocr_line' id='line_1_9' title="bbox 389 896 1981 964; baseline 0.008 -20"><span class='ocrx_word' id='word_1_63' title='bbox 389 896 474 944; x_wconf 91' lang='lat' dir='ltr'><strong><em>tus</em></strong></span> <span class='ocrx_word' id='word_1_64' title='bbox 524 900 606 944; x_wconf 91' lang='lat' dir='ltr'><strong><em>est</em></strong></span> <span class='ocrx_word' id='word_1_65' title='bbox 647 899 703 946; x_wconf 90' lang='lat' dir='ltr'><strong><em>et</em></strong></span> <span class='ocrx_word' id='word_1_66' title='bbox 734 906 894 947; x_wconf 91' lang='lat' dir='ltr'><strong><em>suum</em></strong></span> <span class='ocrx_word' id='word_1_67' title='bbox 941 904 1065 964; x_wconf 91' lang='lat' dir='ltr'><strong><em>post</em></strong></span> <span class='ocrx_word' id='word_1_68' title='bbox 1097 897 1509 954; x_wconf 75' lang='lat' dir='ltr'><strong><em>incumbentem</em></strong></span> <span class='ocrx_word' id='word_1_69' title='bbox 1560 901 1876 956; x_wconf 87' lang='lat' dir='ltr'><strong><em>Passionem</em></strong></span> <span class='ocrx_word' id='word_1_70' title='bbox 1913 902 1981 957; x_wconf 91' lang='lat' dir='ltr'><strong><em>ad</em></strong></span> 
     </span>
    </p>
   </div>
   <div class='ocr_carea' id='block_1_10' title="bbox 385 980 1983 1063">
    <p class='ocr_par' dir='ltr' id='par_1_10' title="bbox 385 980 1983 1063">
     <span class='ocr_line' id='line_1_10' title="bbox 385 980 1983 1063; baseline 0.011 -29"><span class='ocrx_word' id='word_1_71' title='bbox 385 980 559 1036; x_wconf 85' lang='lat' dir='ltr'><strong><em>caelos</em></strong></span> <span class='ocrx_word' id='word_1_72' title='bbox 609 998 926 1052; x_wconf 82' lang='lat' dir='ltr'><strong><em>regressum</em></strong></span> <span class='ocrx_word' id='word_1_73' title='bbox 949 1027 962 1050; x_wconf 88' lang='lat'><strong><em>,</em></strong></span> <span class='ocrx_word' id='word_1_74' title='bbox 997 995 1056 1041; x_wconf 89' lang='lat' dir='ltr'><strong><em>et</em></strong></span> <span class='ocrx_word' id='word_1_75' title='bbox 1095 990 1270 1044; x_wconf 77' lang='lat' dir='ltr'><strong><em>sancti</em></strong></span> <span class='ocrx_word' id='word_1_76' title='bbox 1302 989 1544 1059; x_wconf 83' lang='lat' dir='ltr'><strong><em>Spiritus</em></strong></span> <span class='ocrx_word' id='word_1_77' title='bbox 1575 1007 1738 1063; x_wconf 83' lang='lat' dir='ltr'><strong>super</strong></span> <span class='ocrx_word' id='word_1_78' title='bbox 1779 1010 1878 1049; x_wconf 91' lang='lat' dir='ltr'><strong><em>eos</em></strong></span> <span class='ocrx_word' id='word_1_79' title='bbox 1913 995 1983 1051; x_wconf 90' lang='lat' dir='ltr'><strong><em>de</em></strong></span> 
     </span>
    </p>
   </div>
   <div class='ocr_carea' id='block_1_11' title="bbox 385 1072 1981 1140">
    <p class='ocr_par' dir='ltr' id='par_1_11' title="bbox 385 1072 1981 1140">
     <span class='ocr_line' id='line_1_11' title="bbox 385 1072 1981 1140; baseline 0.008 -13"><span class='ocrx_word' id='word_1_80' title='bbox 385 1072 542 1128; x_wconf 70' lang='lat' dir='ltr'><strong><em>cmlis</em></strong></span> <span class='ocrx_word' id='word_1_81' title='bbox 589 1075 883 1131; x_wconf 84' lang='lat' dir='ltr'><strong><em>adventum</em></strong></span> <span class='ocrx_word' id='word_1_82' title='bbox 910 1118 924 1139; x_wconf 89' lang='lat'><strong><em>,</em></strong></span> <span class='ocrx_word' id='word_1_83' title='bbox 957 1092 1078 1133; x_wconf 91' lang='lat' dir='ltr'><strong><em>cum</em></strong></span> <span class='ocrx_word' id='word_1_84' title='bbox 1111 1079 1244 1135; x_wconf 89' lang='lat' dir='ltr'><strong><em>dicit</em></strong></span> <span class='ocrx_word' id='word_1_85' title='bbox 1278 1099 1290 1134; x_wconf 89' lang='lat'>:</span> <span class='ocrx_word' id='word_1_86' title='bbox 1342 1081 1474 1137; x_wconf 66' lang='lat' dir='ltr'><strong><em>Haec</em></strong></span> <span class='ocrx_word' id='word_1_87' title='bbox 1504 1082 1719 1139; x_wconf 88' lang='lat' dir='ltr'><strong><em>locutus</em></strong></span> <span class='ocrx_word' id='word_1_88' title='bbox 1747 1102 1862 1140; x_wconf 87' lang='lat' dir='ltr'><strong><em>sum</em></strong></span> <span class='ocrx_word' id='word_1_89' title='bbox 1889 1103 1981 1139; x_wconf 84' lang='lat' dir='ltr'><strong><em>vo-</em></strong></span> 
     </span>
    </p>
   </div>
   <div class='ocr_carea' id='block_1_12' title="bbox 385 1166 1982 1247">
    <p class='ocr_par' dir='ltr' id='par_1_12' title="bbox 385 1166 1982 1247">
     <span class='ocr_line' id='line_1_12' title="bbox 385 1166 1982 1247; baseline 0.008 -25"><span class='ocrx_word' id='word_1_90' title='bbox 385 1166 460 1222; x_wconf 91' lang='lat' dir='ltr'><strong><em>bis</em></strong></span> <span class='ocrx_word' id='word_1_91' title='bbox 486 1169 632 1235; x_wconf 90' lang='lat' dir='ltr'><strong><em>apud</em></strong></span> <span class='ocrx_word' id='word_1_92' title='bbox 672 1186 762 1224; x_wconf 86' lang='lat' dir='ltr'><strong><em>vos</em></strong></span> <span class='ocrx_word' id='word_1_93' title='bbox 800 1187 1033 1228; x_wconf 88' lang='lat' dir='ltr'><strong><em>manens.</em></strong></span> <span class='ocrx_word' id='word_1_94' title='bbox 1072 1173 1382 1230; x_wconf 86' lang='lat' dir='ltr'><strong><em>Paracletus</em></strong></span> <span class='ocrx_word' id='word_1_95' title='bbox 1412 1186 1582 1231; x_wconf 86' lang='lat' dir='ltr'><strong><em>autem</em></strong></span> <span class='ocrx_word' id='word_1_96' title='bbox 1612 1178 1703 1232; x_wconf 88' lang='lat' dir='ltr'><strong><em>ille</em></strong></span> <span class='ocrx_word' id='word_1_97' title='bbox 1751 1180 1982 1247; x_wconf 79' lang='lat' dir='ltr'><strong><em>Spiritus</em></strong></span> 
     </span>
    </p>
   </div>
   <div class='ocr_carea' id='block_1_13' title="bbox 385 1263 1981 1342">
    <p class='ocr_par' dir='ltr' id='par_1_13' title="bbox 385 1263 1981 1342">
     <span class='ocr_line' id='line_1_13' title="bbox 385 1263 1981 1342; baseline 0.01 -30"><span class='ocrx_word' id='word_1_98' title='bbox 385 1268 600 1314; x_wconf 84' lang='lat' dir='ltr'><strong><em>sanctus</em></strong></span> <span class='ocrx_word' id='word_1_99' title='bbox 628 1278 778 1333; x_wconf 85' lang='lat' dir='ltr'><strong><em>quem</em></strong></span> <span class='ocrx_word' id='word_1_100' title='bbox 807 1264 972 1319; x_wconf 84' lang='lat' dir='ltr'><strong><em>mittet</em></strong></span> <span class='ocrx_word' id='word_1_101' title='bbox 1003 1263 1166 1319; x_wconf 89' lang='lat' dir='ltr'><strong><em>Pater</em></strong></span> <span class='ocrx_word' id='word_1_102' title='bbox 1195 1283 1362 1322; x_wconf 85' lang='lat' dir='ltr'><strong><em>meus.</em></strong></span> <span class='ocrx_word' id='word_1_103' title='bbox 1393 1269 1500 1325; x_wconf 91' lang='lat' dir='ltr'><strong><em>Sed</em></strong></span> <span class='ocrx_word' id='word_1_104' title='bbox 1533 1286 1713 1342; x_wconf 91' lang='lat' dir='ltr'><strong><em>neque</em></strong></span> <span class='ocrx_word' id='word_1_105' title='bbox 1744 1273 1981 1341; x_wconf 81' lang='lat' dir='ltr'><strong><em>Spiritus</em></strong></span> 
     </span>
    </p>
   </div>
   <div class='ocr_carea' id='block_1_14' title="bbox 385 1354 1977 1430">
    <p class='ocr_par' dir='ltr' id='par_1_14' title="bbox 385 1354 1977 1430">
     <span class='ocr_line' id='line_1_14' title="bbox 385 1354 1977 1430; baseline 0.009 -26"><span class='ocrx_word' id='word_1_106' title='bbox 385 1360 608 1409; x_wconf 87' lang='lat' dir='ltr'><strong><em>sanctus</em></strong></span> <span class='ocrx_word' id='word_1_107' title='bbox 639 1354 694 1408; x_wconf 91' lang='lat' dir='ltr'><strong><em>in</em></strong></span> <span class='ocrx_word' id='word_1_108' title='bbox 723 1355 867 1410; x_wconf 69' lang='lat' dir='ltr'><strong><em>caelo</em></strong></span> <span class='ocrx_word' id='word_1_109' title='bbox 894 1365 1016 1411; x_wconf 89' lang='lat' dir='ltr'><strong><em>erat</em></strong></span> <span class='ocrx_word' id='word_1_110' title='bbox 1061 1357 1271 1427; x_wconf 82' lang='lat' dir='ltr'><strong><em>solum,</em></strong></span> <span class='ocrx_word' id='word_1_111' title='bbox 1308 1373 1359 1416; x_wconf 90' lang='lat' dir='ltr'><strong><em>et</em></strong></span> <span class='ocrx_word' id='word_1_112' title='bbox 1395 1362 1447 1415; x_wconf 91' lang='lat' dir='ltr'><strong><em>in</em></strong></span> <span class='ocrx_word' id='word_1_113' title='bbox 1495 1372 1640 1418; x_wconf 89' lang='lat' dir='ltr'><strong><em>terra</em></strong></span> <span class='ocrx_word' id='word_1_114' title='bbox 1673 1380 1780 1418; x_wconf 90' lang='lat' dir='ltr'><strong><em>non</em></strong></span> <span class='ocrx_word' id='word_1_115' title='bbox 1818 1374 1977 1430; x_wconf 88' lang='lat' dir='ltr'><strong><em>erat;</em></strong></span> 
     </span>
    </p>
   </div>
   <div class='ocr_carea' id='block_1_15' title="bbox 389 1445 1979 1522">
    <p class='ocr_par' dir='ltr' id='par_1_15' title="bbox 389 1445 1979 1522">
     <span class='ocr_line' id='line_1_15' title="bbox 389 1445 1979 1522; baseline 0.009 -23"><span class='ocrx_word' id='word_1_116' title='bbox 389 1460 567 1516; x_wconf 89' lang='lat' dir='ltr'><strong><em>neque</em></strong></span> <span class='ocrx_word' id='word_1_117' title='bbox 610 1445 780 1502; x_wconf 85' lang='lat' dir='ltr'><strong><em>Filius</em></strong></span> <span class='ocrx_word' id='word_1_118' title='bbox 812 1452 887 1504; x_wconf 89' lang='lat' dir='ltr'><strong><em>ita</em></strong></span> <span class='ocrx_word' id='word_1_119' title='bbox 929 1450 1098 1506; x_wconf 78' lang='lat' dir='ltr'><strong><em>caelos</em></strong></span> <span class='ocrx_word' id='word_1_120' title='bbox 1129 1467 1459 1510; x_wconf 86' lang='lat' dir='ltr'><strong><em>ascensurus</em></strong></span> <span class='ocrx_word' id='word_1_121' title='bbox 1501 1466 1655 1522; x_wconf 86' lang='lat' dir='ltr'><strong><em>erat,</em></strong></span> <span class='ocrx_word' id='word_1_122' title='bbox 1686 1467 1746 1512; x_wconf 88' lang='lat' dir='ltr'><strong><em>ut</em></strong></span> <span class='ocrx_word' id='word_1_123' title='bbox 1799 1467 1979 1514; x_wconf 90' lang='lat' dir='ltr'><strong><em>terras</em></strong></span> 
     </span>
    </p>
   </div>
   <div class='ocr_carea' id='block_1_16' title="bbox 382 1537 1981 1614">
    <p class='ocr_par' dir='ltr' id='par_1_16' title="bbox 382 1537 1981 1614">
     <span class='ocr_line' id='line_1_16' title="bbox 382 1537 1981 1614; baseline 0.008 -21"><span class='ocrx_word' id='word_1_124' title='bbox 382 1539 755 1611; x_wconf 88' lang='lat' dir='ltr'><strong><em>relinqueret;</em></strong></span> <span class='ocrx_word' id='word_1_125' title='bbox 806 1537 999 1614; x_wconf 86' lang='lat' dir='ltr'><strong><em>neque</em></strong></span> <span class='ocrx_word' id='word_1_126' title='bbox 1034 1543 1198 1599; x_wconf 88' lang='lat' dir='ltr'><strong><em>Pater</em></strong></span> <span class='ocrx_word' id='word_1_127' title='bbox 1227 1555 1440 1601; x_wconf 88' lang='lat' dir='ltr'><strong><em>tantum</em></strong></span> <span class='ocrx_word' id='word_1_128' title='bbox 1491 1549 1774 1604; x_wconf 65' lang='lat' dir='ltr'><strong><em>caelestem</em></strong></span> <span class='ocrx_word' id='word_1_129' title='bbox 1828 1549 1981 1604; x_wconf 89' lang='lat' dir='ltr'><strong><em>thro-</em></strong></span> 
     </span>
    </p>
   </div>
   <div class='ocr_carea' id='block_1_17' title="bbox 383 1633 1982 1708">
    <p class='ocr_par' dir='ltr' id='par_1_17' title="bbox 383 1633 1982 1708">
     <span class='ocr_line' id='line_1_17' title="bbox 383 1633 1982 1708; baseline 0.007 -21"><span class='ocrx_word' id='word_1_130' title='bbox 383 1647 514 1687; x_wconf 93' lang='lat' dir='ltr'><strong><em>num</em></strong></span> <span class='ocrx_word' id='word_1_131' title='bbox 547 1633 823 1701; x_wconf 80' lang='lat' dir='ltr'><strong><em>possidet,</em></strong></span> <span class='ocrx_word' id='word_1_132' title='bbox 864 1636 954 1690; x_wconf 90' lang='lat' dir='ltr'><strong><em>ubi</em></strong></span> <span class='ocrx_word' id='word_1_133' title='bbox 985 1651 1235 1693; x_wconf 90' lang='lat' dir='ltr'><strong><em>remeare</em></strong></span> <span class='ocrx_word' id='word_1_134' title='bbox 1267 1638 1441 1694; x_wconf 89' lang='lat' dir='ltr'><strong><em>Filius</em></strong></span> <span class='ocrx_word' id='word_1_135' title='bbox 1461 1685 1475 1708; x_wconf 93' lang='lat'><strong><em>,</em></strong></span> <span class='ocrx_word' id='word_1_136' title='bbox 1503 1651 1560 1696; x_wconf 87' lang='lat' dir='ltr'><strong><em>et</em></strong></span> <span class='ocrx_word' id='word_1_137' title='bbox 1589 1645 1614 1672; x_wconf 69' lang='grc' dir='ltr'><strong>θ</strong></span> <span class='ocrx_word' id='word_1_138' title='bbox 1645 1643 1791 1696; x_wconf 91' lang='lat' dir='ltr'><strong><em>unde</em></strong></span> <span class='ocrx_word' id='word_1_139' title='bbox 1820 1658 1982 1698; x_wconf 88' lang='lat' dir='ltr'><strong><em>sanc-</em></strong></span> 
     </span>
    </p>
   </div>
   <div class='ocr_carea' id='block_1_18' title="bbox 385 1725 1978 1804">
    <p class='ocr_par' dir='ltr' id='par_1_18' title="bbox 385 1725 1978 1804">
     <span class='ocr_line' id='line_1_18' title="bbox 385 1725 1978 1804; baseline 0.009 -27"><span class='ocrx_word' id='word_1_140' title='bbox 385 1733 474 1778; x_wconf 89' lang='lat' dir='ltr'><strong><em>tus</em></strong></span> <span class='ocrx_word' id='word_1_141' title='bbox 505 1726 693 1780; x_wconf 88' lang='lat' dir='ltr'><strong><em>venire</em></strong></span> <span class='ocrx_word' id='word_1_142' title='bbox 747 1725 985 1796; x_wconf 87' lang='lat' dir='ltr'><strong>Spiritus</strong></span> <span class='ocrx_word' id='word_1_143' title='bbox 1018 1729 1362 1798; x_wconf 87' lang='lat' dir='ltr'><strong><em>perhibetur.</em></strong></span> <span class='ocrx_word' id='word_1_144' title='bbox 1387 1731 1520 1787; x_wconf 86' lang='lat' dir='ltr'><strong><em>Nam</em></strong></span> <span class='ocrx_word' id='word_1_145' title='bbox 1553 1734 1817 1804; x_wconf 80' lang='lat' dir='ltr'><strong>propheta</strong></span> <span class='ocrx_word' id='word_1_146' title='bbox 1853 1737 1978 1791; x_wconf 89' lang='lat' dir='ltr'><strong><em>bea-</em></strong></span> 
     </span>
    </p>
   </div>
   <div class='ocr_carea' id='block_1_19' title="bbox 2089 529 3692 606">
    <p class='ocr_par' dir='ltr' id='par_1_19' title="bbox 2089 529 3692 606">
     <span class='ocr_line' id='line_1_19' title="bbox 2089 529 3692 606; baseline 0.005 -23"><span class='ocrx_word' id='word_1_147' title='bbox 2089 529 2378 585; x_wconf 79' lang='lat' dir='ltr'><strong><em>adorandae</em></strong></span> <span class='ocrx_word' id='word_1_148' title='bbox 2411 531 2696 588; x_wconf 86' lang='lat' dir='ltr'><strong><em>Trinitatis</em></strong></span> <span class='ocrx_word' id='word_1_149' title='bbox 2727 536 2990 590; x_wconf 86' lang='lat' dir='ltr'><strong><em>unitatem</em></strong></span> <span class='ocrx_word' id='word_1_150' title='bbox 3023 537 3193 591; x_wconf 88' lang='lat' dir='ltr'><strong><em>sentit</em></strong></span> <span class='ocrx_word' id='word_1_151' title='bbox 3221 537 3469 606; x_wconf 79' lang='lat' dir='ltr'><strong><em>,‘credit.</em></strong></span> <span class='ocrx_word' id='word_1_152' title='bbox 3514 539 3692 593; x_wconf 86' lang='lat' dir='ltr'><strong><em>conli-</em></strong></span> 
     </span>
    </p>
   </div>
   <div class='ocr_carea' id='block_1_20' title="bbox 2087 626 3690 701">
    <p class='ocr_par' dir='ltr' id='par_1_20' title="bbox 2087 626 3690 701">
     <span class='ocr_line' id='line_1_20' title="bbox 2087 626 3690 701; baseline 0.007 -26"><span class='ocrx_word' id='word_1_153' title='bbox 2087 630 2262 687; x_wconf 88' lang='lat' dir='ltr'><strong><em>tetur,</em></strong></span> <span class='ocrx_word' id='word_1_154' title='bbox 2298 639 2362 678; x_wconf 89' lang='lat' dir='ltr'><strong><em>ac</em></strong></span> <span class='ocrx_word' id='word_1_155' title='bbox 2413 626 2712 694; x_wconf 70' lang='lat' dir='ltr'><strong><em>praedicat;</em></strong></span> <span class='ocrx_word' id='word_1_156' title='bbox 2773 635 2827 681; x_wconf 91' lang='lat' dir='ltr'><strong><em>et</em></strong></span> <span class='ocrx_word' id='word_1_157' title='bbox 2855 629 3111 696; x_wconf 89' lang='lat' dir='ltr'><strong><em>quoniam</em></strong></span> <span class='ocrx_word' id='word_1_158' title='bbox 3153 629 3321 701; x_wconf 80' lang='lat' dir='ltr'><strong>digne</strong></span> <span class='ocrx_word' id='word_1_159' title='bbox 3377 632 3690 699; x_wconf 83' lang='lat' dir='ltr'><strong>exprimere</strong></span> 
     </span>
    </p>
   </div>
   <div class='ocr_carea' id='block_1_21' title="bbox 2088 719 3692 794">
    <p class='ocr_par' dir='ltr' id='par_1_21' title="bbox 2088 719 3692 794">
     <span class='ocr_line' id='line_1_21' title="bbox 2088 719 3692 794; baseline 0.008 -27"><span class='ocrx_word' id='word_1_160' title='bbox 2088 729 2195 768; x_wconf 90' lang='lat' dir='ltr'><strong><em>non</em></strong></span> <span class='ocrx_word' id='word_1_161' title='bbox 2230 725 2452 785; x_wconf 86' lang='lat' dir='ltr'><strong><em>potest,</em></strong></span> <span class='ocrx_word' id='word_1_162' title='bbox 2490 719 2542 770; x_wconf 91' lang='lat' dir='ltr'><strong><em>in</em></strong></span> <span class='ocrx_word' id='word_1_163' title='bbox 2576 734 2644 772; x_wconf 87' lang='lat' dir='ltr'><strong><em>eo</em></strong></span> <span class='ocrx_word' id='word_1_164' title='bbox 2678 719 2763 774; x_wconf 86' lang='lat' dir='ltr'><strong><em>vel</em></strong></span> <span class='ocrx_word' id='word_1_165' title='bbox 2816 721 3060 776; x_wconf 82' lang='lat' dir='ltr'><strong>maxime</strong></span> <span class='ocrx_word' id='word_1_166' title='bbox 3087 721 3373 791; x_wconf 76' lang='lat' dir='ltr'><strong><em>gloriatur.</em></strong></span> <span class='ocrx_word' id='word_1_167' title='bbox 3413 723 3529 790; x_wconf 82' lang='lat' dir='ltr'><strong><em>Quo</em></strong></span> <span class='ocrx_word' id='word_1_168' title='bbox 3557 739 3692 794; x_wconf 76' lang='lat' dir='ltr'><strong><em>ergo</em></strong></span> 
     </span>
    </p>
   </div>
   <div class='ocr_carea' id='block_1_22' title="bbox 2085 806 3693 886">
    <p class='ocr_par' dir='ltr' id='par_1_22' title="bbox 2085 806 3693 886">
     <span class='ocr_line' id='line_1_22' title="bbox 2085 806 3693 886; baseline 0.006 -27"><span class='ocrx_word' id='word_1_169' title='bbox 2085 806 2168 859; x_wconf 87' lang='lat' dir='ltr'><strong><em>ibo</em></strong></span> <span class='ocrx_word' id='word_1_170' title='bbox 2187 851 2201 874; x_wconf 93' lang='lat'><strong><em>,</em></strong></span> <span class='ocrx_word' id='word_1_171' title='bbox 2235 807 2412 877; x_wconf 84' lang='lat' dir='ltr'><strong><em>inquit</em></strong></span> <span class='ocrx_word' id='word_1_172' title='bbox 2439 852 2454 875; x_wconf 91' lang='lat'><strong><em>,</em></strong></span> <span class='ocrx_word' id='word_1_173' title='bbox 2487 827 2520 864; x_wconf 93' lang='lat' dir='ltr'><strong><em>a</em></strong></span> <span class='ocrx_word' id='word_1_174' title='bbox 2552 810 2760 882; x_wconf 84' lang='lat' dir='ltr'><strong><em>Spiritu</em></strong></span> <span class='ocrx_word' id='word_1_175' title='bbox 2790 815 2923 866; x_wconf 88' lang='lat' dir='ltr'><strong><em>tuo?</em></strong></span> <span class='ocrx_word' id='word_1_176' title='bbox 2949 823 2994 866; x_wconf 86' lang='lat' dir='ltr'><strong><em>et</em></strong></span> <span class='ocrx_word' id='word_1_177' title='bbox 3021 830 3052 866; x_wconf 93' lang='lat' dir='ltr'><strong><em>a</em></strong></span> <span class='ocrx_word' id='word_1_178' title='bbox 3082 814 3218 883; x_wconf 80' lang='lat' dir='ltr'><strong><em>facie</em></strong></span> <span class='ocrx_word' id='word_1_179' title='bbox 3243 825 3330 868; x_wconf 90' lang='lat' dir='ltr'><strong><em>tua</em></strong></span> <span class='ocrx_word' id='word_1_180' title='bbox 3349 831 3451 886; x_wconf 87' lang='lat' dir='ltr'><strong><em>quo</em></strong></span> <span class='ocrx_word' id='word_1_181' title='bbox 3475 817 3693 870; x_wconf 77' lang='lat' dir='ltr'><strong><em>cadam?</em></strong></span> 
     </span>
    </p>
   </div>
   <div class='ocr_carea' id='block_1_23' title="bbox 2087 900 3690 970">
    <p class='ocr_par' dir='ltr' id='par_1_23' title="bbox 2087 900 3690 970">
     <span class='ocr_line' id='line_1_23' title="bbox 2087 900 3690 970; baseline 0.006 -16"><span class='ocrx_word' id='word_1_182' title='bbox 2087 900 2150 954; x_wconf 89' lang='lat' dir='ltr'><strong><em>Si</em></strong></span> <span class='ocrx_word' id='word_1_183' title='bbox 2179 903 2463 957; x_wconf 88' lang='lat' dir='ltr'><strong><em>ascendero</em></strong></span> <span class='ocrx_word' id='word_1_184' title='bbox 2496 904 2550 956; x_wconf 90' lang='lat' dir='ltr'><strong><em>in</em></strong></span> <span class='ocrx_word' id='word_1_185' title='bbox 2596 903 2781 958; x_wconf 77' lang='lat' dir='ltr'><strong><em>cretum</em></strong></span> <span class='ocrx_word' id='word_1_186' title='bbox 2810 947 2824 970; x_wconf 95' lang='lat'><strong><em>,</em></strong></span> <span class='ocrx_word' id='word_1_187' title='bbox 2869 916 2924 960; x_wconf 92' lang='lat' dir='ltr'><strong><em>tu</em></strong></span> <span class='ocrx_word' id='word_1_188' title='bbox 2950 907 3063 961; x_wconf 87' lang='lat' dir='ltr'><strong><em>illic</em></strong></span> <span class='ocrx_word' id='word_1_189' title='bbox 3095 923 3150 962; x_wconf 89' lang='lat' dir='ltr'><strong><em>es</em></strong></span> <span class='ocrx_word' id='word_1_190' title='bbox 3171 925 3190 962; x_wconf 88' lang='lat'><strong><em>:</em></strong></span> <span class='ocrx_word' id='word_1_191' title='bbox 3219 909 3263 961; x_wconf 89' lang='lat' dir='ltr'><strong><em>si</em></strong></span> <span class='ocrx_word' id='word_1_192' title='bbox 3293 908 3608 964; x_wconf 86' lang='lat' dir='ltr'><strong><em>descendero</em></strong></span> <span class='ocrx_word' id='word_1_193' title='bbox 3632 910 3690 963; x_wconf 86' lang='lat' dir='ltr'><strong><em>in</em></strong></span> 
     </span>
    </p>
   </div>
   <div class='ocr_carea' id='block_1_24' title="bbox 2081 992 3690 1071">
    <p class='ocr_par' dir='ltr' id='par_1_24' title="bbox 2081 992 3690 1071">
     <span class='ocr_line' id='line_1_24' title="bbox 2081 992 3690 1071; baseline 0.007 -26"><span class='ocrx_word' id='word_1_194' title='bbox 2081 992 2344 1062; x_wconf 78' lang='lat' dir='ltr'><strong><em>infernum</em></strong></span> <span class='ocrx_word' id='word_1_195' title='bbox 2369 1034 2383 1057; x_wconf 93' lang='lat'><strong><em>,</em></strong></span> <span class='ocrx_word' id='word_1_196' title='bbox 2443 996 2567 1049; x_wconf 84' lang='lat' dir='ltr'><strong><em>ades</em></strong></span> <span class='ocrx_word' id='word_1_197' title='bbox 2591 1012 2610 1050; x_wconf 83' lang='lat'><strong><em>.&#39;</em></strong></span> <span class='ocrx_word' id='word_1_198' title='bbox 2641 997 2686 1050; x_wconf 88' lang='lat' dir='ltr'><strong><em>si</em></strong></span> <span class='ocrx_word' id='word_1_199' title='bbox 2712 1013 2978 1070; x_wconf 76' lang='lat' dir='ltr'><strong><em>sumpsero</em></strong></span> <span class='ocrx_word' id='word_1_200' title='bbox 3026 1017 3225 1071; x_wconf 85' lang='lat' dir='ltr'><strong><em>pennas</em></strong></span> <span class='ocrx_word' id='word_1_201' title='bbox 3273 1017 3414 1054; x_wconf 86' lang='lat' dir='ltr'><strong><em>meas</em></strong></span> <span class='ocrx_word' id='word_1_202' title='bbox 3441 1003 3495 1055; x_wconf 91' lang='lat' dir='ltr'><strong><em>in</em></strong></span> <span class='ocrx_word' id='word_1_203' title='bbox 3522 1002 3690 1056; x_wconf 86' lang='lat' dir='ltr'><strong><em>direc-</em></strong></span> 
     </span>
    </p>
   </div>
   <div class='ocr_carea' id='block_1_25' title="bbox 2085 1086 3692 1160">
    <p class='ocr_par' dir='ltr' id='par_1_25' title="bbox 2085 1086 3692 1160">
     <span class='ocr_line' id='line_1_25' title="bbox 2085 1086 3692 1160; baseline 0.007 -22"><span class='ocrx_word' id='word_1_204' title='bbox 2085 1094 2193 1138; x_wconf 88' lang='lat' dir='ltr'><strong><em>tum</em></strong></span> <span class='ocrx_word' id='word_1_205' title='bbox 2223 1087 2248 1115; x_wconf 72' lang='grc' dir='ltr'>ε</span> <span class='ocrx_word' id='word_1_206' title='bbox 2278 1097 2324 1140; x_wconf 90' lang='lat' dir='ltr'><strong><em>et</em></strong></span> <span class='ocrx_word' id='word_1_207' title='bbox 2354 1086 2600 1142; x_wconf 81' lang='lat' dir='ltr'><strong><em>habitabo</em></strong></span> <span class='ocrx_word' id='word_1_208' title='bbox 2630 1090 2683 1142; x_wconf 89' lang='lat' dir='ltr'><strong><em>in</em></strong></span> <span class='ocrx_word' id='word_1_209' title='bbox 2712 1100 2969 1160; x_wconf 87' lang='lat' dir='ltr'><strong><em>post-remo</em></strong></span> <span class='ocrx_word' id='word_1_210' title='bbox 3002 1094 3160 1146; x_wconf 87' lang='lat' dir='ltr'><strong><em>maris</em></strong></span> <span class='ocrx_word' id='word_1_211' title='bbox 3196 1109 3216 1147; x_wconf 87' lang='lat'><strong><em>:</em></strong></span> <span class='ocrx_word' id='word_1_212' title='bbox 3246 1094 3433 1148; x_wconf 87' lang='lat' dir='ltr'><strong><em>etenim</em></strong></span> <span class='ocrx_word' id='word_1_213' title='bbox 3448 1092 3556 1148; x_wconf 90' lang='lat' dir='ltr'><strong><em>illic</em></strong></span> <span class='ocrx_word' id='word_1_214' title='bbox 3577 1112 3692 1150; x_wconf 86' lang='lat' dir='ltr'><strong><em>ma—</em></strong></span> 
     </span>
    </p>
   </div>
   <div class='ocr_carea' id='block_1_26' title="bbox 2083 1179 3692 1252">
    <p class='ocr_par' dir='ltr' id='par_1_26' title="bbox 2083 1179 3692 1252">
     <span class='ocr_line' id='line_1_26' title="bbox 2083 1179 3692 1252; baseline 0.007 -21"><span class='ocrx_word' id='word_1_215' title='bbox 2083 1195 2181 1232; x_wconf 89' lang='lat' dir='ltr'><strong><em>nus</em></strong></span> <span class='ocrx_word' id='word_1_216' title='bbox 2206 1179 2371 1252; x_wconf 56' lang='lat'><strong><em>325</em></strong></span> <span class='ocrx_word' id='word_1_217' title='bbox 2399 1191 2487 1234; x_wconf 91' lang='lat' dir='ltr'><strong><em>tua</em></strong></span> <span class='ocrx_word' id='word_1_218' title='bbox 2533 1181 2717 1235; x_wconf 86' lang='lat' dir='ltr'><strong><em>tenebit</em></strong></span> <span class='ocrx_word' id='word_1_219' title='bbox 2764 1198 2876 1245; x_wconf 87' lang='lat' dir='ltr'><strong><em>me.</em></strong></span> <span class='ocrx_word' id='word_1_220' title='bbox 2908 1194 2957 1237; x_wconf 91' lang='lat' dir='ltr'><strong><em>et</em></strong></span> <span class='ocrx_word' id='word_1_221' title='bbox 2984 1184 3200 1238; x_wconf 83' lang='lat' dir='ltr'><strong><em>deducet</em></strong></span> <span class='ocrx_word' id='word_1_222' title='bbox 3227 1201 3308 1238; x_wconf 91' lang='lat' dir='ltr'><strong><em>me</em></strong></span> <span class='ocrx_word' id='word_1_223' title='bbox 3352 1187 3565 1241; x_wconf 74' lang='lat' dir='ltr'><strong><em>dextera</em></strong></span> <span class='ocrx_word' id='word_1_224' title='bbox 3601 1197 3692 1243; x_wconf 89' lang='lat' dir='ltr'><strong><em>tua</em></strong></span> 
     </span>
    </p>
   </div>
   <div class='ocr_carea' id='block_1_27' title="bbox 2084 1269 3686 1345">
    <p class='ocr_par' dir='ltr' id='par_1_27' title="bbox 2084 1269 3686 1345">
     <span class='ocr_line' id='line_1_27' title="bbox 2084 1269 3686 1345; baseline 0.008 -22"><span class='ocrx_word' id='word_1_225' title='bbox 2084 1269 2199 1341; x_wconf 91' lang='lat' dir='ltr'><strong><em>(Ps.</em></strong></span> <span class='ocrx_word' id='word_1_226' title='bbox 2232 1273 2512 1345; x_wconf 78' lang='lat' dir='ltr'><strong><em>cxxxvm).</em></strong></span> <span class='ocrx_word' id='word_1_227' title='bbox 2554 1273 2886 1329; x_wconf 66' lang='lat' dir='ltr'><strong><em>flndivisam</em></strong></span> <span class='ocrx_word' id='word_1_228' title='bbox 2921 1276 3210 1332; x_wconf 87' lang='lat' dir='ltr'><strong><em>Trinitatis</em></strong></span> <span class='ocrx_word' id='word_1_229' title='bbox 3265 1288 3512 1335; x_wconf 87' lang='lat' dir='ltr'><strong><em>naturam</em></strong></span> <span class='ocrx_word' id='word_1_230' title='bbox 3551 1296 3686 1336; x_wconf 87' lang='lat' dir='ltr'><strong><em>con-</em></strong></span> 
     </span>
    </p>
   </div>
   <div class='ocr_carea' id='block_1_28' title="bbox 2041 1355 3688 1442">
    <p class='ocr_par' dir='ltr' id='par_1_28' title="bbox 2041 1355 3688 1442">
     <span class='ocr_line' id='line_1_28' title="bbox 2041 1355 3688 1442; baseline 0.007 -25"><span class='ocrx_word' id='word_1_231' title='bbox 2041 1355 2058 1365; x_wconf 27' lang='lat'><strong><em>,</em></strong></span> <span class='ocrx_word' id='word_1_232' title='bbox 2081 1363 2247 1420; x_wconf 83' lang='lat' dir='ltr'><strong><em>fessio</em></strong></span> <span class='ocrx_word' id='word_1_233' title='bbox 2300 1368 2398 1422; x_wconf 88' lang='lat' dir='ltr'><strong><em>ista</em></strong></span> <span class='ocrx_word' id='word_1_234' title='bbox 2430 1369 2683 1437; x_wconf 77' lang='lat' dir='ltr'><strong><em>signavit.</em></strong></span> <span class='ocrx_word' id='word_1_235' title='bbox 2720 1369 2835 1436; x_wconf 86' lang='lat' dir='ltr'><strong><em>Quo</em></strong></span> <span class='ocrx_word' id='word_1_236' title='bbox 2864 1369 2968 1437; x_wconf 89' lang='lat' dir='ltr'><strong><em>ibo,</em></strong></span> <span class='ocrx_word' id='word_1_237' title='bbox 2996 1372 3200 1441; x_wconf 86' lang='lat' dir='ltr'><strong><em>inquit,</em></strong></span> <span class='ocrx_word' id='word_1_238' title='bbox 3247 1389 3278 1424; x_wconf 92' lang='lat' dir='ltr'><strong><em>a</em></strong></span> <span class='ocrx_word' id='word_1_239' title='bbox 3309 1374 3501 1442; x_wconf 85' lang='lat' dir='ltr'><strong><em>spiritu</em></strong></span> <span class='ocrx_word' id='word_1_240' title='bbox 3546 1385 3638 1428; x_wconf 91' lang='lat' dir='ltr'><strong><em>tuo</em></strong></span> <span class='ocrx_word' id='word_1_241' title='bbox 3663 1377 3688 1429; x_wconf 86' lang='lat'><strong><em>?</em></strong></span> 
     </span>
    </p>
   </div>
   <div class='ocr_carea' id='block_1_29' title="bbox 2083 1458 3686 1535">
    <p class='ocr_par' dir='ltr' id='par_1_29' title="bbox 2083 1458 3686 1535">
     <span class='ocr_line' id='line_1_29' title="bbox 2083 1458 3686 1535; baseline 0.006 -21"><span class='ocrx_word' id='word_1_242' title='bbox 2083 1458 2203 1528; x_wconf 91' lang='lat' dir='ltr'><strong><em>ipso</em></strong></span> <span class='ocrx_word' id='word_1_243' title='bbox 2233 1476 2429 1530; x_wconf 83' lang='lat' dir='ltr'><strong><em>nempe</em></strong></span> <span class='ocrx_word' id='word_1_244' title='bbox 2471 1463 2783 1529; x_wconf 85' lang='lat' dir='ltr'><strong><em>Paracleto,</em></strong></span> <span class='ocrx_word' id='word_1_245' title='bbox 2825 1465 2984 1534; x_wconf 89' lang='lat' dir='ltr'><strong><em>cujus</em></strong></span> <span class='ocrx_word' id='word_1_246' title='bbox 3015 1465 3404 1535; x_wconf 87' lang='lat' dir='ltr'><strong><em>plenitudinem</em></strong></span> <span class='ocrx_word' id='word_1_247' title='bbox 3459 1482 3686 1523; x_wconf 91' lang='lat' dir='ltr'><strong><em>sumen-</em></strong></span> 
     </span>
    </p>
   </div>
   <div class='ocr_carea' id='block_1_30' title="bbox 2086 1551 3688 1629">
    <p class='ocr_par' dir='ltr' id='par_1_30' title="bbox 2086 1551 3688 1629">
     <span class='ocr_line' id='line_1_30' title="bbox 2086 1551 3688 1629; baseline 0.005 -22"><span class='ocrx_word' id='word_1_248' title='bbox 2086 1562 2166 1609; x_wconf 90' lang='lat' dir='ltr'><strong><em>tes</em></strong></span> <span class='ocrx_word' id='word_1_249' title='bbox 2193 1553 2476 1621; x_wconf 84' lang='lat' dir='ltr'><strong><em>Apostoli,</em></strong></span> <span class='ocrx_word' id='word_1_250' title='bbox 2530 1551 2953 1626; x_wconf 87' lang='lat' dir='ltr'><strong><em>promissionem</em></strong></span> <span class='ocrx_word' id='word_1_251' title='bbox 2992 1558 3087 1613; x_wconf 90' lang='lat' dir='ltr'><strong><em>Dei</em></strong></span> <span class='ocrx_word' id='word_1_252' title='bbox 3138 1557 3376 1613; x_wconf 80' lang='lat' dir='ltr'><strong><em>fatentur</em></strong></span> <span class='ocrx_word' id='word_1_253' title='bbox 3407 1560 3688 1629; x_wconf 90' lang='lat' dir='ltr'><strong><em>impletam</em></strong></span> 
     </span>
    </p>
   </div>
   <div class='ocr_carea' id='block_1_31' title="bbox 2082 1644 3687 1726">
    <p class='ocr_par' dir='ltr' id='par_1_31' title="bbox 2082 1644 3687 1726">
     <span class='ocr_line' id='line_1_31' title="bbox 2082 1644 3687 1726; baseline 0.006 -27"><span class='ocrx_word' id='word_1_254' title='bbox 2082 1644 2228 1700; x_wconf 88' lang='lat' dir='ltr'><strong><em>Petri</em></strong></span> <span class='ocrx_word' id='word_1_255' title='bbox 2243 1649 2612 1702; x_wconf 89' lang='lat' dir='ltr'><strong><em>oretestantis:</em></strong></span> <span class='ocrx_word' id='word_1_256' title='bbox 2638 1647 2749 1702; x_wconf 86' lang='lat' dir='ltr'><strong><em>Hoc</em></strong></span> <span class='ocrx_word' id='word_1_257' title='bbox 2761 1649 2986 1720; x_wconf 84' lang='lat' dir='ltr'><strong><em>estquod</em></strong></span> <span class='ocrx_word' id='word_1_258' title='bbox 3003 1651 3198 1704; x_wconf 82' lang='lat' dir='ltr'><strong><em>dictum</em></strong></span> <span class='ocrx_word' id='word_1_259' title='bbox 3220 1661 3293 1705; x_wconf 88' lang='lat' dir='ltr'><strong><em>est</em></strong></span> <span class='ocrx_word' id='word_1_260' title='bbox 3312 1669 3402 1724; x_wconf 90' lang='lat' dir='ltr'><strong><em>per</em></strong></span> <span class='ocrx_word' id='word_1_261' title='bbox 3424 1651 3544 1707; x_wconf 82' lang='lat' dir='ltr'><strong><em>Joel</em></strong></span> <span class='ocrx_word' id='word_1_262' title='bbox 3561 1670 3687 1726; x_wconf 78' lang='lat' dir='ltr'><strong><em>pro-</em></strong></span> 
     </span>
    </p>
   </div>
   <div class='ocr_carea' id='block_1_32' title="bbox 2083 1739 3690 1818">
    <p class='ocr_par' dir='ltr' id='par_1_32' title="bbox 2083 1739 3690 1818">
     <span class='ocr_line' id='line_1_32' title="bbox 2083 1739 3690 1818; baseline 0.007 -28"><span class='ocrx_word' id='word_1_263' title='bbox 2083 1739 2288 1810; x_wconf 87' lang='lat' dir='ltr'><strong><em>phetam</em></strong></span> <span class='ocrx_word' id='word_1_264' title='bbox 2315 1757 2333 1794; x_wconf 88' lang='lat'><strong><em>:</em></strong></span> <span class='ocrx_word' id='word_1_265' title='bbox 2357 1739 2421 1794; x_wconf 87' lang='grc' dir='ltr'><em>1η</em></span> <span class='ocrx_word' id='word_1_266' title='bbox 2444 1743 2730 1797; x_wconf 82' lang='lat' dir='ltr'><strong><em>novissimis</em></strong></span> <span class='ocrx_word' id='word_1_267' title='bbox 2759 1743 2973 1812; x_wconf 70' lang='lat' dir='ltr'><strong><em>diebus(</em></strong></span> <span class='ocrx_word' id='word_1_268' title='bbox 2989 1745 3114 1798; x_wconf 87' lang='lat' dir='ltr'><strong><em>dicit</em></strong></span> <span class='ocrx_word' id='word_1_269' title='bbox 3129 1743 3690 1818; x_wconf 78' lang='lat' dir='ltr'><strong><em>Dominus)effundatu</em></strong></span> 
     </span>
    </p>
   </div>
   <div class='ocr_carea' id='block_1_33' title="bbox 384 1818 3777 1912">
    <p class='ocr_par' dir='ltr' id='par_1_33' title="bbox 384 1818 3777 1912">
     <span class='ocr_line' id='line_1_33' title="bbox 384 1818 3777 1912; baseline 0.008 -41"><span class='ocrx_word' id='word_1_270' title='bbox 384 1818 627 1873; x_wconf 91' lang='lat' dir='ltr'><strong><em>tissimus</em></strong></span> <span class='ocrx_word' id='word_1_271' title='bbox 650 1818 962 1888; x_wconf 87' lang='lat' dir='ltr'><strong><em>hujusmodi</em></strong></span> <span class='ocrx_word' id='word_1_272' title='bbox 995 1822 1410 1879; x_wconf 76' lang='lat' dir='ltr'><strong><em>confessionem</em></strong></span> <span class='ocrx_word' id='word_1_273' title='bbox 1442 1826 1612 1880; x_wconf 82' lang='lat' dir='ltr'><strong><em>refert</em></strong></span> <span class='ocrx_word' id='word_1_274' title='bbox 1632 1829 1697 1880; x_wconf 91' lang='lat' dir='ltr'><strong><em>ad</em></strong></span> <span class='ocrx_word' id='word_1_275' title='bbox 1723 1827 1938 1884; x_wconf 84' lang='lat' dir='ltr'><strong><em>Patrem</em></strong></span> <span class='ocrx_word' id='word_1_276' title='bbox 1963 1847 1984 1888; x_wconf 91' lang='lat'><strong><em>:_</em></strong></span> <span class='ocrx_word' id='word_1_277' title='bbox 2009 1835 2056 1894; x_wconf 88' lang='lat' dir='ltr'><strong>B</strong></span> <span class='ocrx_word' id='word_1_278' title='bbox 2083 1829 2146 1882; x_wconf 88' lang='lat' dir='ltr'><strong><em>de</em></strong></span> <span class='ocrx_word' id='word_1_279' title='bbox 2174 1829 2374 1901; x_wconf 88' lang='lat' dir='ltr'><strong><em>Spiritu</em></strong></span> <span class='ocrx_word' id='word_1_280' title='bbox 2402 1849 2513 1885; x_wconf 88' lang='lat' dir='ltr'><strong><em>meo</em></strong></span> <span class='ocrx_word' id='word_1_281' title='bbox 2531 1849 2688 1902; x_wconf 86' lang='lat' dir='ltr'><strong><em>super</em></strong></span> <span class='ocrx_word' id='word_1_282' title='bbox 2725 1850 2928 1887; x_wconf 80' lang='lat' dir='ltr'><strong><em>omnem</em></strong></span> <span class='ocrx_word' id='word_1_283' title='bbox 2955 1851 3160 1889; x_wconf 87' lang='lat' dir='ltr'><strong><em>carnem</em></strong></span> <span class='ocrx_word' id='word_1_284' title='bbox 3185 1834 3324 1907; x_wconf 75' lang='lat' dir='ltr'><strong><em>(Act.</em></strong></span> <span class='ocrx_word' id='word_1_285' title='bbox 3359 1852 3429 1902; x_wconf 93' lang='grc' dir='ltr'><strong><em>ιι,</em></strong></span> <span class='ocrx_word' id='word_1_286' title='bbox 3460 1837 3582 1892; x_wconf 83' lang='lat' dir='ltr'><strong><em>Joel</em></strong></span> <span class='ocrx_word' id='word_1_287' title='bbox 3607 1838 3690 1912; x_wconf 89' lang='grc' dir='ltr'>ιι).</span> <span class='ocrx_word' id='word_1_288' title='bbox 3772 1893 3777 1898; x_wconf 81' lang='lat'><strong><em>.</em></strong></span> 
     </span>
    </p>
   </div>
   <div class='ocr_carea' id='block_1_34' title="bbox 387 1909 1983 1994">
    <p class='ocr_par' dir='ltr' id='par_1_34' title="bbox 387 1909 1983 1994">
     <span class='ocr_line' id='line_1_34' title="bbox 387 1909 1983 1994; baseline 0.008 -31"><span class='ocrx_word' id='word_1_289' title='bbox 387 1909 505 1978; x_wconf 80' lang='lat' dir='ltr'><strong><em>Quo</em></strong></span> <span class='ocrx_word' id='word_1_290' title='bbox 535 1912 649 1976; x_wconf 90' lang='lat' dir='ltr'><strong><em>ibo,</em></strong></span> <span class='ocrx_word' id='word_1_291' title='bbox 683 1911 863 1982; x_wconf 88' lang='lat' dir='ltr'><strong><em>inquit</em></strong></span> <span class='ocrx_word' id='word_1_292' title='bbox 888 1955 903 1978; x_wconf 96' lang='lat'><strong><em>,</em></strong></span> <span class='ocrx_word' id='word_1_293' title='bbox 937 1931 970 1968; x_wconf 92' lang='lat' dir='ltr'><strong><em>a</em></strong></span> <span class='ocrx_word' id='word_1_294' title='bbox 994 1915 1199 1987; x_wconf 87' lang='lat' dir='ltr'><strong><em>Spiritu</em></strong></span> <span class='ocrx_word' id='word_1_295' title='bbox 1231 1927 1321 1971; x_wconf 90' lang='lat' dir='ltr'><strong><em>tuo</em></strong></span> <span class='ocrx_word' id='word_1_296' title='bbox 1346 1919 1369 1971; x_wconf 86' lang='lat'><strong><em>?</em></strong></span> <span class='ocrx_word' id='word_1_297' title='bbox 1395 1917 1423 1955; x_wconf 69' lang='grc' dir='ltr'>δ</span> <span class='ocrx_word' id='word_1_298' title='bbox 1457 1927 1505 1974; x_wconf 89' lang='lat' dir='ltr'><strong><em>et</em></strong></span> <span class='ocrx_word' id='word_1_299' title='bbox 1535 1937 1566 1973; x_wconf 95' lang='lat' dir='ltr'><strong><em>a</em></strong></span> <span class='ocrx_word' id='word_1_300' title='bbox 1597 1920 1732 1987; x_wconf 79' lang='lat' dir='ltr'><strong><em>facie</em></strong></span> <span class='ocrx_word' id='word_1_301' title='bbox 1763 1933 1852 1975; x_wconf 91' lang='lat' dir='ltr'><strong><em>tua</em></strong></span> <span class='ocrx_word' id='word_1_302' title='bbox 1879 1940 1983 1994; x_wconf 90' lang='lat' dir='ltr'><strong><em>quo</em></strong></span> 
     </span>
    </p>
   </div>
   <div class='ocr_carea' id='block_1_35' title="bbox 383 2003 1980 2079">
    <p class='ocr_par' dir='ltr' id='par_1_35' title="bbox 383 2003 1980 2079">
     <span class='ocr_line' id='line_1_35' title="bbox 383 2003 1980 2079; baseline 0.009 -24"><span class='ocrx_word' id='word_1_303' title='bbox 383 2004 620 2058; x_wconf 69' lang='lat' dir='ltr'><strong><em>cadam?</em></strong></span> <span class='ocrx_word' id='word_1_304' title='bbox 651 2003 714 2060; x_wconf 88' lang='lat' dir='ltr'><strong><em>Si</em></strong></span> <span class='ocrx_word' id='word_1_305' title='bbox 740 2007 1020 2062; x_wconf 85' lang='lat' dir='ltr'><strong><em>ascendere</em></strong></span> <span class='ocrx_word' id='word_1_306' title='bbox 1068 2011 1124 2062; x_wconf 84' lang='lat' dir='ltr'><strong><em>in</em></strong></span> <span class='ocrx_word' id='word_1_307' title='bbox 1173 2011 1356 2064; x_wconf 74' lang='lat' dir='ltr'><strong><em>caelum</em></strong></span> <span class='ocrx_word' id='word_1_308' title='bbox 1376 2055 1390 2079; x_wconf 93' lang='lat'><strong><em>,</em></strong></span> <span class='ocrx_word' id='word_1_309' title='bbox 1444 2022 1498 2064; x_wconf 87' lang='lat' dir='ltr'><strong><em>tu</em></strong></span> <span class='ocrx_word' id='word_1_310' title='bbox 1529 2011 1641 2066; x_wconf 89' lang='lat' dir='ltr'><strong><em>illic</em></strong></span> <span class='ocrx_word' id='word_1_311' title='bbox 1667 2030 1720 2068; x_wconf 89' lang='lat' dir='ltr'><strong><em>es</em></strong></span> <span class='ocrx_word' id='word_1_312' title='bbox 1745 2031 1763 2068; x_wconf 89' lang='lat'><strong><em>:</em></strong></span> <span class='ocrx_word' id='word_1_313' title='bbox 1804 2016 1850 2069; x_wconf 94' lang='lat' dir='ltr'><strong><em>si</em></strong></span> <span class='ocrx_word' id='word_1_314' title='bbox 1889 2017 1980 2070; x_wconf 90' lang='lat' dir='ltr'><strong><em>de-</em></strong></span> 
     </span>
    </p>
   </div>
   <div class='ocr_carea' id='block_1_36' title="bbox 382 2097 1984 2177">
    <p class='ocr_par' dir='ltr' id='par_1_36' title="bbox 382 2097 1984 2177">
     <span class='ocr_line' id='line_1_36' title="bbox 382 2097 1984 2177; baseline 0.009 -30"><span class='ocrx_word' id='word_1_315' title='bbox 382 2097 632 2149; x_wconf 87' lang='lat' dir='ltr'><strong><em>scendero</em></strong></span> <span class='ocrx_word' id='word_1_316' title='bbox 653 2098 708 2151; x_wconf 91' lang='lat' dir='ltr'><strong><em>in</em></strong></span> <span class='ocrx_word' id='word_1_317' title='bbox 736 2098 1023 2168; x_wconf 83' lang='lat' dir='ltr'><strong><em>infernum,</em></strong></span> <span class='ocrx_word' id='word_1_318' title='bbox 1057 2102 1221 2158; x_wconf 87' lang='lat' dir='ltr'><strong><em>ades:</em></strong></span> <span class='ocrx_word' id='word_1_319' title='bbox 1252 2104 1297 2156; x_wconf 89' lang='lat' dir='ltr'><strong><em>si</em></strong></span> <span class='ocrx_word' id='word_1_320' title='bbox 1328 2119 1597 2175; x_wconf 83' lang='lat' dir='ltr'><strong><em>sumpsero</em></strong></span> <span class='ocrx_word' id='word_1_321' title='bbox 1625 2122 1818 2177; x_wconf 88' lang='lat' dir='ltr'><strong><em>pennas</em></strong></span> <span class='ocrx_word' id='word_1_322' title='bbox 1845 2124 1984 2163; x_wconf 91' lang='lat' dir='ltr'><strong><em>meas</em></strong></span> 
     </span>
    </p>
   </div>
   <div class='ocr_carea' id='block_1_37' title="bbox 382 2187 1980 2271">
    <p class='ocr_par' dir='ltr' id='par_1_37' title="bbox 382 2187 1980 2271">
     <span class='ocr_line' id='line_1_37' title="bbox 382 2187 1980 2271; baseline 0.008 -31"><span class='ocrx_word' id='word_1_323' title='bbox 382 2187 438 2240; x_wconf 89' lang='lat' dir='ltr'><strong><em>in</em></strong></span> <span class='ocrx_word' id='word_1_324' title='bbox 486 2187 772 2254; x_wconf 88' lang='lat' dir='ltr'><strong><em>directum,</em></strong></span> <span class='ocrx_word' id='word_1_325' title='bbox 806 2199 854 2244; x_wconf 90' lang='lat' dir='ltr'><strong><em>et</em></strong></span> <span class='ocrx_word' id='word_1_326' title='bbox 899 2192 1198 2248; x_wconf 83' lang='lat' dir='ltr'><strong><em>Itabitauero</em></strong></span> <span class='ocrx_word' id='word_1_327' title='bbox 1249 2195 1304 2249; x_wconf 90' lang='lat' dir='ltr'><strong><em>in</em></strong></span> <span class='ocrx_word' id='word_1_328' title='bbox 1360 2205 1618 2265; x_wconf 85' lang='lat' dir='ltr'><strong><em>postremo</em></strong></span> <span class='ocrx_word' id='word_1_329' title='bbox 1665 2200 1828 2253; x_wconf 89' lang='lat' dir='ltr'><strong><em>maris</em></strong></span> <span class='ocrx_word' id='word_1_330' title='bbox 1859 2198 1980 2271; x_wconf 89' lang='lat' dir='ltr'><strong><em>(Ps.</em></strong></span> 
     </span>
    </p>
   </div>
   <div class='ocr_carea' id='block_1_38' title="bbox 383 2281 1979 2360">
    <p class='ocr_par' dir='ltr' id='par_1_38' title="bbox 383 2281 1979 2360">
     <span class='ocr_line' id='line_1_38' title="bbox 383 2281 1979 2360; baseline 0.009 -25"><span class='ocrx_word' id='word_1_331' title='bbox 383 2282 668 2353; x_wconf 73' lang='lat' dir='ltr'><strong><em>cum&quot;).</em></strong></span> <span class='ocrx_word' id='word_1_332' title='bbox 703 2281 766 2339; x_wconf 87' lang='lat' dir='ltr'><strong><em>Si</em></strong></span> <span class='ocrx_word' id='word_1_333' title='bbox 812 2301 1113 2358; x_wconf 89' lang='lat' dir='ltr'><strong><em>sumpsero,</em></strong></span> <span class='ocrx_word' id='word_1_334' title='bbox 1148 2287 1368 2359; x_wconf 91' lang='lat' dir='ltr'><strong><em>inquit,</em></strong></span> <span class='ocrx_word' id='word_1_335' title='bbox 1403 2307 1602 2360; x_wconf 85' lang='lat' dir='ltr'><strong><em>pennas</em></strong></span> <span class='ocrx_word' id='word_1_336' title='bbox 1649 2308 1821 2360; x_wconf 87' lang='lat' dir='ltr'><strong><em>meas,</em></strong></span> <span class='ocrx_word' id='word_1_337' title='bbox 1873 2303 1979 2349; x_wconf 90' lang='lat' dir='ltr'><strong><em>etc.</em></strong></span> 
     </span>
    </p>
   </div>
   <div class='ocr_carea' id='block_1_39' title="bbox 384 2372 1982 2454">
    <p class='ocr_par' dir='ltr' id='par_1_39' title="bbox 384 2372 1982 2454">
     <span class='ocr_line' id='line_1_39' title="bbox 384 2372 1982 2454; baseline 0.009 -27"><span class='ocrx_word' id='word_1_338' title='bbox 384 2372 532 2428; x_wconf 90' lang='lat' dir='ltr'><strong><em>Bene</em></strong></span> <span class='ocrx_word' id='word_1_339' title='bbox 562 2376 706 2445; x_wconf 89' lang='lat' dir='ltr'><strong><em>quod</em></strong></span> <span class='ocrx_word' id='word_1_340' title='bbox 754 2392 964 2447; x_wconf 83' lang='lat' dir='ltr'><strong><em>pennas</em></strong></span> <span class='ocrx_word' id='word_1_341' title='bbox 1015 2395 1142 2436; x_wconf 91' lang='lat' dir='ltr'><strong><em>suas</em></strong></span> <span class='ocrx_word' id='word_1_342' title='bbox 1200 2381 1382 2445; x_wconf 86' lang='lat' dir='ltr'><strong><em>habet.</em></strong></span> <span class='ocrx_word' id='word_1_343' title='bbox 1414 2384 1610 2454; x_wconf 89' lang='lat' dir='ltr'><strong><em>quibus</em></strong></span> <span class='ocrx_word' id='word_1_344' title='bbox 1638 2387 1936 2454; x_wconf 85' lang='lat' dir='ltr'><strong><em>assumptis</em></strong></span> <span class='ocrx_word' id='word_1_345' title='bbox 1967 2429 1982 2453; x_wconf 91' lang='lat'><strong><em>,</em></strong></span> 
     </span>
    </p>
   </div>
   <div class='ocr_carea' id='block_1_40' title="bbox 385 2470 1988 2549">
    <p class='ocr_par' dir='ltr' id='par_1_40' title="bbox 385 2470 1988 2549">
     <span class='ocr_line' id='line_1_40' title="bbox 385 2470 1988 2549; baseline 0.011 -30"><span class='ocrx_word' id='word_1_346' title='bbox 385 2482 733 2538; x_wconf 90' lang='lat' dir='ltr'><strong><em>quocumque</em></strong></span> <span class='ocrx_word' id='word_1_347' title='bbox 763 2470 1080 2541; x_wconf 87' lang='lat' dir='ltr'><strong><em>desiderat,</em></strong></span> <span class='ocrx_word' id='word_1_348' title='bbox 1136 2484 1410 2544; x_wconf 86' lang='lat' dir='ltr'><strong><em>penetrat.</em></strong></span> <span class='ocrx_word' id='word_1_349' title='bbox 1441 2476 1715 2532; x_wconf 70' lang='lat' dir='ltr'><strong><em>Cteterum</em></strong></span> <span class='ocrx_word' id='word_1_350' title='bbox 1746 2481 1988 2549; x_wconf 90' lang='lat' dir='ltr'><strong><em>qualiter</em></strong></span> 
     </span>
    </p>
   </div>
   <div class='ocr_carea' id='block_1_41' title="bbox 385 2562 1982 2639">
    <p class='ocr_par' dir='ltr' id='par_1_41' title="bbox 385 2562 1982 2639">
     <span class='ocr_line' id='line_1_41' title="bbox 385 2562 1982 2639; baseline 0.008 -23"><span class='ocrx_word' id='word_1_351' title='bbox 385 2562 649 2632; x_wconf 83' lang='lat' dir='ltr'><strong><em>prapheta</em></strong></span> <span class='ocrx_word' id='word_1_352' title='bbox 695 2565 750 2619; x_wconf 90' lang='lat' dir='ltr'><strong><em>in</em></strong></span> <span class='ocrx_word' id='word_1_353' title='bbox 807 2581 1042 2638; x_wconf 91' lang='lat' dir='ltr'><strong><em>corpore</em></strong></span> <span class='ocrx_word' id='word_1_354' title='bbox 1080 2572 1459 2639; x_wconf 90' lang='lat' dir='ltr'><strong><em>constitutus,</em></strong></span> <span class='ocrx_word' id='word_1_355' title='bbox 1526 2573 1613 2627; x_wconf 92' lang='lat' dir='ltr'><strong><em>vel</em></strong></span> <span class='ocrx_word' id='word_1_356' title='bbox 1670 2571 1724 2626; x_wconf 90' lang='lat' dir='ltr'><strong><em>in</em></strong></span> <span class='ocrx_word' id='word_1_357' title='bbox 1782 2575 1982 2628; x_wconf 59' lang='lat' dir='ltr'><strong><em>caelum</em></strong></span> 
     </span>
    </p>
   </div>
   <div class='ocr_carea' id='block_1_42' title="bbox 389 2663 1989 2733">
    <p class='ocr_par' dir='ltr' id='par_1_42' title="bbox 389 2663 1989 2733">
     <span class='ocr_line' id='line_1_42' title="bbox 389 2663 1989 2733; baseline 0.009 -23"><span class='ocrx_word' id='word_1_358' title='bbox 389 2669 720 2714; x_wconf 89' lang='lat' dir='ltr'><strong><em>ascensurus</em></strong></span> <span class='ocrx_word' id='word_1_359' title='bbox 749 2670 902 2728; x_wconf 80' lang='lat' dir='ltr'><strong><em>erat,</em></strong></span> <span class='ocrx_word' id='word_1_360' title='bbox 951 2663 1038 2718; x_wconf 89' lang='lat' dir='ltr'><strong><em>vel</em></strong></span> <span class='ocrx_word' id='word_1_361' title='bbox 1071 2664 1126 2717; x_wconf 92' lang='lat' dir='ltr'><strong><em>in</em></strong></span> <span class='ocrx_word' id='word_1_362' title='bbox 1160 2663 1433 2720; x_wconf 81' lang='lat' dir='ltr'><strong><em>internum</em></strong></span> <span class='ocrx_word' id='word_1_363' title='bbox 1466 2666 1858 2733; x_wconf 84' lang='lat' dir='ltr'><strong><em>descensurus,</em></strong></span> <span class='ocrx_word' id='word_1_364' title='bbox 1903 2671 1989 2724; x_wconf 92' lang='lat' dir='ltr'><strong><em>vel</em></strong></span> 
     </span>
    </p>
   </div>
   <div class='ocr_carea' id='block_1_43' title="bbox 384 2749 1984 2830">
    <p class='ocr_par' dir='ltr' id='par_1_43' title="bbox 384 2749 1984 2830">
     <span class='ocr_line' id='line_1_43' title="bbox 384 2749 1984 2830; baseline 0.01 -32"><span class='ocrx_word' id='word_1_365' title='bbox 384 2753 536 2801; x_wconf 87' lang='lat' dir='ltr'><strong><em>trans</em></strong></span> <span class='ocrx_word' id='word_1_366' title='bbox 564 2749 751 2802; x_wconf 88' lang='lat' dir='ltr'><strong><em>ultima</em></strong></span> <span class='ocrx_word' id='word_1_367' title='bbox 783 2752 957 2806; x_wconf 89' lang='lat' dir='ltr'><strong><em>maria</em></strong></span> <span class='ocrx_word' id='word_1_368' title='bbox 993 2758 1380 2820; x_wconf 82' lang='lat' dir='ltr'><strong><em>perrecturus?</em></strong></span> <span class='ocrx_word' id='word_1_369' title='bbox 1408 2755 1552 2824; x_wconf 75' lang='lat' dir='ltr'><strong><em>Quas</em></strong></span> <span class='ocrx_word' id='word_1_370' title='bbox 1587 2757 1984 2830; x_wconf 90' lang='lat' dir='ltr'><strong><em>tandem,quas</em></strong></span> 
     </span>
    </p>
   </div>
   <div class='ocr_carea' id='block_1_44' title="bbox 383 2836 1982 2917">
    <p class='ocr_par' dir='ltr' id='par_1_44' title="bbox 383 2836 1982 2917">
     <span class='ocr_line' id='line_1_44' title="bbox 383 2836 1982 2917; baseline 0.008 -25"><span class='ocrx_word' id='word_1_371' title='bbox 383 2836 548 2894; x_wconf 88' lang='lat' dir='ltr'><strong><em>habet</em></strong></span> <span class='ocrx_word' id='word_1_372' title='bbox 599 2842 856 2912; x_wconf 89' lang='lat' dir='ltr'><strong><em>pennas?</em></strong></span> <span class='ocrx_word' id='word_1_373' title='bbox 885 2844 1014 2898; x_wconf 85' lang='lat' dir='ltr'><strong><em>Alas</em></strong></span> <span class='ocrx_word' id='word_1_374' title='bbox 1047 2845 1170 2900; x_wconf 83' lang='lat' dir='ltr'><strong><em>ﬁdei</em></strong></span> <span class='ocrx_word' id='word_1_375' title='bbox 1229 2862 1384 2903; x_wconf 90' lang='lat' dir='ltr'><strong><em>mens</em></strong></span> <span class='ocrx_word' id='word_1_376' title='bbox 1415 2849 1696 2904; x_wconf 90' lang='lat' dir='ltr'><strong><em>credentis</em></strong></span> <span class='ocrx_word' id='word_1_377' title='bbox 1728 2852 1982 2917; x_wconf 88' lang='lat' dir='ltr'><strong><em>assumit,</em></strong></span> 
     </span>
    </p>
   </div>
   <div class='ocr_carea' id='block_1_45' title="bbox 388 2934 1984 3012">
    <p class='ocr_par' dir='ltr' id='par_1_45' title="bbox 388 2934 1984 3012">
     <span class='ocr_line' id='line_1_45' title="bbox 388 2934 1984 3012; baseline 0.008 -25"><span class='ocrx_word' id='word_1_378' title='bbox 388 2943 412 2972; x_wconf 73' lang='grc' dir='ltr'>ε</span> <span class='ocrx_word' id='word_1_379' title='bbox 470 2943 528 2988; x_wconf 81' lang='grc' dir='ltr'><strong><em>ιιι</em></strong></span> <span class='ocrx_word' id='word_1_380' title='bbox 555 2934 844 2991; x_wconf 89' lang='lat' dir='ltr'><strong><em>sublimior</em></strong></span> <span class='ocrx_word' id='word_1_381' title='bbox 870 2954 900 2992; x_wconf 90' lang='lat' dir='ltr'><strong><em>a</em></strong></span> <span class='ocrx_word' id='word_1_382' title='bbox 934 2938 1199 3007; x_wconf 88' lang='lat' dir='ltr'><strong><em>terrenis,</em></strong></span> <span class='ocrx_word' id='word_1_383' title='bbox 1243 2949 1300 2996; x_wconf 91' lang='lat' dir='ltr'><strong><em>et</em></strong></span> <span class='ocrx_word' id='word_1_384' title='bbox 1346 2950 1491 2996; x_wconf 89' lang='lat' dir='ltr'><strong><em>totus</em></strong></span> <span class='ocrx_word' id='word_1_385' title='bbox 1521 2942 1574 2998; x_wconf 92' lang='lat' dir='ltr'><strong><em>in</em></strong></span> <span class='ocrx_word' id='word_1_386' title='bbox 1619 2943 1818 3012; x_wconf 74' lang='lat' dir='ltr'><strong><em>Spiritu</em></strong></span> <span class='ocrx_word' id='word_1_387' title='bbox 1847 2960 1984 2999; x_wconf 84' lang='lat' dir='ltr'><strong><em>con-</em></strong></span> 
     </span>
    </p>
   </div>
   <div class='ocr_carea' id='block_1_46' title="bbox 381 3025 1983 3103">
    <p class='ocr_par' dir='ltr' id='par_1_46' title="bbox 381 3025 1983 3103">
     <span class='ocr_line' id='line_1_46' title="bbox 381 3025 1983 3103; baseline 0.007 -24"><span class='ocrx_word' id='word_1_388' title='bbox 381 3025 629 3090; x_wconf 85' lang='lat' dir='ltr'><strong><em>stitutus,</em></strong></span> <span class='ocrx_word' id='word_1_389' title='bbox 664 3031 827 3097; x_wconf 83' lang='lat' dir='ltr'><strong><em>possit</em></strong></span> <span class='ocrx_word' id='word_1_390' title='bbox 855 3033 1294 3102; x_wconf 85' lang='lat' dir='ltr'><strong><em>comprehendere</em></strong></span> <span class='ocrx_word' id='word_1_391' title='bbox 1323 3050 1440 3088; x_wconf 82' lang='lat' dir='ltr'><strong><em>cum</em></strong></span> <span class='ocrx_word' id='word_1_392' title='bbox 1473 3035 1713 3089; x_wconf 87' lang='lat' dir='ltr'><strong><em>omnibus</em></strong></span> <span class='ocrx_word' id='word_1_393' title='bbox 1751 3039 1944 3092; x_wconf 88' lang='lat' dir='ltr'><strong><em>sanctis</em></strong></span> <span class='ocrx_word' id='word_1_394' title='bbox 1969 3080 1983 3103; x_wconf 95' lang='lat'><strong><em>,</em></strong></span> 
     </span>
    </p>
   </div>
   <div class='ocr_carea' id='block_1_47' title="bbox 379 3121 1985 3201">
    <p class='ocr_par' dir='ltr' id='par_1_47' title="bbox 379 3121 1985 3201">
     <span class='ocr_line' id='line_1_47' title="bbox 379 3121 1985 3201; baseline 0.008 -28"><span class='ocrx_word' id='word_1_395' title='bbox 379 3137 495 3191; x_wconf 73' lang='lat' dir='ltr'><strong><em>qua:</em></strong></span> <span class='ocrx_word' id='word_1_396' title='bbox 518 3123 585 3176; x_wconf 90' lang='lat' dir='ltr'><strong><em>sit</em></strong></span> <span class='ocrx_word' id='word_1_397' title='bbox 612 3121 886 3196; x_wconf 81' lang='lat' dir='ltr'><strong><em>longitudo</em></strong></span> <span class='ocrx_word' id='word_1_398' title='bbox 907 3166 923 3192; x_wconf 96' lang='lat'><strong><em>,</em></strong></span> <span class='ocrx_word' id='word_1_399' title='bbox 951 3137 1002 3180; x_wconf 91' lang='lat' dir='ltr'><strong><em>et</em></strong></span> <span class='ocrx_word' id='word_1_400' title='bbox 1026 3125 1254 3180; x_wconf 88' lang='lat' dir='ltr'><strong><em>latitudo</em></strong></span> <span class='ocrx_word' id='word_1_401' title='bbox 1273 3170 1289 3195; x_wconf 96' lang='lat'><strong><em>,</em></strong></span> <span class='ocrx_word' id='word_1_402' title='bbox 1320 3137 1367 3182; x_wconf 88' lang='lat' dir='ltr'><strong><em>et</em></strong></span> <span class='ocrx_word' id='word_1_403' title='bbox 1397 3129 1620 3184; x_wconf 86' lang='lat' dir='ltr'><strong><em>altitudo</em></strong></span> <span class='ocrx_word' id='word_1_404' title='bbox 1641 3172 1655 3196; x_wconf 91' lang='lat'><strong><em>,</em></strong></span> <span class='ocrx_word' id='word_1_405' title='bbox 1689 3140 1740 3185; x_wconf 92' lang='lat' dir='ltr'><strong><em>et</em></strong></span> <span class='ocrx_word' id='word_1_406' title='bbox 1772 3135 1985 3201; x_wconf 79' lang='lat' dir='ltr'><strong><em>profun-</em></strong></span> 
     </span>
    </p>
   </div>
   <div class='ocr_carea' id='block_1_48' title="bbox 2087 1921 3692 2002">
    <p class='ocr_par' dir='ltr' id='par_1_48' title="bbox 2087 1921 3692 2002">
     <span class='ocr_line' id='line_1_48' title="bbox 2087 1921 3692 2002; baseline 0.007 -26"><span class='ocrx_word' id='word_1_407' title='bbox 2087 1921 2157 1976; x_wconf 88' lang='lat' dir='ltr'><strong><em>Et</em></strong></span> <span class='ocrx_word' id='word_1_408' title='bbox 2180 1942 2212 1977; x_wconf 93' lang='lat' dir='ltr'><strong><em>a</em></strong></span> <span class='ocrx_word' id='word_1_409' title='bbox 2243 1928 2374 1997; x_wconf 78' lang='lat' dir='ltr'><strong><em>facie</em></strong></span> <span class='ocrx_word' id='word_1_410' title='bbox 2403 1936 2490 1980; x_wconf 89' lang='lat' dir='ltr'><strong><em>tua</em></strong></span> <span class='ocrx_word' id='word_1_411' title='bbox 2513 1944 2616 1999; x_wconf 89' lang='lat' dir='ltr'><strong><em>quo</em></strong></span> <span class='ocrx_word' id='word_1_412' title='bbox 2640 1928 2827 1982; x_wconf 81' lang='lat' dir='ltr'><strong><em>undam</em></strong></span> <span class='ocrx_word' id='word_1_413' title='bbox 2851 1927 2969 1998; x_wconf 80' lang='lat' dir='ltr'><strong><em>(Ps.</em></strong></span> <span class='ocrx_word' id='word_1_414' title='bbox 2995 1929 3266 2002; x_wconf 79' lang='lat' dir='ltr'><strong><em>cxxxvnt)</em></strong></span> <span class='ocrx_word' id='word_1_415' title='bbox 3295 1931 3319 1985; x_wconf 82' lang='lat' dir='ltr'><strong><em>‘l</em></strong></span> <span class='ocrx_word' id='word_1_416' title='bbox 3348 1931 3394 1985; x_wconf 84' lang='lat' dir='ltr'><strong>A</strong></span> <span class='ocrx_word' id='word_1_417' title='bbox 3416 1930 3556 1988; x_wconf 90' lang='lat' dir='ltr'><strong><em>Filio</em></strong></span> <span class='ocrx_word' id='word_1_418' title='bbox 3584 1933 3692 1988; x_wconf 88' lang='lat' dir='ltr'><strong><em>sci-</em></strong></span> 
     </span>
    </p>
   </div>
   <div class='ocr_carea' id='block_1_49' title="bbox 2089 2016 3690 2090">
    <p class='ocr_par' dir='ltr' id='par_1_49' title="bbox 2089 2016 3690 2090">
     <span class='ocr_line' id='line_1_49' title="bbox 2089 2016 3690 2090; baseline 0.006 -20"><span class='ocrx_word' id='word_1_419' title='bbox 2089 2016 2240 2080; x_wconf 87' lang='lat' dir='ltr'><strong><em>licet,</em></strong></span> <span class='ocrx_word' id='word_1_420' title='bbox 2291 2018 2380 2086; x_wconf 87' lang='lat' dir='ltr'><strong><em>qui</em></strong></span> <span class='ocrx_word' id='word_1_421' title='bbox 2415 2018 2581 2075; x_wconf 84' lang='lat' dir='ltr'><strong><em>facies</em></strong></span> <span class='ocrx_word' id='word_1_422' title='bbox 2612 2020 2790 2074; x_wconf 86' lang='lat' dir='ltr'><strong><em>Patris</em></strong></span> <span class='ocrx_word' id='word_1_423' title='bbox 2821 2029 2945 2086; x_wconf 88' lang='lat' dir='ltr'><strong><em>est;</em></strong></span> <span class='ocrx_word' id='word_1_424' title='bbox 2990 2023 3246 2090; x_wconf 87' lang='lat' dir='ltr'><strong><em>quoniam</em></strong></span> <span class='ocrx_word' id='word_1_425' title='bbox 3276 2021 3440 2078; x_wconf 89' lang='lat' dir='ltr'><strong><em>Paler</em></strong></span> <span class='ocrx_word' id='word_1_426' title='bbox 3471 2023 3690 2079; x_wconf 89' lang='lat' dir='ltr'><strong><em>videtur</em></strong></span> 
     </span>
    </p>
   </div>
   <div class='ocr_carea' id='block_1_50' title="bbox 2089 2109 3687 2182">
    <p class='ocr_par' dir='ltr' id='par_1_50' title="bbox 2089 2109 3687 2182">
     <span class='ocr_line' id='line_1_50' title="bbox 2089 2109 3687 2182; baseline 0.006 -20"><span class='ocrx_word' id='word_1_427' title='bbox 2089 2109 2141 2162; x_wconf 92' lang='lat' dir='ltr'><strong><em>in</em></strong></span> <span class='ocrx_word' id='word_1_428' title='bbox 2175 2109 2316 2164; x_wconf 92' lang='lat' dir='ltr'><strong><em>Filio</em></strong></span> <span class='ocrx_word' id='word_1_429' title='bbox 2339 2153 2353 2175; x_wconf 95' lang='lat'><strong><em>,</em></strong></span> <span class='ocrx_word' id='word_1_430' title='bbox 2380 2111 2538 2180; x_wconf 83' lang='lat' dir='ltr'><strong><em>juxta</em></strong></span> <span class='ocrx_word' id='word_1_431' title='bbox 2565 2113 2736 2180; x_wconf 89' lang='lat' dir='ltr'><strong><em>ipsius</em></strong></span> <span class='ocrx_word' id='word_1_432' title='bbox 2762 2113 2974 2168; x_wconf 86' lang='lat' dir='ltr'><strong><em>Domini</em></strong></span> <span class='ocrx_word' id='word_1_433' title='bbox 3004 2114 3304 2170; x_wconf 89' lang='lat' dir='ltr'><strong><em>Salvatoris</em></strong></span> <span class='ocrx_word' id='word_1_434' title='bbox 3335 2117 3687 2182; x_wconf 90' lang='lat' dir='ltr'><strong><em>sententiam,</em></strong></span> 
     </span>
    </p>
   </div>
   <div class='ocr_carea' id='block_1_51' title="bbox 2087 2202 3690 2274">
    <p class='ocr_par' dir='ltr' id='par_1_51' title="bbox 2087 2202 3690 2274">
     <span class='ocr_line' id='line_1_51' title="bbox 2087 2202 3690 2274; baseline 0.004 -20"><span class='ocrx_word' id='word_1_435' title='bbox 2087 2202 2176 2270; x_wconf 89' lang='lat' dir='ltr'><strong><em>qui</em></strong></span> <span class='ocrx_word' id='word_1_436' title='bbox 2202 2203 2512 2258; x_wconf 83' lang='lat' dir='ltr'><strong><em>obsecranti</em></strong></span> <span class='ocrx_word' id='word_1_437' title='bbox 2547 2204 2794 2274; x_wconf 88' lang='lat' dir='ltr'><strong><em>Philippo</em></strong></span> <span class='ocrx_word' id='word_1_438' title='bbox 2824 2246 2840 2271; x_wconf 95' lang='lat'><strong><em>,</em></strong></span> <span class='ocrx_word' id='word_1_439' title='bbox 2875 2204 3128 2274; x_wconf 88' lang='lat' dir='ltr'><strong><em>Domine,</em></strong></span> <span class='ocrx_word' id='word_1_440' title='bbox 3171 2206 3379 2260; x_wconf 85' lang='lat' dir='ltr'><strong><em>ostende</em></strong></span> <span class='ocrx_word' id='word_1_441' title='bbox 3409 2208 3556 2261; x_wconf 85' lang='lat' dir='ltr'><strong><em>nobis</em></strong></span> <span class='ocrx_word' id='word_1_442' title='bbox 3583 2207 3690 2262; x_wconf 85' lang='lat' dir='ltr'><strong><em>Pa-</em></strong></span> 
     </span>
    </p>
   </div>
   <div class='ocr_carea' id='block_1_52' title="bbox 2088 2295 3693 2370">
    <p class='ocr_par' dir='ltr' id='par_1_52' title="bbox 2088 2295 3693 2370">
     <span class='ocr_line' id='line_1_52' title="bbox 2088 2295 3693 2370; baseline 0.007 -26"><span class='ocrx_word' id='word_1_443' title='bbox 2088 2301 2238 2358; x_wconf 85' lang='lat' dir='ltr'><strong><em>trem,</em></strong></span> <span class='ocrx_word' id='word_1_444' title='bbox 2271 2303 2318 2348; x_wconf 90' lang='lat' dir='ltr'><strong><em>et</em></strong></span> <span class='ocrx_word' id='word_1_445' title='bbox 2342 2295 2538 2365; x_wconf 76' lang='lat' dir='ltr'><strong><em>sufficit</em></strong></span> <span class='ocrx_word' id='word_1_446' title='bbox 2579 2297 2758 2360; x_wconf 87' lang='lat' dir='ltr'><strong><em>nobis,</em></strong></span> <span class='ocrx_word' id='word_1_447' title='bbox 2803 2298 2874 2351; x_wconf 89' lang='lat' dir='ltr'><strong><em>ita</em></strong></span> <span class='ocrx_word' id='word_1_448' title='bbox 2898 2298 3221 2367; x_wconf 87' lang='lat' dir='ltr'><strong><em>respondit:</em></strong></span> <span class='ocrx_word' id='word_1_449' title='bbox 3263 2298 3430 2354; x_wconf 88' lang='lat' dir='ltr'><strong><em>Tanto</em></strong></span> <span class='ocrx_word' id='word_1_450' title='bbox 3459 2310 3693 2370; x_wconf 88' lang='lat' dir='ltr'><strong><em>tempore</em></strong></span> 
     </span>
    </p>
   </div>
   <div class='ocr_carea' id='block_1_53' title="bbox 2086 2385 3694 2464">
    <p class='ocr_par' dir='ltr' id='par_1_53' title="bbox 2086 2385 3694 2464">
     <span class='ocr_line' id='line_1_53' title="bbox 2086 2385 3694 2464; baseline 0.006 -26"><span class='ocrx_word' id='word_1_451' title='bbox 2086 2401 2200 2438; x_wconf 86' lang='lat' dir='ltr'><strong><em>sum</em></strong></span> <span class='ocrx_word' id='word_1_452' title='bbox 2240 2385 2502 2440; x_wconf 85' lang='lat' dir='ltr'><strong><em>vobiscum</em></strong></span> <span class='ocrx_word' id='word_1_453' title='bbox 2533 2403 2552 2440; x_wconf 87' lang='lat'><strong><em>:</em></strong></span> <span class='ocrx_word' id='word_1_454' title='bbox 2582 2398 2628 2440; x_wconf 89' lang='lat' dir='ltr'><strong><em>et</em></strong></span> <span class='ocrx_word' id='word_1_455' title='bbox 2661 2405 2764 2441; x_wconf 92' lang='lat' dir='ltr'><strong><em>non</em></strong></span> <span class='ocrx_word' id='word_1_456' title='bbox 2816 2391 3099 2460; x_wconf 86' lang='lat' dir='ltr'><strong><em>agnovistis</em></strong></span> <span class='ocrx_word' id='word_1_457' title='bbox 3130 2406 3210 2444; x_wconf 91' lang='lat' dir='ltr'><strong><em>me</em></strong></span> <span class='ocrx_word' id='word_1_458' title='bbox 3239 2392 3263 2444; x_wconf 73' lang='grc' dir='ltr'>Ρ</span> <span class='ocrx_word' id='word_1_459' title='bbox 3295 2389 3540 2464; x_wconf 85' lang='lat' dir='ltr'><strong><em>Philippe</em></strong></span> <span class='ocrx_word' id='word_1_460' title='bbox 3559 2435 3572 2458; x_wconf 92' lang='lat'><strong><em>,</em></strong></span> <span class='ocrx_word' id='word_1_461' title='bbox 3602 2393 3694 2462; x_wconf 88' lang='lat' dir='ltr'><strong><em>qui</em></strong></span> 
     </span>
    </p>
   </div>
   <div class='ocr_carea' id='block_1_54' title="bbox 2086 2477 3690 2547">
    <p class='ocr_par' dir='ltr' id='par_1_54' title="bbox 2086 2477 3690 2547">
     <span class='ocr_line' id='line_1_54' title="bbox 2086 2477 3690 2547; baseline 0.006 -18"><span class='ocrx_word' id='word_1_462' title='bbox 2086 2477 2216 2530; x_wconf 86' lang='lat' dir='ltr'><strong><em>vidit</em></strong></span> <span class='ocrx_word' id='word_1_463' title='bbox 2249 2494 2360 2543; x_wconf 87' lang='lat' dir='ltr'><strong><em>me,</em></strong></span> <span class='ocrx_word' id='word_1_464' title='bbox 2393 2479 2528 2531; x_wconf 75' lang='lat' dir='ltr'><strong><em>videt</em></strong></span> <span class='ocrx_word' id='word_1_465' title='bbox 2557 2488 2604 2533; x_wconf 85' lang='lat' dir='ltr'><strong><em>et</em></strong></span> <span class='ocrx_word' id='word_1_466' title='bbox 2634 2478 2849 2533; x_wconf 88' lang='lat' dir='ltr'><strong><em>Patrem</em></strong></span> <span class='ocrx_word' id='word_1_467' title='bbox 2878 2496 3066 2534; x_wconf 91' lang='lat' dir='ltr'><strong><em>meum.</em></strong></span> <span class='ocrx_word' id='word_1_468' title='bbox 3116 2481 3390 2547; x_wconf 81' lang='lat' dir='ltr'><strong><em>Quomodo</em></strong></span> <span class='ocrx_word' id='word_1_469' title='bbox 3424 2492 3480 2536; x_wconf 88' lang='lat' dir='ltr'><strong><em>tu</em></strong></span> <span class='ocrx_word' id='word_1_470' title='bbox 3509 2482 3639 2538; x_wconf 84' lang='lat' dir='ltr'><strong><em>dicis</em></strong></span> <span class='ocrx_word' id='word_1_471' title='bbox 3669 2500 3690 2538; x_wconf 90' lang='lat'><strong><em>:</em></strong></span> 
     </span>
    </p>
   </div>
   <div class='ocr_carea' id='block_1_55' title="bbox 2089 2568 3686 2642">
    <p class='ocr_par' dir='ltr' id='par_1_55' title="bbox 2089 2568 3686 2642">
     <span class='ocr_line' id='line_1_55' title="bbox 2089 2568 3686 2642; baseline 0.005 -21"><span class='ocrx_word' id='word_1_472' title='bbox 2089 2569 2301 2622; x_wconf 88' lang='lat' dir='ltr'><strong><em>ostende</em></strong></span> <span class='ocrx_word' id='word_1_473' title='bbox 2323 2569 2466 2623; x_wconf 89' lang='lat' dir='ltr'><strong><em>nobis</em></strong></span> <span class='ocrx_word' id='word_1_474' title='bbox 2494 2568 2709 2625; x_wconf 88' lang='lat' dir='ltr'><strong><em>Patrem</em></strong></span> <span class='ocrx_word' id='word_1_475' title='bbox 2733 2572 2757 2624; x_wconf 88' lang='lat'><strong><em>?</em></strong></span> <span class='ocrx_word' id='word_1_476' title='bbox 2789 2569 2914 2624; x_wconf 88' lang='lat' dir='ltr'><strong><em>Non</em></strong></span> <span class='ocrx_word' id='word_1_477' title='bbox 2941 2572 3111 2624; x_wconf 83' lang='lat' dir='ltr'><strong><em>credis</em></strong></span> <span class='ocrx_word' id='word_1_478' title='bbox 3131 2573 3256 2642; x_wconf 90' lang='lat' dir='ltr'><strong><em>quia</em></strong></span> <span class='ocrx_word' id='word_1_479' title='bbox 3283 2588 3378 2642; x_wconf 90' lang='lat' dir='ltr'><strong><em>ego</em></strong></span> <span class='ocrx_word' id='word_1_480' title='bbox 3410 2574 3462 2626; x_wconf 88' lang='lat' dir='ltr'><strong><em>in</em></strong></span> <span class='ocrx_word' id='word_1_481' title='bbox 3494 2572 3686 2642; x_wconf 83' lang='lat' dir='ltr'><strong><em>Patre,</em></strong></span> 
     </span>
    </p>
   </div>
   <div class='ocr_carea' id='block_1_56' title="bbox 2088 2657 3688 2733">
    <p class='ocr_par' dir='ltr' id='par_1_56' title="bbox 2088 2657 3688 2733">
     <span class='ocr_line' id='line_1_56' title="bbox 2088 2657 3688 2733; baseline 0.004 -21"><span class='ocrx_word' id='word_1_482' title='bbox 2088 2669 2134 2712; x_wconf 85' lang='lat' dir='ltr'><strong><em>et</em></strong></span> <span class='ocrx_word' id='word_1_483' title='bbox 2159 2657 2320 2712; x_wconf 89' lang='lat' dir='ltr'><strong><em>Pater</em></strong></span> <span class='ocrx_word' id='word_1_484' title='bbox 2349 2661 2402 2713; x_wconf 90' lang='lat' dir='ltr'><strong><em>in</em></strong></span> <span class='ocrx_word' id='word_1_485' title='bbox 2434 2677 2513 2712; x_wconf 88' lang='lat' dir='ltr'><strong><em>me</em></strong></span> <span class='ocrx_word' id='word_1_486' title='bbox 2541 2669 2615 2714; x_wconf 86' lang='lat' dir='ltr'><strong><em>est</em></strong></span> <span class='ocrx_word' id='word_1_487' title='bbox 2654 2659 2838 2730; x_wconf 80' lang='lat' dir='ltr'><strong><em>(Joan.</em></strong></span> <span class='ocrx_word' id='word_1_488' title='bbox 2875 2661 3032 2730; x_wconf 78' lang='lat' dir='ltr'><strong><em>xiv)?</em></strong></span> <span class='ocrx_word' id='word_1_489' title='bbox 3075 2660 3155 2716; x_wconf 83' lang='lat' dir='ltr'><strong><em>Ne</em></strong></span> <span class='ocrx_word' id='word_1_490' title='bbox 3185 2676 3314 2716; x_wconf 87' lang='lat' dir='ltr'><strong><em>vero</em></strong></span> <span class='ocrx_word' id='word_1_491' title='bbox 3343 2661 3548 2717; x_wconf 91' lang='lat' dir='ltr'><strong><em>divisus</em></strong></span> <span class='ocrx_word' id='word_1_492' title='bbox 3582 2679 3688 2733; x_wconf 88' lang='lat' dir='ltr'><strong><em>pu-</em></strong></span> 
     </span>
    </p>
   </div>
   <div class='ocr_carea' id='block_1_57' title="bbox 2089 2752 3690 2823">
    <p class='ocr_par' dir='ltr' id='par_1_57' title="bbox 2089 2752 3690 2823">
     <span class='ocr_line' id='line_1_57' title="bbox 2089 2752 3690 2823; baseline 0.004 -17"><span class='ocrx_word' id='word_1_493' title='bbox 2089 2761 2298 2807; x_wconf 89' lang='lat' dir='ltr'><strong><em>taretur</em></strong></span> <span class='ocrx_word' id='word_1_494' title='bbox 2323 2753 2402 2806; x_wconf 84' lang='lat' dir='ltr'><strong><em>vel</em></strong></span> <span class='ocrx_word' id='word_1_495' title='bbox 2434 2752 2669 2821; x_wconf 86' lang='lat' dir='ltr'><strong><em>Spiritus</em></strong></span> <span class='ocrx_word' id='word_1_496' title='bbox 2715 2763 2937 2809; x_wconf 87' lang='lat' dir='ltr'><strong><em>sanctus</em></strong></span> <span class='ocrx_word' id='word_1_497' title='bbox 2965 2769 2994 2808; x_wconf 94' lang='lat' dir='ltr'><strong><em>a</em></strong></span> <span class='ocrx_word' id='word_1_498' title='bbox 3018 2753 3182 2810; x_wconf 87' lang='lat' dir='ltr'><strong><em>Patre</em></strong></span> <span class='ocrx_word' id='word_1_499' title='bbox 3203 2796 3218 2819; x_wconf 92' lang='lat'><strong><em>,</em></strong></span> <span class='ocrx_word' id='word_1_500' title='bbox 3264 2756 3422 2823; x_wconf 87' lang='lat' dir='ltr'><strong><em>cujus</em></strong></span> <span class='ocrx_word' id='word_1_501' title='bbox 3453 2755 3690 2823; x_wconf 87' lang='lat' dir='ltr'><strong><em>Spiritus</em></strong></span> 
     </span>
    </p>
   </div>
   <div class='ocr_carea' id='block_1_58' title="bbox 2088 2845 3693 2920">
    <p class='ocr_par' dir='ltr' id='par_1_58' title="bbox 2088 2845 3693 2920">
     <span class='ocr_line' id='line_1_58' title="bbox 2088 2845 3693 2920; baseline 0.003 -20"><span class='ocrx_word' id='word_1_502' title='bbox 2088 2852 2191 2908; x_wconf 90' lang='lat' dir='ltr'><strong><em>est,</em></strong></span> <span class='ocrx_word' id='word_1_503' title='bbox 2225 2846 2310 2900; x_wconf 91' lang='lat' dir='ltr'><strong><em>vel</em></strong></span> <span class='ocrx_word' id='word_1_504' title='bbox 2367 2845 2533 2900; x_wconf 89' lang='lat' dir='ltr'><strong><em>Filius</em></strong></span> <span class='ocrx_word' id='word_1_505' title='bbox 2561 2846 2630 2900; x_wconf 90' lang='lat' dir='ltr'><strong><em>ab</em></strong></span> <span class='ocrx_word' id='word_1_506' title='bbox 2658 2861 2724 2902; x_wconf 92' lang='lat' dir='ltr'><strong><em>eo</em></strong></span> <span class='ocrx_word' id='word_1_507' title='bbox 2752 2846 3074 2902; x_wconf 90' lang='lat' dir='ltr'><strong><em>crederetur</em></strong></span> <span class='ocrx_word' id='word_1_508' title='bbox 3103 2846 3418 2916; x_wconf 90' lang='lat' dir='ltr'><strong><em>sejunctus,</em></strong></span> <span class='ocrx_word' id='word_1_509' title='bbox 3451 2849 3606 2920; x_wconf 89' lang='lat' dir='ltr'><strong><em>cujus</em></strong></span> <span class='ocrx_word' id='word_1_510' title='bbox 3635 2858 3693 2905; x_wconf 82' lang='lat' dir='ltr'><strong><em>et</em></strong></span> 
     </span>
    </p>
   </div>
   <div class='ocr_carea' id='block_1_59' title="bbox 2089 2936 3688 3007">
    <p class='ocr_par' dir='ltr' id='par_1_59' title="bbox 2089 2936 3688 3007">
     <span class='ocr_line' id='line_1_59' title="bbox 2089 2936 3688 3007; baseline 0.004 -17"><span class='ocrx_word' id='word_1_511' title='bbox 2089 2936 2259 2992; x_wconf 80' lang='lat' dir='ltr'><strong><em>facies</em></strong></span> <span class='ocrx_word' id='word_1_512' title='bbox 2281 2979 2293 2999; x_wconf 89' lang='lat'><strong><em>,</em></strong></span> <span class='ocrx_word' id='word_1_513' title='bbox 2327 2946 2382 2992; x_wconf 90' lang='lat' dir='ltr'><strong><em>et</em></strong></span> <span class='ocrx_word' id='word_1_514' title='bbox 2409 2937 2632 2992; x_wconf 86' lang='lat' dir='ltr'><strong><em>dextera</em></strong></span> <span class='ocrx_word' id='word_1_515' title='bbox 2661 2980 2674 3003; x_wconf 95' lang='lat'><strong><em>,</em></strong></span> <span class='ocrx_word' id='word_1_516' title='bbox 2707 2947 2762 2993; x_wconf 88' lang='lat' dir='ltr'><strong><em>et</em></strong></span> <span class='ocrx_word' id='word_1_517' title='bbox 2790 2939 3091 3007; x_wconf 86' lang='lat' dir='ltr'><strong><em>sapientia,</em></strong></span> <span class='ocrx_word' id='word_1_518' title='bbox 3137 2949 3190 2992; x_wconf 89' lang='lat' dir='ltr'><strong><em>et</em></strong></span> <span class='ocrx_word' id='word_1_519' title='bbox 3219 2939 3393 2993; x_wconf 87' lang='lat' dir='ltr'><strong><em>virtus</em></strong></span> <span class='ocrx_word' id='word_1_520' title='bbox 3423 2949 3547 3006; x_wconf 81' lang='lat' dir='ltr'><strong><em>est;</em></strong></span> <span class='ocrx_word' id='word_1_521' title='bbox 3579 2957 3688 2996; x_wconf 92' lang='lat' dir='ltr'><strong><em>non</em></strong></span> 
     </span>
    </p>
   </div>
   <div class='ocr_carea' id='block_1_60' title="bbox 2087 3027 3690 3102">
    <p class='ocr_par' dir='ltr' id='par_1_60' title="bbox 2087 3027 3690 3102">
     <span class='ocr_line' id='line_1_60' title="bbox 2087 3027 3690 3102; baseline 0.004 -22"><span class='ocrx_word' id='word_1_522' title='bbox 2087 3027 2201 3081; x_wconf 86' lang='lat' dir='ltr'><strong><em>ait:</em></strong></span> <span class='ocrx_word' id='word_1_523' title='bbox 2238 3027 2298 3083; x_wconf 90' lang='lat' dir='ltr'><strong><em>Si</em></strong></span> <span class='ocrx_word' id='word_1_524' title='bbox 2328 3027 2606 3083; x_wconf 76' lang='lat' dir='ltr'><strong><em>escendero</em></strong></span> <span class='ocrx_word' id='word_1_525' title='bbox 2647 3031 2702 3082; x_wconf 89' lang='lat' dir='ltr'><strong><em>in</em></strong></span> <span class='ocrx_word' id='word_1_526' title='bbox 2749 3030 2964 3095; x_wconf 65' lang='lat' dir='ltr'><strong><em>caelum,</em></strong></span> <span class='ocrx_word' id='word_1_527' title='bbox 3010 3029 3241 3102; x_wconf 90' lang='lat' dir='ltr'><strong><em>Spiritus</em></strong></span> <span class='ocrx_word' id='word_1_528' title='bbox 3281 3040 3400 3085; x_wconf 85' lang='lat' dir='ltr'><strong><em>tuus</em></strong></span> <span class='ocrx_word' id='word_1_529' title='bbox 3428 3030 3541 3085; x_wconf 88' lang='lat' dir='ltr'><strong><em>illic</em></strong></span> <span class='ocrx_word' id='word_1_530' title='bbox 3569 3041 3690 3098; x_wconf 86' lang='lat' dir='ltr'><strong><em>est;</em></strong></span> 
     </span>
    </p>
   </div>
   <div class='ocr_carea' id='block_1_61' title="bbox 2089 3123 3679 3195">
    <p class='ocr_par' dir='ltr' id='par_1_61' title="bbox 2089 3123 3679 3195">
     <span class='ocr_line' id='line_1_61' title="bbox 2089 3123 3679 3195; baseline 0.002 -19"><span class='ocrx_word' id='word_1_531' title='bbox 2089 3123 2198 3186; x_wconf 85' lang='lat' dir='ltr'><strong><em>vel,</em></strong></span> <span class='ocrx_word' id='word_1_532' title='bbox 2230 3125 2389 3194; x_wconf 78' lang='lat' dir='ltr'><strong><em>facies</em></strong></span> <span class='ocrx_word' id='word_1_533' title='bbox 2421 3136 2542 3189; x_wconf 90' lang='lat' dir='ltr'><strong><em>tua,</em></strong></span> <span class='ocrx_word' id='word_1_534' title='bbox 2574 3134 2621 3178; x_wconf 88' lang='lat' dir='ltr'><strong><em>et</em></strong></span> <span class='ocrx_word' id='word_1_535' title='bbox 2649 3123 2879 3195; x_wconf 88' lang='lat' dir='ltr'><strong><em>Spiritus</em></strong></span> <span class='ocrx_word' id='word_1_536' title='bbox 2911 3133 3029 3178; x_wconf 84' lang='lat' dir='ltr'><strong><em>tuus</em></strong></span> <span class='ocrx_word' id='word_1_537' title='bbox 3077 3123 3192 3178; x_wconf 83' lang='lat' dir='ltr'><strong><em>illic</em></strong></span> <span class='ocrx_word' id='word_1_538' title='bbox 3228 3134 3348 3178; x_wconf 90' lang='lat' dir='ltr'><strong><em>sunt</em></strong></span> <span class='ocrx_word' id='word_1_539' title='bbox 3374 3141 3392 3178; x_wconf 91' lang='lat'><strong><em>:</em></strong></span> <span class='ocrx_word' id='word_1_540' title='bbox 3422 3125 3518 3180; x_wconf 89' lang='lat' dir='ltr'><strong><em>sed</em></strong></span> <span class='ocrx_word' id='word_1_541' title='bbox 3552 3168 3564 3188; x_wconf 95' lang='lat'><strong><em>,</em></strong></span> <span class='ocrx_word' id='word_1_542' title='bbox 3599 3134 3679 3193; x_wconf 88' lang='lat' dir='ltr'><strong><em>tu,</em></strong></span> 
     </span>
    </p>
   </div>
   <div class='ocr_carea' id='block_1_62' title="bbox 378 3213 3688 3289">
    <p class='ocr_par' dir='ltr' id='par_1_62' title="bbox 378 3213 3688 3289">
     <span class='ocr_line' id='line_1_62' title="bbox 378 3213 3688 3289; baseline 0.003 -24"><span class='ocrx_word' id='word_1_543' title='bbox 378 3213 504 3266; x_wconf 89' lang='lat' dir='ltr'><strong><em>dum</em></strong></span> <span class='ocrx_word' id='word_1_544' title='bbox 534 3216 760 3270; x_wconf 69' lang='lat' dir='ltr'><strong><em>scientiae</em></strong></span> <span class='ocrx_word' id='word_1_545' title='bbox 799 3216 892 3270; x_wconf 88' lang='lat' dir='ltr'><strong><em>Dei</em></strong></span> <span class='ocrx_word' id='word_1_546' title='bbox 924 3217 1148 3289; x_wconf 85' lang='lat' dir='ltr'><strong><em>(Ephes.</em></strong></span> <span class='ocrx_word' id='word_1_547' title='bbox 1183 3219 1284 3288; x_wconf 87' lang='lat' dir='ltr'><strong><em>nt).</em></strong></span> <span class='ocrx_word' id='word_1_548' title='bbox 1321 3220 1460 3275; x_wconf 87' lang='lat' dir='ltr'><strong><em>Istas</em></strong></span> <span class='ocrx_word' id='word_1_549' title='bbox 1496 3223 1624 3277; x_wconf 91' lang='lat' dir='ltr'><strong><em>tidei</em></strong></span> <span class='ocrx_word' id='word_1_550' title='bbox 1655 3223 1770 3277; x_wconf 88' lang='lat' dir='ltr'><strong><em>alas</em></strong></span> <span class='ocrx_word' id='word_1_551' title='bbox 1798 3221 1971 3278; x_wconf 71' lang='lat' dir='ltr'><strong><em>btere-</em></strong></span> <span class='ocrx_word' id='word_1_552' title='bbox 1998 3225 2044 3288; x_wconf 70' lang='grc' dir='ltr'><strong>(Ζ</strong></span> <span class='ocrx_word' id='word_1_553' title='bbox 2078 3218 2255 3288; x_wconf 88' lang='lat' dir='ltr'><strong><em>inquit</em></strong></span> <span class='ocrx_word' id='word_1_554' title='bbox 2283 3261 2296 3284; x_wconf 92' lang='lat'><strong><em>,</em></strong></span> <span class='ocrx_word' id='word_1_555' title='bbox 2329 3217 2439 3272; x_wconf 86' lang='lat' dir='ltr'><strong><em>illic</em></strong></span> <span class='ocrx_word' id='word_1_556' title='bbox 2468 3234 2558 3272; x_wconf 88' lang='lat' dir='ltr'><strong><em>es:</em></strong></span> <span class='ocrx_word' id='word_1_557' title='bbox 2589 3233 2710 3274; x_wconf 89' lang='lat' dir='ltr'><strong><em>cum</em></strong></span> <span class='ocrx_word' id='word_1_558' title='bbox 2771 3219 2910 3273; x_wconf 82' lang='lat' dir='ltr'><strong><em>Filio</em></strong></span> <span class='ocrx_word' id='word_1_559' title='bbox 2965 3219 3153 3287; x_wconf 82' lang='lat' dir='ltr'><strong><em>utique</em></strong></span> <span class='ocrx_word' id='word_1_560' title='bbox 3179 3258 3192 3280; x_wconf 89' lang='lat'><strong><em>.</em></strong></span> <span class='ocrx_word' id='word_1_561' title='bbox 3244 3225 3300 3273; x_wconf 86' lang='lat' dir='ltr'><strong><em>et</em></strong></span> <span class='ocrx_word' id='word_1_562' title='bbox 3327 3232 3449 3273; x_wconf 91' lang='lat' dir='ltr'><strong><em>cum</em></strong></span> <span class='ocrx_word' id='word_1_563' title='bbox 3479 3218 3688 3287; x_wconf 88' lang='lat' dir='ltr'><strong><em>Spiritu</em></strong></span> 
     </span>
    </p>
   </div>
   <div class='ocr_carea' id='block_1_63' title="bbox 380 3304 1975 3386">
    <p class='ocr_par' dir='ltr' id='par_1_63' title="bbox 380 3304 1975 3386">
     <span class='ocr_line' id='line_1_63' title="bbox 380 3304 1975 3386; baseline 0.007 -26"><span class='ocrx_word' id='word_1_564' title='bbox 380 3304 470 3360; x_wconf 91' lang='lat' dir='ltr'><strong><em>tici</em></strong></span> <span class='ocrx_word' id='word_1_565' title='bbox 503 3321 611 3361; x_wconf 94' lang='lat' dir='ltr'><strong><em>non</em></strong></span> <span class='ocrx_word' id='word_1_566' title='bbox 644 3307 940 3375; x_wconf 87' lang='lat' dir='ltr'><strong><em>habentes,</em></strong></span> <span class='ocrx_word' id='word_1_567' title='bbox 981 3311 1049 3365; x_wconf 88' lang='lat' dir='ltr'><strong>de</strong></span> <span class='ocrx_word' id='word_1_568' title='bbox 1099 3313 1212 3368; x_wconf 89' lang='lat' dir='ltr'><strong><em>Deo</em></strong></span> <span class='ocrx_word' id='word_1_569' title='bbox 1243 3312 1526 3380; x_wconf 87' lang='lat' dir='ltr'><strong><em>disputant</em></strong></span> <span class='ocrx_word' id='word_1_570' title='bbox 1560 3357 1573 3377; x_wconf 92' lang='lat'><strong><em>,</em></strong></span> <span class='ocrx_word' id='word_1_571' title='bbox 1626 3324 1681 3369; x_wconf 90' lang='lat' dir='ltr'><strong><em>et</em></strong></span> <span class='ocrx_word' id='word_1_572' title='bbox 1730 3331 1830 3386; x_wconf 89' lang='lat' dir='ltr'><strong><em>per</em></strong></span> <span class='ocrx_word' id='word_1_573' title='bbox 1865 3326 1975 3371; x_wconf 89' lang='lat' dir='ltr'><strong><em>ter-</em></strong></span> 
     </span>
    </p>
   </div>
   <div class='ocr_carea' id='block_1_64' title="bbox 377 3400 1968 3468">
    <p class='ocr_par' dir='ltr' id='par_1_64' title="bbox 377 3400 1968 3468">
     <span class='ocr_line' id='line_1_64' title="bbox 377 3400 1968 3468; baseline 0.007 -17"><span class='ocrx_word' id='word_1_574' title='bbox 377 3412 508 3453; x_wconf 87' lang='lat' dir='ltr'><strong><em>rena</em></strong></span> <span class='ocrx_word' id='word_1_575' title='bbox 537 3400 832 3468; x_wconf 77' lang='lat' dir='ltr'><strong><em>volvuntur</em></strong></span> <span class='ocrx_word' id='word_1_576' title='bbox 861 3419 877 3468; x_wconf 91' lang='lat'><strong>;</strong></span> <span class='ocrx_word' id='word_1_577' title='bbox 933 3411 988 3457; x_wconf 91' lang='lat' dir='ltr'><strong><em>et</em></strong></span> <span class='ocrx_word' id='word_1_578' title='bbox 1017 3418 1045 3455; x_wconf 90' lang='lat' dir='ltr'><strong><em>a</em></strong></span> <span class='ocrx_word' id='word_1_579' title='bbox 1077 3404 1414 3459; x_wconf 89' lang='lat' dir='ltr'><strong><em>sublimitate</em></strong></span> <span class='ocrx_word' id='word_1_580' title='bbox 1445 3405 1616 3460; x_wconf 89' lang='lat' dir='ltr'><strong><em>divini</em></strong></span> <span class='ocrx_word' id='word_1_581' title='bbox 1650 3407 1968 3468; x_wconf 66' lang='lat' dir='ltr'><strong><em>intellectus</em></strong></span> 
     </span>
    </p>
   </div>
   <div class='ocr_carea' id='block_1_65' title="bbox 375 3492 1981 3570">
    <p class='ocr_par' dir='ltr' id='par_1_65' title="bbox 375 3492 1981 3570">
     <span class='ocr_line' id='line_1_65' title="bbox 375 3492 1981 3570; baseline 0.004 -24"><span class='ocrx_word' id='word_1_582' title='bbox 375 3492 443 3547; x_wconf 89' lang='lat' dir='ltr'><strong><em>ad</em></strong></span> <span class='ocrx_word' id='word_1_583' title='bbox 473 3493 717 3562; x_wconf 75' lang='lat' dir='ltr'><strong><em>caduca,</em></strong></span> <span class='ocrx_word' id='word_1_584' title='bbox 750 3504 915 3565; x_wconf 90' lang='lat' dir='ltr'><strong><em>atque</em></strong></span> <span class='ocrx_word' id='word_1_585' title='bbox 967 3496 1208 3551; x_wconf 87' lang='lat' dir='ltr'><strong><em>carnalia</em></strong></span> <span class='ocrx_word' id='word_1_586' title='bbox 1264 3497 1647 3564; x_wconf 86' lang='lat' dir='ltr'><strong><em>deducuntur,</em></strong></span> <span class='ocrx_word' id='word_1_587' title='bbox 1683 3499 1981 3570; x_wconf 82' lang='lat' dir='ltr'><strong><em>cogitatio-</em></strong></span> 
     </span>
    </p>
   </div>
   <div class='ocr_carea' id='block_1_66' title="bbox 378 3584 1972 3660">
    <p class='ocr_par' dir='ltr' id='par_1_66' title="bbox 378 3584 1972 3660">
     <span class='ocr_line' id='line_1_66' title="bbox 378 3584 1972 3660; baseline 0.003 -21"><span class='ocrx_word' id='word_1_588' title='bbox 378 3599 509 3640; x_wconf 91' lang='lat' dir='ltr'><strong><em>num</em></strong></span> <span class='ocrx_word' id='word_1_589' title='bbox 542 3588 876 3641; x_wconf 89' lang='lat' dir='ltr'><strong><em>terrestrium</em></strong></span> <span class='ocrx_word' id='word_1_590' title='bbox 907 3584 933 3623; x_wconf 74' lang='grc' dir='ltr'>ἀ</span> <span class='ocrx_word' id='word_1_591' title='bbox 967 3589 1206 3656; x_wconf 90' lang='lat' dir='ltr'><strong><em>pondere</em></strong></span> <span class='ocrx_word' id='word_1_592' title='bbox 1238 3591 1584 3660; x_wconf 55' lang='lat' dir='ltr'><strong><em>praegravnti.</em></strong></span> <span class='ocrx_word' id='word_1_593' title='bbox 1617 3589 1728 3645; x_wconf 89' lang='lat' dir='ltr'><strong><em>Nec</em></strong></span> <span class='ocrx_word' id='word_1_594' title='bbox 1757 3591 1824 3644; x_wconf 89' lang='lat' dir='ltr'><strong><em>ad</em></strong></span> <span class='ocrx_word' id='word_1_595' title='bbox 1870 3606 1972 3644; x_wconf 89' lang='lat' dir='ltr'><strong><em>no-</em></strong></span> 
     </span>
    </p>
   </div>
   <div class='ocr_carea' id='block_1_67' title="bbox 379 3674 1966 3748">
    <p class='ocr_par' dir='ltr' id='par_1_67' title="bbox 379 3674 1966 3748">
     <span class='ocr_line' id='line_1_67' title="bbox 379 3674 1966 3748; baseline 0.004 -17"><span class='ocrx_word' id='word_1_596' title='bbox 379 3674 554 3731; x_wconf 90' lang='lat' dir='ltr'><strong><em>titiam</em></strong></span> <span class='ocrx_word' id='word_1_597' title='bbox 587 3688 816 3748; x_wconf 89' lang='lat' dir='ltr'><strong><em>possunt</em></strong></span> <span class='ocrx_word' id='word_1_598' title='bbox 840 3678 989 3734; x_wconf 91' lang='lat' dir='ltr'><strong><em>illius</em></strong></span> <span class='ocrx_word' id='word_1_599' title='bbox 1021 3680 1300 3734; x_wconf 75' lang='lat' dir='ltr'><strong><em>immensa:</em></strong></span> <span class='ocrx_word' id='word_1_600' title='bbox 1324 3679 1631 3735; x_wconf 83' lang='lat' dir='ltr'><strong><em>divinitatis</em></strong></span> <span class='ocrx_word' id='word_1_601' title='bbox 1661 3681 1930 3737; x_wconf 87' lang='lat' dir='ltr'><strong><em>accedere</em></strong></span> <span class='ocrx_word' id='word_1_602' title='bbox 1953 3723 1966 3746; x_wconf 94' lang='lat'><strong><em>,</em></strong></span> 
     </span>
    </p>
   </div>
   <div class='ocr_carea' id='block_1_68' title="bbox 377 3924 1976 3989">
    <p class='ocr_par' dir='ltr' id='par_1_68' title="bbox 377 3924 1976 3989">
     <span class='ocr_line' id='line_1_68' title="bbox 377 3924 1976 3989; baseline -0.002 -8"><span class='ocrx_word' id='word_1_603' title='bbox 377 3924 712 3989; x_wconf 85' lang='lat' dir='ltr'><strong><em>Paraclitus;</em></strong></span> <span class='ocrx_word' id='word_1_604' title='bbox 772 3924 1301 3980; x_wconf 67' lang='lat' dir='ltr'><strong><em>dixit:Paracletus</em></strong></span> <span class='ocrx_word' id='word_1_605' title='bbox 1355 3924 1553 3978; x_wconf 88' lang='lat' dir='ltr'><strong><em>deberet</em></strong></span> <span class='ocrx_word' id='word_1_606' title='bbox 1611 3925 1734 3978; x_wconf 91' lang='lat' dir='ltr'><strong><em>dici.</em></strong></span> <span class='ocrx_word' id='word_1_607' title='bbox 1787 3924 1976 3978; x_wconf 89' lang='lat' dir='ltr'><strong><em>Tamen</em></strong></span> 
     </span>
    </p>
   </div>
   <div class='ocr_carea' id='block_1_69' title="bbox 374 3994 1980 4060">
    <p class='ocr_par' dir='ltr' id='par_1_69' title="bbox 374 3994 1980 4060">
     <span class='ocr_line' id='line_1_69' title="bbox 374 3994 1980 4060; baseline -0.001 -10"><span class='ocrx_word' id='word_1_608' title='bbox 374 4012 467 4050; x_wconf 87' lang='lat' dir='ltr'><strong><em>nos</em></strong></span> <span class='ocrx_word' id='word_1_609' title='bbox 508 4013 612 4049; x_wconf 86' lang='lat' dir='ltr'><strong><em>non</em></strong></span> <span class='ocrx_word' id='word_1_610' title='bbox 660 3997 911 4050; x_wconf 86' lang='lat' dir='ltr'><strong><em>audemus</em></strong></span> <span class='ocrx_word' id='word_1_611' title='bbox 938 3997 1076 4049; x_wconf 84' lang='lat' dir='ltr'><strong><em>illud</em></strong></span> <span class='ocrx_word' id='word_1_612' title='bbox 1106 4005 1326 4060; x_wconf 86' lang='lat' dir='ltr'><strong><em>mutare,</em></strong></span> <span class='ocrx_word' id='word_1_613' title='bbox 1359 4013 1422 4050; x_wconf 82' lang='lat' dir='ltr'><strong><em>ea:</em></strong></span> <span class='ocrx_word' id='word_1_614' title='bbox 1450 3996 1834 4049; x_wconf 86' lang='lat' dir='ltr'><strong><em>consuetudine.</em></strong></span> <span class='ocrx_word' id='word_1_615' title='bbox 1871 3994 1980 4050; x_wconf 88' lang='lat' dir='ltr'><strong><em>Pa-</em></strong></span> 
     </span>
    </p>
   </div>
   <div class='ocr_carea' id='block_1_70' title="bbox 371 4066 1977 4135">
    <p class='ocr_par' dir='ltr' id='par_1_70' title="bbox 371 4066 1977 4135">
     <span class='ocr_line' id='line_1_70' title="bbox 371 4066 1977 4135; baseline -0.001 -14"><span class='ocrx_word' id='word_1_616' title='bbox 371 4067 588 4121; x_wconf 82' lang='lat' dir='ltr'><strong><em>raclitus</em></strong></span> <span class='ocrx_word' id='word_1_617' title='bbox 641 4068 877 4122; x_wconf 86' lang='lat' dir='ltr'><strong><em>barbare</em></strong></span> <span class='ocrx_word' id='word_1_618' title='bbox 933 4066 1041 4121; x_wconf 73' lang='lat' dir='ltr'><strong><em>diri</em></strong></span> <span class='ocrx_word' id='word_1_619' title='bbox 1093 4068 1206 4120; x_wconf 85' lang='lat' dir='ltr'><strong><em>vult</em></strong></span> <span class='ocrx_word' id='word_1_620' title='bbox 1253 4068 1498 4135; x_wconf 76' lang='lat' dir='ltr'><strong><em>Scaliger</em></strong></span> <span class='ocrx_word' id='word_1_621' title='bbox 1545 4069 1631 4122; x_wconf 92' lang='grc' dir='ltr'><strong><em>1.ι</em></strong></span> <span class='ocrx_word' id='word_1_622' title='bbox 1681 4066 1748 4122; x_wconf 90' lang='lat' dir='ltr'><strong><em>de</em></strong></span> <span class='ocrx_word' id='word_1_623' title='bbox 1797 4067 1977 4119; x_wconf 88' lang='lat' dir='ltr'><strong><em>causis</em></strong></span> 
     </span>
    </p>
   </div>
   <div class='ocr_carea' id='block_1_71' title="bbox 371 4137 1979 4206">
    <p class='ocr_par' dir='ltr' id='par_1_71' title="bbox 371 4137 1979 4206">
     <span class='ocr_line' id='line_1_71' title="bbox 371 4137 1979 4206; baseline -0.003 -12"><span class='ocrx_word' id='word_1_624' title='bbox 371 4138 435 4194; x_wconf 91' lang='lat' dir='ltr'><strong><em>L.</em></strong></span> <span class='ocrx_word' id='word_1_625' title='bbox 471 4139 531 4192; x_wconf 88' lang='lat' dir='ltr'><strong><em>L.</em></strong></span> <span class='ocrx_word' id='word_1_626' title='bbox 580 4154 629 4192; x_wconf 92' lang='lat' dir='ltr'><strong><em>c.</em></strong></span> <span class='ocrx_word' id='word_1_627' title='bbox 671 4139 764 4201; x_wconf 75' lang='lat'><strong><em>9.6,</em></strong></span> <span class='ocrx_word' id='word_1_628' title='bbox 811 4137 1054 4206; x_wconf 72' lang='lat' dir='ltr'><strong><em>quamvis</em></strong></span> <span class='ocrx_word' id='word_1_629' title='bbox 1110 4139 1247 4192; x_wconf 86' lang='lat' dir='ltr'><strong><em>hanc</em></strong></span> <span class='ocrx_word' id='word_1_630' title='bbox 1306 4153 1495 4191; x_wconf 82' lang='lat' dir='ltr'><strong><em>vocem</em></strong></span> <span class='ocrx_word' id='word_1_631' title='bbox 1555 4139 1692 4192; x_wconf 89' lang='lat' dir='ltr'><strong><em>tueri</em></strong></span> <span class='ocrx_word' id='word_1_632' title='bbox 1750 4147 1979 4191; x_wconf 86' lang='lat' dir='ltr'><strong><em>conetur</em></strong></span> 
     </span>
    </p>
   </div>
   <div class='ocr_carea' id='block_1_72' title="bbox 369 4207 1975 4273">
    <p class='ocr_par' dir='ltr' id='par_1_72' title="bbox 369 4207 1975 4273">
     <span class='ocr_line' id='line_1_72' title="bbox 369 4207 1975 4273; baseline -0.002 -8"><span class='ocrx_word' id='word_1_633' title='bbox 369 4210 612 4265; x_wconf 78' lang='lat' dir='ltr'><strong><em>Joannes</em></strong></span> <span class='ocrx_word' id='word_1_634' title='bbox 663 4210 901 4273; x_wconf 81' lang='lat' dir='ltr'><strong><em>Baptista</em></strong></span> <span class='ocrx_word' id='word_1_635' title='bbox 955 4209 1264 4268; x_wconf 84' lang='lat' dir='ltr'><strong><em>Thiersins.</em></strong></span> <span class='ocrx_word' id='word_1_636' title='bbox 1309 4210 1529 4263; x_wconf 83' lang='lat' dir='ltr'><strong><em>dissert.</em></strong></span> <span class='ocrx_word' id='word_1_637' title='bbox 1575 4211 1642 4263; x_wconf 88' lang='lat' dir='ltr'><strong><em>de</em></strong></span> <span class='ocrx_word' id='word_1_638' title='bbox 1687 4207 1975 4262; x_wconf 87' lang='lat' dir='ltr'><strong><em>retinenda</em></strong></span> 
     </span>
    </p>
   </div>
   <div class='ocr_carea' id='block_1_73' title="bbox 369 4279 1978 4347">
    <p class='ocr_par' dir='ltr' id='par_1_73' title="bbox 369 4279 1978 4347">
     <span class='ocr_line' id='line_1_73' title="bbox 369 4279 1978 4347; baseline -0.005 -9"><span class='ocrx_word' id='word_1_639' title='bbox 369 4296 506 4338; x_wconf 73' lang='lat' dir='ltr'><strong><em>Voce</em></strong></span> <span class='ocrx_word' id='word_1_640' title='bbox 540 4280 870 4344; x_wconf 84' lang='lat' dir='ltr'><strong><em>Paraclittts;</em></strong></span> <span class='ocrx_word' id='word_1_641' title='bbox 899 4289 956 4333; x_wconf 89' lang='lat' dir='ltr'><strong><em>at</em></strong></span> <span class='ocrx_word' id='word_1_642' title='bbox 983 4279 1315 4333; x_wconf 84' lang='lat' dir='ltr'><strong><em>Pararletum</em></strong></span> <span class='ocrx_word' id='word_1_643' title='bbox 1349 4280 1650 4347; x_wconf 87' lang='lat' dir='ltr'><strong><em>penultima</em></strong></span> <span class='ocrx_word' id='word_1_644' title='bbox 1682 4280 1839 4347; x_wconf 84' lang='lat' dir='ltr'><strong><em>longa</em></strong></span> <span class='ocrx_word' id='word_1_645' title='bbox 1860 4296 1978 4331; x_wconf 87' lang='lat' dir='ltr'><strong><em>om-</em></strong></span> 
     </span>
    </p>
   </div>
   <div class='ocr_carea' id='block_1_74' title="bbox 372 4350 1977 4416">
    <p class='ocr_par' dir='ltr' id='par_1_74' title="bbox 372 4350 1977 4416">
     <span class='ocr_line' id='line_1_74' title="bbox 372 4350 1977 4416; baseline -0.003 -9"><span class='ocrx_word' id='word_1_646' title='bbox 372 4353 504 4407; x_wconf 83' lang='lat' dir='ltr'><strong><em>nino</em></strong></span> <span class='ocrx_word' id='word_1_647' title='bbox 535 4351 636 4406; x_wconf 91' lang='lat' dir='ltr'><strong><em>dici</em></strong></span> <span class='ocrx_word' id='word_1_648' title='bbox 670 4351 894 4410; x_wconf 84' lang='lat' dir='ltr'><strong><em>debere.</em></strong></span> <span class='ocrx_word' id='word_1_649' title='bbox 926 4353 1212 4404; x_wconf 82' lang='lat' dir='ltr'><strong><em>Contendit</em></strong></span> <span class='ocrx_word' id='word_1_650' title='bbox 1242 4350 1566 4416; x_wconf 79' lang='lat' dir='ltr'><strong><em>Quintianus</em></strong></span> <span class='ocrx_word' id='word_1_651' title='bbox 1594 4351 1744 4410; x_wconf 84' lang='lat' dir='ltr'><strong><em>Stoa,</em></strong></span> <span class='ocrx_word' id='word_1_652' title='bbox 1800 4350 1977 4402; x_wconf 86' lang='lat' dir='ltr'><strong><em>muni-</em></strong></span> 
     </span>
    </p>
   </div>
   <div class='ocr_carea' id='block_1_75' title="bbox 371 4420 1972 4491">
    <p class='ocr_par' dir='ltr' id='par_1_75' title="bbox 371 4420 1972 4491">
     <span class='ocr_line' id='line_1_75' title="bbox 371 4420 1972 4491; baseline -0.001 -17"><span class='ocrx_word' id='word_1_653' title='bbox 371 4438 502 4488; x_wconf 77' lang='lat' dir='ltr'><strong><em>ceps</em></strong></span> <span class='ocrx_word' id='word_1_654' title='bbox 535 4434 743 4482; x_wconf 76' lang='lat' dir='ltr'><strong><em>nnSIer,</em></strong></span> <span class='ocrx_word' id='word_1_655' title='bbox 820 4421 1163 4490; x_wconf 80' lang='lat' dir='ltr'><strong><em>Epographia</em></strong></span> <span class='ocrx_word' id='word_1_656' title='bbox 1219 4421 1275 4485; x_wconf 73' lang='grc'>4,</span> <span class='ocrx_word' id='word_1_657' title='bbox 1332 4437 1451 4491; x_wconf 90' lang='lat' dir='ltr'><strong><em>cap.</em></strong></span> <span class='ocrx_word' id='word_1_658' title='bbox 1504 4423 1560 4482; x_wconf 80' lang='grc'>4,</span> <span class='ocrx_word' id='word_1_659' title='bbox 1595 4437 1645 4490; x_wconf 86' lang='grc' dir='ltr'><strong><em>ρ.</em></strong></span> <span class='ocrx_word' id='word_1_660' title='bbox 1677 4420 1808 4491; x_wconf 76' lang='grc'>276,</span> <span class='ocrx_word' id='word_1_661' title='bbox 1839 4421 1972 4474; x_wconf 93' lang='lat' dir='ltr'><strong><em>edit.</em></strong></span> 
     </span>
    </p>
   </div>
   <div class='ocr_carea' id='block_1_76' title="bbox 370 4490 1977 4564">
    <p class='ocr_par' dir='ltr' id='par_1_76' title="bbox 370 4490 1977 4564">
     <span class='ocr_line' id='line_1_76' title="bbox 370 4490 1977 4564; baseline -0.004 -14"><span class='ocrx_word' id='word_1_662' title='bbox 370 4493 596 4550; x_wconf 68' lang='lat' dir='ltr'><strong><em>Venetae</em></strong></span> <span class='ocrx_word' id='word_1_663' title='bbox 629 4493 796 4559; x_wconf 65' lang='lat'><strong><em>1568,</em></strong></span> <span class='ocrx_word' id='word_1_664' title='bbox 830 4495 970 4560; x_wconf 88' lang='lat' dir='ltr'><strong><em>apud</em></strong></span> <span class='ocrx_word' id='word_1_665' title='bbox 1005 4490 1672 4564; x_wconf 26' lang='lat' dir='ltr'><strong><em>Hieronyntum’Scmum.</em></strong></span> <span class='ocrx_word' id='word_1_666' title='bbox 1702 4490 1841 4564; x_wconf 45' lang='lat' dir='ltr'><strong><em>Cod;</em></strong></span> <span class='ocrx_word' id='word_1_667' title='bbox 1873 4492 1977 4546; x_wconf 84' lang='lat' dir='ltr'><strong><em>Oc-</em></strong></span> 
     </span>
    </p>
   </div>
   <div class='ocr_carea' id='block_1_77' title="bbox 371 4559 1974 4633">
    <p class='ocr_par' dir='ltr' id='par_1_77' title="bbox 371 4559 1974 4633">
     <span class='ocr_line' id='line_1_77' title="bbox 371 4559 1974 4633; baseline -0.003 -13"><span class='ocrx_word' id='word_1_668' title='bbox 371 4568 502 4620; x_wconf 86' lang='lat' dir='ltr'><strong><em>tavii</em></strong></span> <span class='ocrx_word' id='word_1_669' title='bbox 538 4559 1401 4633; x_wconf 53' lang='lat' dir='ltr'><strong><em>Pantagathiconstanter&#39;habet</em></strong></span> <span class='ocrx_word' id='word_1_670' title='bbox 1431 4562 1768 4625; x_wconf 88' lang='lat' dir='ltr'><strong><em>Paracletus,</em></strong></span> <span class='ocrx_word' id='word_1_671' title='bbox 1801 4559 1974 4617; x_wconf 88' lang='lat' dir='ltr'><strong><em>Para-</em></strong></span> 
     </span>
    </p>
   </div>
   <div class='ocr_carea' id='block_1_78' title="bbox 375 4635 909 4700">
    <p class='ocr_par' dir='ltr' id='par_1_78' title="bbox 375 4635 909 4700">
     <span class='ocr_line' id='line_1_78' title="bbox 375 4635 909 4700; baseline -0.006 -10"><span class='ocrx_word' id='word_1_672' title='bbox 375 4638 584 4700; x_wconf 84' lang='lat' dir='ltr'><strong><em>rletum,</em></strong></span> <span class='ocrx_word' id='word_1_673' title='bbox 617 4635 909 4689; x_wconf 86' lang='lat' dir='ltr'><strong><em>Pararleto.</em></strong></span> 
     </span>
    </p>
   </div>
   <div class='ocr_carea' id='block_1_79' title="bbox 444 4701 1973 4773">
    <p class='ocr_par' dir='ltr' id='par_1_79' title="bbox 444 4701 1973 4773">
     <span class='ocr_line' id='line_1_79' title="bbox 444 4701 1973 4773; baseline -0.004 -11"><span class='ocrx_word' id='word_1_674' title='bbox 444 4716 470 4743; x_wconf 75' lang='grc'>⁸</span> <span class='ocrx_word' id='word_1_675' title='bbox 511 4708 602 4762; x_wconf 89' lang='lat' dir='ltr'><strong><em>Sic</em></strong></span> <span class='ocrx_word' id='word_1_676' title='bbox 631 4707 954 4760; x_wconf 84' lang='lat' dir='ltr'><strong><em>Parisiensis</em></strong></span> <span class='ocrx_word' id='word_1_677' title='bbox 987 4706 1176 4768; x_wconf 86' lang='lat' dir='ltr'><strong><em>editio,</em></strong></span> <span class='ocrx_word' id='word_1_678' title='bbox 1209 4715 1264 4760; x_wconf 89' lang='lat' dir='ltr'><strong><em>et</em></strong></span> <span class='ocrx_word' id='word_1_679' title='bbox 1295 4703 1435 4759; x_wconf 90' lang='lat' dir='ltr'><strong><em>liber</em></strong></span> <span class='ocrx_word' id='word_1_680' title='bbox 1457 4703 1798 4773; x_wconf 80' lang='lat' dir='ltr'><strong><em>Pantagathi.</em></strong></span> <span class='ocrx_word' id='word_1_681' title='bbox 1826 4701 1973 4756; x_wconf 77' lang='lat' dir='ltr'><strong><em>Vati.</em></strong></span> 
     </span>
    </p>
   </div>
   <div class='ocr_carea' id='block_1_80' title="bbox 2085 3309 3689 3381">
    <p class='ocr_par' dir='ltr' id='par_1_80' title="bbox 2085 3309 3689 3381">
     <span class='ocr_line' id='line_1_80' title="bbox 2085 3309 3689 3381; baseline -0.002 -13"><span class='ocrx_word' id='word_1_682' title='bbox 2085 3321 2308 3375; x_wconf 86' lang='lat' dir='ltr'><strong><em>sancto;</em></strong></span> <span class='ocrx_word' id='word_1_683' title='bbox 2342 3313 2597 3381; x_wconf 91' lang='lat' dir='ltr'><strong><em>quoniam</em></strong></span> <span class='ocrx_word' id='word_1_684' title='bbox 2628 3310 2914 3366; x_wconf 85' lang='lat' dir='ltr'><strong><em>Trinitatis</em></strong></span> <span class='ocrx_word' id='word_1_685' title='bbox 2960 3311 3256 3364; x_wconf 74' lang='lat' dir='ltr'><strong><em>adorandae</em></strong></span> <span class='ocrx_word' id='word_1_686' title='bbox 3307 3325 3416 3364; x_wconf 89' lang='lat' dir='ltr'><strong><em>una</em></strong></span> <span class='ocrx_word' id='word_1_687' title='bbox 3467 3309 3689 3364; x_wconf 88' lang='lat' dir='ltr'><strong><em>eadem-</em></strong></span> 
     </span>
    </p>
   </div>
   <div class='ocr_carea' id='block_1_81' title="bbox 2081 3400 3688 3474">
    <p class='ocr_par' dir='ltr' id='par_1_81' title="bbox 2081 3400 3688 3474">
     <span class='ocr_line' id='line_1_81' title="bbox 2081 3400 3688 3474; baseline -0.001 -16"><span class='ocrx_word' id='word_1_688' title='bbox 2081 3421 2189 3474; x_wconf 89' lang='lat' dir='ltr'><strong><em>que</em></strong></span> <span class='ocrx_word' id='word_1_689' title='bbox 2248 3405 2506 3460; x_wconf 89' lang='lat' dir='ltr'><strong><em>divinitas</em></strong></span> <span class='ocrx_word' id='word_1_690' title='bbox 2537 3419 2758 3473; x_wconf 82' lang='lat' dir='ltr'><strong><em>semper</em></strong></span> <span class='ocrx_word' id='word_1_691' title='bbox 2785 3403 2990 3472; x_wconf 91' lang='lat' dir='ltr'><strong><em>ubique</em></strong></span> <span class='ocrx_word' id='word_1_692' title='bbox 3017 3412 3120 3456; x_wconf 91' lang='lat' dir='ltr'><strong><em>est.</em></strong></span> <span class='ocrx_word' id='word_1_693' title='bbox 3154 3400 3256 3456; x_wconf 88' lang='lat' dir='ltr'><strong><em>Sed</em></strong></span> <span class='ocrx_word' id='word_1_694' title='bbox 3290 3409 3348 3454; x_wconf 91' lang='lat' dir='ltr'><strong><em>ut</em></strong></span> <span class='ocrx_word' id='word_1_695' title='bbox 3393 3401 3599 3466; x_wconf 87' lang='lat' dir='ltr'><strong><em>Patris,</em></strong></span> <span class='ocrx_word' id='word_1_696' title='bbox 3629 3411 3688 3457; x_wconf 89' lang='lat' dir='ltr'><strong><em>et</em></strong></span> 
     </span>
    </p>
   </div>
   <div class='ocr_carea' id='block_1_82' title="bbox 2083 3493 3684 3566">
    <p class='ocr_par' dir='ltr' id='par_1_82' title="bbox 2083 3493 3684 3566">
     <span class='ocr_line' id='line_1_82' title="bbox 2083 3493 3684 3566; baseline -0.004 -14"><span class='ocrx_word' id='word_1_697' title='bbox 2083 3497 2236 3564; x_wconf 82' lang='lat' dir='ltr'><strong><em>Filii,</em></strong></span> <span class='ocrx_word' id='word_1_698' title='bbox 2270 3507 2324 3550; x_wconf 91' lang='lat' dir='ltr'><strong><em>et</em></strong></span> <span class='ocrx_word' id='word_1_699' title='bbox 2371 3497 2610 3566; x_wconf 89' lang='lat' dir='ltr'><strong><em>Spiritus</em></strong></span> <span class='ocrx_word' id='word_1_700' title='bbox 2658 3495 2831 3549; x_wconf 90' lang='lat' dir='ltr'><strong><em>sancti</em></strong></span> <span class='ocrx_word' id='word_1_701' title='bbox 2857 3535 2872 3560; x_wconf 90' lang='lat'><strong><em>,</em></strong></span> <span class='ocrx_word' id='word_1_702' title='bbox 2906 3510 3009 3547; x_wconf 89' lang='lat' dir='ltr'><strong><em>una</em></strong></span> <span class='ocrx_word' id='word_1_703' title='bbox 3064 3493 3373 3548; x_wconf 89' lang='lat' dir='ltr'><strong><em>traderetur</em></strong></span> <span class='ocrx_word' id='word_1_704' title='bbox 3401 3493 3684 3548; x_wconf 90' lang='lat' dir='ltr'><strong><em>credenti-</em></strong></span> 
     </span>
    </p>
   </div>
   <div class='ocr_carea' id='block_1_83' title="bbox 2080 3583 3684 3654">
    <p class='ocr_par' dir='ltr' id='par_1_83' title="bbox 2080 3583 3684 3654">
     <span class='ocr_line' id='line_1_83' title="bbox 2080 3583 3684 3654; baseline -0.001 -11"><span class='ocrx_word' id='word_1_705' title='bbox 2080 3589 2184 3644; x_wconf 89' lang='lat' dir='ltr'><strong><em>bus</em></strong></span> <span class='ocrx_word' id='word_1_706' title='bbox 2215 3589 2381 3652; x_wconf 84' lang='lat' dir='ltr'><strong><em>ﬁdes,</em></strong></span> <span class='ocrx_word' id='word_1_707' title='bbox 2417 3597 2473 3642; x_wconf 90' lang='lat' dir='ltr'><strong><em>et</em></strong></span> <span class='ocrx_word' id='word_1_708' title='bbox 2526 3587 2779 3641; x_wconf 87' lang='lat' dir='ltr'><strong><em>distincta</em></strong></span> <span class='ocrx_word' id='word_1_709' title='bbox 2832 3586 3106 3641; x_wconf 80' lang='lat' dir='ltr'><strong><em>confessio</em></strong></span> <span class='ocrx_word' id='word_1_710' title='bbox 3136 3627 3151 3652; x_wconf 94' lang='lat'><strong><em>,</em></strong></span> <span class='ocrx_word' id='word_1_711' title='bbox 3186 3593 3473 3654; x_wconf 89' lang='lat' dir='ltr'><strong><em>propterea</em></strong></span> <span class='ocrx_word' id='word_1_712' title='bbox 3521 3583 3684 3641; x_wconf 88' lang='lat' dir='ltr'><strong><em>Pater</em></strong></span> 
     </span>
    </p>
   </div>
   <div class='ocr_carea' id='block_1_84' title="bbox 2081 3677 3668 3748">
    <p class='ocr_par' dir='ltr' id='par_1_84' title="bbox 2081 3677 3668 3748">
     <span class='ocr_line' id='line_1_84' title="bbox 2081 3677 3668 3748; baseline -0.001 -13"><span class='ocrx_word' id='word_1_713' title='bbox 2081 3690 2137 3736; x_wconf 90' lang='lat' dir='ltr'><strong><em>et</em></strong></span> <span class='ocrx_word' id='word_1_714' title='bbox 2169 3680 2363 3735; x_wconf 83' lang='lat' dir='ltr'><strong><em>Filium</em></strong></span> <span class='ocrx_word' id='word_1_715' title='bbox 2395 3681 2644 3743; x_wconf 88' lang='lat' dir='ltr'><strong><em>mittere,</em></strong></span> <span class='ocrx_word' id='word_1_716' title='bbox 2677 3687 2734 3733; x_wconf 90' lang='lat' dir='ltr'><strong><em>et</em></strong></span> <span class='ocrx_word' id='word_1_717' title='bbox 2772 3677 3040 3748; x_wconf 90' lang='lat' dir='ltr'><strong><em>Spiritum</em></strong></span> <span class='ocrx_word' id='word_1_718' title='bbox 3073 3687 3322 3732; x_wconf 88' lang='lat' dir='ltr'><strong><em>sanctum</em></strong></span> <span class='ocrx_word' id='word_1_719' title='bbox 3375 3677 3668 3733; x_wconf 70' lang='lat' dir='ltr'><strong><em>scribitur</em></strong></span> 
     </span>
    </p>
   </div>
   <div class='ocr_carea' id='block_1_85' title="bbox 2162 3922 3678 3989">
    <p class='ocr_par' dir='ltr' id='par_1_85' title="bbox 2162 3922 3678 3989">
     <span class='ocr_line' id='line_1_85' title="bbox 2162 3922 3678 3989; baseline -0.003 -9"><span class='ocrx_word' id='word_1_720' title='bbox 2162 3934 2185 3961; x_wconf 73' lang='grc' dir='ltr'>θ</span> <span class='ocrx_word' id='word_1_721' title='bbox 2227 3923 2472 3986; x_wconf 84' lang='lat' dir='ltr'><strong><em>Uterque</em></strong></span> <span class='ocrx_word' id='word_1_722' title='bbox 2519 3922 2642 3978; x_wconf 80' lang='lat' dir='ltr'><strong><em>Vat.</em></strong></span> <span class='ocrx_word' id='word_1_723' title='bbox 2665 3963 2678 3980; x_wconf 91' lang='lat'><strong><em>.</em></strong></span> <span class='ocrx_word' id='word_1_724' title='bbox 2725 3931 2771 3977; x_wconf 87' lang='lat' dir='ltr'><strong><em>et</em></strong></span> <span class='ocrx_word' id='word_1_725' title='bbox 2819 3923 3120 3977; x_wconf 82' lang='lat' dir='ltr'><strong><em>habitavere</em></strong></span> <span class='ocrx_word' id='word_1_726' title='bbox 3147 3939 3199 3976; x_wconf 90' lang='lat' dir='ltr'><strong><em>tn</em></strong></span> <span class='ocrx_word' id='word_1_727' title='bbox 3233 3930 3457 3977; x_wconf 71' lang='lat' dir='ltr'><strong><em>extrema</em></strong></span> <span class='ocrx_word' id='word_1_728' title='bbox 3485 3923 3678 3989; x_wconf 89' lang='lat' dir='ltr'><strong><em>maris;</em></strong></span> 
     </span>
    </p>
   </div>
   <div class='ocr_carea' id='block_1_86' title="bbox 2084 3993 3681 4066">
    <p class='ocr_par' dir='ltr' id='par_1_86' title="bbox 2084 3993 3681 4066">
     <span class='ocr_line' id='line_1_86' title="bbox 2084 3993 3681 4066; baseline -0.001 -16"><span class='ocrx_word' id='word_1_729' title='bbox 2084 3995 2270 4061; x_wconf 88' lang='lat' dir='ltr'><strong><em>Flor.,</em></strong></span> <span class='ocrx_word' id='word_1_730' title='bbox 2311 4005 2357 4048; x_wconf 83' lang='lat' dir='ltr'><strong><em>et</em></strong></span> <span class='ocrx_word' id='word_1_731' title='bbox 2397 3994 2636 4048; x_wconf 87' lang='lat' dir='ltr'><strong><em>habitabo</em></strong></span> <span class='ocrx_word' id='word_1_732' title='bbox 2683 3996 2734 4048; x_wconf 89' lang='lat' dir='ltr'><strong><em>in</em></strong></span> <span class='ocrx_word' id='word_1_733' title='bbox 2783 4006 3042 4066; x_wconf 83' lang='lat' dir='ltr'><strong><em>postrema</em></strong></span> <span class='ocrx_word' id='word_1_734' title='bbox 3073 3995 3250 4048; x_wconf 90' lang='lat' dir='ltr'><strong><em>maris.</em></strong></span> <span class='ocrx_word' id='word_1_735' title='bbox 3286 3993 3452 4048; x_wconf 87' lang='lat' dir='ltr'><strong><em>Liber</em></strong></span> <span class='ocrx_word' id='word_1_736' title='bbox 3481 3993 3681 4049; x_wconf 88' lang='lat' dir='ltr'><strong><em>Panta-</em></strong></span> 
     </span>
    </p>
   </div>
   <div class='ocr_carea' id='block_1_87' title="bbox 2083 4066 3283 4138">
    <p class='ocr_par' dir='ltr' id='par_1_87' title="bbox 2083 4066 3283 4138">
     <span class='ocr_line' id='line_1_87' title="bbox 2083 4066 3283 4138; baseline -0.002 -18"><span class='ocrx_word' id='word_1_737' title='bbox 2083 4068 2232 4138; x_wconf 78' lang='lat' dir='ltr'><strong><em>gathi</em></strong></span> <span class='ocrx_word' id='word_1_738' title='bbox 2261 4110 2274 4133; x_wconf 85' lang='lat'><strong><em>,</em></strong></span> <span class='ocrx_word' id='word_1_739' title='bbox 2308 4075 2356 4120; x_wconf 91' lang='lat' dir='ltr'><strong><em>et</em></strong></span> <span class='ocrx_word' id='word_1_740' title='bbox 2384 4066 2680 4138; x_wconf 84' lang='lat' dir='ltr'><strong><em>habitavero</em></strong></span> <span class='ocrx_word' id='word_1_741' title='bbox 2725 4068 2780 4120; x_wconf 90' lang='lat' dir='ltr'><strong><em>in</em></strong></span> <span class='ocrx_word' id='word_1_742' title='bbox 2808 4076 3068 4138; x_wconf 86' lang='lat' dir='ltr'><strong><em>postrema</em></strong></span> <span class='ocrx_word' id='word_1_743' title='bbox 3105 4067 3283 4138; x_wconf 81' lang='lat' dir='ltr'><strong><em>maris.</em></strong></span> 
     </span>
    </p>
   </div>
   <div class='ocr_carea' id='block_1_88' title="bbox 2161 4134 3681 4193">
    <p class='ocr_par' dir='ltr' id='par_1_88' title="bbox 2161 4134 3681 4193">
     <span class='ocr_line' id='line_1_88' title="bbox 2161 4134 3681 4193; baseline -0.002 -1"><span class='ocrx_word' id='word_1_744' title='bbox 2161 4136 2179 4175; x_wconf 67' lang='grc' dir='ltr'>ί</span> <span class='ocrx_word' id='word_1_745' title='bbox 2222 4138 2602 4193; x_wconf 75' lang='lat' dir='ltr'><strong><em>Restitttendze</em></strong></span> <span class='ocrx_word' id='word_1_746' title='bbox 2656 4134 2876 4192; x_wconf 74' lang='lat' dir='ltr'><strong><em>lectioni</em></strong></span> <span class='ocrx_word' id='word_1_747' title='bbox 2934 4137 3141 4190; x_wconf 90' lang='lat' dir='ltr'><strong><em>nullum</em></strong></span> <span class='ocrx_word' id='word_1_748' title='bbox 3202 4134 3501 4190; x_wconf 81' lang='lat' dir='ltr'><strong><em>subsidium</em></strong></span> <span class='ocrx_word' id='word_1_749' title='bbox 3537 4134 3681 4190; x_wconf 78' lang='lat' dir='ltr'><strong><em>fere-</em></strong></span> 
     </span>
    </p>
   </div>
   <div class='ocr_carea' id='block_1_89' title="bbox 2082 4206 3678 4263">
    <p class='ocr_par' dir='ltr' id='par_1_89' title="bbox 2082 4206 3678 4263">
     <span class='ocr_line' id='line_1_89' title="bbox 2082 4206 3678 4263; baseline -0.001 -1"><span class='ocrx_word' id='word_1_750' title='bbox 2082 4209 2215 4262; x_wconf 85' lang='lat' dir='ltr'><strong><em>bant</em></strong></span> <span class='ocrx_word' id='word_1_751' title='bbox 2266 4208 2426 4263; x_wconf 91' lang='lat' dir='ltr'><strong><em>codd.</em></strong></span> <span class='ocrx_word' id='word_1_752' title='bbox 2489 4224 2610 4263; x_wconf 86' lang='lat' dir='ltr'><strong><em>cum</em></strong></span> <span class='ocrx_word' id='word_1_753' title='bbox 2645 4216 2823 4262; x_wconf 90' lang='lat' dir='ltr'><strong><em>tamen</em></strong></span> <span class='ocrx_word' id='word_1_754' title='bbox 2858 4209 2911 4262; x_wconf 90' lang='lat' dir='ltr'><strong><em>in</em></strong></span> <span class='ocrx_word' id='word_1_755' title='bbox 2943 4209 3106 4261; x_wconf 89' lang='lat' dir='ltr'><strong><em>editis</em></strong></span> <span class='ocrx_word' id='word_1_756' title='bbox 3137 4206 3487 4261; x_wconf 82' lang='lat' dir='ltr'><strong><em>manifestum</em></strong></span> <span class='ocrx_word' id='word_1_757' title='bbox 3530 4217 3678 4261; x_wconf 80' lang='lat' dir='ltr'><strong><em>esset</em></strong></span> 
     </span>
    </p>
   </div>
   <div class='ocr_carea' id='block_1_90' title="bbox 2084 4276 3675 4346">
    <p class='ocr_par' dir='ltr' id='par_1_90' title="bbox 2084 4276 3675 4346">
     <span class='ocr_line' id='line_1_90' title="bbox 2084 4276 3675 4346; baseline -0.003 -14"><span class='ocrx_word' id='word_1_758' title='bbox 2084 4281 2342 4335; x_wconf 89' lang='lat' dir='ltr'><strong><em>mendum</em></strong></span> <span class='ocrx_word' id='word_1_759' title='bbox 2377 4321 2392 4344; x_wconf 91' lang='lat'><strong><em>,</em></strong></span> <span class='ocrx_word' id='word_1_760' title='bbox 2446 4279 2533 4333; x_wconf 88' lang='lat' dir='ltr'><strong><em>ubi</em></strong></span> <span class='ocrx_word' id='word_1_761' title='bbox 2578 4295 2675 4346; x_wconf 87' lang='lat' dir='ltr'><strong><em>pro</em></strong></span> <span class='ocrx_word' id='word_1_762' title='bbox 2713 4278 2992 4331; x_wconf 87' lang='lat' dir='ltr'><strong><em>indivisam</em></strong></span> <span class='ocrx_word' id='word_1_763' title='bbox 3046 4277 3280 4332; x_wconf 89' lang='lat' dir='ltr'><strong><em>habetur</em></strong></span> <span class='ocrx_word' id='word_1_764' title='bbox 3316 4276 3675 4343; x_wconf 82' lang='lat' dir='ltr'><strong><em>indioulsam;</em></strong></span> 
     </span>
    </p>
   </div>
   <div class='ocr_carea' id='block_1_91' title="bbox 2081 4346 3680 4418">
    <p class='ocr_par' dir='ltr' id='par_1_91' title="bbox 2081 4346 3680 4418">
     <span class='ocr_line' id='line_1_91' title="bbox 2081 4346 3680 4418; baseline -0.002 -14"><span class='ocrx_word' id='word_1_765' title='bbox 2081 4351 2269 4418; x_wconf 86' lang='lat' dir='ltr'><strong><em>itaque</em></strong></span> <span class='ocrx_word' id='word_1_766' title='bbox 2296 4365 2481 4405; x_wconf 87' lang='lat' dir='ltr'><strong><em>vocem</em></strong></span> <span class='ocrx_word' id='word_1_767' title='bbox 2525 4352 2664 4404; x_wconf 92' lang='lat' dir='ltr'><strong><em>hanc</em></strong></span> <span class='ocrx_word' id='word_1_768' title='bbox 2713 4360 2826 4404; x_wconf 86' lang='lat' dir='ltr'><strong><em>tuto</em></strong></span> <span class='ocrx_word' id='word_1_769' title='bbox 2865 4350 3150 4418; x_wconf 90' lang='lat' dir='ltr'><strong><em>ejecimns.</em></strong></span> <span class='ocrx_word' id='word_1_770' title='bbox 3181 4346 3318 4404; x_wconf 87' lang='lat' dir='ltr'><strong><em>Cod.</em></strong></span> <span class='ocrx_word' id='word_1_771' title='bbox 3366 4347 3500 4403; x_wconf 88' lang='lat' dir='ltr'><strong><em>Urb.</em></strong></span> <span class='ocrx_word' id='word_1_772' title='bbox 3548 4348 3680 4418; x_wconf 76' lang='lat' dir='ltr'><strong><em>legit</em></strong></span> 
     </span>
    </p>
   </div>
   <div class='ocr_carea' id='block_1_92' title="bbox 2081 4419 3672 4485">
    <p class='ocr_par' dir='ltr' id='par_1_92' title="bbox 2081 4419 3672 4485">
     <span class='ocr_line' id='line_1_92' title="bbox 2081 4419 3672 4485; baseline -0.001 -11"><span class='ocrx_word' id='word_1_773' title='bbox 2081 4421 2339 4474; x_wconf 85' lang='lat' dir='ltr'><strong><em>invulsam</em></strong></span> <span class='ocrx_word' id='word_1_774' title='bbox 2393 4421 2664 4476; x_wconf 86' lang='lat' dir='ltr'><strong><em>Trinitatis</em></strong></span> <span class='ocrx_word' id='word_1_775' title='bbox 2715 4432 2957 4474; x_wconf 90' lang='lat' dir='ltr'><strong><em>naturam</em></strong></span> <span class='ocrx_word' id='word_1_776' title='bbox 2983 4464 2996 4485; x_wconf 84' lang='lat'><strong><em>,</em></strong></span> <span class='ocrx_word' id='word_1_777' title='bbox 3031 4422 3179 4474; x_wconf 87' lang='lat' dir='ltr'><strong><em>nullo</em></strong></span> <span class='ocrx_word' id='word_1_778' title='bbox 3217 4435 3421 4474; x_wconf 86' lang='lat' dir='ltr'><strong><em>sensu:</em></strong></span> <span class='ocrx_word' id='word_1_779' title='bbox 3465 4429 3515 4471; x_wconf 88' lang='lat' dir='ltr'><strong><em>at</em></strong></span> <span class='ocrx_word' id='word_1_780' title='bbox 3547 4419 3672 4472; x_wconf 82' lang='lat' dir='ltr'><strong><em>end.</em></strong></span> 
     </span>
    </p>
   </div>
   <div class='ocr_carea' id='block_1_93' title="bbox 2083 4489 3676 4562">
    <p class='ocr_par' dir='ltr' id='par_1_93' title="bbox 2083 4489 3676 4562">
     <span class='ocr_line' id='line_1_93' title="bbox 2083 4489 3676 4562; baseline -0.001 -18"><span class='ocrx_word' id='word_1_781' title='bbox 2083 4491 2431 4562; x_wconf 68' lang='lat' dir='ltr'><strong><em>Pantagathi,</em></strong></span> <span class='ocrx_word' id='word_1_782' title='bbox 2463 4493 2554 4562; x_wconf 91' lang='lat' dir='ltr'><strong><em>qui</em></strong></span> <span class='ocrx_word' id='word_1_783' title='bbox 2595 4506 2732 4547; x_wconf 85' lang='lat' dir='ltr'><strong><em>unus</em></strong></span> <span class='ocrx_word' id='word_1_784' title='bbox 2776 4494 2878 4546; x_wconf 91' lang='lat' dir='ltr'><strong><em>hoc</em></strong></span> <span class='ocrx_word' id='word_1_785' title='bbox 2908 4492 3033 4546; x_wconf 90' lang='lat' dir='ltr'><strong><em>loco</em></strong></span> <span class='ocrx_word' id='word_1_786' title='bbox 3061 4507 3226 4547; x_wconf 79' lang='lat' dir='ltr'><strong><em>Sanus</em></strong></span> <span class='ocrx_word' id='word_1_787' title='bbox 3258 4501 3366 4562; x_wconf 75' lang='lat' dir='ltr'><strong><em>est,</em></strong></span> <span class='ocrx_word' id='word_1_788' title='bbox 3396 4489 3676 4562; x_wconf 84' lang='lat' dir='ltr'><strong><em>indivisam</em></strong></span> 
     </span>
    </p>
   </div>
   <div class='ocr_carea' id='block_1_94' title="bbox 2086 4561 3675 4632">
    <p class='ocr_par' dir='ltr' id='par_1_94' title="bbox 2086 4561 3675 4632">
     <span class='ocr_line' id='line_1_94' title="bbox 2086 4561 3675 4632; baseline -0.003 -16"><span class='ocrx_word' id='word_1_789' title='bbox 2086 4561 2360 4616; x_wconf 88' lang='lat' dir='ltr'><strong><em>Trinitatis</em></strong></span> <span class='ocrx_word' id='word_1_790' title='bbox 2382 4561 2623 4617; x_wconf 82' lang='lat' dir='ltr'><strong><em>naturam</em></strong></span> <span class='ocrx_word' id='word_1_791' title='bbox 2649 4580 2663 4625; x_wconf 89' lang='lat'><strong>;</strong></span> <span class='ocrx_word' id='word_1_792' title='bbox 2695 4578 2862 4632; x_wconf 90' lang='lat' dir='ltr'><strong><em>quare</em></strong></span> <span class='ocrx_word' id='word_1_793' title='bbox 2891 4573 2944 4618; x_wconf 90' lang='lat' dir='ltr'><strong><em>et</em></strong></span> <span class='ocrx_word' id='word_1_794' title='bbox 2975 4563 3208 4617; x_wconf 90' lang='lat' dir='ltr'><strong><em>aliorum</em></strong></span> <span class='ocrx_word' id='word_1_795' title='bbox 3239 4561 3506 4632; x_wconf 83' lang='lat' dir='ltr'><strong><em>librorum</em></strong></span> <span class='ocrx_word' id='word_1_796' title='bbox 3540 4561 3675 4632; x_wconf 70' lang='lat' dir='ltr'><strong><em>vitio</em></strong></span> 
     </span>
    </p>
   </div>
   <div class='ocr_carea' id='block_1_95' title="bbox 2083 4630 3675 4702">
    <p class='ocr_par' dir='ltr' id='par_1_95' title="bbox 2083 4630 3675 4702">
     <span class='ocr_line' id='line_1_95' title="bbox 2083 4630 3675 4702; baseline -0.003 -14"><span class='ocrx_word' id='word_1_797' title='bbox 2083 4634 2369 4697; x_wconf 88' lang='lat' dir='ltr'><strong><em>medetur,</em></strong></span> <span class='ocrx_word' id='word_1_798' title='bbox 2402 4644 2456 4689; x_wconf 90' lang='lat' dir='ltr'><strong><em>et</em></strong></span> <span class='ocrx_word' id='word_1_799' title='bbox 2501 4630 2875 4702; x_wconf 80' lang='lat' dir='ltr'><strong><em>conjecturam</em></strong></span> <span class='ocrx_word' id='word_1_800' title='bbox 2923 4645 3166 4686; x_wconf 82' lang='lat' dir='ltr'><strong><em>ImSlram</em></strong></span> <span class='ocrx_word' id='word_1_801' title='bbox 3217 4632 3270 4686; x_wconf 93' lang='lat' dir='ltr'><strong><em>in</em></strong></span> <span class='ocrx_word' id='word_1_802' title='bbox 3318 4631 3482 4700; x_wconf 90' lang='lat' dir='ltr'><strong><em>priori</em></strong></span> <span class='ocrx_word' id='word_1_803' title='bbox 3506 4630 3675 4702; x_wconf 20' lang='lat' dir='ltr'><strong><em>#Gau-</em></strong></span> 
     </span>
    </p>
   </div>
   <div class='ocr_carea' id='block_1_96' title="bbox 2082 4700 3676 4773">
    <p class='ocr_par' dir='ltr' id='par_1_96' title="bbox 2082 4700 3676 4773">
     <span class='ocr_line' id='line_1_96' title="bbox 2082 4700 3676 4773; baseline -0.001 -16"><span class='ocrx_word' id='word_1_804' title='bbox 2082 4704 2250 4759; x_wconf 89' lang='lat' dir='ltr'><strong><em>dentii</em></strong></span> <span class='ocrx_word' id='word_1_805' title='bbox 2283 4704 2521 4758; x_wconf 87' lang='lat' dir='ltr'><strong><em>editione</em></strong></span> <span class='ocrx_word' id='word_1_806' title='bbox 2566 4700 2836 4773; x_wconf 78' lang='lat' dir='ltr'><strong><em>vulgatam</em></strong></span> <span class='ocrx_word' id='word_1_807' title='bbox 2881 4705 3102 4773; x_wconf 70' lang='lat' dir='ltr'><strong><em>egregie</em></strong></span> <span class='ocrx_word' id='word_1_808' title='bbox 3149 4700 3676 4773; x_wconf 76' lang='lat' dir='ltr'><strong><em>conli_rmat._Pnrro</em></strong></span> 
     </span>
    </p>
   </div>
   <div class='ocr_carea' id='block_1_97' title="bbox 369 4749 3672 4848">
    <p class='ocr_par' dir='ltr' id='par_1_97' title="bbox 369 4749 3672 4848">
     <span class='ocr_line' id='line_1_97' title="bbox 369 4749 3672 4848; baseline -0.002 -16"><span class='ocrx_word' id='word_1_809' title='bbox 369 4749 974 4832; x_wconf 67' lang='grc' dir='ltr'><strong><em>ο‹›ιι‹ιῗ’ςὶἰιίἔέπί”ἕ”ἑὶἦὲἰέ</em></strong></span> <span class='ocrx_word' id='word_1_810' title='bbox 988 4749 1477 4848; x_wconf 45' lang='lat' dir='ltr'><strong><em>tie-nire.-</em></strong></span> <span class='ocrx_word' id='word_1_811' title='bbox 1491 4749 1700 4828; x_wconf 36' lang='lat' dir='ltr'><strong><em>sanctius</em></strong></span> <span class='ocrx_word' id='word_1_812' title='bbox 1739 4773 1971 4845; x_wconf 86' lang='lat' dir='ltr'><strong><em>perhibe-</em></strong></span> <span class='ocrx_word' id='word_1_813' title='bbox 2005 4749 2053 4809; x_wconf 83' lang='lat' dir='ltr'><strong>D</strong></span> <span class='ocrx_word' id='word_1_814' title='bbox 2081 4775 2330 4848; x_wconf 71' lang='lat' dir='ltr'><strong><em>quantivis</em></strong></span> <span class='ocrx_word' id='word_1_815' title='bbox 2362 4776 2559 4848; x_wconf 72' lang='lat' dir='ltr'><strong><em>scirem</em></strong></span> <span class='ocrx_word' id='word_1_816' title='bbox 2604 4749 2835 4828; x_wconf 48' lang='lat' dir='ltr'><strong><em>ittzeniri</em></strong></span> <span class='ocrx_word' id='word_1_817' title='bbox 2859 4749 3262 4841; x_wconf 51' lang='lat' dir='ltr'><strong><em>apaud&#39;biacrnb.</em></strong></span> <span class='ocrx_word' id='word_1_818' title='bbox 3423 4787 3438 4823; x_wconf 90' lang='lat' dir='ltr'><strong><em>l</em></strong></span> <span class='ocrx_word' id='word_1_819' title='bbox 3469 4769 3588 4848; x_wconf 69' lang='lat' dir='ltr'><strong><em>Sat.</em></strong></span> <span class='ocrx_word' id='word_1_820' title='bbox 3621 4785 3672 4826; x_wconf 94' lang='lat' dir='ltr'><strong><em>c.</em></strong></span> 
     </span>
    </p>
   </div>
   <div class='ocr_carea' id='block_1_98' title="bbox 323 4847 1973 4902">
    <p class='ocr_par' dir='ltr' id='par_1_98' title="bbox 323 4847 1973 4902">
     <span class='ocr_line' id='line_1_98' title="bbox 323 4847 1973 4902; baseline -0.003 0"><span class='ocrx_word' id='word_1_821' title='bbox 323 4887 326 4890; x_wconf 83' lang='lat'>-</span> <span class='ocrx_word' id='word_1_822' title='bbox 368 4858 472 4902; x_wconf 85' lang='lat' dir='ltr'><strong><em>tur.</em></strong></span> <span class='ocrx_word' id='word_1_823' title='bbox 517 4851 640 4902; x_wconf 68' lang='lat' dir='ltr'><strong><em>Duae</em></strong></span> <span class='ocrx_word' id='word_1_824' title='bbox 679 4849 801 4902; x_wconf 59' lang='lat' dir='ltr'><strong><em>alia:</em></strong></span> <span class='ocrx_word' id='word_1_825' title='bbox 842 4847 1109 4902; x_wconf 84' lang='lat' dir='ltr'><strong><em>editiones</em></strong></span> <span class='ocrx_word' id='word_1_826' title='bbox 1148 4848 1342 4900; x_wconf 88' lang='lat' dir='ltr'><strong><em>vitiose</em></strong></span> <span class='ocrx_word' id='word_1_827' title='bbox 1376 4867 1388 4898; x_wconf 86' lang='lat'><strong>:</strong></span> <span class='ocrx_word' id='word_1_828' title='bbox 1450 4847 1590 4899; x_wconf 88' lang='lat' dir='ltr'><strong><em>unde</em></strong></span> <span class='ocrx_word' id='word_1_829' title='bbox 1638 4854 1849 4899; x_wconf 86' lang='lat' dir='ltr'><strong><em>sanctus</em></strong></span> <span class='ocrx_word' id='word_1_830' title='bbox 1888 4861 1973 4898; x_wconf 85' lang='lat' dir='ltr'><strong><em>ve-</em></strong></span> 
     </span>
    </p>
   </div>
   <div class='ocr_carea' id='block_1_99' title="bbox 370 4917 1108 4989">
    <p class='ocr_par' dir='ltr' id='par_1_99' title="bbox 370 4917 1108 4989">
     <span class='ocr_line' id='line_1_99' title="bbox 370 4917 1108 4989; baseline -0.004 -17"><span class='ocrx_word' id='word_1_831' title='bbox 370 4921 486 4973; x_wconf 86' lang='lat' dir='ltr'><strong><em>nire</em></strong></span> <span class='ocrx_word' id='word_1_832' title='bbox 519 4920 752 4986; x_wconf 86' lang='lat' dir='ltr'><strong><em>Spiritus</em></strong></span> <span class='ocrx_word' id='word_1_833' title='bbox 789 4917 1108 4989; x_wconf 89' lang='lat' dir='ltr'><strong><em>prohibetur.</em></strong></span> 
     </span>
    </p>
   </div>
   <div class='ocr_carea' id='block_1_100' title="bbox 439 4985 1972 5054">
    <p class='ocr_par' dir='ltr' id='par_1_100' title="bbox 439 4985 1972 5054">
     <span class='ocr_line' id='line_1_100' title="bbox 439 4985 1972 5054; baseline -0.005 -10"><span class='ocrx_word' id='word_1_834' title='bbox 439 4990 467 5028; x_wconf 71' lang='grc' dir='ltr'>ι)</span> <span class='ocrx_word' id='word_1_835' title='bbox 510 4985 858 5044; x_wconf 67' lang='grc' dir='ltr'>Ὲιιιτειιιίιιιιε</span> <span class='ocrx_word' id='word_1_836' title='bbox 882 5030 896 5052; x_wconf 88' lang='grc'><strong><em>,</em></strong></span> <span class='ocrx_word' id='word_1_837' title='bbox 945 4988 1088 5041; x_wconf 78' lang='lat' dir='ltr'><strong><em>Vati.</em></strong></span> <span class='ocrx_word' id='word_1_838' title='bbox 1131 4987 1240 5040; x_wconf 93' lang='lat' dir='ltr'><strong><em>duo</em></strong></span> <span class='ocrx_word' id='word_1_839' title='bbox 1271 4993 1327 5039; x_wconf 89' lang='lat' dir='ltr'><strong><em>et</em></strong></span> <span class='ocrx_word' id='word_1_840' title='bbox 1360 4985 1498 5040; x_wconf 92' lang='lat' dir='ltr'><strong><em>liber</em></strong></span> <span class='ocrx_word' id='word_1_841' title='bbox 1537 4985 1862 5054; x_wconf 77' lang='lat' dir='ltr'><strong><em>Pantagathi</em></strong></span> <span class='ocrx_word' id='word_1_842' title='bbox 1895 5025 1910 5048; x_wconf 97' lang='lat'><strong><em>,</em></strong></span> <span class='ocrx_word' id='word_1_843' title='bbox 1938 5002 1972 5037; x_wconf 91' lang='lat' dir='ltr'><strong><em>a</em></strong></span> 
     </span>
    </p>
   </div>
   <div class='ocr_carea' id='block_1_101' title="bbox 368 5055 1968 5131">
    <p class='ocr_par' dir='ltr' id='par_1_101' title="bbox 368 5055 1968 5131">
     <span class='ocr_line' id='line_1_101' title="bbox 368 5055 1968 5131; baseline -0.003 -17"><span class='ocrx_word' id='word_1_844' title='bbox 368 5061 502 5131; x_wconf 82' lang='lat' dir='ltr'><strong><em>[acie</em></strong></span> <span class='ocrx_word' id='word_1_845' title='bbox 526 5070 615 5112; x_wconf 90' lang='lat' dir='ltr'><strong><em>tua</em></strong></span> <span class='ocrx_word' id='word_1_846' title='bbox 639 5075 741 5131; x_wconf 86' lang='lat' dir='ltr'><strong><em>quo</em></strong></span> <span class='ocrx_word' id='word_1_847' title='bbox 765 5060 966 5131; x_wconf 79' lang='lat' dir='ltr'><strong><em>fugiam</em></strong></span> <span class='ocrx_word' id='word_1_848' title='bbox 992 5061 1016 5113; x_wconf 71' lang='grc' dir='ltr'><em>Ρ</em></span> <span class='ocrx_word' id='word_1_849' title='bbox 1040 5060 1286 5131; x_wconf 61' lang='lat' dir='ltr'><strong><em>Constat</em></strong></span> <span class='ocrx_word' id='word_1_850' title='bbox 1314 5071 1381 5131; x_wconf 76' lang='lat' dir='ltr'><strong><em>ex</em></strong></span> <span class='ocrx_word' id='word_1_851' title='bbox 1413 5055 1665 5131; x_wconf 64' lang='lat' dir='ltr'><strong><em>lioclnco</em></strong></span> <span class='ocrx_word' id='word_1_852' title='bbox 1692 5057 1968 5131; x_wconf 87' lang='lat' dir='ltr'><strong><em>,__aliis_que</em></strong></span> 
     </span>
    </p>
   </div>
   <div class='ocr_carea' id='block_1_102' title="bbox 368 5126 1967 5200">
    <p class='ocr_par' dir='ltr' id='par_1_102' title="bbox 368 5126 1967 5200">
     <span class='ocr_line' id='line_1_102' title="bbox 368 5126 1967 5200; baseline -0.003 -17"><span class='ocrx_word' id='word_1_853' title='bbox 368 5126 476 5183; x_wconf 77' lang='lat' dir='ltr'><strong><em>non</em></strong></span> <span class='ocrx_word' id='word_1_854' title='bbox 521 5130 740 5200; x_wconf 82' lang='lat' dir='ltr'><strong><em>paucis,</em></strong></span> <span class='ocrx_word' id='word_1_855' title='bbox 766 5126 1144 5185; x_wconf 70' lang='lat' dir='ltr'><strong><em>Gaudentium</em></strong></span> <span class='ocrx_word' id='word_1_856' title='bbox 1188 5127 1666 5200; x_wconf 75' lang='lat' dir='ltr'><strong><em>peculiarialiqua</em></strong></span> <span class='ocrx_word' id='word_1_857' title='bbox 1703 5126 1967 5200; x_wconf 66' lang='lat' dir='ltr'><strong><em>Versione</em></strong></span> 
     </span>
    </p>
   </div>
   <div class='ocr_carea' id='block_1_103' title="bbox 367 5197 1962 5267">
    <p class='ocr_par' dir='ltr' id='par_1_103' title="bbox 367 5197 1962 5267">
     <span class='ocr_line' id='line_1_103' title="bbox 367 5197 1962 5267; baseline -0.004 -11"><span class='ocrx_word' id='word_1_858' title='bbox 367 5197 761 5262; x_wconf 38' lang='lat' dir='ltr'><strong><em>usutn’fuisse,</em></strong></span> <span class='ocrx_word' id='word_1_859' title='bbox 805 5202 904 5253; x_wconf 87' lang='lat' dir='ltr'><strong><em>nisi</em></strong></span> <span class='ocrx_word' id='word_1_860' title='bbox 949 5200 1088 5254; x_wconf 81' lang='lat' dir='ltr'><strong><em>forte</em></strong></span> <span class='ocrx_word' id='word_1_861' title='bbox 1135 5197 1203 5252; x_wconf 77' lang='lat' dir='ltr'><strong><em>ea</em></strong></span> <span class='ocrx_word' id='word_1_862' title='bbox 1230 5197 1330 5251; x_wconf 82' lang='lat' dir='ltr'><strong><em>fuit</em></strong></span> <span class='ocrx_word' id='word_1_863' title='bbox 1369 5197 1590 5267; x_wconf 87' lang='lat' dir='ltr'><strong><em>antiqua</em></strong></span> <span class='ocrx_word' id='word_1_864' title='bbox 1632 5197 1760 5250; x_wconf 90' lang='lat' dir='ltr'><strong><em>Itala</em></strong></span> <span class='ocrx_word' id='word_1_865' title='bbox 1792 5237 1807 5260; x_wconf 97' lang='lat'><strong><em>,</em></strong></span> <span class='ocrx_word' id='word_1_866' title='bbox 1839 5211 1962 5251; x_wconf 89' lang='lat' dir='ltr'><strong><em>cum</em></strong></span> 
     </span>
    </p>
   </div>
   <div class='ocr_carea' id='block_1_104' title="bbox 365 5268 1964 5340">
    <p class='ocr_par' dir='ltr' id='par_1_104' title="bbox 365 5268 1964 5340">
     <span class='ocr_line' id='line_1_104' title="bbox 365 5268 1964 5340; baseline -0.006 -13"><span class='ocrx_word' id='word_1_867' title='bbox 365 5286 558 5327; x_wconf 90' lang='lat' dir='ltr'><strong><em>eorum</em></strong></span> <span class='ocrx_word' id='word_1_868' title='bbox 587 5286 707 5340; x_wconf 45' lang='lat' dir='ltr'><strong><em>quae.</em></strong></span> <span class='ocrx_word' id='word_1_869' title='bbox 767 5271 1010 5337; x_wconf 87' lang='lat' dir='ltr'><strong><em>prolert,</em></strong></span> <span class='ocrx_word' id='word_1_870' title='bbox 1042 5284 1186 5335; x_wconf 68' lang='lat' dir='ltr'><strong><em>smne</em></strong></span> <span class='ocrx_word' id='word_1_871' title='bbox 1220 5283 1450 5340; x_wconf 79' lang='lat' dir='ltr'><strong><em>numero</em></strong></span> <span class='ocrx_word' id='word_1_872' title='bbox 1488 5277 1583 5322; x_wconf 89' lang='lat' dir='ltr'><strong><em>aut</em></strong></span> <span class='ocrx_word' id='word_1_873' title='bbox 1632 5268 1775 5340; x_wconf 89' lang='lat' dir='ltr'><strong><em>nulla</em></strong></span> <span class='ocrx_word' id='word_1_874' title='bbox 1811 5312 1839 5340; x_wconf 86' lang='lat'><strong><em>,_</em></strong></span> <span class='ocrx_word' id='word_1_875' title='bbox 1864 5277 1964 5340; x_wconf 83' lang='lat' dir='ltr'><strong><em>_a_t_t_t</em></strong></span> 
     </span>
    </p>
   </div>
   <div class='ocr_carea' id='block_1_105' title="bbox 369 5337 1965 5412">
    <p class='ocr_par' dir='ltr' id='par_1_105' title="bbox 369 5337 1965 5412">
     <span class='ocr_line' id='line_1_105' title="bbox 369 5337 1965 5412; baseline -0.005 -13"><span class='ocrx_word' id='word_1_876' title='bbox 369 5343 569 5412; x_wconf 81' lang='lat' dir='ltr'><strong><em>exigua</em></strong></span> <span class='ocrx_word' id='word_1_877' title='bbox 605 5337 906 5412; x_wconf 68' lang='lat' dir='ltr'><strong><em>admodum</em></strong></span> <span class='ocrx_word' id='word_1_878' title='bbox 941 5342 1167 5409; x_wconf 83' lang='lat' dir='ltr'><strong><em>vestigia</em></strong></span> <span class='ocrx_word' id='word_1_879' title='bbox 1202 5340 1253 5393; x_wconf 92' lang='lat' dir='ltr'><strong><em>in</em></strong></span> <span class='ocrx_word' id='word_1_880' title='bbox 1289 5339 1517 5408; x_wconf 82' lang='lat' dir='ltr'><strong><em>Vulgata</em></strong></span> <span class='ocrx_word' id='word_1_881' title='bbox 1553 5381 1568 5405; x_wconf 95' lang='lat'><strong><em>,</em></strong></span> <span class='ocrx_word' id='word_1_882' title='bbox 1620 5339 1704 5392; x_wconf 88' lang='lat' dir='ltr'><strong><em>vel</em></strong></span> <span class='ocrx_word' id='word_1_883' title='bbox 1737 5341 1787 5391; x_wconf 91' lang='lat' dir='ltr'><strong><em>in</em></strong></span> <span class='ocrx_word' id='word_1_884' title='bbox 1819 5337 1965 5392; x_wconf 78' lang='lat' dir='ltr'><strong><em>LXX</em></strong></span> 
     </span>
    </p>
   </div>
   <div class='ocr_carea' id='block_1_106' title="bbox 367 5411 1352 5480">
    <p class='ocr_par' dir='ltr' id='par_1_106' title="bbox 367 5411 1352 5480">
     <span class='ocr_line' id='line_1_106' title="bbox 367 5411 1352 5480; baseline -0.01 -10"><span class='ocrx_word' id='word_1_885' title='bbox 367 5411 825 5476; x_wconf 83' lang='lat' dir='ltr'><strong><em>interpretatione</em></strong></span> <span class='ocrx_word' id='word_1_886' title='bbox 856 5411 1352 5480; x_wconf 84' lang='lat' dir='ltr'><strong><em>deprehendamus.</em></strong></span> 
     </span>
    </p>
   </div>
   <div class='ocr_carea' id='block_1_107' title="bbox 442 5478 1966 5554">
    <p class='ocr_par' dir='ltr' id='par_1_107' title="bbox 442 5478 1966 5554">
     <span class='ocr_line' id='line_1_107' title="bbox 442 5478 1966 5554; baseline -0.004 -16"><span class='ocrx_word' id='word_1_887' title='bbox 442 5496 464 5525; x_wconf 74' lang='grc' dir='ltr'><strong><em>ο</em></strong></span> <span class='ocrx_word' id='word_1_888' title='bbox 509 5478 969 5554; x_wconf 69' lang='grc' dir='ltr'>Βερττιγιιιίεεὶιιιθ</span> <span class='ocrx_word' id='word_1_889' title='bbox 999 5481 1128 5534; x_wconf 85' lang='lat' dir='ltr'><strong><em>editi</em></strong></span> <span class='ocrx_word' id='word_1_890' title='bbox 1165 5481 1426 5554; x_wconf 67' lang='lat' dir='ltr'><strong><em>legebant</em></strong></span> <span class='ocrx_word' id='word_1_891' title='bbox 1449 5488 1502 5531; x_wconf 90' lang='lat' dir='ltr'><strong><em>ut</em></strong></span> <span class='ocrx_word' id='word_1_892' title='bbox 1525 5478 1833 5554; x_wconf 76' lang='lat' dir='ltr'><strong><em>sublimiora</em></strong></span> <span class='ocrx_word' id='word_1_893' title='bbox 1859 5489 1966 5532; x_wconf 85' lang='lat' dir='ltr'><strong><em>ter-</em></strong></span> 
     </span>
    </p>
   </div>
   <div class='ocr_carea' id='block_1_108' title="bbox 366 5549 1963 5626">
    <p class='ocr_par' dir='ltr' id='par_1_108' title="bbox 366 5549 1963 5626">
     <span class='ocr_line' id='line_1_108' title="bbox 366 5549 1963 5626; baseline -0.003 -18"><span class='ocrx_word' id='word_1_894' title='bbox 366 5557 529 5618; x_wconf 86' lang='lat' dir='ltr'><strong><em>renis,</em></strong></span> <span class='ocrx_word' id='word_1_895' title='bbox 559 5549 614 5609; x_wconf 77' lang='lat' dir='ltr'><strong><em>ut</em></strong></span> <span class='ocrx_word' id='word_1_896' title='bbox 638 5565 772 5626; x_wconf 81' lang='lat' dir='ltr'><strong><em>totus</em></strong></span> <span class='ocrx_word' id='word_1_897' title='bbox 800 5557 854 5609; x_wconf 92' lang='lat' dir='ltr'><strong><em>in</em></strong></span> <span class='ocrx_word' id='word_1_898' title='bbox 883 5554 1092 5626; x_wconf 82' lang='lat' dir='ltr'><strong><em>spiritu.</em></strong></span> <span class='ocrx_word' id='word_1_899' title='bbox 1123 5553 1267 5626; x_wconf 57' lang='lat' dir='ltr'><strong><em>quod</em></strong></span> <span class='ocrx_word' id='word_1_900' title='bbox 1312 5549 1520 5621; x_wconf 72' lang='grc' dir='ltr'><strong><em>σφάλμα</em></strong></span> <span class='ocrx_word' id='word_1_901' title='bbox 1547 5550 1963 5626; x_wconf 82' lang='lat' dir='ltr'><strong><em>emendavimus</em></strong></span> 
     </span>
    </p>
   </div>
   <div class='ocr_carea' id='block_1_109' title="bbox 368 5620 1960 5696">
    <p class='ocr_par' dir='ltr' id='par_1_109' title="bbox 368 5620 1960 5696">
     <span class='ocr_line' id='line_1_109' title="bbox 368 5620 1960 5696; baseline -0.004 -16"><span class='ocrx_word' id='word_1_902' title='bbox 368 5642 435 5680; x_wconf 75' lang='lat' dir='ltr'><strong><em>ex</em></strong></span> <span class='ocrx_word' id='word_1_903' title='bbox 459 5627 675 5696; x_wconf 76' lang='lat' dir='ltr'><strong><em>duobus</em></strong></span> <span class='ocrx_word' id='word_1_904' title='bbox 705 5625 851 5680; x_wconf 82' lang='lat' dir='ltr'><strong><em>Vatt.</em></strong></span> <span class='ocrx_word' id='word_1_905' title='bbox 900 5620 1101 5696; x_wconf 82' lang='lat' dir='ltr'><strong><em>quibus</em></strong></span> <span class='ocrx_word' id='word_1_906' title='bbox 1133 5620 1458 5690; x_wconf 75' lang='lat' dir='ltr'><strong><em>suﬁragatur</em></strong></span> <span class='ocrx_word' id='word_1_907' title='bbox 1499 5620 1662 5674; x_wconf 81' lang='lat' dir='ltr'><strong><em>etiam</em></strong></span> <span class='ocrx_word' id='word_1_908' title='bbox 1691 5622 1960 5690; x_wconf 89' lang='lat' dir='ltr'><strong><em>scriptura</em></strong></span> 
     </span>
    </p>
   </div>
   <div class='ocr_carea' id='block_1_110' title="bbox 368 5695 1451 5773">
    <p class='ocr_par' dir='ltr' id='par_1_110' title="bbox 368 5695 1451 5773">
     <span class='ocr_line' id='line_1_110' title="bbox 368 5695 1451 5773; baseline 0.006 -24"><span class='ocrx_word' id='word_1_909' title='bbox 368 5695 725 5773; x_wconf 52' lang='lat' dir='ltr'><strong><em>cod.9_ct:}):ii</em></strong></span> <span class='ocrx_word' id='word_1_910' title='bbox 755 5695 1100 5773; x_wconf 67' lang='lat' dir='ltr'><strong><em>Pantagathi.</em></strong></span> <span class='ocrx_word' id='word_1_911' title='bbox 1229 5761 1246 5773; x_wconf 85' lang='lat'>_</span> 
     </span>
    </p>
   </div>
   <div class='ocr_carea' id='block_1_111' title="bbox 441 5761 1962 5832">
    <p class='ocr_par' dir='ltr' id='par_1_111' title="bbox 441 5761 1962 5832">
     <span class='ocr_line' id='line_1_111' title="bbox 441 5761 1962 5832; baseline -0.005 -10"><span class='ocrx_word' id='word_1_912' title='bbox 441 5765 468 5801; x_wconf 84' lang='grc'>⁶¹</span> <span class='ocrx_word' id='word_1_913' title='bbox 509 5765 600 5822; x_wconf 90' lang='lat' dir='ltr'><strong><em>Sic</em></strong></span> <span class='ocrx_word' id='word_1_914' title='bbox 628 5765 777 5821; x_wconf 85' lang='lat' dir='ltr'><strong><em>Flor.</em></strong></span> <span class='ocrx_word' id='word_1_915' title='bbox 810 5779 865 5821; x_wconf 90' lang='lat' dir='ltr'><strong><em>et</em></strong></span> <span class='ocrx_word' id='word_1_916' title='bbox 893 5761 1037 5822; x_wconf 69' lang='lat' dir='ltr'><strong><em>Vati.</em></strong></span> <span class='ocrx_word' id='word_1_917' title='bbox 1069 5765 1196 5821; x_wconf 89' lang='lat' dir='ltr'><strong><em>duo.</em></strong></span> <span class='ocrx_word' id='word_1_918' title='bbox 1229 5761 1284 5818; x_wconf 88' lang='lat' dir='ltr'><strong><em>In</em></strong></span> <span class='ocrx_word' id='word_1_919' title='bbox 1323 5761 1484 5818; x_wconf 88' lang='lat' dir='ltr'><strong><em>editis</em></strong></span> <span class='ocrx_word' id='word_1_920' title='bbox 1507 5805 1522 5826; x_wconf 95' lang='lat'><strong><em>,</em></strong></span> <span class='ocrx_word' id='word_1_921' title='bbox 1571 5761 1800 5832; x_wconf 87' lang='lat' dir='ltr'><strong><em>pondere</em></strong></span> <span class='ocrx_word' id='word_1_922' title='bbox 1841 5779 1962 5832; x_wconf 77' lang='lat' dir='ltr'><strong><em>gra-</em></strong></span> 
     </span>
    </p>
   </div>
   <div class='ocr_carea' id='block_1_112' title="bbox 367 5836 494 5891">
    <p class='ocr_par' dir='ltr' id='par_1_112' title="bbox 367 5836 494 5891">
     <span class='ocr_line' id='line_1_112' title="bbox 367 5836 494 5891; baseline -0.024 0"><span class='ocrx_word' id='word_1_923' title='bbox 367 5836 494 5891; x_wconf 70' lang='lat' dir='ltr'><strong><em>vati.</em></strong></span> 
     </span>
    </p>
   </div>
   <div class='ocr_carea' id='block_1_113' title="bbox 2083 4841 3674 4911">
    <p class='ocr_par' dir='ltr' id='par_1_113' title="bbox 2083 4841 3674 4911">
     <span class='ocr_line' id='line_1_113' title="bbox 2083 4841 3674 4911; baseline -0.001 -13"><span class='ocrx_word' id='word_1_924' title='bbox 2083 4841 2144 4900; x_wconf 78' lang='grc' dir='ltr'><strong>Η</strong></span> <span class='ocrx_word' id='word_1_925' title='bbox 2167 4887 2180 4909; x_wconf 94' lang='grc'><strong><em>,</em></strong></span> <span class='ocrx_word' id='word_1_926' title='bbox 2206 4845 2498 4898; x_wconf 82' lang='lat' dir='ltr'><strong><em>indivulsus</em></strong></span> <span class='ocrx_word' id='word_1_927' title='bbox 2531 4861 2718 4904; x_wconf 90' lang='lat' dir='ltr'><strong><em>comes,</em></strong></span> <span class='ocrx_word' id='word_1_928' title='bbox 2742 4859 2850 4898; x_wconf 89' lang='lat' dir='ltr'><strong><em>non</em></strong></span> <span class='ocrx_word' id='word_1_929' title='bbox 2874 4853 3162 4911; x_wconf 84' lang='lat' dir='ltr'><strong><em>propterea</em></strong></span> <span class='ocrx_word' id='word_1_930' title='bbox 3186 4841 3544 4907; x_wconf 84' lang='lat' dir='ltr'><strong><em>credideram,</em></strong></span> <span class='ocrx_word' id='word_1_931' title='bbox 3571 4841 3674 4896; x_wconf 89' lang='lat' dir='ltr'><strong><em>hac</em></strong></span> 
     </span>
    </p>
   </div>
   <div class='ocr_carea' id='block_1_114' title="bbox 2077 4912 3668 4980">
    <p class='ocr_par' dir='ltr' id='par_1_114' title="bbox 2077 4912 3668 4980">
     <span class='ocr_line' id='line_1_114' title="bbox 2077 4912 3668 4980; baseline 0 -14"><span class='ocrx_word' id='word_1_932' title='bbox 2077 4918 2227 4971; x_wconf 84' lang='lat' dir='ltr'><strong><em>vocis</em></strong></span> <span class='ocrx_word' id='word_1_933' title='bbox 2270 4916 2510 4969; x_wconf 76' lang='lat' dir='ltr'><strong><em>novitate</em></strong></span> <span class='ocrx_word' id='word_1_934' title='bbox 2558 4915 2923 4970; x_wconf 86' lang='lat' dir='ltr'><strong><em>Gaudentium</em></strong></span> <span class='ocrx_word' id='word_1_935' title='bbox 2952 4913 3022 4967; x_wconf 91' lang='lat' dir='ltr'><strong>de</strong></span> <span class='ocrx_word' id='word_1_936' title='bbox 3044 4912 3311 4968; x_wconf 81' lang='lat' dir='ltr'><strong><em>Trinitate</em></strong></span> <span class='ocrx_word' id='word_1_937' title='bbox 3353 4913 3668 4980; x_wconf 86' lang='lat' dir='ltr'><strong><em>loquentem</em></strong></span> 
     </span>
    </p>
   </div>
   <div class='ocr_carea' id='block_1_115' title="bbox 2077 4982 3677 5054">
    <p class='ocr_par' dir='ltr' id='par_1_115' title="bbox 2077 4982 3677 5054">
     <span class='ocr_line' id='line_1_115' title="bbox 2077 4982 3677 5054; baseline 0 -16"><span class='ocrx_word' id='word_1_938' title='bbox 2077 4988 2154 5038; x_wconf 91' lang='lat' dir='ltr'><strong><em>uti</em></strong></span> <span class='ocrx_word' id='word_1_939' title='bbox 2179 4985 2438 5039; x_wconf 71' lang='lat' dir='ltr'><strong><em>voluisse.</em></strong></span> <span class='ocrx_word' id='word_1_940' title='bbox 2457 4984 2917 5039; x_wconf 86' lang='lat' dir='ltr'><strong><em>Emendatinnem</em></strong></span> <span class='ocrx_word' id='word_1_941' title='bbox 2941 4994 3206 5054; x_wconf 66' lang='lat' dir='ltr'><strong><em>praeterea</em></strong></span> <span class='ocrx_word' id='word_1_942' title='bbox 3226 4993 3470 5038; x_wconf 88' lang='lat' dir='ltr'><strong><em>nostram</em></strong></span> <span class='ocrx_word' id='word_1_943' title='bbox 3492 4982 3677 5038; x_wconf 90' lang='lat' dir='ltr'><strong><em>adhuc</em></strong></span> 
     </span>
    </p>
   </div>
   <div class='ocr_carea' id='block_1_116' title="bbox 2077 5054 3676 5126">
    <p class='ocr_par' dir='ltr' id='par_1_116' title="bbox 2077 5054 3676 5126">
     <span class='ocr_line' id='line_1_116' title="bbox 2077 5054 3676 5126; baseline -0.001 -17"><span class='ocrx_word' id='word_1_944' title='bbox 2077 5055 2642 5126; x_wconf 17' lang='lat' dir='ltr'><strong><em>magisiindubitatam</em></strong></span> <span class='ocrx_word' id='word_1_945' title='bbox 2676 5055 2930 5110; x_wconf 88' lang='lat' dir='ltr'><strong><em>reddebat</em></strong></span> <span class='ocrx_word' id='word_1_946' title='bbox 2967 5054 3111 5126; x_wconf 85' lang='lat' dir='ltr'><strong><em>quod</em></strong></span> <span class='ocrx_word' id='word_1_947' title='bbox 3153 5056 3315 5126; x_wconf 87' lang='lat' dir='ltr'><strong><em>paulo</em></strong></span> <span class='ocrx_word' id='word_1_948' title='bbox 3348 5061 3470 5122; x_wconf 89' lang='lat' dir='ltr'><strong><em>post</em></strong></span> <span class='ocrx_word' id='word_1_949' title='bbox 3489 5054 3676 5121; x_wconf 82' lang='lat' dir='ltr'><strong><em>sequi-</em></strong></span> 
     </span>
    </p>
   </div>
   <div class='ocr_carea' id='block_1_117' title="bbox 2075 5124 3675 5197">
    <p class='ocr_par' dir='ltr' id='par_1_117' title="bbox 2075 5124 3675 5197">
     <span class='ocr_line' id='line_1_117' title="bbox 2075 5124 3675 5197; baseline -0.001 -17"><span class='ocrx_word' id='word_1_950' title='bbox 2075 5124 2201 5197; x_wconf 53' lang='grc' dir='ltr'><strong><em>[ωδε</em></strong></span> <span class='ocrx_word' id='word_1_951' title='bbox 2239 5124 2322 5179; x_wconf 86' lang='lat' dir='ltr'><strong><em>Ne</em></strong></span> <span class='ocrx_word' id='word_1_952' title='bbox 2350 5142 2469 5197; x_wconf 48' lang='lat' dir='ltr'><strong><em>veil)</em></strong></span> <span class='ocrx_word' id='word_1_953' title='bbox 2499 5126 2706 5181; x_wconf 86' lang='lat' dir='ltr'><strong><em>divisus</em></strong></span> <span class='ocrx_word' id='word_1_954' title='bbox 2735 5137 3005 5197; x_wconf 85' lang='lat' dir='ltr'><strong><em>putaretur</em></strong></span> <span class='ocrx_word' id='word_1_955' title='bbox 3034 5125 3113 5179; x_wconf 83' lang='lat' dir='ltr'><strong><em>uel</em></strong></span> <span class='ocrx_word' id='word_1_956' title='bbox 3144 5124 3374 5197; x_wconf 87' lang='lat' dir='ltr'><strong><em>Spiritus</em></strong></span> <span class='ocrx_word' id='word_1_957' title='bbox 3399 5134 3611 5197; x_wconf 78' lang='lat' dir='ltr'><strong><em>sanctus</em></strong></span> <span class='ocrx_word' id='word_1_958' title='bbox 3642 5141 3675 5178; x_wconf 89' lang='lat' dir='ltr'><strong><em>a</em></strong></span> 
     </span>
    </p>
   </div>
   <div class='ocr_carea' id='block_1_118' title="bbox 2075 5194 3673 5269">
    <p class='ocr_par' dir='ltr' id='par_1_118' title="bbox 2075 5194 3673 5269">
     <span class='ocr_line' id='line_1_118' title="bbox 2075 5194 3673 5269; baseline -0.002 -19"><span class='ocrx_word' id='word_1_959' title='bbox 2075 5196 2266 5269; x_wconf 70' lang='lat' dir='ltr'><strong><em>Patre,</em></strong></span> <span class='ocrx_word' id='word_1_960' title='bbox 2301 5198 2379 5250; x_wconf 81' lang='lat' dir='ltr'><strong><em>vel</em></strong></span> <span class='ocrx_word' id='word_1_961' title='bbox 2408 5194 2586 5269; x_wconf 85' lang='lat' dir='ltr'><strong><em>ilius</em></strong></span> <span class='ocrx_word' id='word_1_962' title='bbox 2609 5201 2673 5251; x_wconf 89' lang='lat' dir='ltr'><strong><em>ab</em></strong></span> <span class='ocrx_word' id='word_1_963' title='bbox 2699 5194 2760 5251; x_wconf 86' lang='lat' dir='ltr'><strong><em>eo</em></strong></span> <span class='ocrx_word' id='word_1_964' title='bbox 2785 5197 3084 5269; x_wconf 85' lang='lat' dir='ltr'><strong><em>crederet_ur</em></strong></span> <span class='ocrx_word' id='word_1_965' title='bbox 3111 5194 3376 5269; x_wconf 65' lang='lat' dir='ltr'><strong><em>sejunctas</em></strong></span> <span class='ocrx_word' id='word_1_966' title='bbox 3395 5237 3408 5255; x_wconf 86' lang='lat'><strong><em>,</em></strong></span> <span class='ocrx_word' id='word_1_967' title='bbox 3445 5195 3673 5269; x_wconf 70' lang='lat' dir='ltr'><strong><em>_Vig_ilius</em></strong></span> 
     </span>
    </p>
   </div>
   <div class='ocr_carea' id='block_1_119' title="bbox 2067 5263 3670 5344">
    <p class='ocr_par' dir='ltr' id='par_1_119' title="bbox 2067 5263 3670 5344">
     <span class='ocr_line' id='line_1_119' title="bbox 2067 5263 3670 5344; baseline -0.005 -21"><span class='ocrx_word' id='word_1_968' title='bbox 2067 5267 2367 5344; x_wconf 79' lang='lat' dir='ltr'><strong><em>TapsensiS</em></strong></span> <span class='ocrx_word' id='word_1_969' title='bbox 2387 5312 2425 5344; x_wconf 90' lang='lat'><strong><em>,_</em></strong></span> <span class='ocrx_word' id='word_1_970' title='bbox 2455 5268 2628 5344; x_wconf 82' lang='lat' dir='ltr'><strong><em>li_b._v</em></strong></span> <span class='ocrx_word' id='word_1_971' title='bbox 2670 5269 2738 5344; x_wconf 61' lang='lat' dir='ltr'><strong><em>de</em></strong></span> <span class='ocrx_word' id='word_1_972' title='bbox 2768 5269 2943 5344; x_wconf 61' lang='lat' dir='ltr'><strong><em>Irim,</em></strong></span> <span class='ocrx_word' id='word_1_973' title='bbox 2997 5263 3374 5344; x_wconf 50' lang='lat' dir='ltr'><strong><em>[uenari-altilis</em></strong></span> <span class='ocrx_word' id='word_1_974' title='bbox 3401 5263 3670 5344; x_wconf 72' lang='lat' dir='ltr'><strong><em>plenitudo</em></strong></span> 
     </span>
    </p>
   </div>
   <div class='ocr_carea' id='block_1_120' title="bbox 2066 5338 3672 5402">
    <p class='ocr_par' dir='ltr' id='par_1_120' title="bbox 2066 5338 3672 5402">
     <span class='ocr_line' id='line_1_120' title="bbox 2066 5338 3672 5402; baseline -0.004 -10"><span class='ocrx_word' id='word_1_975' title='bbox 2066 5339 2368 5394; x_wconf 67' lang='lat' dir='ltr'><strong><em>substantia;</em></strong></span> <span class='ocrx_word' id='word_1_976' title='bbox 2414 5339 2663 5393; x_wconf 69' lang='lat' dir='ltr'><strong><em>indivisa:</em></strong></span> <span class='ocrx_word' id='word_1_977' title='bbox 2693 5338 2985 5394; x_wconf 83' lang='lat' dir='ltr'><strong><em>Trinitatis.</em></strong></span> <span class='ocrx_word' id='word_1_978' title='bbox 3017 5338 3389 5393; x_wconf 85' lang='lat' dir='ltr'><strong><em>Tertullianus</em></strong></span> <span class='ocrx_word' id='word_1_979' title='bbox 3419 5338 3628 5402; x_wconf 87' lang='lat' dir='ltr'><strong><em>pariter</em></strong></span> <span class='ocrx_word' id='word_1_980' title='bbox 3654 5374 3672 5398; x_wconf 95' lang='lat'><strong><em>,</em></strong></span> 
     </span>
    </p>
   </div>
   <div class='ocr_carea' id='block_1_121' title="bbox 2067 5405 3672 5486">
    <p class='ocr_par' dir='ltr' id='par_1_121' title="bbox 2067 5405 3672 5486">
     <span class='ocr_line' id='line_1_121' title="bbox 2067 5405 3672 5486; baseline -0.003 -24"><span class='ocrx_word' id='word_1_981' title='bbox 2067 5410 2285 5465; x_wconf 91' lang='lat' dir='ltr'><strong><em>advers.</em></strong></span> <span class='ocrx_word' id='word_1_982' title='bbox 2332 5409 2606 5486; x_wconf 73' lang='lat' dir='ltr'><strong><em>Praxeam</em></strong></span> <span class='ocrx_word' id='word_1_983' title='bbox 2650 5412 2876 5486; x_wconf 73' lang='lat' dir='ltr'><strong><em>cap._8;</em></strong></span> <span class='ocrx_word' id='word_1_984' title='bbox 2927 5408 3204 5486; x_wconf 40' lang='lat' dir='ltr'><strong><em>Radixtet</em></strong></span> <span class='ocrx_word' id='word_1_985' title='bbox 3237 5407 3407 5486; x_wconf 68' lang='lat' dir='ltr'><strong><em>frutex</em></strong></span> <span class='ocrx_word' id='word_1_986' title='bbox 3434 5405 3551 5457; x_wconf 76' lang='lat' dir='ltr'><strong><em>dua:</em></strong></span> <span class='ocrx_word' id='word_1_987' title='bbox 3586 5417 3672 5486; x_wconf 73' lang='lat' dir='ltr'><strong><em>res</em></strong></span> 
     </span>
    </p>
   </div>
   <div class='ocr_carea' id='block_1_122' title="bbox 2067 5475 3670 5556">
    <p class='ocr_par' dir='ltr' id='par_1_122' title="bbox 2067 5475 3670 5556">
     <span class='ocr_line' id='line_1_122' title="bbox 2067 5475 3670 5556; baseline -0.005 -22"><span class='ocrx_word' id='word_1_988' title='bbox 2067 5490 2218 5544; x_wconf 86' lang='lat' dir='ltr'><strong><em>sunt,</em></strong></span> <span class='ocrx_word' id='word_1_989' title='bbox 2251 5482 2340 5556; x_wconf 82' lang='lat' dir='ltr'><strong><em>sed</em></strong></span> <span class='ocrx_word' id='word_1_990' title='bbox 2375 5475 2732 5556; x_wconf 30' lang='lat' dir='ltr'><strong><em>conjuncta!</em></strong></span> <span class='ocrx_word' id='word_1_991' title='bbox 2748 5479 2811 5534; x_wconf 85' lang='lat' dir='ltr'><strong><em>Et</em></strong></span> <span class='ocrx_word' id='word_1_992' title='bbox 2851 5484 2968 5556; x_wconf 79' lang='lat' dir='ltr'><strong><em>fons</em></strong></span> <span class='ocrx_word' id='word_1_993' title='bbox 2989 5524 3002 5545; x_wconf 89' lang='lat'><strong><em>,</em></strong></span> <span class='ocrx_word' id='word_1_994' title='bbox 3033 5487 3080 5531; x_wconf 87' lang='lat' dir='ltr'><strong><em>et</em></strong></span> <span class='ocrx_word' id='word_1_995' title='bbox 3108 5479 3302 5556; x_wconf 65' lang='lat' dir='ltr'><strong><em>ﬂumen</em></strong></span> <span class='ocrx_word' id='word_1_996' title='bbox 3324 5475 3443 5556; x_wconf 66' lang='lat' dir='ltr'><strong><em>dute</em></strong></span> <span class='ocrx_word' id='word_1_997' title='bbox 3470 5475 3670 5556; x_wconf 56' lang='lat' dir='ltr'><strong><em>species</em></strong></span> 
     </span>
    </p>
   </div>
   <div class='ocr_carea' id='block_1_123' title="bbox 2065 5543 3664 5628">
    <p class='ocr_par' dir='ltr' id='par_1_123' title="bbox 2065 5543 3664 5628">
     <span class='ocr_line' id='line_1_123' title="bbox 2065 5543 3664 5628; baseline -0.006 -23"><span class='ocrx_word' id='word_1_998' title='bbox 2065 5543 2212 5611; x_wconf 72' lang='lat' dir='ltr'><strong><em>sunt.</em></strong></span> <span class='ocrx_word' id='word_1_999' title='bbox 2235 5553 2325 5606; x_wconf 87' lang='lat' dir='ltr'><strong><em>sed</em></strong></span> <span class='ocrx_word' id='word_1_1000' title='bbox 2375 5543 2647 5628; x_wconf 80' lang='lat' dir='ltr'><strong><em>in_divis:e.</em></strong></span> <span class='ocrx_word' id='word_1_1001' title='bbox 2679 5551 2746 5606; x_wconf 88' lang='lat' dir='ltr'><strong><em>Et</em></strong></span> <span class='ocrx_word' id='word_1_1002' title='bbox 2782 5543 2943 5628; x_wconf 73' lang='lat' dir='ltr'><strong><em>paulo</em></strong></span> <span class='ocrx_word' id='word_1_1003' title='bbox 2962 5543 3140 5628; x_wconf 47' lang='lat' dir='ltr'><strong><em>post&quot;:</em></strong></span> <span class='ocrx_word' id='word_1_1004' title='bbox 3177 5546 3314 5628; x_wconf 79' lang='lat' dir='ltr'><strong><em>Ecce</em></strong></span> <span class='ocrx_word' id='word_1_1005' title='bbox 3338 5543 3664 5628; x_wconf 45' lang='lat' dir='ltr'><strong><em>.enimndico</em></strong></span> 
     </span>
    </p>
   </div>
   <div class='ocr_carea' id='block_1_124' title="bbox 2069 5614 3670 5685">
    <p class='ocr_par' dir='ltr' id='par_1_124' title="bbox 2069 5614 3670 5685">
     <span class='ocr_line' id='line_1_124' title="bbox 2069 5614 3670 5685; baseline -0.006 -10"><span class='ocrx_word' id='word_1_1006' title='bbox 2069 5624 2234 5676; x_wconf 91' lang='lat' dir='ltr'><strong><em>alium</em></strong></span> <span class='ocrx_word' id='word_1_1007' title='bbox 2261 5639 2370 5678; x_wconf 85' lang='lat' dir='ltr'><strong><em>esse</em></strong></span> <span class='ocrx_word' id='word_1_1008' title='bbox 2402 5621 2612 5676; x_wconf 88' lang='lat' dir='ltr'><strong><em>Patrem</em></strong></span> <span class='ocrx_word' id='word_1_1009' title='bbox 2632 5663 2648 5685; x_wconf 91' lang='lat'><strong><em>,</em></strong></span> <span class='ocrx_word' id='word_1_1010' title='bbox 2683 5632 2731 5676; x_wconf 89' lang='lat' dir='ltr'><strong><em>et</em></strong></span> <span class='ocrx_word' id='word_1_1011' title='bbox 2760 5614 2924 5675; x_wconf 85' lang='lat' dir='ltr'><strong><em>alium</em></strong></span> <span class='ocrx_word' id='word_1_1012' title='bbox 2949 5618 3152 5670; x_wconf 85' lang='lat' dir='ltr'><strong><em>Filium</em></strong></span> <span class='ocrx_word' id='word_1_1013' title='bbox 3177 5659 3191 5675; x_wconf 90' lang='lat'><strong><em>.</em></strong></span> <span class='ocrx_word' id='word_1_1014' title='bbox 3223 5626 3271 5670; x_wconf 90' lang='lat' dir='ltr'><strong><em>et</em></strong></span> <span class='ocrx_word' id='word_1_1015' title='bbox 3297 5614 3670 5685; x_wconf 85' lang='lat' dir='ltr'><strong><em>alium_Spiri-</em></strong></span> 
     </span>
    </p>
   </div>
   <div class='ocr_carea' id='block_1_125' title="bbox 2073 5683 3664 5768">
    <p class='ocr_par' dir='ltr' id='par_1_125' title="bbox 2073 5683 3664 5768">
     <span class='ocr_line' id='line_1_125' title="bbox 2073 5683 3664 5768; baseline -0.008 -21"><span class='ocrx_word' id='word_1_1016' title='bbox 2073 5702 2181 5748; x_wconf 85' lang='lat' dir='ltr'><strong><em>tum</em></strong></span> <span class='ocrx_word' id='word_1_1017' title='bbox 2207 5711 2226 5748; x_wconf 90' lang='lat'><strong><em>:</em></strong></span> <span class='ocrx_word' id='word_1_1018' title='bbox 2257 5710 2360 5768; x_wconf 83' lang='lat' dir='ltr'><strong><em>non</em></strong></span> <span class='ocrx_word' id='word_1_1019' title='bbox 2413 5705 2582 5768; x_wconf 85' lang='lat' dir='ltr'><strong><em>tamen</em></strong></span> <span class='ocrx_word' id='word_1_1020' title='bbox 2613 5683 2920 5768; x_wconf 30' lang='lat' dir='ltr'><strong><em>diversitate.</em></strong></span> <span class='ocrx_word' id='word_1_1021' title='bbox 2953 5685 3347 5768; x_wconf 45' lang='lat' dir='ltr'><strong><em>aliumuFilium</em></strong></span> <span class='ocrx_word' id='word_1_1022' title='bbox 3375 5702 3413 5768; x_wconf 36' lang='lat' dir='ltr'><strong><em>al</em></strong></span> <span class='ocrx_word' id='word_1_1023' title='bbox 3454 5683 3612 5768; x_wconf 65' lang='lat' dir='ltr'><strong><em>Patre</em></strong></span> <span class='ocrx_word' id='word_1_1024' title='bbox 3648 5725 3664 5748; x_wconf 94' lang='lat'><strong><em>,</em></strong></span> 
     </span>
    </p>
   </div>
   <div class='ocr_carea' id='block_1_126' title="bbox 2067 5755 3662 5845">
    <p class='ocr_par' dir='ltr' id='par_1_126' title="bbox 2067 5755 3662 5845">
     <span class='ocr_line' id='line_1_126' title="bbox 2067 5755 3662 5845; baseline -0.006 -28"><span class='ocrx_word' id='word_1_1025' title='bbox 2067 5765 2159 5845; x_wconf 58' lang='lat' dir='ltr'><strong><em>sed</em></strong></span> <span class='ocrx_word' id='word_1_1026' title='bbox 2183 5765 2588 5829; x_wconf 87' lang='lat' dir='ltr'><strong><em>distributione;</em></strong></span> <span class='ocrx_word' id='word_1_1027' title='bbox 2622 5781 2717 5818; x_wconf 88' lang='lat' dir='ltr'><strong><em>nec</em></strong></span> <span class='ocrx_word' id='word_1_1028' title='bbox 2761 5763 3036 5817; x_wconf 72' lang='lat' dir='ltr'><strong><em>divisione</em></strong></span> <span class='ocrx_word' id='word_1_1029' title='bbox 3063 5758 3224 5812; x_wconf 90' lang='lat' dir='ltr'><strong><em>alium</em></strong></span> <span class='ocrx_word' id='word_1_1030' title='bbox 3255 5799 3269 5825; x_wconf 90' lang='lat'><strong><em>,</em></strong></span> <span class='ocrx_word' id='word_1_1031' title='bbox 3322 5757 3413 5811; x_wconf 79' lang='lat' dir='ltr'><strong><em>sed</em></strong></span> <span class='ocrx_word' id='word_1_1032' title='bbox 3440 5755 3662 5810; x_wconf 58' lang='lat' dir='ltr'><strong><em>distincu</em></strong></span> 
     </span>
    </p>
   </div>
   <div class='ocr_carea' id='block_1_127' title="bbox 2066 5843 2222 5888">
    <p class='ocr_par' dir='ltr' id='par_1_127' title="bbox 2066 5843 2222 5888">
     <span class='ocr_line' id='line_1_127' title="bbox 2066 5843 2222 5888; baseline 0.006 -1"><span class='ocrx_word' id='word_1_1033' title='bbox 2066 5843 2222 5888; x_wconf 79' lang='lat' dir='ltr'><strong><em>tione.</em></strong></span> 
     </span>
    </p>
   </div>
  </div>
