4096 6192
546 266 648 324 951

1607 267 1660 323 S.
1708 265 2083 324 GAUDENTI]
2123 264 2386 323 BRIXUE
2427 264 2738 322 EPISCOPI

3702 265 3794 320 95?.

549 381 678 453 legii
704 380 960 449 discutit,
993 391 1086 436 aut
1113 382 1334 452 impune
1360 382 1684 438 contemnit.
1715 380 1848 437 Nam
1879 396 2058 452 neque
2086 382 2141 436 in
2169 383 2222 446 Α
2248 381 2558 437 mandatum
2587 395 2808 436 servare
2835 382 3009 447 potuit
3031 389 3088 436 et
3117 394 3224 435 non
3257 380 3485 436 studuit.
3511 379 3675 436 Arbor
3695 380 3796 450 qui-

547 476 640 530 illa
668 477 863 531 arbore
899 477 1080 531 inesse
1109 475 1310 530 malum
1343 475 1516 544 potuit
1541 490 1702 546 quam
1748 475 1890 530 inter
1913 483 2142 530 caeteras

551 566 778 622 arbores
806 565 1049 621 Paradisi
1083 566 1262 621 bonus
1304 566 1531 622 Creator
1556 565 1897 635 plantaverat
1931 581 1947 631 ;
1983 565 2143 634 cujus

547 657 756 714 fructus
785 659 858 712 ita
879 667 998 713 erat
1018 658 1323 727 speciosus,
1349 673 1414 715 ac
1434 657 1630 724 dulcis,
1655 669 1716 714 ut
1739 657 2142 728 concupiscen-

547 754 679 808 tiam
709 760 998 823 praestaret
1037 752 1231 817 oculis,
1279 753 1421 823 gulae
1455 753 1775 808 conciliaret
1807 751 2145 807 illecebram.

555 846 830 916 Scriptum
873 854 957 902 est
993 846 1140 900 enim
1174 862 1188 898 :
1231 844 1300 899 Et
1340 845 1468 900 vidit
1497 844 1683 899 mulier
1722 846 1947 915 fructum
1985 843 2146 915 ligni,

549 940 676 1010 quia
704 945 883 1008 gratus
911 945 982 990 est
1013 937 1082 990 ad
1109 945 1374 1008 aspectum
1395 982 1408 1004 ,
1451 946 1498 990 et
1524 936 1694 991 dulcis
1729 940 1798 990 ad
1836 952 2005 992 escam
2039 951 2066 1002 :_
2102 941 2150 988 et

552 1033 767 1103 accepit,
801 1039 846 1085 et
869 1029 1218 1098 manducavit,
1244 1037 1291 1084 et
1309 1029 1452 1084 dedit
1471 1031 1582 1084 viro
1612 1047 1706 1084 suo
1731 1028 1888 1101 (Gen.
1915 1027 2018 1098 ιιι).
2042 1026 2150 1082 Sed

552 1123 600 1179 si
631 1123 772 1178 forte
799 1122 1005 1177 dixeris
1026 1166 1040 1190 ,
1078 1138 1186 1178 non
1222 1137 1385 1178 omne
1415 1122 1555 1192 quod
1584 1131 1798 1193 gratum
1837 1121 2070 1187 videtur,
2099 1129 2156 1175 et

555 1217 752 1283 dulce,
787 1217 987 1270 bonum
1018 1231 1235 1286 quoque
1283 1229 1426 1280 esse,
1463 1216 1589 1286 quia
1623 1216 1732 1270 sint
1764 1215 1942 1286 aliqua
1981 1213 2154 1273 etiam

556 1310 737 1375 mala,
787 1325 907 1379 quae
951 1319 1102 1379 grata
1144 1309 1452 1374 videantur,
1511 1318 1566 1362 ct
1619 1307 1804 1363 dulcia
1857 1325 1872 1374 ;
1921 1317 1944 1345 ³
1985 1311 2151 1381 cedo,

556 1403 871 1472 acquiesco,
896 1401 1203 1456 consentio.
1238 1400 1346 1456 Mel
1379 1402 1524 1456 enim
1550 1401 1798 1464 distillat,
1832 1410 1891 1456 ut
1912 1403 1989 1457 ait
2011 1403 2157 1460 Scri-

560 1504 714 1562 ptura
744 1539 757 1561 ,
809 1512 840 1547 a
889 1495 1042 1548 labiis
1090 1494 1323 1548 mulieris
1368 1495 1674 1560 meretricis,
1715 1511 1831 1565 quae
1860 1497 1928 1549 ad
1957 1508 2159 1566 tempus

556 1589 896 1659 bimpinguat
939 1589 1110 1659 fauces
1141 1604 1292 1652 suas;
1337 1588 1676 1642 novissimum
1717 1599 1889 1643 autem
1930 1592 2160 1645 amarius

558 1680 685 1753 felle
724 1681 972 1750 invenies,
1011 1689 1060 1734 et
1103 1681 1306 1733 acutius
1349 1679 1526 1751 gladio
1569 1689 1800 1764 utraque.
1825 1691 1972 1749 parte
2009 1691 2162 1736 acuto

2245 473 2371 529 dem
2393 473 2556 541 bona,
2581 483 2638 527 et
2659 471 2872 527 fructus
2893 471 3111 542 quidem
3136 471 3310 526 bonus
3335 488 3351 537 ;
3385 470 3477 527 sed
3505 471 3800 542 praevarica-

2246 564 2326 620 tio
2356 563 2596 620 mandati
2627 565 2766 619 mala
2787 610 2800 634 ,
2833 572 2890 620 et
2918 573 3268 635 contemptus
3304 564 3400 619 Dei
3431 564 3632 619 malus:
3666 574 3804 636 atque

2250 659 2324 714 ita
2352 658 2556 713 malum
2581 672 2687 713 non
2719 659 2773 712 in
2803 657 2915 714 tetu
2952 657 3168 712 arboris
3195 665 3304 722 est,
3359 667 3372 694 ι
3413 656 3509 711 sed
3541 657 3592 711 in
3635 658 3805 713 volun-

2253 759 2365 805 tate
2387 749 2630 805 hominis
2663 749 3108 820 transgressoris.
3140 749 3308 820 Igitur
3328 749 3373 804 si
3395 749 3560 803 unius
3584 749 3808 804 arbuscu-

2251 845 2318 899 lae
2356 843 2597 908 fructus,
2647 852 2837 899 contra
2867 843 2964 899 Dei
2995 843 3308 899 mandatum
3343 852 3550 899 temere
3575 859 3602 898 a
3646 854 3810 913 proto-

2255 935 2448 1006 plastis
2503 936 2844 1007 degustatus,
2897 945 3127 992 mortem
3177 936 3368 1007 generi
3419 936 3698 1006 acquisivit
3729 937 3810 992 bu«

2255 1046 2448 1090 mano.
2497 1031 2673 1100 potuit
2703 1037 2760 1085 et
2811 1029 3139 1085 Machabmis
3185 1043 3312 1085 tunc
3346 1029 3449 1084 sub
3479 1029 3618 1100 Lege
3646 1029 3812 1100 positis

2255 1121 2539 1178 interitum
2572 1136 2799 1192 parare,
2833 1121 3074 1178 mandati
3108 1122 3276 1177 divini
3302 1121 3690 1193 transgressio;
3717 1122 3816 1193 qui-

2258 1215 2358 1270 bus
2382 1230 2526 1269 nunc
2550 1215 2844 1282 honorem,
2873 1225 2929 1269 et
2953 1215 3208 1285 gloriam,
3233 1216 3492 1287 praecepti
3523 1218 3639 1286 ejus
3661 1224 3818 1271 custo-

2258 1306 2348 1362 dia
2374 1307 2732 1377 comparavit,
2769 1305 2927 1362 tidem
2974 1307 3064 1361 Dei
3087 1307 3140 1360 in
3171 1307 3290 1374 ipso
3313 1305 3564 1368 viriliter.
3589 1315 3818 1365 constano

2261 1409 2454 1471 terque
2479 1399 2851 1456 servantibus.
2884 1398 3018 1453 Nam
3045 1398 3208 1454 tidem
3239 1398 3334 1453 Dei
3364 1407 3549 1454 servat
3573 1399 3661 1470 qui
3688 1414 3817 1453 man-

2261 1493 2372 1547 dati
2424 1493 2544 1562 ejus
2570 1492 2691 1563 jura
2722 1506 2831 1546 non
2860 1492 3054 1559 violat;
3091 1491 3349 1562 quoniam
3383 1507 3493 1546 non
3539 1492 3730 1547 idcirco
3757 1491 3818 1546 illi

2265 1584 2598 1639 manducare
2627 1584 2816 1639 illicita
2846 1584 3162 1649 noluerunt,
3214 1583 3356 1654 quod
3383 1585 3658 1640 horrorem
3690 1592 3818 1655 pate-

2265 1684 2457 1730 rentur
2475 1677 2526 1730 in
2559 1676 2746 1745 specie
2765 1720 2778 1743 ,
2807 1675 2901 1730 sed
2925 1675 3312 1732 contumeliam
3337 1675 3521 1732 facere
3546 1675 3822 1745 probibenti

562 1773 748 1848 (Prov.
795 1773 875 1844 v).
909 1772 978 1827 Et
1017 1782 1165 1827 certe
1193 1773 1396 1827 malum
1428 1771 1564 1826 nihil
1604 1784 1688 1827 est
1729 1773 1812 1827 vel
1859 1773 1913 1828 in
1948 1775 2154 1843 specie,
2191 1781 2236 1841 Β
2269 1768 2406 1832 Deo,
2440 1766 2742 1836 justissime
2771 1765 3158 1822 formidarunt.
3204 1767 3308 1832 Qui
3351 1768 3407 1820 in
3458 1769 3658 1822 modico
3680 1767 3821 1838 fidelis

561 1867 647 1922 vel
679 1866 732 1921 in
755 1880 890 1921 sexu
932 1865 1178 1921 mulieris
1209 1883 1224 1931 ;
1253 1864 1348 1919 sed
1375 1874 1460 1920 est
1479 1864 1667 1933 utique
1694 1864 1894 1920 malum
1921 1876 1943 1904 ο
1977 1865 2033 1921 in
2064 1882 2158 1922 vo-

564 1959 773 2014 luntate
817 1957 1116 2029 peccantis,
1149 1965 1205 2012 et
1247 1972 1347 2026 per
1389 1957 1874 2026 intemperantiam
1903 1958 2162 2028 concupi-

561 2050 785 2106 scentia:
835 2048 1295 2119 transgredientis
1338 2063 1368 2103 a
1420 2047 1670 2118 legitimo
1719 2050 1843 2118 jure
1895 2050 2158 2120 conjugii.

564 2143 698 2196 Nam
726 2152 782 2197 et
812 2143 921 2196 vini
953 2150 1145 2197 natura
1174 2156 1299 2196 cum
1329 2141 1468 2196 bona
1501 2143 1592 2210 sit,
1618 2151 1767 2198 recte
1799 2152 1986 2198 tamen
2015 2144 2167 2199 dam-

569 2242 730 2290 natur
758 2234 1016 2289 ebrietas.
1049 2233 1186 2288 Audi
1214 2232 1376 2288 modo
1391 2234 1702 2304 generalem
1729 2234 1797 2290 de
1822 2237 2026 2291 creatis
2047 2251 2165 2292 om-

567 2326 730 2381 nibus
763 2371 776 2394 ,
837 2324 1037 2380 divina:
1085 2324 1382 2394 Scripturae
1441 2325 1768 2380 sententiam
1829 2343 1843 2380 :
1906 2326 1972 2380 Et
2033 2329 2163 2382 vidit

571 2419 714 2475 Deus
743 2420 920 2474 omnia
947 2435 1064 2490 qua
1093 2419 1233 2490 fecit,
1265 2417 1292 2454 ἀ
1326 2428 1376 2473 et
1406 2402 1520 2473 ecce
1550 2423 1682 2473 bona
1712 2421 1858 2476 valde
1887 2419 2052 2492 (Gen.
2085 2422 2158 2494 ι).

565 2513 772 2569 Tamen
821 2512 946 2583 quia
1001 2512 1251 2568 veritatis
1298 2511 1439 2566 ratio
1493 2512 1844 2580 postulabat,
1906 2515 1931 2544 θ
1960 2522 2019 2568 ut
2047 2528 2164 2569 ser-

561 2605 686 2662 vilis
740 2604 974 2660 humana
1003 2603 1247 2660 conditio
1284 2603 1460 2674 legem
1502 2603 1602 2658 Dei
1647 2605 1988 2661 dominantis
2015 2609 2162 2661 acci-

564 2707 722 2769 peret
772 2714 787 2762 ;
864 2696 1070 2766 proprii
1107 2696 1318 2751 arbitrii
1361 2697 1595 2752 libertati
1631 2698 1897 2766 permissa
1925 2743 1940 2765 ,
2000 2699 2166 2771 329

561 2803 723 2845 unam
759 2788 901 2843 Deus
945 2787 1114 2857 elegit
1144 2785 1396 2841 arborem
1440 2786 1510 2842 de
1547 2787 1800 2842 omnibus
1848 2788 2008 2857 lignis
2063 2805 2163 2858 pa-

562 2882 731 2939 radisi
765 2924 779 2948 ,
835 2896 942 2937 non
973 2882 1164 2952 utique
1208 2881 1433 2947 malam,
1459 2880 1558 2937 sed
1585 2880 1603 2919 ί
1629 2881 1682 2935 in
1706 2897 1809 2949 qua
1839 2896 1962 2938 esse
1983 2882 2166 2938 scien-

562 2979 638 3033 tia
668 2977 798 3033 boni
824 2987 880 3033 et
905 2977 1031 3031 mali
1059 2975 1375 3041 videretur;
1405 2975 1457 3029 in
1505 2991 1609 3045 qua
1631 2990 1912 3031 servorum
1942 2991 2162 3031 suorum

560 3070 931 3128 obedientiam
983 3077 1355 3140 pertentaret,
1417 3079 1474 3124 ut
1519 3069 1745 3125 libertas
1775 3069 1986 3124 arbitrii
2021 3079 2046 3116 8
2075 3071 2162 3126 vel

2262 1869 2356 1928 est,
2392 1860 2468 1913 ait
2492 1859 2778 1925 Dominus,
2832 1869 2877 1914 et
2905 1861 2958 1914 in
2987 1875 3175 1930 magno
3206 1860 3378 1928 ﬁdelis
3405 1869 3482 1915 est
3533 1859 3678 1928 (Luc.
3707 1859 3820 1929 tm).

2265 1951 2321 2006 ln
2357 1966 2551 2022 magno
2583 1951 2803 2007 fuerunt
2835 1952 2924 2006 isti
2957 1951 3148 2007 ﬁdeles
3169 1994 3184 2019 ,
3228 1950 3242 2001 i
3287 1966 3411 2007 cum
3446 1950 3736 2023 idolothyta
3758 1952 3823 2006 in-

2266 2056 2348 2100 ter
2377 2045 2642 2115 supplicia
2689 2054 3017 2115 respuerunt
3046 2063 3060 2100 :
3094 2045 3146 2098 in
3181 2059 3347 2114 parvo
3396 2042 3620 2099 fuerunt
3644 2044 3820 2112 ﬁdeles,

2262 2155 2388 2198 cum
2438 2138 2617 2194 solum
2656 2146 2715 2193 ut
2751 2153 2947 2194 carnes
2975 2137 3281 2209 prohibilas
3327 2151 3437 2193 non
3482 2137 3820 2203 comederent,

2261 2248 2390 2288 suas
2418 2233 2600 2302 potius
2631 2232 2974 2287 devorandas
2995 2231 3282 2301 suppliciis
3309 2231 3674 2287 tradiderunt.
3709 2231 3825 2286 Insi-

2261 2329 2418 2397 gnior
2445 2327 2580 2382 ﬁdes
2609 2335 2694 2382 est
2714 2342 2837 2396 quae
2864 2341 2966 2382 nec
2994 2325 3047 2380 in
3073 2325 3307 2380 modicis
3319 2326 3578 2381 violatur.
3605 2325 3822 2380 Formam

2264 2422 2569 2476 tolerantiae
2597 2419 2949 2490 praebuerunt
2972 2419 3063 2474 isti
3093 2419 3395 2474 beatissimi
3437 2418 3636 2474 fratres
3662 2415 3824 2472 tuturis

2265 2521 2390 2581 post
2427 2511 2736 2580 passionem
2779 2509 2986 2565 Christi
3014 2509 3367 2582 martyribus,
3424 2517 3490 2564 ut
3519 2509 3821 2578 intelligant,

2266 2602 2291 2639 κ
2313 2611 2513 2674 quanta
2538 2603 2703 2656 animi
2748 2601 3144 2670 magnitudine,
3201 2609 3258 2656 et
3287 2601 3598 2656 constantia
3627 2614 3716 2670 pro
3733 2598 3823 2654 Be-

2263 2695 2569 2767 demptoris
2598 2695 2819 2752 nomine
2835 2695 3095 2750 dimicare
3115 2695 3371 2764 debeant,
3395 2709 3498 2764 pro
3523 2696 3676 2766 cujus
3701 2707 3824 2748 man-

2265 2791 2392 2845 dato
2422 2798 2531 2844 tam
2561 2791 2910 2860 pertinaciter
2941 2786 2958 2825 1
2996 2789 3097 2858 ipsi
3125 2785 3825 2859 certassent.Nemini330

2264 2883 2558 2938 absurdum
2587 2882 2840 2937 videatur
2865 2880 3012 2952 quod
3036 2895 3132 2936 eos
3151 2881 3313 2951 paulo
3337 2889 3468 2937 ante
3485 2881 3687 2937 Aniciis
3704 2893 3825 2934 com-

2265 2978 2468 3046 paravi.
2500 2985 2540 3013 ιιι
2571 2975 2748 3032 Anicii
2779 2977 2982 3046 quippe
3012 2990 3077 3029 ex
3122 2973 3319 3030 Graeco
3350 2990 3612 3031 sermone
3637 2990 3663 3029 a
3692 2970 3823 3028 nobis

2265 3075 2647 3134 nuncupantur
2677 3066 2882 3122 invicti.
2913 3067 3170 3122 Exercuit
3192 3067 3339 3122 enim
3379 3067 3532 3122 varia
3560 3065 3823 3136 supplicio-

557 3164 987 3220 immortalitatis
1028 3161 1318 3232 praemium
1364 3161 1676 3231 possideret
1722 3162 2027 3228 obediens,
2070 3163 2157 3218 vel
2185 3165 2229 3226 C
2264 3177 2383 3216 rum
2432 3177 2632 3232 genera
2674 3161 2729 3216 in
2762 3176 2952 3217 eorum
2993 3162 3319 3229 corporibus
3367 3161 3724 3218 crudelissimi
3755 3170 3822 3232 ty.

558 3264 918 3311 contemnens
953 3255 1232 3324 exciperet
1280 3254 1472 3309 mortis
1523 3254 1885 3309 interminata:
1935 3264 2158 3310 senten-

558 3347 712 3401 tiam.
742 3346 1092 3401 Manducavit
1116 3345 1302 3409 homo,
1329 3346 1454 3416 quia
1482 3345 1682 3400 voluit:
1714 3346 2026 3402 mandatum
2048 3363 2158 3403 non

556 3439 876 3508 custodivit,
932 3439 1058 3510 quia
1105 3440 1316 3494 noluit:
1371 3446 1552 3494 morte
1599 3440 1914 3510 mulctatur,
1975 3439 2158 3513 hquia

629 3632 654 3660 τι
677 3622 789 3679 Sic.
821 3621 994 3677 Paris.
1025 3619 1217 3686 editio,
1240 3631 1294 3676 et
1331 3636 1463 3676 mss.
1494 3635 1728 3691 quatuor
1753 3667 1767 3688 ,
1799 3623 1995 3690 quibus
2017 3637 2152 3677 con-

553 3695 722 3779 sentiot
749 3694 884 3749 liber
913 3692 1251 3764 Pantagathi.
1307 3693 1440 3748 Alia:
1470 3693 1589 3747 duae
1621 3691 1887 3750 editiones
1912 3735 1926 3759 ,
1956 3695 2109 3748 credo
2139 3733 2154 3756 ,

553 3781 843 3830 acquiesco.

623 3837 651 3877 1)
683 3837 771 3892 Sic
798 3835 950 3891 editi.
975 3835 1102 3891 Mss.
1131 3849 1282 3899 vero,
1306 3835 1594 3906 impingunt
1623 3838 1798 3905 fauces
1825 3845 1962 3902 tuas,
1987 3837 2157 3891 novis-

551 3912 680 3965 sime
696 3917 868 3962 autem
879 3950 892 3961 .

625 3991 648 4020 ο
681 3978 816 4035 Cod.
849 3978 1006 4042 Urb.,
1038 3979 1092 4031 in
1117 3979 1377 4048 voluptate
1398 3978 1680 4048 peccantis,
1713 3977 1806 4031 sed
1849 3977 2028 4032 minus
2068 3993 2157 4032 re-

547 4061 636 4108 cte
663 4068 678 4114 ;
713 4059 766 4104 et
793 4051 863 4102 ita
897 4051 1094 4119 legitur
1121 4047 1284 4102 etiam
1316 4048 1368 4102 in
1395 4047 1517 4101 cod.
1548 4048 2106 4119 OctaviiPantagathi
2136 4065 2150 4112 ;

546 4132 602 4177 at
637 4118 1011 4188 Gaudentius,
1044 4119 1238 4173 eodem
1284 4119 1448 4172 modo
1495 4119 1652 4183 paulo
1695 4118 1833 4172 infra
1880 4137 1893 4173 :
1949 4118 2154 4172 Malum

544 4210 650 4248 non
671 4193 724 4246 in
754 4192 863 4256 fetu
903 4191 1101 4245 arboris
1125 4201 1216 4254 est,
1249 4189 1338 4244 sed
1360 4192 1411 4243 in
1440 4188 1706 4243 voluntate
1727 4187 1952 4244 hominis
1981 4200 2153 4244 trans-

542 4262 792 4334 gressoris
803 4304 813 4314 .

613 4336 640 4372 ά
673 4333 845 4402 Lugd.
879 4331 1067 4396 editio,
1101 4340 1145 4384 et
1173 4340 1324 4402 erant
1349 4330 1485 4383 bona
1508 4330 1676 4384 valde.

2266 3256 2425 3310 ranni
2456 3254 2675 3310 feritas:
2703 3262 2902 3310 etcum
2935 3271 3041 3309 non
3061 3255 3325 3310 valuisset
3345 3255 3700 3310 constantiam
3725 3251 3824 3308 ﬁdei

2267 3347 2322 3403 in
2352 3362 2451 3402 sex
2479 3345 2737 3401 fratribus
2762 3354 2789 3381 ιι
2821 3347 3107 3402 atrocitate
3137 3347 3388 3416 supplicii
3415 3361 3677 3417 superare
3698 3345 3826 3401 calli-

2265 3440 2368 3497 dus
2398 3448 2735 3512 persecutor,
2767 3440 2823 3495 in
2868 3440 3126 3512 septimo,
3183 3440 3310 3512 quia
3355 3451 3509 3498 esset
3555 3441 3747 3514 junior,
3770 3437 3824 3493 ad

2337 3620 2366 3659 ιι
2410 3621 2470 3678 In
2497 3631 2734 3692 quatuor
2783 3637 2917 3678 mss.
2976 3632 3033 3679 et
3064 3624 3118 3678 in
3156 3622 3298 3679 libro
3349 3624 3699 3694 Pantagathi,
3726 3621 3824 3691 quia

2265 3705 2843 3766 praeceptumservare:
2875 3704 2930 3749 et
2963 3696 3124 3763 paulo
3159 3705 3306 3763 post,
3337 3705 3384 3766 et
3411 3697 3616 3766 fructus
3634 3697 3736 3766 ejus
3755 3694 3826 3747 bo-

2264 3781 2386 3830 nus,
2414 3765 2503 3820 tibi
2534 3765 2665 3821 editi
2701 3766 2910 3838 legunt,
2942 3775 2988 3838 et
3024 3771 3227 3838 fructus
3257 3765 3468 3836 quidem
3500 3765 3676 3838 bonus.
3709 3765 3826 3838 Pra-

2263 3846 2483 3908 ceptum
2519 3852 2628 3890 non
2673 3836 3120 3908 comedendi'de
3149 3837 3300 3908 ligno
3343 3838 3595 3893 scientia:
3639 3836 3751 3908 boni
3770 3842 3825 3908 _et

2267 3907 2394 3960 mali
2421 3920 2648 3962 vocatur
2673 3923 2703 3960 a
2735 3907 3042 3963 Gaudentio
3077 3905 3382 3962 mandatum
3411 3926 3523 3964 non
3544 3908 3708 3962 solum
3737 3905 3822 3965 hic.

2267 3978 2364 4032 sed
2395 3979 2559 4032 etiam
2589 3987 2748 4032 tract.
2779 3980 2868 4042 to,
2905 3995 2957 4047 p.
2984 3979 3125 4044 298,
3158 3981 3248 4035 ubi
3275 3995 3536 4047 expresse
3553 3975 3825 4034 diciturlrs

2265 4049 2522 4102 mandati.
2561 4050 2696 4104 Vide
2723 4061 2982 4103 annotata
3017 4061 3200 4104 nostra
3235 4051 3288 4104 in
3311 4065 3435 4105 eum
3471 4054 3676 4106 locum.

2339 4117 2352 4156 ί
2389 4118 2563 4184 Flor.,
2591 4119 2724 4174 Urb.
2758 4129 2816 4175 et
2840 4121 2978 4176 liber
3008 4122 3351 4190 Pantagathi,
3385 4123 3476 4176 sed
3515 4126 3571 4176 in
3598 4119 3824 4174 voluntate

2256 4203 2331 4244 est
2361 4191 2623 4256 hominis;
2671 4199 2726 4246 et
2754 4195 2912 4258 paulo
2947 4205 3066 4260 post
3099 4193 3151 4246 in
3176 4193 3369 4248 eodem
3400 4193 3564 4257 libro,
3599 4190 3823 4246 interitum

2253 4278 2453 4386 sartae,
2484 4262 2575 4317 ubi
2601 4263 2874 4316 interitum
2905 4280 3090 4333 parare
3114 4265 3312 4334 legitur
3345 4265 3399 4318 in
3431 4265 3597 4320 editis
3625 4272 3677 4319 et
3697 4260 3820 4315 Vatt.

2295 4348 2362 4386 uo
2407 4348 2489 4386 us.

2295 4348 2489 4387 llODllS.

621 4414 646 4442 ε
677 4400 774 4459 1ιιί
795 4404 975 4476 locum
1010 4405 1170 4476 istum
1207 4401 1614 4476 reformandum
1649 4400 1990 4476 putavimus,
2025 4418 2149 4476 eum
2180 4401 2231 4462 D
2266 4475 2273 4476 ί
2305 4403 2346 4476 ίι
2383 4404 2758 4476 Mss.quatuor
2787 4403 3163 4476 codd.eodem
3194 4407 3358 4460 modo
3387 4407 3577 4476 legunt
3601 4405 3645 4457 si
3673 4414 3822 4476 carnes

545 4474 792 4544 legerent
837 4472 960 4544 dua:
990 4473 1284 4540 editiones,
1327 4481 1373 4525 et
1421 4472 1618 4544 servilis
1665 4473 1894 4544 tutntana
1922 4474 2152 4528 conditio

543 4541 705 4620 legem
736 4543 832 4598 Dei
859 4543 1178 4620 dominantis
1210 4551 1498 4620 acceperat.
1541 4541 1710 4620 Lugd.
1740 4550 1960 4620 autent3
1991 4545 2152 4620 legem

541 4610 644 4674 D"ei
665 4617 965 4672 damnantis
994 4624 1260 4682 acceperat
1288 4631 1307 4679 ;
1334 4610 1402 4668 at
1440 4612 1586 4668 Flor.
1617 4610 1644 4682 ,’
1665 4615 1826 4681 legem
1855 4610 1957 4665 Dei
1998 4610 2149 4669 dam-

542 4691 718 4745 nantis
742 4687 1019 4755 acciperet.
1069 4686 1176 4742 Alii
1222 4695 1333 4740 tres
1380 4699 1505 4739 mss.
1534 4723 1552 4750 ,
1597 4695 1646 4740 et
1695 4684 1894 4738 servilis
1921 4683 2152 4741 humana

541 4762 771 4815 conditio
831 4760 994 4828 legem
1047 4757 1140 4812 Dei
1206 4756 1525 4810 dominantis
1573 4756 1864 4828 acciperet_;
1913 4755 2146 4823 deinde,

540 4831 704 4892 male,
759 4825 960 4897 proprii
989 4829 1190 4882 arbitrii
1217 4828 1451 4882 libertate
1481 4825 1749 4896 permissa.
1797 4825 1909 4880 Nos
1940 4839 2146 4895 autem,

537 4900 966 4971 propriigarbitrii
997 4899 1222 4971 libertati
1242 4900 1508 4971 permissa.
1539 4898 1686 4971 qu_od
1708 4897 1777 4950 ab
1803 4897 2151 4971 ed_itis_ac_cc-

541 4968 694 5040 ptum
726 4969 961 5024 libenter
1003 4969 1352 5040 retinuimus.
1407 4968 1569 5023 Liber
1601 4968 1918 5040 Pantagathi
1943 4968 2023 5024 sic
2055 4969 2150 5023 ha—

533 5038 632 5096 bet
661 5059 676 5096 :
703 5049 760 5093 ut
787 5039 988 5092 servilis
1017 5039 1248 5094 humana
1273 5041 1502 5094 conditio
1535 5040 1695 5110 legem
1727 5038 1823 5091 Dei
1867 5038 2148 5110 dominan-

533 5113 603 5166 tis
632 5111 887 5182 acciperet
918 5111 1113 5182 proprii
1141 5110 1343 5182 arbitrii
1377 5109 1611 5182 libertate
1647 5109 2150 5182 permissarFac-ilis

535 5179 887 5238 librariorum
923 5179 1107 5249 lapsus
1129 5180 1484 5236 scribentium
1523 5181 1756 5235 libertate
1783 5195 1878 5248 pro
1904 5181 2147 5235 libertati.

614 5253 634 5291 ι
664 5253 812 5306 Vatt.
847 5249 979 5317 duo,
1015 5251 1109 5304 sed
1137 5254 1192 5304 in
1218 5266 1320 5319 qua
1345 5260 1478 5304 esset
1502 5251 1720 5305 scientia
1751 5250 1894 5314 boni,
1915 5261 1964 5304 et
1996 5254 2145 5316 mali,

538 5323 779 5379 videlicet
807 5323 861 5374 in
885 5337 1035 5392 qua;
1085 5329 1141 5376 ct
1186 5320 1383 5392 eadem,
1421 5323 1587 5392 lectio
1643 5332 1876 5391 apparet
1919 5324 1970 5376 in
2006 5322 2148 5377 libro

538 5392 871 5464 Pantagathi
897 5391 910 5454 ;
947 5392 1084 5448 Urb.
1112 5405 1269 5451 vero.
1295 5391 1385 5464 se_d
1411 5391 1466 5444 in
1484 5407 1596 5464 qua
1625 5408 1734 5446 esse
1756 5393 1977 5464 scientia
2003 5393 2143 5459 boui,

537 5474 591 5520 et
617 5461 765 5529 mali,
823 5464 1061 5520 videlicet
1088 5465 1143 5519 in
1186 5479 1310 5534 qua.
1342 5461 1663 5518 Lectionem
1701 5463 1977 5519 editorum
2011 5465 2147 5519 reli-

672 5606 862 5662 Lectio
892 5605 1090 5662 Urbin.
1128 5605 1328 5662 Czcteri
1363 5614 1472 5662 tam
1507 5619 1642 5662 mss.
1671 5620 1837 5676 quam
1869 5604 2037 5676 editi,
2072 5605 2147 5658 vel

537 5677 856 5749 immortalis
906 5679 1223 5745 prmium;
1273 5686 1330 5733 at
1357 5679 1482 5734 cod.
1545 5674 1893 5749 Pantagatbi,
1946 5674 2025 5730 vel
2046 5678 2148 5731 im-

537 5745 876 5800 tnortalitatis
903 5749 1196 5817 prtemium.

2257 4475 2579 4544 idolothytas
2617 4476 2752 4547 inter
2781 4475 3036 4546 supplicia
3058 4487 3370 4544 respuerant
3396 4492 3415 4542 ;
3444 4473 3580 4547 'qute
3607 4473 3824 4547 profecto

2256 4547 2438 4610 aptior
2467 4542 2641 4600 lcetio
2663 4542 2915 4610 videtur,
2948 4555 3006 4600 ut
3033 4542 3369 4615 respondeat
3395 4542 3541 4616 quod
3574 4542 3688 4601 mox
3716 4542 3825 4616 sub-

2257 4616 2359 4688 dit,
2394 4632 2574 4688 carnes
2606 4617 2940 4685 prohibitos;
2992 4629 3278 4687 comparat
3324 4615 3470 4674 enim
3527 4615 3822 4688 prohibitum

2258 4686 2583 4759 idolothyto,
2602 4684 2773 4757 atque
2792 4688 3100 4759 idolothyto
3115 4684 3257 4744 vesci
3277 4693 3500 4758 gravius
3523 4684 3644 4744 esse
3666 4684 3820 4759 intert.

2260 4757 2401 4829 Vide
2432 4751 2640 4826 sup.'in
2673 4751 2821 4812 notis
2845 4758 2912 4812 ad
2947 4751 3024 4812 Ir:
3043 4760 3098 4824 9,
3131 4776 3185 4829 p.
3209 4751 3338 4816 283.
3368 4761 3503 4816 Cod.
3528 4751 3822 4829 Pantagatbi

2259 4828 2456 4901 habet:
2488 4831 2534 4882 si
2563 4845 2746 4883 carnes
2768 4829 3090 4900 idolothytas
3115 4828 3144 4896 ;“
3162 4832 3362 4886 deinde
3384 4833 3438 4885 in
3463 4847 3620 4901 parvo
3642 4828 3818 4900 fuerim!

2255 4899 2459 4968 ﬁdeles,
2477 4901 2522 4954 si
2553 4915 2739 4955 carnes
2761 4901 2935 4954 solum
2961 4899 3244 4969 prohibitus
3277 4919 3338 4956 ne
3359 4899 3701 4965 comederent,
3721 4907 3819 4967 qua

2255 4971 2422 5041 lectio
2451 4980 2532 5026 est
2564 4973 2728 5025 etiam
2760 4973 2812 5026 in
2843 4971 2966 5026 aliis
2994 4983 3236 5041 quatuor
3262 4989 3395 5028 mss.

2327 5039 2352 5078 ιι
2403 5041 2459 5095 1η
2501 5037 3146 5127 qu:ttuor.mss.“qu'auto
3173 5045 3295 5127 nisu
3346 5060 3440 5114 pro
3471 5037 3817 5113 Redemptoris,

2255 5123 2420 5180 prout
2443 5113 2609 5168 etiam
2646 5114 2698 5166 in
2729 5112 2876 5167 libro
2898 5113 3251 5184 Pantagathi.
3348 5112 3353 5114 ⁷
3662 5112 3667 5113 “

2260 5262 2270 5266 Α
2335 5181 2349 5220 ι
2385 5185 2895 5266 Sictnss.‘quatuor
2920 5193 2975 5238 et
3001 5185 3138 5266 liber
3163 5185 3511 5257 Pantagatbi.
3533 5184 3670 5242 Editi
3691 5191 3816 5237 vero.

2253 5262 2358 5307 tam
2383 5262 2719 5329 gertinaciter
2739 5263 3043 5329 certassent.
3098 5327 3108 5329 _
3676 5327 3683 5329 _
3773 5319 3782 5329 .

2325 5334 2363 5360 π’
2383 5315 2586 5381 ’ϐτωοθ
2608 5325 2758 5380 enim
2788 5324 3067 5391 ’Avixn-roc,
3089 5327 3338 5394 invictus,
3367 5329 3438 5381 ab
3460 5353 3494 5385 α
3514 5337 3566 5382 et
3591 5327 3745 5384 νικάω.
3773 5315 3815 5371 id

2251 5405 2336 5450 est
2361 5396 2530 5468 vinco,
2578 5412 2790 5468 supero.
2825 5397 3118 5463 llesiodus,
3179 5397 3386 5468 Theog.
3437 5401 3561 5457 489.
3593 5399 3811 5468 ἀνίκητοςε

2251 5471 2336 5538 καὶ
2363 5457 2573 5529 ἀκηδής.
2607 5457 2826 5521 invictus
2857 5477 2907 5522 et
2933 5457 3166 5522 securus.
3209 5457 3374 5523 Vetus
3400 5466 3674 5535 inscriptio
3696 5457 3812 5538 apud

2251 5537 2504 5600 Reines.,
2531 5540 2694 5592 class.
2717 5553 2756 5606 ι,
2787 5555 2844 5594 ιι.
2893 5539 2962 5596 49
2989 5557 3003 5594 :
3033 5551 3178 5596 ΗΛΙΩ
3207 5549 3469 5597 ANtttttTn
3491 5529 3693 5598 Etim.
3717 5529 3811 5588 Soli

2256 5607 2458 5662 Invicto
2485 5620 2680 5663 votum.

2321 5687 2348 5714 ¹¹
2375 5681 2519 5737 Vatt.
2547 5681 2656 5734 duo
2680 5689 2734 5735 et
2754 5679 2932 5748 Flor.,
2973 5684 3245 5736 atrocitate
3285 5683 3636 5742 cruciatuum,
3675 5683 3807 5748 αιιειρι

2251 5749 2544 5808 lectionem
2587 5751 2752 5808 habet
2781 5742 2948 5809 etiam
2999 5753 3124 5810 cod.
3171 5753 3531 5825 Pantagatbi;
3580 5760 3631 5806 et
3671 5742 3808 5819 paulo
