4096 6192
310 275 414 330 955

1110 281 1341 340 SERMO
1378 284 1496 354 XV,
1540 284 1629 343 DE
1669 290 1992 357 DIVERSIS
2032 294 2399 351 CAPITULIS
2434 295 2760 365 QUINTUS.

3494 299 3602 357 95!

309 389 802 448 blandimentorum
843 406 965 449 sese
1009 402 1278 451 tormenta
1333 400 1603 455 convertit
1628 418 1641 467 ;
1679 402 1895 461 divitia-
1923 413 1973 473 Α
2001 409 2066 462 ab
2096 409 2406 477 immolatis,
2434 409 2463 449 (ι
2483 421 2533 465 et
2564 427 2595 464 a
2626 411 2997 481 fornicatione,
3049 419 3098 466 et
3125 428 3157 466 a
3182 412 3438 484 sanguine
3457 411 3599 485 (Act.

309 500 426 540 rum
472 486 730 555 prmmiis,
782 496 836 542 et
862 486 1131 543 bonorum
1176 491 1627 559 promissionibus
1670 511 1894 565 puerum

310 586 589 648 torquens,
635 593 796 648 quem
829 588 1009 635 tamen
1043 580 1373 652 detorquere
1404 600 1508 639 non
1547 588 1741 655 potuit.
1767 589 1897 645 Erat

306 669 453 725 enim
502 670 732 725 fratrum
756 686 980 726 suorum
1015 673 1209 738 frater;
1264 683 1319 731 et
1351 675 1495 731 (ilius
1528 680 1715 734 matris
1754 681 1898 736 illius

306 780 428 830 qua:
475 763 601 817 dum
654 766 900 835 singulos
950 766 1093 822 filios
1155 784 1251 837 pro
1300 770 1394 824 Dei
1444 772 1663 829 nomine
1720 776 1898 844 puniri

306 856 429 911 lzeta
461 868 516 910 et
561 858 779 927 aspicit,
811 868 865 914 et
900 858 1152 915 hortatur
1176 903 1192 927 ,
1236 872 1314 915 tot
1347 866 1605 936 martyria
1651 868 1894 936 pertulit,

305 959 436 1019 quot
464 950 689 1019 pignora
717 954 1061 1007 consecravit
1080 972 1093 1007 :
1112 963 1138 989 σι
1160 956 1363 1022 septies
1396 956 1450 1011 in
1481 959 1715 1027 propriis
1738 940 1895 1029 passa

305 1040 631 1106 visceribus,
658 1050 849 1097 octava
873 1052 928 1099 et
957 1043 1072 1114 ipsa
1102 1047 1333 1102 accessit
1358 1062 1610 1115 numero,
1653 1050 1720 1105 ad
1747 1061 1896 1107 octa-

306 1150 429 1189 vum
460 1134 665 1189 Christi
690 1137 1115 1193 resurrectionis
1135 1138 1279 1195 diem
1299 1154 1423 1195 cum
1446 1141 1627 1197 charis
1655 1144 1897 1214 pignori-

304 1225 405 1281 bus
432 1242 746 1282 occursura.
783 1228 938 1285 Unde
988 1246 1096 1285 non
1125 1232 1397 1287 immerito
1422 1237 1765 1301 prmsumitur
1790 1238 1892 1292 ista

303 1329 480 1377 mater
498 1321 814 1377 beatissima
832 1362 847 1387 ,
876 1324 1133 1379 Ecclesiae
1155 1335 1357 1381 sancta:
1378 1328 1667 1399 imaginem
1692 1328 1718 1367 ιι
1750 1346 1891 1400 pra:-

303 1423 799 1484 monstrasse,quae
822 1416 1138 1486 spirituales
1160 1418 1269 1474 Deo
1293 1418 1435 1474 filios
1451 1436 1641 1490 parere
1657 1437 1891 1479 censue-

300 1507 403 1574 vit,
436 1506 567 1561 nihil
599 1506 667 1563 de
692 1522 859 1563 carne
887 1518 943 1565 et
969 1513 1239 1583 sanguine
1269 1514 1595 1583 cogitantes.
1618 1515 1735 1571 Jam
1761 1534 1889 1573 vero

296 1599 345 1655 si
374 1600 495 1667 quis
521 1616 550 1653 a
578 1614 663 1654 me
717 1602 1017 1669 superioris
1058 1603 1445 1673 disputationis
1493 1609 1751 1677 reliquias
1776 1610 1889 1665 exi.

292 1700 402 1761 gat,
425 1692 701 1760 inquirens
720 1693 910 1747 curilli
931 1694 1038 1748 cibi
1062 1696 1152 1765 qui
1177 1696 1393 1752 fuerant
1410 1713 1573 1753 causa
1600 1702 1889 1757 continen-

2001 499 2116 569 ιν),
2156 510 2179 537 θ
2204 500 2255 555 id
2287 512 2374 555 est
2406 517 2435 556 a
2462 501 2767 558 suffocatis.
2806 501 2826 541 ί
2861 502 3343 561 Ρτωιθτωίεετυηι
3371 504 3605 561 homici-

1997 592 2170 661 dium,
2230 594 2389 667 331
2438 596 2792 666 adulterium,
2855 596 3153 666 veneficia;
3201 600 3459 669 quoniam
3500 614 3604 657 nec

1998 687 2271 741 nominari
2316 701 2381 742 ea
2439 688 2491 743 in
2551 688 3153 760 Ecclesiis'oporteret
3206 706 3331 762 qua:
3388 690 3603 762 legibus

1998 778 2161 833 etiam
2180 777 2476 834 Gentilium
2501 780 2825 848 punirentur
2846 799 2860 835 :
2887 782 3361 849 praetermiserunt
3382 796 3603 853 quoque

1995 870 2117 925 illas
2163 884 2357 927 omnes
2400 871 2662 928 minutias
2707 872 3162 930 Observationum
3216 875 3511 946 legalium,
3545 884 3601 932 et

1994 967 2110 1021 sola
2141 968 2258 1023 haec
2283 983 2407 1038 quae
2448 969 2833 1038 praediximus,
2879 971 3239 1027 custodienda
3272 984 3601 1041 sanxerunt,

1994 1074 2067 1115 ne
2089 1061 2179 1116 vel
2211 1061 2534 1116 sacrificatis
2564 1062 2787 1118 diabolo
2812 1064 2951 1119 cibis
2979 1068 3331 1135 profanemur
3361 1067 3602 1122 immun-

1994 1153 2113 1220 dis,
2143 1155 2327 1209 vel'ne
2364 1165 2617 1210 emortuo
2668 1171 2765 1225 per
2803 1157 3018 1213 viscera
3061 1158 3451 1215 suffocatorum
3482 1161 3603 1215 ani-

1996 1245 2215 1299 malium
2264 1246 2536 1316 sanguine
2586 1246 2896 1317 polluamur
2926 1290 2939 1314 ,
2983 1250 3070 1304 vel
3123 1266 3191 1306 ne
3239 1251 3605 1307 immunditiis

1993 1337 2417 1393 fornicationum
2439 1354 2673 1407 corpora
2703 1351 2916 1407 nostra,
2944 1358 3067 1411 quae
3097 1344 3298 1413 templa
3320 1344 3417 1401 Dei
3446 1356 3598 1415 sunt,

1993 1430 2284 1485 violemus.
2318 1432 2410 1486 Sic
2439 1447 2571 1503 ergo
2610 1435 2985 1503 permiserunt
3028 1437 3213 1491 omnia
3254 1438 3597 1510 manducari,

1991 1531 2053 1576 ut
2106 1522 2529 1578 fornicationem
2585 1526 2950 1595 praeciperent
3003 1526 3349 1597 fugiendam.
3410 1530 3597 1587 Nostri

1986 1618 2101 1689 jam
2128 1619 2293 1675 debet
2321 1634 2443 1674 esse
2470 1620 2863 1677 moderaminis
2894 1632 2918 1669 ις
2945 1631 3154 1677 tantum
3204 1624 3393 1681 laxare
3432 1625 3599 1682 habe-

1992 1725 2092 1766 nas
2133 1710 2391 1778 licentiae,
2440 1728 2507 1767 ne
2537 1714 2847 1784 praecipites
2897 1715 3143 1772 feramur
3176 1718 3229 1773 in
3260 1719 3468 1787 luxum,
3500 1721 3596 1776 sed

295 1786 384 1839 tiae
406 1785 615 1857 inLege
637 1786 916 1856 prohibiti,
944 1791 1226 1845 nonetiam
1243 1808 1387 1849 nilne
1406 1794 1648 1862 ejusdem
1670 1798 1887 1868 reigra-
1917 1801 1964 1860 B
1992 1813 2050 1857 ut
2081 1802 2342 1872 pudicitia
2386 1814 2501 1859 tuta
2534 1820 2658 1862 esse
2706 1807 2898 1876 possit,
2932 1824 3095 1878 quam
3147 1810 3341 1867 beatus
3393 1785 3595 1867 Paulus

292 1880 363 1935 tia
396 1891 705 1949 arceantur,
759 1884 1017 1951 breviter,
1062 1894 1121 1941 ut
1147 1888 1355 1955 sentio,
1406 1890 1764 1958 restiondebo.
1796 1892 1887 1947 Sic

288 1974 499 2028 ablatas
522 1974 687 2030 fuisse
714 1974 782 2031 de
814 1976 1013 2041 medio,
1038 1977 1293 2048 legalium
1320 1992 1711 2052 prteceptorum
1746 1985 1886 2040 mul-

291 2067 506 2138 tiplices
530 2069 943 2125 observationes
973 2086 1119 2137 reor,
1150 2082 1211 2127 ut
1233 2076 1509 2143 generalia
1533 2087 1802 2147 praecepta
1828 2076 1881 2133 in

286 2169 433 2215 statu
466 2162 705 2231 pristino
738 2163 1122 2230 perdurarent.
1162 2166 1428 2233 Diximus,
1466 2169 1742 2237 pudicitia:
1770 2186 1886 2227 ser-

289 2256 480 2311 vandae
509 2272 693 2325 causa,
727 2258 960 2314 Judaico
990 2261 1197 2330 populo
1228 2262 1613 2319 abstinentiam
1644 2268 1729 2321 vel
1760 2281 1884 2336 por-

291 2351 432 2406 cina:
461 2351 667 2418 carnis,
722 2354 809 2408 vel
839 2354 1104 2409 similium
1137 2357 1573 2428 quadrupedum,
1635 2374 1733 2416 nec
1773 2379 1881 2416 non

290 2455 346 2499 et
398 2446 756 2514 quorumdam
786 2449 1127 2515 volatilium,
1183 2461 1347 2522 atque
1398 2454 1628 2522 piscium
1661 2466 1684 2494 ο
1714 2457 1883 2512 fuisse

290 2536 596 2592 indictam:
654 2539 1063 2596 adhaerentibus
1112 2543 1235 2597 licet
1276 2544 1420 2615 typis
1469 2546 1879 2603 rationabilium

291 2631 613 2699 figurarum,
646 2647 784 2703 quas
811 2633 1007 2689 doctor
1034 2635 1338 2704 spiritualis
1385 2639 1625 2708 propriis
1652 2640 1885 2708 quibus-

288 2738 396 2793 que
428 2721 565 2777 locis
596 2724 920 2793 singillatim
953 2725 1115 2782 debet
1147 2742 1461 2797 exponere:
1497 2731 1591 2785 sed
1616 2733 1878 2801 quoniam

289 2824 629 2871 terrenarum
662 2826 894 2883 mentes,
914 2820 1280 2889 perplexitate
1312 2824 1697 2893 multiplicium
1730 2843 1881 2882 man-

286 2913 541 2971 datorum
572 2919 792 2974 onerari
826 2920 1033 2988 potius,
1093 2936 1253 2987 quam
1303 2922 1495 2977 instrui
1532 2924 1880 2991 videbantur,

285 3009 558 3067 indefessa
589 3021 646 3068 et
672 3011 729 3067 in
763 3013 867 3068 hac
895 3023 1053 3084 parte
1083 3030 1207 3084 erga
1252 3014 1553 3072 humanum
1599 3033 1772 3088 genus
1800 3019 1882 3073 di-

285 3104 410 3158 vina
434 3104 799 3172 providentia,
820 3120 915 3173 per
937 3106 1265 3174 Pr0plietam
1293 3110 1633 3175 promittitur
1650 3109 1877 3164 Isaiam:

1990 1896 2109 1951 sine
2132 1897 2559 1954 circumcisione
2591 1900 2731 1970 gulae
2760 1903 2943 1958 sciens
2974 1904 3240 1961 custodiri
3269 1922 3375 1960 non
3411 1922 3592 1976 posse,

1989 1992 2071 2049 sic
2097 1994 2173 2047 ait
2202 2010 2213 2046 :
2245 1994 2434 2048 Omnia
2458 1998 2667 2065 quidem
2692 1999 2891 2052 munda
2917 2008 3038 2052 sunt
3063 2014 3082 2053 :
3112 2010 3159 2053 et
3188 2000 3319 2055 nihil
3340 2000 3597 2073 objicien-

1989 2088 2113 2140 dum
2140 2088 2279 2157 quod
2310 2104 2428 2141 cum
2457 2090 2747 2159 gratiarum
2775 2090 2982 2144 actione
3012 2092 3300 2160 percipitur
3327 2107 3347 2147 :
3367 2095 3459 2146 sed
3480 2109 3597 2147 ma-

1988 2178 2098 2231 lum
2138 2187 2216 2231 est
2243 2180 2444 2233 homini
2483 2182 2571 2249 qui
2604 2197 2697 2248 per
2724 2179 3063 2247 offensionem
3106 2183 3391 2237 manducet
3411 2183 3593 2255 (Rom.

1993 2286 2104 2333 xiv,
2138 2271 2268 2342 20);
2306 2269 2330 2308 ιι
2363 2272 2415 2326 id
2440 2284 2525 2328 est
2550 2272 2645 2343 qui
2667 2272 3031 2328 oﬂ‘ensionem
3063 2275 3271 2343 patitur
3292 2291 3414 2330 eum
3444 2292 3599 2332 man-

1996 2362 2186 2417 ducat.
2218 2364 2282 2416 Et
2305 2364 2745 2434 subjecitstatim
2764 2367 3007 2420 salutare
3040 2366 3331 2421 consilium
3362 2366 3596 2422 :Bonum

1990 2465 2092 2521 est,
2125 2457 2322 2525 inquit,
2339 2473 2440 2510 non
2454 2458 2775 2511 manducare
2787 2474 3021 2524 carnem,
3037 2476 3199 2528 neque
3210 2459 3381 2513 bibere
3396 2461 3592 2529 vinum,

1986 2563 2149 2614 neque
2168 2550 2220 2601 in
2238 2565 2339 2616 quo
2363 2549 2525 2618 frater
2567 2557 2689 2603 tuus
2710 2548 3016 2615 offenditur,
3045 2562 3136 2605 aut
3166 2554 3592 2621 scandalizatur,

1985 2648 2075 2692 aut
2106 2640 2401 2709 inﬁrmatur
2446 2639 2623 2707 (Rom.
2660 2656 2776 2706 xw,
2807 2641 2924 2710 21).
2952 2640 3087 2708 Quis
3111 2642 3207 2697 ille
3239 2644 3592 2713 conjunctior

1983 2729 2178 2797 frater,
2211 2747 2371 2801 quam
2420 2733 2586 2787 homo
2632 2744 2823 2787 noster
2848 2734 3127 2788 exterior?
3157 2738 3243 2790 cui
3290 2752 3357 2791 ne
3400 2747 3590 2795 nostra

1984 2823 2201 2879 licentia
2254 2826 2338 2881 vel
2386 2826 2813 2890 oll‘endiculum,
2870 2828 2956 2883 vel
3024 2830 3442 2901 inﬁrmitatem,
3503 2833 3589 2890 vel

1984 2917 2302 2972 scandalum
2345 2920 2543 2989 pariat,
2596 2920 2858 2975 utendum
2903 2930 2988 2975 est
3034 2921 3288 2977 ciborum
3332 2924 3585 2992 licentia,

1984 3024 2090 3064 nou
2141 3011 2504 3079 abutendum;
2567 3021 2626 3067 ut
2676 3014 2939 3082 sciamus,
2992 3013 3006 3052 ί
3070 3031 3171 3071 nos
3220 3032 3327 3071 non
3382 3018 3583 3075 edendi

1983 3116 2147 3158 causa
2199 3119 2323 3160 esse
2365 3114 2555 3171 natos,
2608 3107 2703 3162 sed
2748 3110 2887 3162 bene
2948 3110 3187 3163 vivendi.
3238 3111 3587 3181 Quapropter

288 3198 548 3265 Quoniam
573 3199 778 3253 verbum
808 3198 1154 3253 abbreviatum
1185 3201 1358 3270 faciet,
1390 3200 1585 3271 inquit,
1622 3202 1877 3256 Dominus
1906 3191 1953 3255 C
1985 3195 2217 3265 imperio
2258 3199 2457 3254 animae
2498 3200 2679 3254 earnis
2723 3200 2973 3255 conditio
3010 3202 3372 3270 obsecundet,
3405 3218 3475 3259 ne
3502 3203 3584 3260 ef-

281 3306 434 3361 super
462 3298 653 3344 terram
685 3290 785 3361 (Is.
820 3307 877 3355 x,
902 3290 1021 3359 25).
1078 3292 1144 3346 Et
1174 3291 1381 3347 ideirco
1415 3295 1605 3349 beatus
1633 3293 1870 3349 Jacobus

282 3384 649 3438 cumcateris
678 3383 957 3451 Apostolis
1001 3384 1283 3440 decretum
1334 3386 1439 3440 tale
1492 3386 1784 3441 constituit
1814 3387 1868 3442 in

283 3476 545 3532 Ecclesiis
578 3476 981 3533 observandum
1009 3497 1021 3532 :
1060 3476 1129 3534 Ut
1158 3478 1461 3533 abstineatis
1498 3495 1607 3547 vos,
1666 3481 1861 3551 inquit,

281 3673 444 3733 supra
488 3658 542 3712 in
578 3658 771 3733 eodem
812 3659 972 3723 libro,
1025 3675 1124 3729 pro
1164 3663 1373 3731 tyranni
1402 3664 1619 3733 feritas,
1657 3662 1868 3732 tyranni

282 3732 539 3801 feralitas;
555 3730 649 3783 sed
671 3740 864 3784 neutro
894 3733 943 3785 in
969 3733 1091 3786 loco
1117 3730 1337 3787 immuta
1349 3730 1410 3788 re
1429 3734 1653 3801 placuit,
1678 3730 1870 3802 quam-

279 3804 363 3874 vis
418 3802 623 3874 tyranni
677 3802 910 3869 feralitas
953 3815 1203 3859 occurrat
1246 3806 1297 3859 in
1350 3804 1499 3861 Flor.
1552 3820 1769 3874 quoque
1813 3813 1868 3859 et

282 3872 425 3928 Vatt.
459 3872 693 3925 duobus.

352 3954 376 3979 ο
401 3942 599 4015 Notum
633 3952 719 3997 est
746 3944 873 3997 illud
906 3945 1157 4015 Gregorii
1184 3947 1361 4015 Magni
1390 3946 1458 4002 de
1486 3948 1643 4002 beata
1674 3946 1868 4001 Felici-

281 4024 429 4069 tate:
492 4013 573 4066 Ad
604 4032 808 4080 poenam
839 4017 1008 4083 prima
1025 4013 1191 4084 ﬁvenit,
1247 4013 1337 4071 scd
1383 4020 1613 4085 pervenit
1665 4028 1865 4072 octava.

280 4084 414 4139 Male
463 4086 635 4161 editio
672 4086 935 4161 _i.ugdun.
979 4097 1051 4161 _et
1078 4092 1297 4155 t)olon.,
1341 4084 1525 4161 septies
1555 4091 1609 4143 in
1640 4091 1867 4159 prapriis

277 4161 473 4232 pascha
501 4157 943 4232 tlisceribus‘;rsed
978 4159 1149 4213 Paris.
1182 4172 1234 4213 et
1264 4157 1420 4225 mss.)
1468 4178 1642 4232 passa.

350 4226 376 4265 δ
403 4228 494 4283 Sic
518 4228 690 4283 Paris.
717 4229 904 4294 editio,
937 4238 993 4285 et
1019 4247 1149 4286 mss.
1184 4244 1419 4299 quatuor
1441 4226 1565 4287 cod.
1595 4235 1720 4289 Dure
1748 4237 1867 4290 alia:

277 4298 551 4376 editiones
596 4301 1007 4376 demonstrasse;
1062 4313 1117 4356 at
1168 4298 1594 4374 prtentonstrasse
1644 4309 1867 4376 praefert

277 4371 447 4443 etiam
471 4371 613 4425 liber
635 4372 986 4443 Pantagatlti.

354 4452 374 4480 ε
406 4441 541 4497 Tres
567 4441 866 4507 editiones,
894 4445 1176 4513 mendose,
1201 4446 1549 4500 interdictum.
1582 4448 1691 4505 Sed
1715 4449 1862 4503 Vatt.

274 4512 402 4587 duo,
454 4524 517 4587 iet
544 4514 679 4570 Urb.
710 4505 1006 4580 indictum;
1054 4505 1200 4587 quod
1233 4520 1459 4577 verbum
1501 4528 1586 4573 est
1614 4523 1779 4575 etiam
1812 4523 1863 4576 in
1894 4505 1948 4566 Ῑ)

276 4584 421 4639 libro
451 4586 791 4656 Pantagatlti.

347 4655 372 4693 ά
395 4656 565 4711 Verba
590 4655 704 4723 illa,
737 4670 782 4713 et
806 4676 836 4711 a
860 4659 1223 4733 fornicatione,
1242 4661 1521 4717 reddimus
1543 4678 1607 4717 ex
1632 4674 1867 4733 quatuor

277 4743 437 4803 mss.,
464 4743 586 4798 quae
618 4740 745 4803 ante
775 4732 825 4803 in
855 4731 1021 4785 editis
1041 4730 1526 4803 desiderabantur;
1552 4730 1723 4797 eaque
1742 4752 1865 4803 sug-

274 4800 415 4869 gerit
432 4804 594 4853 etiam
619 4802 759 4855 liber
777 4801 1310 4871 Pantagatlii.,atque
1324 4806 1550 4857 omnino
1572 4806 1659 4860 hic
1682 4800 1865 4859 neces-

271 4872 415 4944 saria
438 4886 561 4944 esse
584 4881 696 4925 tum
716 4872 962 4940 Vulgata:
986 4886 1309 4937 consensus,
1326 4884 1433 4944 tum
1464 4889 1701 4944 sequens
1724 4877 1867 4930 Gau-

270 4940 515 4996 dentiani
542 4944 813 5013 sermonis
843 4951 1138 4996 contextus
1169 4943 1463 4997 manifeste
1495 4940 1809 5013 persuadet.

344 5024 367 5049 ε’
403 5015 552 5067 llanc
581 5011 874 5067 Gaudentii
911 5014 1232 5079 lectionem,
1286 5028 1394 5082 qua
1445 5011 1636 5069 vocem
1669 5033 1702 5069 a
1744 5034 1867 5070 san-

268 5086 428 5155 guine
459 5084 855 5155 interpretatur
883 5084 1025 5155 idem
1068 5098 1191 5138 esse
1222 5100 1285 5137 ac
1310 5102 1342 5138 a
1364 5084 1653 5152 suffocatis,
1707 5089 1865 5141 valde

271 5154 511 5209 illustrat
530 5155 681 5206 locus
703 5154 979 5208 Ambrosii
1003 5154 1053 5207 in
1078 5156 1175 5215 Ep.
1195 5155 1261 5209 ad
1283 5156 1461 5211 Galat.
1492 5171 1614 5222 cap.
1650 5174 1682 5211 ll
1706 5176 1718 5211 :
1738 5157 1864 5211 Tria

269 5226 379 5279 ha'c
429 5224 676 5278 ntandata
722 5223 968 5300 sophistm
1012 5225 1447 5300 Grieco‘rum‘non
1494 5229 1863 5300 intelligentes,

268 5298 481 5351 scientes
523 5306 747 5348 tamena
776 5296 1029 5365 sanguine
1066 5297 1447 5361 abstinendum,
1502 5296 1864 5353 adulterarum

273 5367 624 5436 Scripturam,
648 5377 892 5437 quartum
924 5367 1223 5437 mandatum
1252 5369 1518 5434 addentes,
1552 5379 1607 5423 et
1637 5385 1665 5422 a
1698 5369 1864 5423 antio-

269 5450 392 5492 cato
414 5438 824 5503 observandum;
849 5436 989 5503 quod
1020 5446 1146 5508 puto
1172 5455 1309 5491 nunc
1346 5438 1441 5492 Dei
1471 5450 1599 5492 nutu
1630 5440 1863 5494 intellec-

272 5510 374 5578 turi
402 5519 543 5573 sunt,
561 5510 683 5574 quia
694 5510 811 5578 jam
834 5525 995 5577 supra
1018 5510 1213 5561 dictum
1232 5520 1344 5563 erat
1369 5509 1506 5577 quod
1520 5512 1859 5565 addiderunt.

270 5576 471 5633 Confer
503 5576 787 5641 Irenaeum.
814 5576 907 5633 lib.
941 5580 1257 5643 m,advers.
1290 5576 1426 5636 ltzer.
1461 5596 1512 5636 c.
1542 5582 1629 5647 12,
1662 5584 1861 5638 editio-

269 5648 749 5719 nisFeu—ardentii
776 5665 895 5719 pag.
930 5651 1053 5706 188.

346 5718 364 5756 τ
406 5718 566 5791 Vetus
598 5718 939 5777 lectio’foéde
978 5730 1233 5791 corrupta
1286 5724 1368 5778 sic
1419 5722 1624 5779 habet:
1660 5723 1863 5779 Prwter

268 5792 513 5846 miserum
534 5790 871 5847 homicidium
911 5809 930 5858 ;
961 5795 1058 5851 sed
1080 5790 1335 5852 mendum
1379 5810 1477 5866 per
1505 5810 1567 5851 sc
1600 5796 1859 5851 manifes~

1982 3287 2193 3349 frenata
2225 3293 2469 3362 licentia,
2502 3305 2558 3349 ut
2582 3295 2661 3349 ait
2687 3294 2948 3351 Salomon
2979 3294 3251 3367 (Prorerb.
3278 3297 3433 3369 xxx),
3468 3312 3585 3353 ser-

1980 3405 2080 3445 vus
2112 3401 2324 3460 regnet,
2376 3401 2431 3444 et
2461 3391 2667 3444 stultus
2703 3398 3008 3456 saturetur,
3061 3401 3115 3445 et
3166 3392 3365 3446 ancilla
3398 3392 3586 3461 ejiciat

1976 3482 2258 3537 dominam
2283 3496 2463 3547 suam,
2494 3496 2617 3536 cum
2643 3480 2754 3537 Lex
2777 3482 3061 3552 praecipiat
3088 3500 3101 3536 :
3132 3480 3283 3553 Ejice
3308 3482 3583 3552 ancillam,

1974 3672 2085 3717 tum
2114 3666 2501 3732 expunximus,
2539 3663 2661 3717 freti
2706 3663 2872 3718 etiam
2906 3663 3158 3719 subsidio
3188 3680 3322 3719 mss.
3358 3666 3584 3724 Dissen-

1972 3735 2038 3789 tit
2069 3745 2252 3809 autem
2283 3746 2470 3809 aperte
2502 3733 2838 3809 Gaudentius
2865 3736 3149 3809 ab‘eorum
3180 3738 3454 3792 sententia
3481 3742 3577 3809 qui

1972 3808 2345 3874 Apostolicum
2381 3806 2621 3859 edictum
2659 3804 2970 3858 abstinendi
2998 3822 3029 3857 a
3052 3809 3337 3874 sanguine,
3373 3809 3443 3863 de
3476 3804 3575 3864 lio-

1974 3876 2220 3939 micidio,
2255 3894 2317 3931 ac
2344 3878 2494 3930 cmde
2528 3875 2939 3944 intelligendum
2974 3890 3096 3929 esse
3126 3880 3563 3945 eotttendebant,

1975 3956 2113 4000 teste
2151 3947 2318 4017 Aug,
2351 3948 2443 4001 lib.
2498 3962 2643 4000 xxxii
2679 3959 2869 3999 contra
2922 3945 3109 4017 Faust.
3138 3962 3258 4016 cap.
3313 3949 3410 4014 l3;
3443 3967 3568 4006 nam

1973 4018 2125 4077 dicit,
2152 4022 2220 4073 ab
2240 4016 2520 4089 Apostolis
2542 4018 2969 4086 prmtcrmissum
2997 4016 3161 4071 fuisse
3193 4021 3569 4076 homicidium.

1975 4090 2114 4154 Quid
2145 4106 2273 4143 vero
2306 4104 2401 4156 per
2431 4090 2522 4142 illa
2551 4089 2714 4141 verba
2755 4106 2787 4141 a
2811 4090 3079 4155 sanguine,
3115 4090 3169 4141 id
3197 4102 3315 4143 θεία
3340 4090 3567 4157 suffoca-

1974 4161 2061 4224 tis,
2098 4161 2511 4231 intelligendum
2542 4160 2808 4231 senserit,
2834 4160 3018 4212 statim
3053 4162 3253 4227 aperit,
3287 4164 3527 4219 subdens
3556 4182 3571 4219 :

1976 4248 2039 4285 ne
2059 4230 2299 4286 emortuo
2340 4249 2428 4301 per
2465 4233 2656 4283 viscera
2702 4230 3073 4295 suffocatorum
3116 4234 3430 4286 animalium
3452 4253 3573 4289 san-

1975 4304 2130 4370 guine
2152 4304 2468 4368 polluantur.
2502 4302 2620 4368 Quo
2662 4300 2721 4353 fit
2762 4312 2815 4353 ut
2853 4301 3043 4365 mirer,
3076 4302 3333 4356 Macrium
3364 4306 3415 4358 in
3442 4307 3572 4359 Ilie-

1976 4373 2218 4429 rolexicd
2246 4390 2435 4429 vocem
2463 4374 2600 4425 hanc
2618 4370 2896 4437 sti/focale,
2928 4371 3028 4424 hoc
3061 4375 3180 4425 loco
3209 4392 3236 4425 a
3264 4374 3571 4431 Gaudentio

1978 4459 2079 4512 pro
2104 4447 2384 4518 sanguinis
2409 4443 2979 4518 eﬂ'usioneaceeplam,
3003 4442 3279 4518 affirmare
3296 4447 3562 4515 potuisse.

2045 4525 2071 4563 κ
2103 4514 2245 4570 Vati.
2296 4517 2425 4579 duo,
2468 4529 2521 4568 et
2555 4514 2730 4570 Flor”
2760 4516 3018 4586 intantnm
3066 4516 3263 4581 laxare,
3298 4514 3364 4570 et
3398 4519 3569 4586 paulo

1974 4597 2096 4658 post
2120 4588 2209 4641 ubi
2239 4588 2366 4641 editi
2400 4586 2623 4643 habent.
2649 4586 2749 4658 sed
2775 4595 2828 4637 ut
2862 4585 3136 4658 pudicitia,
3166 4587 3365 4658 sic_sed
3393 4585 3567 4658 quoad

1973 4657 2255 4724 pudicitia;
2301 4659 2385 4711 cui
2437 4656 2659 4711 lectioni
2705 4656 2982 4709 consentit
3018 4658 3181 4708 etiam
3222 4655 3354 4711 Urb.
3382 4655 3565 4712 Codex

1970 4723 2293 4797 Pantagathi
2340 4739 2507 4781 totum
2563 4726 2740 4799 locum
2790 4725 2869 4777 sic
2910 4723 3113 4799 effert:
3162 4726 3420 4799 ANostrum
3450 4731 3568 4799 jam

1968 4799 2115 4852 debet
2136 4796 2265 4864 esse,
2299 4799 2614 4851 moderatius
2638 4796 2895 4848 intantum
2922 4798 3102 4849 laa'are
3150 4797 3373 4850 habenas
3407 4796 3569 4853 licen-

1970 4870 2073 4941 tiar,
2105 4879 2165 4923 ne
2196 4871 2484 4935 praecipites
2514 4868 2745 4938 feramur
2775 4868 2827 4919 in
2856 4868 3060 4931 luxum,
3089 4869 3179 4919 sed
3205 4872 3374 4934 quoad
3404 4871 3567 4941 pudi-

1967 4940 2089 5010 citia
2113 4950 2224 4992 tuta
2245 4956 2352 4993 esse
2373 4941 2561 5010 possit.

2041 5009 2067 5046 ιι
2104 5010 2276 5065 Verba
2309 5007 2423 5064 haec
2467 5011 2516 5062 in
2549 5019 2783 5079 quatuor
2815 5023 2946 5062 mss.
2981 5007 3219 5075 desunt;
3256 5008 3377 5063 ideo
3408 5010 3569 5068 facile

1967 5083 2245 5153 suSpicor,
2281 5082 2554 5153 glossema
2582 5095 2719 5153 _esse
2759 5095 2787 5133 a
2822 5080 3062 5153 librariis
3102 5080 3352 5136 additum
3378 5124 3392 5149 ,
3420 5085 3565 5153 quod

1968 5152 2124 5206 abest
2147 5153 2315 5206 etiam
2352 5167 2382 5204 a
2408 5152 2552 5207 libro
2582 5150 2929 5220 Pantagathi.

2044 5222 2059 5256 ί
2088 5221 2239 5276 Flor.
2290 5224 2411 5277 cod.
2441 5264 2454 5284 ,
2496 5238 2588 5275 nos
2612 5238 2713 5274 non
2742 5223 2931 5274 edendi
2962 5239 3121 5275 causa
3140 5239 3250 5277 esse
3275 5233 3442 5290 natos,
3476 5227 3566 5278 sed

1964 5309 2071 5347 esse
2114 5293 2337 5357 vivendi,
2393 5295 2477 5347 cui
2527 5294 2745 5346 lectioni
2802 5296 2950 5347 favet
2992 5296 3156 5347 etiam
3190 5296 3326 5347 liber
3358 5293 3569 5349 Octavii

1967 5364 2325 5433 Pantagathi;
2357 5365 2632 5419 editiones
2662 5374 2868 5429 autem,
2922 5381 3014 5417 nos
3061 5380 3163 5417 non
3198 5364 3383 5416 edendi
3412 5380 3570 5421 causa

1964 5452 2075 5490 esse
2098 5446 2268 5499 natos,
2288 5438 2381 5490 sed
2404 5437 2626 5488 vivendi.
2673 5436 2745 5489 At
2788 5450 2927 5489 unus
2960 5451 3029 5490 ex
3066 5434 3235 5493 Vatt.,
3267 5448 3427 5502 quem
3459 5451 3568 5489 etc-

1965 5510 2097 5562 teris
2127 5507 2227 5560 hoc
2255 5509 2375 5561 loco
2405 5507 2761 5576 prmtulimus,
2797 5522 2890 5559 nos
2920 5521 3021 5558 non
3064 5503 3252 5557 edendi
3281 5520 3438 5557 causa
3461 5523 3569 5560 esse

1964 5589 2131 5646 natos,
2157 5579 2245 5632 sed
2278 5579 2401 5632 bene
2428 5579 2646 5631 vivendi.
2678 5576 2790 5631 Vox
2816 5579 2941 5629 bene
2964 5576 3241 5646 incuriose
3270 5591 3297 5625 a
3324 5576 3567 5633 librariis

1962 5644 2165 5706 omisSa
2198 5649 2561 5726 Gaudentium
2590 5660 2833 5702 nostrum
2866 5661 3008 5726 pene
3036 5644 3241 5726 fecerat
3266 5660 3401 5726 .cum
3437 5648 3565 5716 Epi-

1961 5723 2074 5777 curi
2108 5722 2257 5775 scola
2279 5722 2645 5785 sentientem;
2670 5734 2841 5789 quare
2863 5716 3091 5772 omnino
3112 5725 3233 5771 erat
3264 5716 3319 5771 in
3350 5726 3563 5774 textum

1961 5793 2295 5849 reducenda.
