4096 6192
615 285 725 346 959

1695 288 1755 344 S.
1796 284 2173 344 GAUDENTII
2217 284 2475 341 BlllXIAE
2515 284 2828 345 EPISCOPI

3781 287 3861 343 960

616 406 830 465 scelere
850 406 959 477 jant
987 406 1245 462 damnato
1269 406 1426 475 Juda,
1457 422 1650 464 omnes
1678 408 1968 479 Apostolitl
1992 406 2213 463 Christo
2239 408 2294 470 Α
2317 408 2618 479 condignas
2685 409 2895 467 referre
2951 411 3153 481 gratias
3215 410 3488 481 pusillitas
3554 418 3728 466 nostra
3775 426 3862 467 non

619 509 899 569 surgente,
927 498 983 553 in
1009 498 1175 555 Petro
1203 500 1385 555 claves
1415 501 1722 571 accipiunt;
1748 500 2055 572 quinimmo
2084 514 2207 555 cum

626 591 794 647 Petro
838 591 1081 647 etelestis
1111 592 1265 661 regni
1295 592 1475 649 claves
1524 593 1593 648 ab
1626 594 1743 663 ipso
1789 593 2021 648 Domino
2067 591 2212 647 acci-

627 685 805 756 piunt,
838 684 1059 754 quando
1086 686 1163 740 ait
1191 686 1338 741 illis:
1384 686 1613 758 Accipite
1644 686 1902 758 Spiritum
1930 695 2163 740 sanctum
2198 702 2215 740 :

624 795 845 849 quorum
876 788 1089 849 peccata
1120 780 1419 835 dimiseritis
1441 823 1456 846 ,
1487 781 1705 836 dimissa
1728 789 1878 835 erunt
1914 779 2092 850 (Joan.
2123 796 2214 843 xx,

621 870 740 942 32).
774 867 844 927 Ει
866 873 1065 927 iterum
1096 892 1109 928 :
1139 873 1358 937 Euntes,
1391 876 1589 943 inquit,
1616 876 1793 929 docete
1823 892 1993 929 omnes
2020 883 2217 948 gentes,

624 973 673 1019 et
698 966 957 1034 baptizate
981 981 1069 1019 eas
1099 967 1152 1019 in
1183 967 1389 1020 nomine
1418 966 1614 1033 Patris,
1644 976 1689 1023 et
1724 966 1879 1034 Filii,
1905 976 1953 1021 et
1986 966 2221 1038 Spiritus

623 1058 793 1110 sancti
825 1056 1042 1129 (Matth.
1081 1058 1301 1129 xxviii).
1335 1058 1508 1114 Janua
1540 1061 1739 1129 quippe
1771 1061 1921 1128 regni
1954 1060 2219 1115 caelorum

627 1148 847 1203 nonnisi
888 1148 989 1203 hac
1029 1148 1510 1205 Sacramentorum
1552 1151 1920 1217 spiritualium
1948 1151 2105 1206 clave
2136 1166 2223 1206 re-

625 1249 859 1295 seratur.
892 1240 1196 1295 Precentur
1228 1242 1390 1297 modo
1419 1243 1470 1295 hi
1500 1258 1690 1298 omnes
1721 1243 2012 1314 apostolici
2042 1258 2226 1298 sacer-

627 1333 785 1388 dotes
833 1333 1271 1389 misericordiam
1322 1336 1417 1391 Dei
1474 1336 1686 1401 Patris,
1736 1338 1822 1405 qui
1861 1338 2128 1391 suscitavit
2165 1337 2227 1390 de

629 1434 768 1479 terra
792 1426 1019 1497 inopem,
1048 1437 1094 1480 et
1136 1428 1199 1482 dc
1222 1440 1443 1482 stercore
1472 1430 1634 1482 erexit
1667 1445 1964 1501 pauperem,
1998 1438 2049 1481 ut
2080 1430 2224 1499 face-

627 1528 705 1573 ret
721 1535 837 1572 eum
854 1520 1029 1573 sedere
1043 1519 1068 1557 b
1084 1536 1199 1573 cum
1220 1522 1538 1593 principibus
1562 1523 1741 1593 papuli
1758 1524 1839 1575 sui
1862 1520 1977 1592 (Ps.
1998 1520 2155 1593 cxtt);
2172 1529 2230 1575 ttt

631 1612 798 1666 etiam
860 1613 1032 1667 sancti
1077 1612 1313 1683 Spiritus
1378 1614 1633 1668 virtutem
1687 1613 1751 1667 ad
1802 1614 2060 1667 Ecclesia:
2118 1628 2231 1667 suae

636 1704 1097 1773 cgubernaculum
1122 1706 1412 1761 tenendum
1438 1707 1570 1761 mihi
1594 1706 1818 1761 minimo
1846 1707 2086 1760 omnium
2122 1706 2226 1757 lar-

2318 503 2609 571 praivalet,
2652 502 2851 560 fratres
2897 504 3226 561 charissinti.
3282 505 3413 560 Nam
3461 517 3521 561 ut
3570 506 3863 561 venerandas

2317 592 2645 649 Sanctorum
2692 596 2958 665 reliquias
3001 596 3338 653 haberemus
3366 644 3379 665 ,
3414 598 3557 653 Deus
3588 609 3761 652 noster
3799 599 3868 653 tri-

2318 685 2435 741 buit
2467 704 2479 739 :
2514 687 2713 743 deinde
2759 698 2818 744 ut
2852 690 2992 746 hanc
3023 691 3216 746 honori
3251 707 3436 746 eorum
3466 692 3691 746 fundare
3718 692 3868 746 basili-

2322 790 2440 830 cam
2468 777 2800 845 valeremus,
2830 779 2947 849 ipse
2973 780 3198 850 largitus
3221 791 3304 835 est
3328 799 3342 834 :
3368 790 3421 836 et
3450 781 3612 836 hodie
3641 791 3698 836 ut
3725 782 3869 851 adepti

2321 882 2656 923 summorum
2693 872 3037 927 sacerdotum
3079 874 3462 943 praisetttiatn,
3504 872 3868 927 dedicationem

2321 959 2600 1015 celebrare
2660 976 2987 1028 mereamur,
3038 963 3159 1034 ipse
3207 966 3497 1020 concessit.
3532 962 3874 1020 Convenerunt

2323 1053 2467 1106 enim
2501 1056 2676 1108 sancti
2709 1057 3016 1125 antistites,
3045 1072 3095 1111 et
3128 1058 3411 1128 apostolici
3440 1058 3577 1125 viri,
3606 1059 3671 1112 ad
3699 1058 3872 1125 persol-

2325 1144 2559 1199 vendum
2593 1147 2925 1205 beatissimis
2954 1150 3219 1219 patribus,
3255 1160 3308 1205 et
3338 1151 3758 1220 praeceptoribus
3783 1151 3874 1205 suis

2328 1235 2525 1290 debitae
2548 1238 2860 1296 devotionis
2883 1243 3226 1310 obsequium.
3254 1254 3310 1297 ut
3328 1245 3577 1299 ubertate
3602 1245 3874 1313 plenissima

2328 1327 2769 1385 benedictionum
2794 1335 3157 1403 spiritualium
3183 1336 3487 1391 ditaremur
3506 1336 3552 1403 ;f
3580 1338 3697 1392 licet
3722 1339 3875 1405 impor-

2330 1422 2530 1476 tunitas
2573 1423 2932 1481 barbarorum
2982 1430 3273 1482 maximam
3325 1438 3532 1499 partem
3585 1429 3877 1484 celebritatis

2329 1513 2435 1568 diei
2455 1514 2715 1570 hodierno
2736 1518 3123 1587 subtraxerit,6
3143 1537 3207 1576 ne
3228 1522 3410 1576 caeteri
3437 1522 3611 1576 sancti
3630 1522 3875 1587 antistites,

2330 1622 2466 1676 quos
2492 1608 2845 1664 interfuturos
2877 1613 3245 1680 credidimus,
3296 1614 3640 1669 advenirent.
3682 1614 3786 1670 Jam
3810 1616 3878 1685 qui

2332 1711 2460 1754 sunt
2486 1702 2572 1755 isti
2594 1718 2824 1771 quorum
2847 1705 3017 1760 beatis
3042 1706 3285 1776 reliquiis
3313 1707 3673 1769 illustramur,
3698 1707 3804 1761 hinc
3820 1706 3879 1760 in-

636 1797 740 1867 giri
786 1797 1070 1865 dignetur.
1125 1814 1221 1869 per
1275 1801 1611 1871 unigenitum
1665 1799 1861 1853 Filium
1913 1814 2072 1853 suum
2121 1798 2224 1851 Re-
2262 1794 2530 1878 Bcipiam
2554 1810 2863 1852 numerare.
2892 1798 3071 1853 Primo
3096 1800 3146 1854 in
3170 1799 3543 1855 locoloannes
3562 1800 3782 1869 Baptista
3802 1808 3878 1862 est,

638 1888 979 1960 demptorem
1009 1900 1275 1958 nostrum,
1296 1908 1418 1947 cum
1444 1909 1549 1962 quo
1570 1893 1701 1945 vivit
1722 1900 1773 1945 et
1795 1899 1986 1960 regnat
2009 1906 2231 1960 semper

638 1980 810 2047 Deus,
833 1984 886 2037 in
907 1984 1116 2039 unitate
1136 1984 1371 2053 Spiritus
1392 1986 1586 2053 sancti,
1610 1993 1735 2039 ante
1757 1984 1961 2047 omnia,
1989 1992 2044 2037 et
2064 1996 2227 2047 nunc,

636 2084 692 2130 et
718 2090 956 2148 semper,
996 2086 1050 2133 et
1081 2079 1133 2133 in
1167 2088 1362 2134 cuncta
1409 2080 1607 2133 saecula
1640 2078 1988 2135 smculorum.
2028 2078 2226 2131 Amen.

1177 2194 1447 2255 SEBMO
1494 2193 1693 2254 XVII.

868 2315 952 2357 DE
987 2314 1275 2358 DIVERSIS
1312 2313 1638 2357 CAPITULIS
1669 2310 2003 2356 SEPTIMUS.

675 2416 702 2455 ἀ
729 2418 824 2475 Die
855 2418 1212 2475 dedicationis
1242 2420 1521 2476 basilicaee
1550 2418 1785 2475 Concilii
1821 2418 2175 2475 Sanctorum.

714 2534 879 2607 336
911 2535 1120 2591 Divinis
1147 2536 1485 2605 muneribus,
1515 2546 1572 2591 et
1602 2535 1922 2591 coelestibus
1950 2532 2234 2589 beneﬁciis

718 2674 745 2702 α
775 2665 851 2720 lta
880 2667 932 2720 in
957 2667 1119 2723 editis
1142 2666 1405 2733 habetur;
1439 2668 1533 2724 sed
1568 2682 1698 2723 mss.
1733 2677 1985 2735 quatuor.
2021 2664 2231 2719 scilicet

643 2736 819 2801 Flor.,
856 2737 986 2793 Urb.
1018 2753 1073 2793 et
1101 2739 1250 2794 Vatt.
1288 2741 1398 2793 duo
1424 2781 1439 2801 .
1488 2741 1637 2793 nttllu
1687 2740 2004 2793 discrimine
2048 2739 2233 2805 legunt

644 2807 848 2863 Christo
873 2820 1188 2883 resurgente,
1220 2810 1364 2865 Petri
1388 2812 1551 2865 claves
1576 2813 1864 2883 accipiunt.
1895 2809 2037 2878 quod
2058 2809 2232 2883 plane

647 2895 754 2934 non
783 2888 929 2935 recte
958 2878 1192 2947 dictum;
1224 2899 1328 2937 non
1361 2883 1504 2938 enim
1536 2878 1771 2947 loquiittr
1799 2881 2139 2937 Gaudentius
2166 2878 2233 2931 de

650 2952 881 3023 primatu
913 2951 1082 3023 Petri,
1106 2955 1199 3008 sed
1233 2955 1299 3007 de
1331 2954 1655 3008 sacerdotali
1690 2963 1955 3022 potestate
1982 2950 2234 3023 omnibus

647 3022 924 3091 Apostolis
972 3020 1199 3091 tradita,
1248 3033 1307 3079 ιιι
1343 3041 1406 3079 ex
1440 3020 1902 3093 consequentibus
1944 3020 2237 3093 liquet.At

649 3109 790 3175 cum.
816 3109 977 3163 porro
1008 3098 1203 3178 statim
1245 3092 1667 3178 quodhdixerat,
1716 3099 1818 3177 hoc
1865 3093 2030 3178 modo
2067 3092 2232 3178 velut'i
2264 3114 2309 3178 ρ

592 3168 593 3171 “
650 3166 907 3237 cut'rigat,
930 3169 1217 3235 quinimmo
1241 3163 1358 3220 cum
1390 3167 1547 3221 Petro
1572 3165 1794 3219 caelestis
1816 3166 1959 3237 regni
1984 3165 2149 3217 claves
2172 3163 2235 3216 ab

650 3236 762 3308 ipso
792 3234 1017 3291 Domino
1068 3240 1363 3308 accipiunt,
1417 3246 1594 3306 potest
1641 3248 1695 3291 et
1740 3234 1903 3292 lectio
1950 3252 2097 3308 mss.
2128 3250 2237 3308 non

649 3306 972 3376 improbari,
997 3306 1193 3376 quibus
1225 3310 1435 3363 accedit
1465 3311 1629 3363 etiam
1660 3308 1783 3362 cod.
1812 3306 2162 3376 Pantagathi.

725 3375 751 3414 δ
783 3378 909 3432 Mss.
966 3375 1198 3446 quatuor
1237 3381 1422 3447 codd.,
1465 3396 1582 3433 cum
1626 3375 2132 3451 principibuspcuni
2159 3376 2239 3432 his

650 3450 828 3521 utique
876 3451 1194 3521 principibus
1238 3454 1420 3519 populi
1450 3452 1563 3517 sui;
1594 3447 1739 3517 quod
1772 3447 2006 3505 fortasse
2037 3464 2064 3501 a
2094 3447 2239 3521 Gau-

650 3519 840 3575 dentio
884 3519 1090 3576 dictum
1121 3532 1234 3591 est,
1269 3534 1325 3577 ut
1371 3522 1788 3577 circumstantes
1820 3521 2106 3589 eplSCOpOS
2139 3519 2237 3573 de-

648 3600 882 3645 notaret.

726 3672 747 3699 ο
784 3661 926 3717 Vatt.
954 3664 1061 3719 duo
1082 3675 1136 3720 et
1166 3664 1384 3729 Urbin.,
1412 3664 1821 3736 gubernaculum
1849 3660 2235 3717 continendum.

650 3732 824 3802 Flor.,
857 3737 1152 3803 tenendum,
1184 3740 1257 3792 uti
1294 3732 1458 3791 etiarn
1490 3748 1598 3791 tres
1630 3735 1921 3790 editiones.

720 3806 745 3841 ά
775 3804 924 3871 (Non
972 3812 1082 3876 sic,
1131 3818 1190 3863 ιιι
1238 3809 1290 3864 in
1341 3810 1555 3863 caeteris
1593 3808 1799 3873 titulis,
1833 3804 2155 3876 inscribitur
2184 3806 2237 3857 in

646 3878 838 3933 codice
860 3878 1110 3933 Galeardi
1146 3897 1158 3931 :
1195 3881 1280 3934 hic
1321 3882 1467 3934 enim
1502 3879 1666 3933 habet
1694 3877 1971 3933 Tractatus
2010 3875 2237 3947 ejusdem

646 3960 887 4019 exceptus
926 3951 1009 4003 die
1046 3950 1386 4005 dedicationis
1434 3952 1662 4004 basilica:
1706 3950 1912 4003 concilii
1943 3960 2238 4001 sanctorum

645 4020 861 4090 incipit,
905 4022 1193 4090 subditque
1244 4034 1426 4075 notam
1473 4022 1839 4091 sequentem).
1875 4020 2235 4091 Praeclarissi-

651 4089 771 4143 mus
825 4091 909 4145 vir
963 4089 1188 4148 Carolus
1244 4093 1524 4161 Majellus,
1557 4089 1930 4145 Bibliotheca:
1964 4089 2236 4161 Vaticana:

651 4163 969 4230 praefectus.
1018 4164 1102 4216 cui
1148 4164 1316 4218 editio
1350 4166 1465 4217 haec
1499 4172 1681 4217 nostra
1718 4163 2006 4231 plurimum
2040 4160 2231 4226 debet;

646 4232 821 4305 amice
874 4234 1119 4294 monuit,
1171 4235 1315 4305 hanc
1364 4250 1488 4288 esse
1535 4236 1827 4305 genuinam
1885 4232 2235 4305 tituli_hujns

650 4301 960 4374 lectionem,
990 4320 1111 4374 quae
1140 4306 1193 4360 in
1226 4304 1498 4359 Vaticanis
1524 4301 1683 4361 codd.
1717 4318 1771 4361 et
1801 4305 1933 4360 Urb.
1968 4301 2230 4374 habetur;

647 4372 880 4442 ideoque
910 4372 1071 4428 edittc
1103 4377 1519 4444 praeferendam,
1550 4392 1670 4443 qute
1698 4377 1859 4429 habet
1892 4375 1986 4426 Die
2017 4372 2230 4427 dedica-

647 4445 803 4517 t_ionis
863 4446 1090 4517 basilica
1141 4450 1453 4502 Sanctorum
1506 4447 1855 4517 quadraginta
1918 4454 2224 4517 martyrum.

647 4513 809 4569 Parui
855 4516 1046 4571 lubens
1088 4533 1152 4574 ac
1198 4521 1387 4573 volens
1446 4513 1645 4586 placito
1688 4513 2047 4572 eruditissimi
2097 4518 2229 4582 viri;

646 4600 824 4659 ecque
877 4588 1180 4659 lubentius,
1233 4590 1375 4659 quod
1436 4592 1572 4643 hanc
1630 4588 1878 4643 eamdem
1942 4585 2235 4659 lectionem

646 4657 873 4714 basilica
918 4659 1125 4715 concilii
1166 4656 1496 4717 Sanctorum
1545 4661 1921 4715 confirmatam
1978 4656 2157 4711 inveni
2207 4674 2235 4711 a

646 4729 793 4804 Flor.
845 4731 1008 4796 cod.,
1055 4749 1285 4804 eamque
1336 4733 1561 4787 omnino
1610 4747 1732 4787 esse
1790 4743 1977 4804 veram
2031 4742 2107 4804 ac.
2155 4730 2233 4783 le-

645 4802 889 4874 gitimam
945 4798 1288 4860 scrmonibus
1349 4805 1508 4874 hujus
1569 4801 2014 4874 inscriptionem,
2077 4798 2236 4874 docet

648 4868 907 4928 idemmet
935 4875 1274 4931 Gaudentius
1305 4868 1678 4930 hoc'tractatu
1698 4915 1711 4936 ,
1740 4868 1831 4925 'ad
1886 4872 1979 4925 litt.
2026 4888 2037 4923 :
2078 4868 2236 4923 Hanc

647 4943 812 5013 ipsam
840 4946 1106 5000 basilicam
1139 4964 1316 5001 eorum
1343 4947 1538 5000 meritis
1566 4948 1893 5005 dedicatam,
1940 4940 2231 4996 concilium

652 5014 976 5090 Sanctorum
1007 5020 1297 5090 nuncupari
1328 5028 1569 5083 oportere
1594 5016 1942 5090 decernimus.

725 5096 748 5121 υ
780 5086 1012 5139 Concilio
1073 5083 1414 5154 Sanctorum,
1475 5104 1569 5143 seu
1619 5088 1852 5143 Concilio
1906 5083 2226 5153 Martyrum,

649 5154 792 5210 dicta
822 5159 971 5210 luere
1015 5159 1253 5229 Iucazilla
1294 5162 1344 5214 in
1376 5160 1571 5229 quibus
1602 5162 1898 5213 multorum
1932 5165 2228 5229 tna_rtyrunt

646 5241 877 5297 corpora
906 5226 1322 5297 requiescehaut
1345 5248 1360 5293 ;
1392 5226 1471 5285 uti
1495 5246 1560 5284 ex
1581 5232 1798 5285 Molano
1822 5226 2226 5297 t.raditBarun..

644 5298 700 5371 in
734 5296 849 5354 not.
876 5300 939 5353 ad
970 5296 1217 5368 Martyr.,
1246 5300 1316 5354 23
1340 5302 1505 5369 Junii,
1536 5317 1643 5371 quo
1673 5303 1724 5354 in
1757 5303 1875 5351 loco
1908 5298 2049 5351 hunc
2080 5296 2227 5371 Gau-

648 5370 819 5426 dentii
870 5380 1159 5429 tractatum
1208 5371 1406 5425 laudat.
1446 5368 1705 5438 Turpiter
1750 5380 1931 5424 autem
1975 5383 2034 5421 se
2082 5368 2230 5421 dedit

646 5441 903 5495 Octavius
936 5443 1154 5497 Bubeus
1183 5442 1461 5512 popularis
1505 5453 1710 5497 noster.
1743 5440 1833 5510 qui
1882 5442 1933 5491 in
1976 5439 2097 5512 Avita
2124 5438 2223 5493 SS.

643 5512 885 5568 Faustini
918 5523 975 5569 et
994 5510 1207 5575 Juvitrc,
1233 5528 1352 5584 pag.
1384 5513 1472 5579 65,
1501 5513 1803 5584 Ecclesiam
1827 5510 2043 5584 Concilii
2063 5510 2228 5584 Sanc-

647 5594 852 5648 torum.
885 5585 989 5640 hoc
1018 5582 1241 5641 nomine
1282 5582 1609 5655 appellatam
1644 5582 1814 5636 fuisse
1863 5582 2221 5655 existimavit,

684 5656 768 5709 uia
801 5657 857 5710 in
884 5670 947 5712 ea
974 5656 1212 5712 tidelium
1242 5650 1539 5713 conventus
1570 5662 1892 5725 agerentur;
1924 5650 2077 5720 cujus
2104 5665 2227 5718 pro-

644 5671 790 5779 ?ecto
836 5728 1213 5779 appellationis
1274 5730 1539 5779 oriainem
1560 5773 1573 5779 -
1627 5728 1671 5779 si
1733 5725 1876 5778 hunc
1933 5721 2223 5779 Gaudentii

668 5721 790 5780 ecto
836 5728 1213 5803 appellationis
1274 5730 1574 5803 originem,
1607 5721 1671 5780 'si
1719 5725 1876 5803 hunc
1933 5721 2223 5803 Gaudentii

649 5803 939 5852 tractatum
988 5799 1239 5868 legisset,
1294 5800 1546 5869 ignorare
1586 5798 1897 5868 neutiquam
1931 5798 2216 5866 potuisset.

2338 1884 2563 1939 ultimus
2587 1888 2827 1957 quidem,
2867 1890 2963 1945 sed
2988 1893 3255 1947 maximus
3288 1893 3682 1962 Prophetarum
3709 1912 3718 1945 :
3744 1894 3881 1946 noris-

2336 1976 2509 2032 simus
2539 1978 2699 2050 337
2727 1990 2970 2053 tempore
2997 2026 3011 2045 ,
3045 1986 3171 2054 quia
3204 1985 3379 2039 omnis
3412 1986 3545 2055 Lex,
3576 1996 3627 2040 et
3656 1984 3880 2052 Propheta

2339 2087 2501 2140 usque
2531 2072 2598 2124 ad
2618 2073 2871 2129 Joannem
2890 2076 3193 2144 (Matt/uxr,
3230 2076 3343 2148 i3);
3366 2074 3393 2112 ¹¹
3419 2078 3517 2132 sed
3549 2080 3734 2132 merito
3752 2077 3878 2144 prior,

2340 2173 2391 2217 ct
2414 2162 2676 2233 dignitate
2708 2169 3068 2235 prtestantior,
3097 2169 3220 2239 quia
3255 2169 3328 2222 ita
3355 2168 3425 2223 de
3448 2169 3545 2222 illo
3575 2168 3802 2222 Christus
3826 2168 3880 2219 lo-

2339 2256 2523 2324 quitur
2568 2257 2632 2311 ad
2680 2258 2896 2314 Judzcos
2946 2279 2958 2317 :
3012 2261 3147 2327 Quid
3196 2261 3373 2315 existis
3403 2262 3455 2315 in
3482 2262 3681 2316 deserto
3718 2261 3882 2314 videre?

2342 2346 2701 2418 Prop/ictam?
2744 2352 2857 2405 dico
2888 2353 3027 2407 vobis
3060 2363 3108 2405 et
3153 2354 3427 2424 plusquam
3473 2352 3783 2425 prophetam.
3809 2349 3880 2402 Hic

2342 2452 2416 2494 est
2462 2442 2597 2494 enim
2634 2443 2699 2496 de
2743 2461 2842 2514 quo
2888 2445 3137 2515 scriptum
3182 2453 3256 2498 est
3286 2460 3303 2496 :
3337 2443 3476 2498 Ecce
3500 2446 3651 2498 mitto
3683 2441 3881 2513 Angeltta

2344 2547 2510 2586 meum
2540 2531 2555 2569 ί
2583 2545 2701 2589 ante
2731 2538 2913 2606 [aciem
2940 2545 3103 2606 tuam,
3154 2537 3245 2607 qui
3285 2538 3609 2608 prwparabit
3631 2538 3755 2591 viam
3779 2546 3881 2587 tuon

2339 2664 2571 2738 Basilica
2601 2667 2715 2723 lucc
2748 2668 2973 2722 Concilii
3006 2668 3343 2738 Sanctorum,
3368 2671 3435 2725 de
3466 2686 3571 2738 qua
3597 2670 3881 2726 Gaudentius

2340 2737 2391 2790 in
2448 2742 2703 2806 praesenti
2762 2750 3027 2804 tractatu,
3066 2740 3264 2795 Brixia:
3312 2737 3555 2811 amplius
3589 2758 3689 2796 non
3722 2750 3880 2801 exstat;

2337 2818 2431 2861 aut
2486 2812 2527 2864 si
2585 2812 2763 2881 aliqua
2828 2813 2930 2865 alia
2980 2811 3227 2866 Ecclesia
3273 2813 3391 2882 ejus
3454 2816 3577 2869 loco
3626 2813 3879 2872 succrerit.

2339 2894 2534 2953 nomen
2581 2897 2685 2937 non
2734 2893 2950 2937 retinet.
2999 2882 3055 2935 In
3090 2884 3336 2953 catalogo
3395 2899 3499 2939 ms.
3552 2888 3879 2953 episcoporum

2341 2949 2571 3021 Brixiae,
2611 2968 2716 3007 non
2768 2962 2945 3008 tamen
2987 2949 3601 3020 admodum’antiquo,_
3631 2949 3747 3009 hzee
3774 2956 3879 3021 legi:

2340 3020 2694 3098 Gaudentius,
2746 3029 2834 3098 qui
2867 3029 3012 3098 jacet
3054 3027 3106 3098 in
3133 3027 3351 3098 ecclesia
3382 3026 3445 3082 S.
3490 3026 3705 3081 Joannis
3728 3020 3881 3079 deforis

2342 3092 2601 3148 Brixiam.
2634 3092 2765 3150 ch'
2788 3092 3024 3150 Ecclesia
3057 3096 3254 3149 videtur
3284 3100 3463 3150 eadem
3486 3115 3617 3161 esse,
3649 3112 3755 3165 quae
3776 3098 3878 3157 dicta

2344 3176 2415 3216 est
2458 3168 2613 3219 etiam
2655 3167 2872 3220 basilica
2895 3213 2907 3234 ,
2958 3169 3034 3221 vel
3066 3169 3280 3220 ecclesia
3312 3168 3543 3222 Concilii
3576 3170 3879 3229 Sanctorum,

2343 3234 2561 3305 fundata
2612 3246 2657 3289 et
2710 3237 2969 3307 mdiﬁcata
3026 3256 3058 3291 a
3106 3235 3440 3301 Gaudentio,
3497 3239 3881 3307 quemadmodum

2343 3316 2564 3360 testatur
2611 3318 2861 3363 tractatus
2906 3310 3110 3363 habitus
3157 3310 3218 3361 ab
3262 3327 3321 3363 eo
3366 3313 3417 3362 in
3464 3313 3549 3363 die
3590 3310 3881 3363 dedicationis

2342 3378 2471 3452 eius.
2510 3378 2718 3452 Deinde
2763 3382 2920 3450 paulo
2952 3392 3073 3450 post
3104 3381 3155 3452 i_n
3189 3378 3480 3452 Theophila
3530 3384 3611 3436 sic
3656 3382 3879 3435 habetur:

2341 3445 2682 3518 Theophilus,
2715 3445 2800 3515 qui
2825 3445 2967 3519 jacet
2994 3452 3063 3505 ad
3090 3445 3343 3505 Concilia'
3373 3453 3718 3515 Sanctorum,
3748 3452 3793 3503 id
3827 3458 3880 3501 est

2342 3519 2395 3571 in
2440 3522 2654 3575 ecclesia
2701 3522 2761 3576 S.
2811 3522 3030 3576 Joannis
3063 3521 3267 3576 deforis
3298 3523 3574 3584 Brixiatn,
3626 3525 3678 3576 in
3718 3520 3879 3588 capella

2342 3588 2735 3658 Capreolorum.
2761 3596 2827 3648 At
2854 3594 3221 3649 Flurentinius
3247 3595 3298 3646 in
3328 3594 3511 3649 indice
3540 3594 3880 3661 chronologico

2340 3664 2648 3733 antistitum
2719 3665 3128 3730 Brixianorum,
3192 3663 3391 3718 Brixia:
3458 3666 3725 3733 impresso
3770 3677 3880 3733 anno

2341 3732 2513 3805 16*”,
2562 3736 2615 3788 itt
2646 3734 2970 3805 Theophila,
3004 3739 3079 3791 ait
3126 3754 3138 3787 :
3191 3732 3551 3790 Meminerant
3585 3732 3881 3805 antiquissimi

2342 3802 2447 3857 SS.
2476 3808 2777 3874 pontificum
2796 3802 3084 3878 '[asti,'ejus
3109 3822 3225 3860 ossa
3245 3822 3359 3872 qua:
3380 3824 3519 3878 nunc
3542 3810 3595 3861 in
3618 3808 3677 3862 S.
3700 3802 3879 3878 Joannis

2339 3878 2664 3951 evangelisttv
2702 3876 3003 3941 servantur,
3017 3879 3246 3951 jacuisse
3285 3879 3339 3929 in
3374 3877 3615 3939 ecclesia,
3646 3892 3753 3951 qua:
3772 3876 3880 3929 Cou-

2338 3946 2463 4000 cilia
2484 3949 2804 4005 Sanctorum
2825 3946 3111 4013 dicebatur,
3138 3948 3287 4011 cuius
3305 3952 3604 4003 memoriam
3624 3946 3880 4003 exstinctam

2339 4016 2591 4073 dolemus.
2648 4022 2772 4075 Ilrc
2818 4034 3000 4075 autem
3049 4022 3209 4075 latius
3256 4036 3283 4071 :t
3334 4035 3419 4075 nte
3472 4023 3795 4075 deducuntur
3840 4018 3877 4068 itt

2341 4092 2787 4163 annotationibus
2830 4094 2895 4145 ad
2930 4089 3373 4163 Martyrologium
3418 4092 3755 4155 Brixianam,
3786 4100 3880 4158 qua:

2342 4161 2632 4230 aliquando
2662 4163 2773 4217 Deo
2799 4164 2959 4217 dante
2992 4164 3044 4216 iu
3074 4161 3253 4216 luet-In
3289 4164 3605 4228 prodibunt.

2416 4228 2444 4270 Γ
2474 4235 2600 4287 Eam
2650 4234 2878 4287 fortasse
2924 4236 3277 4301 barbarorum
3320 4236 3675 4301 irruptionem
3704 4230 3778 4284 Vcl
3805 4228 3877 4280 ad-

2340 4303 2444 4357 huc
2477 4305 2876 4373 impendentem
2900 4347 2913 4368 ,
2952 4308 3031 4359 vel
3078 4307 3189 4374 jam
3237 4300 3466 4369 factam,
3500 4306 3740 4375 designat
3764 4300 3878 4355 Gau-

2337 4375 2587 4442 dentius,
2621 4378 2688 4430 de
2734 4391 2835 4445 qua
2886 4392 3047 4445 supra
3097 4385 3260 4445 tract.
3292 4376 3377 4439 15,
3415 4392 3468 4443 p.
3505 4374 3663 4431 317':
3703 4374 3779 4445 Ita
3806 4384 3876 4421 nos

2341 4446 2480 4499 Deus
2507 4443 3119 4511 exaudiet’obsecrantes;
3144 4450 3214 4499 ita
3244 4443 3376 4498 inter
3402 4449 3631 4518 pericula
3653 4444 3878 4518 imminen-

2342 4518 2468 4570 tium
2514 4519 2880 4582 barbarorum,
2911 4519 3109 4572 auailio
3140 4520 3339 4587 prolt’gi
3378 4515 3554 4571 divino
3592 4515 3873 4571 merebimur-

2343 4587 2476 4643 Vide
2502 4606 2621 4663 quae
2651 4588 2723 4642 ibi
2748 4592 3149 4663 attnotavitttus.
3330 4661 3337 4663 Δ
3423 4659 3447 4663 _
3494 4660 3503 4663 Α
3837 4652 3847 4663 ο

2413 4668 2435 4705 8
2469 4662 2690 4729 Antiqui
2737 4661 2904 4714 moris
2953 4661 3117 4716 fuisse
3169 4670 3276 4715 tum
3328 4661 3381 4714 in
3413 4659 3666 4720 Oriente,
3699 4668 3797 4729 tum
3836 4659 3873 4704 in

2338 4728 2631 4785 Occidente
2650 4773 2663 4791 ,
2692 4732 3018 4799 jampridem
3051 4742 3210 4787 aetate
3241 4732 3585 4786 Constantini
3618 4728 3806 4797 Magni,
3834 4732 3875 4775 ιιι

2337 4801 2709 4856 dedicationes
2768 4802 3123 4857 ecclesiarum
3180 4815 3236 4857 et
3288 4803 3540 4856 altarium
3601 4802 3874 4869 plerumque

2339 4874 2530 4926 fierent
2563 4872 2616 4927 iu
2649 4884 2920 4927 conventu
2952 4889 3335 4944 eptsc0porum
3361 4916 3376 4939 ,
3410 4875 3501 4944 qui
3534 4888 3597 4925 ea
3644 4872 3706 4924 de
3744 4878 3870 4944 causa

2338 4944 2552 4997 invitari
2584 4937 3019 5011 consueverant",
3073 4937 3382 4999 observavit
3417 4937 3724 4998 Edmuntlus
3764 4937 3873 4991 Mar-

2339 5024 2465 5087 tenc
2495 5015 2557 5069 T.
2606 5015 2673 5070 lll
2716 5013 2783 5068 de
2811 5015 3049 5087 antiquis
3082 5016 3337 5087 Ecclesia:
3367 5016 3600 5087 llitibus,
3632 5014 3724 5087 lib.
3753 5023 3803 5087 tt,
3830 5020 3867 5057 ος

2336 5085 2425 5150 12,
2461 5087 2711 5140 laudatus
2740 5102 2766 5136 a
2793 5088 2864 5140 cl.
2890 5102 2941 5139 v.
2971 5086 3265 5141 Francisco
3293 5086 3612 5150 Blanchino,
3632 5084 3716 5154 qui
3740 5084 3866 5133 etiam

2334 5157 2399 5209 ad
2447 5156 2827 5211 illustrandum
2881 5161 3021 5212 hunc
3073 5174 3278 5211 morem
3330 5174 3436 5210 non
3488 5170 3651 5225 pauca
3696 5154 3756 5205 de
3793 5163 3868 5201 suo

2335 5228 2590 5302 praeclare
2617 5229 2823 5302 addidit
2854 5228 3011 5282 Pra-f.
3046 5230 3109 5302 ad
3144 5230 3487 5302 Anastasium
3522 5226 3687 5302 n._35_.
3749 5292 3757 5302 .

2407 5296 2433 5333 ιι
2463 5301 2589 5354 Mss.
2622 5308 2734 5353 tres
2762 5300 2944 5366 legunt
2963 5300 3054 5352 sed
3076 5302 3259 5353 merito
3289 5301 3431 5365 prior
3460 5342 3474 5365 ,
3508 5298 3597 5351 sed
3626 5296 3865 5365 dignitate;

2332 5380 2385 5444 et
2415 5371 2576 5444 paulo
2606 5378 2725 5438 post
2761 5372 2940 5422 existis
2982 5372 3037 5423 in
3079 5372 3367 5444 desertum;
3403 5382 3679 5444 utramque
3703 5375 3863 5444 “0'9"”

2331 5433 2470 5494 hanc
2502 5433 2788 5498 lectionem
2813 5442 3160 5497 commendat
3191 5433 3356 5496 etiam
3383 5440 3506 5495 cod.
3537 5433 3731 5494 Oétavii
3757 5433 3863 5486 Pau-

2332 5512 2555 5565 lauatlti.

2423 5526 2555 5565 atttt.

2386 5526 2429 5620 gi
2473 5584 2645 5639 Verba
2678 5584 2818 5651 haec,
2866 5594 2989 5639 ante
3031 5587 3216 5655 facient
3246 5594 3410 5648 tuam,
3444 5580 3788 5655 supplevimus
3813 5585 3859 5651 ex

2334 5669 2466 5709 mss.
2494 5671 2615 5710 cum
2646 5650 2903 5712 deessent
2925 5658 2977 5710 iu
3009 5650 3211 5721 editis;
3242 5656 3538 5725 eademque
3563 5650 3803 5707 habentur
3818 5650 3856 5695 In

2327 5725 2468 5782 libro
2492 5741 2708 5797 quoque
2732 5728 3069 5800 Pantagathi.
