4096 6192
241 283 347 346 961

1020 287 1260 348 SERMO
1297 286 1462 359 XVII,
1509 288 1598 346 DE
1639 287 1960 348 DIVERSIS
1997 289 2366 353 CAPITULIS
2403 294 2771 356 SEPTIMUS.

3437 297 3546 356 963

243 403 433 475 (Ibid.,
489 405 571 472 8).
607 405 725 462 Uno
775 407 1092 464 testimonio
1143 407 1443 463 Salvatoris
1492 408 1842 463 beatissimus
1874 406 1921 468 Α
1950 425 2051 466 nus
2079 411 2278 482 aliquid
2329 411 2528 478 habet,
2577 414 2704 486 quia
2755 415 3032 485 posterior
3058 411 3330 470 Christum
3372 414 3542 471 videt.

240 497 482 554 Joannes
507 499 747 570 Baptista
796 509 850 556 et
877 502 1136 571 angelus,
1166 511 1223 556 et
1265 501 1545 570 apostolus
1568 542 1583 566 ,
1612 508 1668 555 et
1712 514 1838 568 pro-

242 591 405 660 pheta
439 592 741 663 przecipuus
782 593 1112 648 declaratur.
1138 592 1284 648 Vere
1323 592 1467 647 enim
1502 592 1598 647 Dei
1627 601 1711 647 est
1741 609 1840 646 an-

241 683 397 753 gelus
427 725 442 748 ,
473 687 564 752 qui
593 700 920 753 praecursor,
951 666 1010 742 et
1038 686 1263 741 nuntius
1300 683 1509 742 Christi
1550 695 1630 741 est
1665 703 1679 738 :
1715 700 1842 740 vere

241 777 525 846 apostolus
576 787 700 842 est,
750 779 844 848 qui
895 779 1094 834 missus
1132 794 1161 832 a
1205 779 1317 834 Deo
1363 787 1482 845 est,
1536 778 1842 833 destinatus

242 870 389 925 enim
420 879 764 940 nuncupatur
781 872 1087 942 apostolus.
1116 871 1270 937 Fuit,
1302 872 1516 941 inquit,
1546 871 1697 924 homo
1718 871 1844 923 mis-

241 981 329 1020 sus
356 983 387 1020 a
416 965 548 1035 Deo,
579 968 662 1022 cui
711 985 897 1023 nomen
944 978 1055 1023 erat
1099 966 1331 1022 Joannes
1363 966 1547 1038 (Joan.
1576 982 1614 1033 ι,
1642 965 1723 1036 6).
1757 964 1842 1019 ld-

244 1061 390 1115 circo
415 1067 594 1114 autem
628 1069 856 1115 sanctus
887 1060 1004 1128 ipse
1033 1058 1294 1128 propheta
1323 1057 1557 1123 dicitur,
1601 1067 1655 1112 et
1693 1056 1842 1126 plus-

243 1165 401 1222 quam
429 1150 686 1219 propheta
716 1193 730 1217 ,
760 1151 884 1222 quia
915 1151 1191 1205 Christum
1245 1158 1302 1204 et
1330 1163 1426 1202 sua
1450 1190 1466 1215 ,
1499 1156 1555 1203 et
1597 1147 1842 1203 omnium

245 1243 636 1314 prophetarum
693 1257 830 1299 voce
887 1242 1229 1312 praedictum,
1275 1242 1449 1311 digito
1501 1241 1700 1296 meruit
1749 1240 1844 1294 de-

245 1347 594 1402 monstrare;
623 1335 813 1392 dicens
848 1355 860 1390 :
902 1335 1042 1390 Ecce
1087 1338 1265 1410 Agnus
1299 1335 1415 1404 Dei,
1446 1351 1562 1390 ecce
1588 1334 1677 1404 qui
1707 1332 1843 1387 tollit

246 1438 456 1500 peccata
485 1429 668 1483 mundi
717 1427 908 1497 (Ibid.,
932 1427 1052 1499 29).
1083 1427 1214 1482 Post
1261 1426 1406 1480 hunc
1439 1426 1700 1480 habemus
1727 1428 1842 1478 Au-

247 1523 433 1577 dream
465 1522 844 1578 beatissimum
874 1563 888 1587 ,
939 1519 1173 1590 ptimum
1206 1520 1432 1575 Joannis
1461 1519 1630 1588 ipsius
1680 1516 1845 1570 disci-

245 1617 432 1687 pulum
461 1614 698 1680 ,deinde
725 1613 1027 1670 Salvatoris
1059 1629 1073 1678 ;
1108 1626 1270 1682 quem
1303 1612 1542 1682 priorem
1590 1607 1844 1664 Christus

246 1709 552 1778 aposmlutn
583 1706 844 1762 scribitur
868 1706 1124 1776 elegisse.
1154 1702 1324 1770 Erat,
1357 1703 1535 1775 inquit
1561 1747 1574 1770 ,
1609 1701 1845 1755 Andreas

249 1805 412 1873 frater
435 1799 668 1854 Simonis
692 1796 832 1852 Petri
862 1814 1000 1851 unus
1038 1813 1100 1852 ea:
1140 1795 1340 1851 duobus
1366 1795 1455 1865 qui
1477 1793 1755 1848 audierant
1777 1793 1843 1844 ab

244 1892 470 1957 Joanne,
506 1892 639 1947 Ecce
671 1892 852 1964 Agnus
881 1890 1012 1957 Dei,
1056 1898 1108 1944 et
1130 1890 1291 1942 secuti
1320 1895 1468 1942 erant
1499 1902 1637 1941 eum.
1685 1882 1843 1938 Inve—
1871 1860 1920 1921 Β

245 1987 321 2041 nit
361 1985 446 2040 hie
488 1987 710 2055 primum
740 1986 957 2055 fratrem
986 1997 1144 2036 suum
1174 1980 1464 2045 Simonem,
1516 1987 1566 2032 et
1595 1977 1727 2032 dixit
1749 1977 1795 2032 ei
1822 1992 1842 2030 :

246 2080 548 2136 Invenimus
579 2079 829 2134 Messian:
857 2078 1014 2150 (quod
1035 2085 1110 2131 est
1136 2078 1531 2148 interpretatum
1551 2072 1840 2143 Christus).

246 2173 317 2230 Et
342 2175 564 2230 adduxit
583 2190 699 2229 eum
725 2175 791 2226 ad
821 2171 1001 2226 Jesum
1031 2169 1192 2242 (Ibid.
1210 2212 1226 2237 ,
1254 2169 1370 2242 40).
1403 2169 1621 2226 Tertius
1649 2169 1843 2224 beatus

247 2267 505 2336 Thomas,
530 2266 620 2336 qui
653 2273 776 2336 post
796 2263 1258 2320 resurrectionem
1284 2259 1486 2318 Christi
1511 2261 1666 2316 solus
1691 2259 1841 2315 desi-

249 2362 460 2417 deravit
486 2401 500 2424 ,
525 2360 780 2429 solusque
820 2358 1094 2421 obtinuit,
1130 2365 1188 2411 ut
1234 2354 1481 2410 membra
1526 2353 1846 2409 Cbristicu-

249 2453 410 2507 riosis
440 2450 682 2521 quidem,
718 2449 819 2505 sed
851 2449 1039 2518 utique
1062 2446 1238 2518 dignis
1267 2446 1517 2500 manibus
1537 2451 1848 2499 contrecta-

247 2554 351 2601 ret.
383 2544 638 2600 Ardentis
666 2542 934 2613 siquidem
963 2540 1224 2596 desiderii
1252 2539 1357 2594 fuit
1398 2537 1555 2605 illttd,
1604 2554 1710 2592 non
1759 2537 1843 2591 in-

249 2638 617 2704 credulitatis,
668 2636 812 2707 quod
846 2633 1239 2704 condiscipulis
1283 2632 1419 2697 suis,
1449 2632 1540 2702 qui
1587 2630 1704 2701 ipso
1753 2630 1849 2685 ab-

249 2740 403 2787 sente
445 2731 727 2784 Dominum
754 2728 1028 2795 viderant,
1055 2728 1168 2781 ait:
1217 2724 1340 2779 Nisi
1367 2725 1579 2792 videro,
1627 2731 1673 2777 et
1723 2739 1850 2777 con-

251 2833 556 2891 trectavero,
608 2839 713 2876 non
744 2821 953 2876 credam
985 2819 1166 2890 (Joan.
1217 2834 1311 2882 xx,
1355 2818 1472 2887 “25).
1526 2817 1657 2872 Erat
1703 2816 1846 2871 enim

251 2918 411 2974 valde
455 2917 684 2981 anxius,
734 2930 802 2970 ne
855 2929 965 2968 non
1011 2922 1067 2967 et
1093 2911 1266 2968 oculis
1297 2912 1569 2965 frueretur
1597 2923 1664 2964 eo
1704 2906 1847 2978 quod

253 3010 419 3066 corde
447 3007 746 3070 credebat;
778 3020 845 3060 ne
875 3004 1184 3075 privaretur
1243 3013 1466 3072 aspectu
1515 2999 1661 3054 illius
1714 2999 1850 3053 lucis

253 3120 358 3177 qua
374 3120 431 3159 se
445 3104 627 3158 catteri
643 3101 872 3173 apostoli
893 3099 1222 3155 illuminatos
1235 3095 1662 3167 gloriabantur.“
1677 3093 1851 3148 Satia-

255 3199 334 3253 vit
363 3197 694 3253 esurientem
719 3194 1006 3258 Dominus,
1043 3191 1198 3262 cujus
1218 3201 1402 3245 ntanet
1423 3189 1515 3244 illa
1533 3188 1846 3258 promissio:

1947 503 2080 558 Nam
2105 505 2434 562 detrimenta
2457 509 2656 577 prioris
2683 519 2941 580 aspectus
2983 510 3097 565 visu
3124 510 3352 581 pariter,
3383 520 3436 565 et
3461 520 3544 566 at—

1945 605 2088 652 tactu
2133 610 2487 670 compensat;
2520 602 2612 672 qui
2649 602 2880 672 utique,
2933 604 2980 658 si
3022 605 3176 674 juxta
3227 602 3543 673 opinionem

1944 689 2301 758 quorumdam
2330 691 2563 747 inﬁdelis
2585 692 2776 750 fuisset
2804 733 2819 758 ,
2845 694 3099 750 Christus
3123 694 3204 750 illi
3236 703 3359 765 post
3379 693 3546 766 338

1944 784 2404 838 resurrectionem
2435 797 2588 839 suam
2635 801 2902 856 apparere
2936 797 2960 826 ο
2985 801 3095 842 non
3129 786 3308 842 fuerat
3347 785 3543 858 digna-

1947 880 2050 926 tus.
2083 871 2359 944 Scriptum
2391 885 2475 930 est
2505 877 2652 930 enim
2689 893 2702 929 :
2772 877 3037 945 Quoniam
3073 879 3334 933 invenitur
3365 877 3429 931 ab
3461 879 3544 932 his

1943 966 2032 1033 qui
2054 982 2158 1018 non
2191 975 2396 1020 tentant
2424 984 2542 1022 eum
2571 985 2590 1023 :
2617 979 2840 1039 apparet
2870 986 2994 1026 vero
3025 971 3109 1026 his
3139 971 3231 1042 qui
3261 971 3418 1041 fidem
3450 971 3548 1024 ha-

1944 1055 2062 1110 bent
2091 1059 2144 1110 in
2175 1060 2346 1124 ipsum
2377 1059 2538 1133 (Sap.
2569 1077 2608 1129 t,
2639 1060 2722 1133 2).
2742 1063 2896 1130 Quod
2928 1075 3110 1120 autem
3138 1065 3278 1120 dixit
3316 1065 3394 1120 illi
3425 1066 3548 1122 Sal-

1943 1156 2131 1204 vator:
2166 1150 2295 1204 Noli
2323 1167 2431 1205 esse
2455 1153 2778 1219 incredulus,
2813 1156 2904 1207 sed
2929 1152 2956 1191 ά
2980 1155 3198 1212 credens
3229 1153 3414 1226 (Joan.
3447 1172 3544 1224 xx,

1943 1242 2060 1314 27);
2089 1253 2144 1299 et
2175 1261 2188 1297 :
2216 1247 2338 1316 quia
2369 1246 2577 1314 vidisti,
2613 1248 2883 1302 credidisti
2926 1265 2946 1303 :
2976 1250 3111 1304 beati
3149 1251 3240 1322 qui
3269 1268 3372 1305 non
3401 1251 3548 1306 vide-

1945 1345 2090 1404 runt,
2119 1349 2167 1391 et
2196 1338 2525 1394 crediderunt
2552 1339 2746 1413 (Ibid.,
2773 1341 2890 1413 29);
2923 1341 3226 1399 informare
3268 1346 3321 1399 in
3354 1360 3420 1400 eo
3442 1359 3544 1401 vo-

1946 1429 2045 1484 luit
2071 1445 2263 1486 omnes
2290 1441 2477 1501 postea
2498 1433 2806 1490 credituros
2829 1477 2844 1503 ,
2877 1445 2936 1490 ut
2959 1437 3196 1507 populus
3227 1447 3444 1508 noster,
3472 1439 3547 1493 si-

1946 1523 2091 1577 milis
2114 1523 2337 1579 Thoma:
2363 1525 2457 1595 qui
2488 1528 2692 1583 absens
2715 1530 3062 1600 eratquando
3079 1533 3327 1602 apparuit
3352 1531 3544 1588 Chris-

1946 1621 2034 1669 tus
2064 1618 2330 1685 apostolis
2358 1659 2372 1684 ,
2405 1619 2663 1674 relationi
2693 1635 2884 1677 eorum
2917 1632 2941 1660 θ
2983 1622 3346 1680 indubitatam
3381 1626 3546 1682 ﬁdem

1945 1708 2257 1763 commodet
2297 1725 2312 1775 ;
2349 1725 2449 1765 nec
2479 1712 2662 1783 exigat
2700 1713 2754 1768 in
2800 1729 2969 1771 carne
3025 1717 3342 1787 conspicere
3383 1735 3546 1789 quem

1947 1799 2261 1855 testimonio
2302 1803 2700 1872 apostolorum,
2731 1816 2850 1875 post
2891 1811 3210 1877 passionem
3250 1811 3431 1866 crucis
3461 1827 3549 1869 re-

1948 1893 2253 1950 surrexisse
2283 1937 2298 1962 ,
2342 1903 2400 1950 et
2441 1898 2618 1951 visum
2670 1897 2836 1954 fuisse
2874 1899 3149 1956 didicerit.
3180 1900 3368 1972 Neque
3399 1904 3546 1960 enim

1947 1991 2232 2052 postquam
2283 1999 2566 2055 regressus
2623 1995 2709 2042 est
2763 1987 2830 2042 ad
2872 1989 3084 2058 caelos,
3143 1990 3275 2044 solis
3334 1992 3390 2046 in
3443 1990 3548 2048 hoc

1948 2077 2152 2132 mundo
2175 2077 2460 2141 i-irtutibus
2481 2093 2722 2148 praesens
2748 2121 2764 2145 ,
2781 2080 2945 2136 debet
2966 2081 3212 2151 quotidie
3239 2098 3338 2153 pro
3363 2083 3550 2154 cujus-

1947 2184 2179 2241 cumque
2208 2170 2486 2226 voluntate
2511 2211 2526 2237 ,
2555 2171 2782 2242 singulis
2811 2173 3223 2244 ,universisque
3264 2174 3545 2231 credenti-

1949 2260 2072 2326 bus,
2105 2261 2158 2315 in
2186 2276 2422 2332 corpore
2469 2276 2756 2331 apparere.
2788 2261 3037 2319 Sufficiat
3063 2265 3245 2335 nobis,
3289 2267 3548 2338 quoniam

1956 2351 1973 2390 ί
2005 2355 2179 2409 sancti
2205 2353 2428 2410 Thoma:
2446 2355 2764 2418 curiositas,
2789 2355 3161 2426 ambiguitatis
3184 2357 3380 2414 futurae
3403 2374 3551 2414 scru-

1950 2448 2078 2516 pulo
2106 2448 2391 2503 satisfecit.
2421 2447 2575 2513 Quod
2615 2446 2762 2502 enim
2801 2448 3005 2504 absens
3028 2448 3312 2519 fuit,quod
3338 2451 3553 2510 avidius

1951 2538 2258 2605 etvidere,
2303 2549 2360 2595 et
2407 2547 2702 2595 attrectare
2754 2539 3041 2596 Dominum
3079 2544 3552 2614 perquisivit,to—

1953 2638 2066 2684 tum
2098 2639 2302 2686 nostra:
2335 2632 2728 2698 procurabatur
2749 2631 2914 2686 saluti
2939 2649 2954 2698 ;
2996 2641 3056 2688 ut
3079 2634 3392 2692 evidentius
3415 2653 3548 2693 nos-

1952 2737 2206 2778 ceretnus
2236 2722 2663 2792 resurrectionis
2693 2722 3000 2779 Dominicae
3025 2727 3313 2782 veritatem
3341 2769 3356 2794 ,
3391 2743 3555 2798 quam

1955 2815 2146 2870 beatus
2177 2814 2417 2869 Thomas
2447 2815 2518 2869 ob
2546 2815 2916 2871 necessariam
2955 2819 3331 2877 curiositatem
3361 2823 3552 2892 provi-

1955 2907 2149 2962 denter
2182 2906 2550 2976 rcprehensus
2600 2905 2869 2973 affirmat,
2903 2908 3095 2965 dicens
3125 2909 3179 2964 ei
3224 2929 3237 2966 :
3286 2910 3550 2971 Dominus

1954 3009 2179 3065 meus,et
2204 2999 2344 3055 Deus
2367 3016 2512 3054 meus
2536 2997 2719 3069 (Joan.
2749 3016 2847 3067 xx,
2871 3000 2985 3071 28).
3011 3001 3246 3070 Quartus
3270 3003 3448 3061 Lucas
3465 3015 3556 3064 est

1955 3091 2307 3162 evangelista,
2324 3090 2416 3162 qui
2431 3092 2619 3146 beatos
2635 3091 2932 3161 Apostolos
2951 3093 3065 3162 pari
3084 3094 3280 3151 merito
3297 3098 3561 3155 subsecu-

1958 3191 2067 3248 tus,
2085 3195 2138 3239 et
2159 3183 2672 3254 Evangeliilibrum,
2696 3193 2752 3239 et
2771 3185 2940 3240 Actus
2965 3185 3420 3258 Apostolorum,s
3444 3193 3551 3248 mi-

257 3287 406 3344 Beati
435 3289 525 3360 qui
553 3288 789 3342 esuriant
812 3330 826 3353 ,
871 3295 918 3339 et
944 3285 1127 3338 sitiunt
1148 3284 1444 3356 justitiam,
1476 3282 1724 3352 quoniam
1753 3281 1851 3352 ipsi
1877 3248 1922 3310 Ο
1957 3277 2125 3332 randa
2148 3277 2548 3332 exatttinatione
2574 3277 2916 3346 conscripsit.
2943 3279 3148 3335 llorum
3171 3292 3404 3352 quatuor
3423 3286 3557 3342 bea-

258 3382 630 3435 saturabuntur
657 3377 875 3452 (Matth.
911 3393 962 3443 v,
995 3376 1074 3446 6).
1116 3375 1383 3446 Apparuit
1432 3374 1672 3430 secundo
1701 3377 1850 3444 Apo-

258 3473 416 3531 stolis
435 3472 618 3546 (Joau.
642 3488 736 3537 xx,
756 3471 873 3542 26),
900 3469 1198 3525 utThontaa
1230 3467 1560 3523 desiderium
1585 3467 1852 3538 adimple-

260 3574 371 3623 ret:
390 3566 594 3638 profuit
621 3564 892 3636 cupiditas
920 3562 1042 3633 ejus
1069 3570 1126 3618 et
1155 3561 1370 3616 caeteris
1397 3577 1411 3627 ;
1443 3557 1716 3631 necbipse
1743 3560 1851 3616 mi-

267 3713 298 3727 ”
337 3728 355 3748 ⁸
387 3727 569 3783 Lectio
599 3725 743 3781 Flor.
773 3725 900 3781 COti.
946 3733 1003 3778 et
1041 3721 1162 3776 Vat.
1195 3723 1496 3793 utriusque,
1528 3738 1690 3793 quam
1740 3738 1854 3779 me-

264 3799 477 3868 liorem,
499 3808 552 3853 et
573 3799 834 3866 aptiorem
848 3793 1219 3868 ostenduntea
1244 3809 1366 3864 quae
1384 3810 1508 3868 mox
1534 3805 1854 3868 sequuntur:

265 3869 414 3924 Beati
460 3864 1038 3941 qui_esuriunt._Tre§
1092 3864 1359 3941 editiones
1403 3865 1602 3941 habent
1648 3866 1859 3941 satiavit

265 3959 386 4012 ergo
409 3936 530 4012 eum
548 3939 824 3994 Dominus.
845 3937 979 3994 Cod.
1007 3936 1324 4007 Pantagathi
1349 3977 1363 4001 ,
1388 3937 1597 3989 satiavit
1625 3938 1858 3991 esurien-

267 4010 371 4067 tem
398 4010 679 4066 Dominus.

340 4082 367 4121 ι)
396 4083 452 4138 1η
485 4099 587 4138 ins.
619 4079 934 4152 Pantagatbi
965 4079 1030 4152 ad
1058 4079 1384 4152 marginem,
1427 4078 1546 4152 ejus
1576 4093 1737 4152 manu
1764 4079 1860 4152 ad-

266 4154 438 4210 ditum
459 4165 544 4208 est
565 4153 720 4217 aliis;
761 4147 939 4221 itaque
967 4151 1094 4221 legit
1125 4167 1138 4202 :
1167 4147 1257 4203 nec
1284 4151 1393 4219 ipse
1409 4151 1580 4202 minus
1611 4147 1730 4203 aliis
1759 4151 1860 4204 ali-

269 4227 394 4296 quid
421 4226 591 4288 habet,
624 4227 748 4295 quia
777 4219 1037 4296 posterior
1061 4219 1324 4296 Christum
1351 4221 1498 4296 vidit:

348 4308 370 4335 ε
402 4291 651 4351 Barthius
678 4297 715 4348 Ι.
747 4291 854 4348 χίιι
885 4293 1118 4348 Advers.
1145 4308 1194 4345 c.
1225 4291 1278 4356 6,
1313 4291 1759 4348 ltuchaudentii
1779 4293 1860 4348 lo-

270 4383 393 4426 cum
418 4376 668 4423 recenset
695 4367 837 4420 inter
853 4379 956 4419 nec
967 4379 1114 4433 grain
1125 4363 1342 4428 matice,
1361 4377 1460 4417 nec
1476 4361 1667 4418 Latine
1689 4364 1854 4430 dicta,

1959 3383 2040 3426 tas
2072 3372 2335 3426 habemus
2355 3371 2406 3425 in
2433 3373 2686 3441 praesenti
2710 3371 2994 3442 reliquias,
3016 3373 3345 3446 quiregnum
3370 3377 3564 3448 Dei,et

1950 3465 2217 3536 justitiam
2245 3463 2620 3536 praedicantes,
2646 3464 2714 3519 ab
2739 3465 3056 3532 incredulis,
3090 3476 3147 3522 et
3171 3469 3368 3541 iniquis
3417 3473 3564 3529 occi-

1957 3559 2026 3629 si,
2087 3559 2197 3614 Deo
2255 3571 2472 3626 semper
2521 3555 2706 3612 vivere
2754 3559 3133 3628 operationum
3179 3575 3402 3620 suarum
3454 3565 3567 3622 vir-

1959 3739 2110 3789 sem;
2139 3737 2237 3792 pro
2274 3728 2422 3793 eruta
2464 3721 2711 3786 fuissent,
2767 3729 2822 3775 et
2868 3739 2969 3775 non
3001 3727 3321 3793 potuissem;
3350 3728 3566 3788 dixerat

1961 3795 2105 3870 enim
2129 3791 2291 3870 Supra
2310 3791 2630 3870 didicissem,
2661 3791 3089 3870 agnovi,di:ti_,ut
3123 3791 3328 3870 textum
3361 3801 3562 3870 legenti

1961 3865 2156 3934 liquet.
2190 3861 2455 3918 Similiter
2478 3878 2510 3916 x
2538 3861 2708 3916 Conf.’
2727 3877 2888 3917 xvttt:
2919 3867 3068 3932 cuius
3098 3867 3199 3920 nisi
3250 3861 3447 3924 memor
3475 3890 3560 3928 es-

1961 3953 2087 4010 sem,
2126 3951 2240 4010 non
2273 3935 2589 4000 invenirem,
2623 3935 2747 4010 quia
2777 3950 2880 3987 non
2911 3952 3238 4010 agnoscerem
3265 3955 3286 4004 ;
3335 3955 3434 4010 pro
3461 3961 3564 4000 ηυη

1965 4007 2294 4071 invenissem,
2327 4015 2383 4058 et
2429 4021 2532 4057 non
2559 4007 2924 4074 agnovissem;
2967 4007 3179 4063 dixerat
3205 4007 3351 4065 enini
3398 4026 3559 4072 antea

1963 4079 2172 4133 memini
2196 4093 2273 4130 me
2303 4077 2748 4154 quaesisse,_atque
2768 4078 3039 4154 inuenisse.
3069 4079 3204 4154 Item
3237 4097 3274 4136 tt
3301 4081 3459 4140 Conf.
3491 4103 3559 4154 tt,

1962 4158 2053 4201 aut
2078 4159 2211 4203 certe
2241 4147 2468 4201 sonitum
2493 4147 2708 4200 nubium
2740 4159 2947 4202 tuarum
2987 4150 3290 4218 vigilantius
3317 4147 3560 4212 adverte;

1962 4237 2070 4274 rem
2100 4265 2114 4289 ,
2151 4235 2250 4289 pro
2291 4219 2670 4299 advertissent;
2697 4230 2754 4299 et
2784 4222 2944 4288 paulo
2976 4221 3201 4299 interius
3253 4240 3266 4276 :
3300 4225 3395 4280 has
3439 4245 3562 4299 ergo

1962 4306 2111 4346 voces
2141 4291 2443 4344 exaudirem
2471 4290 2773 4361 vigilantius
2800 4334 2814 4358 ,
2851 4306 2949 4360 pro
2976 4293 3341 4361 exaudissem;
3379 4290 3565 4356 subdit

1962 4363 2111 4417 enim
2160 4376 2286 4416 mox
2333 4381 2346 4414 :
2395 4362 2486 4414 sed
2518 4359 2733 4427 elferbui
2754 4359 2933 4432 miser,
2982 4371 3029 4416 et
3085 4359 3329 4421 excessis
3359 4367 3563 4427 Contra

272 4439 552 4496 subdens:
587 4438 880 4492 Dicendum
909 4432 1059 4501 erat,
1105 4449 1210 4487 non
1243 4432 1453 4489 fuisset.
1491 4435 1693 4488 Deinde
1741 4450 1864 4502 pro-
1893 4445 1946 4504 Ῑ)
1972 4432 2288 4504 Fulgentius
2315 4432 2582 4504 meruisset
2615 4442 3020 4504 promereretur
3041 4433 3219 4491 Serm.
3253 4439 3321 4492 de
3361 4440 3418 4495 S.
3444 4443 3565 4498 Stc-

273 4511 380 4566 fert
407 4511 640 4565 similem
673 4508 950 4580 Eginharti
987 4507 1162 4560 locum
1188 4505 1239 4558 in
1270 4505 1387 4580 Vlita
1415 4505 1591 4559 Caroli
1621 4505 1692 4559 Μ.
1721 4524 1733 4558 :
1760 4505 1867 4560 Po-

276 4589 407 4637 terat
427 4582 576 4635 citius
593 4576 742 4650 ﬁniri
763 4621 778 4644 ,
803 4579 855 4650 si
881 4578 1152 4650 Saxonum
1182 4576 1402 4650 perﬁdia
1431 4585 1697 4650 pateretur
1722 4618 1736 4642 ,
1765 4593 1864 4647 pro

275 4669 431 4724 passa
461 4645 638 4720 fuisset
669 4666 687 4715 ;
719 4659 776 4706 et
799 4648 1066 4719 Fulgentii
1090 4654 1264 4724 ep.__t-,
1292 4662 1340 4724 c_.
1376 4647 1399 4700 1
1432 4645 1450 4699 ἐ
1485 4645 1733 4724 Febrium
1762 4645 1869 4724 uio:

277 4716 421 4778 lenta
451 4716 688 4777 nimietas
735 4716 1072 4775 commeatum
1116 4716 1244 4770 mihi
1285 4719 1402 4771 vitta
1449 4721 1706 4786 auferret,
1767 4719 1870 4773 nisi

277 4810 428 4849 verus
475 4797 763 4848 animarum
794 4802 843 4846 et
879 4792 1107 4859 corporis
1139 4789 1368 4842 medicus
1406 4789 1710 4859 dignaretur
1759 4791 1867 4844 lar-

315 4867 378 4920 iri
403 4867 707 4928 remedium,
750 4878 846 4933 pro
885 4861 1154 4933 dignatus
1179 4861 1382 4933 fuisset.
1425 4860 1548 4914 llaec
1593 4861 1866 4933 Barthius.

315 4885 378 4920 πη
403 4885 707 4928 remedium,
750 4885 846 4933 pro
885 4885 1128 4930 argntum!
1179 4885 1382 4927 μηοκι.
1425 4885 1548 4914 uwc
1593 4885 1866 4914 nummus.

279 4885 466 4992 ἰδυᾱο
508 4937 752 5006 profecto
796 4931 993 5006 sumini
1039 4929 1157 5006 \firi
1189 4929 1545 4983 eruditionem
1573 4932 1714 5006 ,_‘sed
1747 4947 1868 5006 cum

283 5017 393 5063 tres
421 5001 687 5063 editiones
717 5007 836 5074 qua:
858 5002 987 5056 mihi
1015 5001 1080 5074 ad
1113 5015 1330 5074 manum
1377 5007 1533 5074 sunt,
1567 5001 1772 5074 diserte
1795 5003 1872 5057 le—

281 5091 412 5146 gant
442 5095 546 5131 non
578 5069 756 5146 fuisse?
781 5116 797 5140 ,
816 5069 1336 5146 oportet_Barthium
1358 5070 1536 5146 aliqua
1549 5070 1657 5146 alia
1685 5080 1874 5127 vetus-

285 5141 411 5204 tiori
441 5141 678 5202 editione
695 5159 818 5201 esse
841 5141 1016 5198 usum.
1043 5142 1098 5197 ln
1132 5156 1264 5195 mss.
1295 5141 1512 5212 quidem
1548 5141 1740 5210 legitur
1769 5159 1874 5197 non

284 5223 492 5291 fuerat,
519 5218 597 5273 sic
628 5217 770 5291 enim
801 5215 966 5291 habet
993 5229 1059 5291 ex
1093 5213 1231 5291 Vatt.
1259 5227 1420 5276 unus,
1439 5213 1582 5291 alter
1613 5228 1742 5268 vero
1770 5229 1874 5266 non

286 5283 504 5364 fuisset;
543 5298 598 5343 at
633 5287 779 5364 Flor.
815 5296 895 5364 et“
916 5284 1276 5364 Urb._eode_m
1297 5283 1489 5364 “modo
1536 5301 1638 5364 non
1669 5291 1870 5355 fuerat,

285 5353 490 5433 quibus
521 5359 797 5433 consentit
842 5357 980 5410 liber
1031 5357 1258 5433 Octavii“
1295 5353 1614 5433 Pantagathi
1640 5353 1676 5416 ς’
1704 5371 1876 5433 quare

288 5425 577 5488 maluimus
605 5432 894 5504 genuinam
930 5425 1512 5504 mss._sit_np|icitate_m,
1542 5441 1702 5494 quam
1726 5431 1878 5496 inep-

291 5516 372 5560 tas
403 5496 858 5575 typographorutn
892 5496 1304 5575 emendationes
1336 5497 1570 5575 retinere
1599 5537 1613 5561 ,
1649 5512 1880 5575 praeser-

291 5577 385 5629 tim
410 5566 759 5643 étim'praater
782 5574 898 5628 loca
921 5586 951 5626 a
990 5569 1216 5643 Barthio
1257 5566 1463 5643 prolata
1486 5608 1504 5643 _,
1529 5568 1668 5637 apud
1701 5569 1880 5643 eccle-

291 5645 539 5700 siasticos
566 5638 860 5714 scriptores
887 5643 957 5697 sit
988 5639 1298 5714 bujusmodi
1338 5638 1536 5714 locutio
1574 5653 1684 5694 non
1709 5639 1875 5696 infre-

291 5730 495 5783 quens;
526 5723 586 5769 ut
625 5709 762 5785 apud
805 5709 1166 5784 Augustinum
1194 5727 1227 5765 x
1260 5709 1420 5764 Conf.
1456 5709 1544 5785 to,
1588 5724 1875 5766 extremo:

293 5789 394 5845 nisi
405 5782 710 5841 admonente
733 5782 913 5856 aliquo
931 5794 1252 5849 cruereutur,
1285 5796 1346 5834 ea
1375 5782 1598 5852 cogitare
1625 5799 1726 5836 non
1753 5799 1876 5853 pos-

1972 4502 2152 4574 pltano
2179 4521 2192 4559 :
2230 4502 2528 4584 Stephanus
2557 4505 2811 4584 saeuitiam
2870 4503 3179 4584 Judceorum
3220 4511 3384 4578 potuit
3413 4527 3566 4584 supe-

1969 4593 2108 4645 rare,
2144 4585 2196 4629 ut
2223 4577 2300 4629 ita
2329 4574 2604 4628 meruisset
2626 4576 2850 4643 feliciter
2883 4574 3250 4646 triumphare;
3277 4591 3332 4635 et
3377 4574 3504 4636 moi
3549 4601 3566 4641 ι

1970 4657 2024 4770 7t
2042 4663 2290 4771 ἕοῖοηαηι
2321 4647 2594 4699 meruisset
2643 4649 2877 4716 accipere
2897 4690 2912 4713 ,
2945 4645 3250 4703 charitatem
3281 4667 3376 4719 pro
3405 4655 3565 4710 armis

1988 4735 2038 4771 ta
2075 4737 2101 4771 e
2134 4728 2208 4771 at.

1971 4719 2208 4772 habebat.

2043 4787 2069 4825 d
2101 4789 2228 4861 [ᾖδε.
2260 4797 2515 4861 quatuor,
2549 4787 2661 4861 noli
2691 4803 2802 4861 esse
2826 4789 3134 4861 incredulus
3162 4835 3176 4858 ,
3208 4792 3300 4846 sed
3328 4793 3525 4861 fidelis.

2047 4870 2071 4930 εἴ
2113 4859 2260 4930 Flor.
2291 4870 2346 4913 et
2371 4858 2518 4911 Vatt.
2548 4859 2679 4920 duo,
2708 4859 3088 4912 indubitantem
3131 4862 3308 4930 fidem.

2051 4928 2069 4967 ί
2100 4930 2187 4986 Sic
2216 4929 2416 4998 legitur
2451 4931 2506 4984 in
2545 4937 2778 4998 quatuor
2805 4945 2961 4995 mss.;
2990 4928 3139 4986 editi
3171 4947 3304 4989 vero
3329 4975 3343 4996 ,
3393 4939 3566 4993 sancti

1973 5000 2190 5078 Thema:
2219 5000 2536 5078 curiositas,
2557 5008 2618 5078 _et
2647 5002 2982 5078 ambiguitas,
3015 5004 3212 5078 futura:
3240 5009 3570 5078 scrupulosi-

1973 5073 2096 5125 tatis
2117 5072 2276 5146 finem
2301 5071 2442 5146 fecit.
2470 5071 2637 5136 Male;
2674 5086 2795 5146 nam
2813 5071 3156 5146 Gaudentius
3179 5091 3340 5146 supra
3365 5071 3569 5137 nullam

1974 5143 2224 5212 agnoscit
2263 5141 2318 5195 in
2367 5141 2573 5214 Thoma
2610 5143 3018 5214 ambiguitatem
3041 5190 3056 5214 ,
3088 5157 3180 5200 aut
3212 5141 3568 5205 incredulita-

1977 5224 2118 5276 tem;
2144 5215 2350 5294 itaquei
2370 5212 2612 5282 ineptum
2647 5212 2790 5268 foret
2819 5213 2924 5271 hoc
2953 5212 3074 5272 loco
3104 5219 3398 5275 admittere
3425 5221 3570 5290 quod

1977 5294 2136 5340 antea
2167 5293 2378 5352 rejectt.

2051 5366 2076 5403 ες
2106 5356 2174 5431 Et
2204 5360 2346 5409 hunc
2373 5369 2593 5431 quoque
2615 5355 2793 5412 locum
2823 5357 2876 5413 in
2901 5358 3064 5414 editis
3093 5359 3452 5431 depravatum
3489 5377 3574 5420 re-

1977 5428 2255 5500 stituimus
2303 5427 2813 5500 subsidioiquatuor
2842 5444 2976 5485 mss.
3028 5427 3226 5500 quibus
3277 5441 3384 5486 tam
3435 5431 3524 5488 bic
3555 5473 3572 5500 ,

1978 5514 2142 5570 quam
2196 5498 2260 5570 in_
2291 5499 2571 5570 superiori
2609 5500 2772 5554 etiam
2828 5498 3062 5556 lectione
3115 5503 3392 5558 consentit
3446 5498 3574 5559 cod.

1981 5567 2325 5640 Pantagathi.
2351 5567 2486 5625 Tres
2506 5570 2776 5626 editiones
2798 5572 3000 5627 habent
3023 5573 3280 5626 imitanda
3304 5575 3578 5628 examina-

1983 5643 2122 5715 tione
2141 5639 2172 5705 :7
2206 5648 2262 5695 at
2305 5639 2508 5715 Lucam
2539 5642 2884 5711 Apostolicas
2929 5651 2987 5697 ut
3032 5653 3186 5712 puto,
3213 5654 3273 5699 et
3302 5645 3584 5715 Evangelii

1985 5713 2182 5795 librum
2211 5711 2672 5793 conscribentetn,
2698 5728 2859 5769 nemo
2885 5753 2900 5778 ,
2932 5714 3141 5789 πράξεις
3159 5711 3178 5783 ,⁷
3205 5729 3354 5772 sanat
3381 5711 3584 5775 mentis

1983 5793 2178 5839 ituttari
2207 5793 2638 5853 pt‘wsutnpsertt.

3427 5956 3469 5970 σιν
3517 5949 3574 5964 ““
