4096 6192
319 223 428 282 969

1096 223 1337 281 SERMO
1375 222 1542 290 XVII,
1586 222 1672 278 DE
1717 219 2032 280 DlVERSlS
2069 220 2437 281 CAPITULIS
2473 222 2833 281 SEPTIMUS.

3504 226 3609 283 970

320 338 564 407 mobilis,
599 351 793 394 cursus
839 339 921 393 sui
962 348 1137 394 metas
1187 340 1480 409 aspiciens,
1539 339 1606 394 de
1657 339 1906 409 proxima
1935 351 1989 411 Α
2012 353 2178 409 regna
2212 339 2487 408 perducit.
2521 339 2900 395 Com’moritur
2928 338 3169 409 denique
3203 350 3225 379 ο
3257 339 3612 412 quadragesi-

320 433 800 487 consummatione
829 432 1124 501 gaudebat,
1154 431 1298 487 fideli
1341 430 1630 485 tolerantia
1678 434 1913 499 promis-

322 538 442 579 sum
489 523 581 580 Dei
623 537 819 577 munus
870 532 1219 593 exspectans.
1262 523 1369 577 Sed
1413 538 1551 577 unus
1606 539 1670 576 ex
1719 537 1911 577 eorum

322 632 574 679 numero,
608 616 919 673 brevissimi
949 616 1146 683 adhuc,
1180 625 1234 672 et
1262 618 1373 687 jam
1421 617 1659 687 supremi
1705 617 1918 671 doloris

322 712 641 781 impatiens,
671 727 870 783 rogare
919 714 1085 766 miser
1125 712 1291 779 coepit
1320 721 1380 766 ut
1406 721 1432 748 ει
1462 711 1529 765 ad
1559 710 1783 765 balneas
1821 710 1918 763 du-

319 812 559 861 ceretur.
586 804 739 859 Miles
763 805 995 873 interea,
1021 804 1107 859 cui
1133 803 1447 859 sollicitudo
1468 804 1714 871 iniuncta
1743 804 1920 858 fuerat

322 912 382 955 ut
412 900 544 956 illud
574 901 770 955 mortis
797 900 1077 955 lavacrum
1104 899 1262 954 victis
1285 899 1594 968 quibusque
1618 907 1916 965 reseraret,

321 995 450 1051 dum
476 993 712 1048 curiosis
736 994 914 1048 oculis
945 993 1014 1047 de
1038 993 1159 1047 loco
1184 992 1400 1046 sublimi
1418 1006 1652 1067 agonem
1678 991 1919 1046 virm-um

322 1096 532 1158 spectat
557 1087 882 1156 insignium,
918 1087 996 1141 rei
1026 1086 1237 1141 exitum
1268 1095 1521 1158 captans,
1549 1085 1701 1142 videt
1726 1085 1919 1141 ducem

323 1179 568 1236 caelestis
602 1178 809 1233 militiae
841 1178 1269 1234 descendentem
1300 1194 1421 1232 cum
1451 1178 1800 1233 multitudine
1824 1194 1923 1232 an-

325 1271 572 1344 gelorum
591 1271 1006 1336 ,etfortissimis
1040 1271 1398 1337 bellatoribus
1426 1272 1602 1326 claras
1628 1280 1825 1337 vestes,
1844 1279 1925 1324 at-

326 1380 433 1437 que
455 1365 635 1433 Opima
659 1364 972 1433 singillatim
998 1362 1396 1435 3Mpraemia
1430 1370 1748 1432 erogantem
1769 1378 1925 1433 ,qute

325 1458 479 1513 solus
508 1457 600 1513 ille
634 1456 964 1511 miserabilis
993 1454 1149 1525 cujus
1176 1454 1337 1509 ﬁdem
1375 1454 1630 1509 diabolus
1656 1454 1923 1525 fregerat,

326 1564 435 1606 non
449 1549 681 1618 accepit.
701 1548 926 1602 Ducitur
943 1547 1133 1602 infelix
1156 1548 1221 1601 ad
1246 1547 1508 1612 balneas;
1535 1546 1716 1616 ibique
1740 1545 1930 1602 confe-

326 1643 454 1698 stim
488 1641 692 1697 caloris
719 1639 927 1706 afflatu,
961 1655 1070 1709 quo
1100 1655 1161 1695 se
1191 1638 1544 1693 animandum
1586 1639 1922 1705 crediderat,

2020 446 2140 485 mus
2178 431 2283 486 iste
2332 441 2558 488 sanctus
2587 447 2711 487 cum
2761 432 2986 497 sanctis,
3020 442 3077 485 ut
3106 433 3281 489 ‘Tsacer
3323 450 3608 502 numerus,

2017 541 2177 597 quem
2232 527 2482 582 Salvator
2507 526 2733 597 jejuniis
2779 526 3169 593 honoraverat,
3204 528 3613 598 compleretur;

2019 617 2159 672 sicut
2191 619 2290 687 ipsi
2324 618 2467 673 beati
2515 627 2788 689 martyres
2831 633 3022 673 orasse
3058 630 3457 675 memorantur.
3489 621 3622 676 Post

2021 707 2139 764 hrcc
2164 708 2188 745 ά
2214 708 2382 777 jussit
2406 710 2712 774 carnifices,
2734 710 3115 765 defunctorum
3140 726 3371 781 corpora
3393 711 3613 783 longius

2023 809 2395 870 transportata
2473 802 2687 872 ignibus
2767 818 3147 858 concremare.
3218 804 3621 875 Relinquebant

2021 910 2216 961 unum,
2246 896 2336 964 qui
2375 893 2552 950 adhuc
2594 896 2777 951 vivere
2807 897 3118 965 putabatur,
3148 898 3191 951 si
3217 898 3356 953 forte
3382 909 3623 955 mutaret

2024 988 2076 1043 in
2106 988 2258 1059 pejus
2282 990 2399 1059 ipsa
2432 988 2735 1043 solitudine
2757 990 3111 1044 voluntatem.
3142 990 3217 1044 Ibi
3249 990 3370 1059 ejus
3395 1006 3623 1047 venera-

2026 1080 2151 1135 bilis
2196 1091 2392 1146 mater,
2423 1097 2543 1150 quae
2593 1081 2755 1136 talem
2790 1080 2957 1136 filium
3011 1081 3157 1137 bono
3186 1073 3475 1151 sapientia:
3507 1098 3618 1140 cm-

2026 1171 2182 1228 lestis
2223 1173 2362 1227 lacte
2408 1174 2733 1235 nutriverat,
2766 1174 3009 1227 cucurrit
3041 1174 3107 1228 ad
3139 1174 3378 1229 cadaver
3408 1178 3627 1245 spiran-

2029 1268 2096 1318 tis
2128 1266 2248 1331 filii,
2269 1267 2709 1336 etpropriiscum
2733 1267 2985 1321 manibus
3016 1269 3267 1322 vehiculo
3298 1286 3404 1337 quo
3431 1284 3627 1341 corpo-

2029 1371 2085 1410 ra
2109 1356 2338 1410 aliorum
2368 1367 2623 1426 congesta
2642 1357 2709 1412 ad
2740 1374 2930 1428 pyram
2950 1358 3327 1424 trahebantur,
3346 1363 3627 1432 imposuit.

2030 1448 2207 1514 Vade,
2233 1449 2429 1519 inquit,
2464 1460 2614 1516 nate,
2646 1450 2805 1504 istam
2841 1451 3038 1505 bonam
3085 1452 3250 1517 viam,
3281 1454 3465 1509 salvus
3509 1470 3632 1509 cum

2028 1545 2325 1599 comtaneis
2354 1543 2480 1609 tuis,
2507 1554 2559 1598 et
2585 1544 2860 1615 gloriosus
2891 1544 2957 1599 ad
2990 1546 3305 1601 Dominum.
3328 1545 3373 1602 Ο
3395 1548 3637 1602 admira-

2033 1635 2180 1701 bilis,
2212 1646 2267 1691 et
2294 1653 2421 1691 vere
2450 1636 2614 1706 digna
2646 1647 2820 1693 mater
2848 1639 3133 1709 martyris!
3160 1640 3409 1709 quinimo
3437 1651 3491 1697 et
3513 1642 3630 1711 ipsa

328 1734 702 1799 exanimatus,
733 1743 789 1787 et
820 1732 983 1788 vitam
1016 1731 1280 1801 perdidit,
1305 1741 1359 1787 et
1380 1746 1665 1786 coronam.
1696 1730 1930 1785 Luctuo-
1960 1755 2008 1815 Β
2030 1728 2141 1799 jam
2174 1738 2413 1801 martyr;
2444 1740 2607 1800 equa:
2639 1731 2876 1800 propriis
2894 1732 3196 1787 visceribus
3225 1749 3332 1788 non
3360 1737 3630 1804 pepercit,

328 1842 451 1884 sum
500 1825 708 1880 facinus
736 1824 1036 1895 gratulatio
1083 1822 1365 1893 inopinata
1416 1821 1790 1891 subsequitur.
1822 1820 1930 1875 Re-

330 1930 495 1991 pente
520 1919 638 1989 ejus
676 1918 858 1972 locum
889 1915 1218 1985 supradicta:
1256 1915 1483 1969 visionis
1515 1914 1813 1968 admirator
1842 1912 1929 1967 in-

329 2015 517 2077 vadit;
578 2011 749 2067 nudat
807 2010 1052 2066 membra
1102 2018 1290 2079 optato
1341 2008 1642 2077 supplicio;
1695 2022 1753 2062 se
1806 2020 1931 2061 esse

332 2102 709 2161 Christianum
766 2101 1012 2157 clamore
1074 2100 1282 2170 ingenti
1352 2098 1719 2167 congeminat,
1772 2112 1932 2166 quem

339 2195 639 2266 spectaculi
673 2194 819 2249 illius
846 2192 1186 2247 admirabilis
1209 2192 1402 2259 virtus,
1430 2190 1613 2244 subito
1635 2205 1701 2243 ex
1729 2187 1934 2244 Gentili

333 2306 527 2347 verum
561 2290 766 2345 fecerat
790 2286 1188 2342 Christianum.
1232 2285 1475 2340 Tenetur
1509 2282 1769 2339 continuo
1800 2296 1932 2351 pro-

332 2381 590 2439 fessionis
633 2395 747 2435 suae
804 2393 967 2444 reus;
1014 2378 1214 2447 ligatur
1262 2378 1473 2439 volens,
1518 2384 1575 2429 et
1613 2372 1935 2429 secantibus

334 2477 568 2533 vinculis
588 2476 890 2531 crudeliter
910 2473 1240 2537 innodatur;
1271 2480 1589 2541 perseverat
1617 2471 1931 2538 adstrictus,

334 2568 603 2640 gloriatur
629 2567 681 2621 in
716 2580 896 2636 pinna,
927 2580 1024 2635 spe
1052 2563 1258 2619 divinae
1287 2561 1752 2618 remunerationis
1782 2559 1937 2616 effer-

337 2666 446 2713 tur.
477 2656 694 2713 Crescit
737 2658 883 2711 inter
924 2655 1194 2725 supplicia
1242 2653 1380 2709 fides
1419 2652 1627 2706 Christi
1665 2660 1939 2721 :augetur

336 2752 480 2808 inter
506 2759 783 2805 tormenta
810 2748 1054 2804 dilectio.
1079 2747 1213 2802 Nam
1240 2760 1405 2801 sensu
1429 2745 1734 2815 apostolico
1766 2753 1936 2799 testa—

338 2843 500 2899 batur
527 2861 539 2897 :
571 2843 652 2898 Me
683 2843 829 2897 nulla
867 2842 1261 2912 suppliciorum
1308 2841 1414 2901 vis,
1443 2839 1588 2895 nulla
1624 2838 1939 2893 immanitas

340 2946 738 2994 tormentorum
772 2938 955 3009 poterit
978 2952 1224 3007 separare
1252 2952 1282 2988 a
1303 2936 1552 2988 charitate
1587 2933 1704 2999 Dei,
1725 2948 1840 3005 qua:
1864 2940 1938 2986 est

341 3032 397 3086 in
423 3031 630 3086 Christo
652 3029 779 3085 Iesu
800 3030 1026 3085 Domino
1054 3038 1232 3084 nostra
1261 3028 1442 3094 (Rom.
1478 3044 1593 3095 vut,
1619 3028 1698 3097 9).
1728 3027 1785 3081 In
1819 3043 1937 3083 me-

2034 1823 2160 1879 dum
2194 1838 2289 1879 sua
2322 1824 2567 1879 membra
2594 1840 2697 1894 pro
2724 1824 2929 1879 Christi
2957 1828 3184 1883 nomine
3212 1827 3393 1897 puniri
3420 1829 3637 1885 hetatur

2034 1914 2087 1969 in
2132 1915 2264 1969 lilio.
2307 1915 2425 1969 Jam
2471 1931 2607 1971 vero
2645 1931 2745 1972 nec
2778 1917 2907 1971 illud
2944 1918 2995 1970 in
3028 1929 3308 1987 postrema
3347 1929 3502 1989 parte
3544 1937 3633 1976 re—

2036 2007 2289 2070 ticemus,
2321 2007 2467 2079 quod
2499 2024 2623 2063 cum
2674 2009 2892 2064 cineres
2942 2019 3274 2065 exustorum
3318 2026 3633 2083 corporum,

2036 2101 2292 2155 mandato
2366 2103 2773 2171 persecutoris,
2843 2101 2895 2156 in
2982 2102 3208 2157 ﬂuvium
3295 2104 3634 2174 jacerentur,

2041 2190 2061 2229 ί
2095 2208 2205 2246 non
2256 2192 2550 2247 defuerunt
2592 2192 2863 2262 religiosa}
2910 2209 3133 2261 manus,
3175 2211 3295 2265 qua:
3348 2206 3372 2243 8
3425 2208 3636 2267 partem

2036 2285 2238 2339 cineris
2292 2283 2455 2358 345
2502 2286 2585 2341 vel
2618 2284 2767 2340 furto
2792 2287 3097 2356 eriperent,
3131 2289 3218 2344 vel
3278 2291 3457 2359 pretio
3487 2306 3639 2346 com—

2040 2385 2319 2445 pararent.
2352 2377 2491 2430 lliuc
2522 2386 2578 2431 et
2610 2376 2855 2432 Ecclesia
2880 2377 3250 2435 Caesariensis
3283 2383 3551 2448 exsultat,
3585 2394 3641 2439 et

2040 2479 2229 2524 nostra
2255 2469 2578 2524 fraternitas
2614 2485 2719 2525 nou
2746 2472 3025 2528 immerito
3048 2473 3343 2542 gloriatur,
3392 2491 3643 2532 reserva-

2038 2568 2151 2615 tum
2176 2560 2281 2616 sibi
2309 2562 2657 2628 providentia
2688 2562 2783 2619 Dei
2805 2565 3049 2620 salutare
3076 2582 3277 2622 munus
3303 2570 3635 2641 intelligens.

2037 2650 2068 2688 ιι
2099 2654 2417 2707 Portionem
2464 2654 2822 2724 reliquiarum
2873 2658 3243 2728 sumpsimus,
3278 2669 3337 2714 et
3366 2662 3505 2716 nihil
3539 2678 3639 2719 nos

2040 2745 2221 2800 minus
2248 2745 2534 2813 possidere
2559 2747 2909 2815 confidimus,
2936 2749 3063 2803 dum
3099 2760 3245 2807 totos
3270 2754 3638 2825 quadraginta

2048 2838 2063 2875 ί
2099 2838 2153 2894 in
2184 2840 2297 2895 suis
2329 2839 2528 2895 favillis
2554 2840 2890 2897 honorantes
2922 2844 3341 2914 amplectimur:
3379 2847 3523 2903 sicut
3547 2849 3641 2903 illa

2043 2931 2097 2986 itt
2145 2933 2437 3003 Evangelia
2494 2933 2713 3005 (Matth.
2765 2951 2840 2997 ιχ,
2892 2934 3023 2989 Luc.
3053 2937 3172 3007 vni)
3222 2938 3397 2994 fidelis
3442 2938 3641 2997 mulier

2041 3040 2165 3094 quae
2212 3041 2309 3095 per
2340 3026 2605 3081 fimbriam
2636 3027 2837 3082 Christi
2868 3028 3080 3084 salvata
3130 3040 3235 3095 est,
3267 3048 3416 3086 oram
3457 3034 3640 3090 tenuit

341 3125 448 3181 diis
497 3126 834 3181 cruciatibus
883 3139 1059 3180 novus
1108 3135 1338 3195 martyr,
1384 3123 1692 3179 instruente
1724 3123 1933 3193 Spiritu
1969 3148 2015 3212 ρ
2047 3120 2388 3187 vestimenti,
2441 3132 2495 3176 et
2538 3123 2803 3177 virtutem
2846 3122 3152 3178 divinitatis
3179 3126 3393 3195 exegit:
3438 3136 3644 3183 attactu

342 3228 554 3280 sancto.
583 3218 831 3273 eruditur
861 3227 915 3272 et
948 3216 1199 3287 prolicit;
1235 3217 1466 3271 moritur
1505 3224 1559 3270 et
1610 3217 1939 3285 triumphat.

342 3310 582 3366 Trinitas
610 3310 886 3365 adoranda
915 3318 1109 3364 testem
1155 3319 1332 3362 suum'
1360 3309 1504 3363 inter
1535 3322 1726 3376 pmnas
1762 3306 1939 3361 fideli-

344 3412 427 3459 ter
464 3412 894 3472 permaneutem,
924 3401 1188 3471 martyrio
1213 3402 1334 3470 ipso
1365 3400 1430 3455 ad
1458 3400 1634 3454 vicem
1662 3399 1936 3469 baptismi,

346 3495 641 3567 gloriosius
669 3493 698 3533 ι’
725 3503 781 3550 et
824 3492 1015 3561 abluit,
1051 3501 1107 3549 et
1146 3491 1427 3557 emundat,
1459 3501 1525 3546 et”
1568 3490 1637 3546 ad
1675 3492 1940 3547 caelorum

423 3736 448 3763 ιι
476 3724 613 3780 Tres
660 3723 947 3781 editiones.
976 3720 1043 3774 ad
1090 3718 1291 3786 balnea,
1325 3713 1756 3786 quodnverbum‘
1792 3712 1935 3767 male

350 3807 636 3864 acceptum
668 3793 1079 3864 emendavimus
1121 3782 1453 3864 auctoritate
1487 3784 1611 3864 γης.
1654 3782 1936 3852 utriusque

352 3878 408 3924 et
429 3854 577 3921 Flor.
606 3865 756 3930 cod.,
783 3864 835 3917 iu
884 3862 1081 3929 quibus
1134 3863 1350 3927 legitur,
1385 3858 1453 3930 ad
1498 3854 1750 3930 balneas;
1781 3869 1935 3930 earn-

353 3940 590 4006 demque
641 3924 929 4006 lectionem
979 3931 1143 3986 habet
1183 3924 1345 4006 etiam
1387 3928 1537 4006 liber
1592 3924 1937 4006 Pantagathi.

352 3996 556 4063 Balnea
604 4004 965 4061 multitudinis
1014 4017 1240 4055 numero
1293 3999 1400 4053 dici
1458 3997 1696 4066 negabat,
1746 3996 1934 4060 Varro,

353 4082 510 4149 cujus
566 4079 732 4132 verba
776 4077 980 4149 libavu
1020 4072 1088 4126 de
1302 4070 1419 4149 haec
1444 4065 1576 4149 sunt
1610 4085 1622 4120 :
1650 4065 1832 4136 Neque
1874 4067 1935 4119 ab

355 4138 575 4217 eo'quod
600 4150 778 4202 dicunt
819 4142 1261 4217 balneum,hati_et
1301 4138 1689 4217 multitudinem
1718 4154 1935 4217 censue.

357 4209 504 4277 tudo.
535 4223 623 4274 Sic
650 4221 817 4274 etiam
852 4219 987 4269 infra
1021 4216 1108 4267 ubi
1137 4215 1266 4267 editi
1300 4212 1481 4281 legunt
1514 4210 1723 4263 ducitur
1753 4209 1940 4281 infelix

358 4292 428 4345 ad
474 4290 742 4357 balneum,
772 4288 964 4342 iisdem
998 4300 1130 4339 mss.
1168 4280 1557 4357 praeeuntibus,
1594 4280 1939 4357 reposuimus

2048 3212 2281 3268 fimbriae
2329 3215 2596 3268 medelam
2630 3216 2874 3271 credenti
2911 3216 3046 3272 fides
3088 3218 3273 3282 traxit,
3323 3229 3379 3275 et
3405 3219 3640 3277 salutem

2050 3321 2211 3374 quam
2244 3316 2695 3376 praesumpserat,
2759 3309 3071 3376 acquisivit.
3122 3308 3308 3379 Itaque
3352 3325 3481 3379 pars
3527 3312 3642 3381 ipsa

2049 3413 2211 3469 quam
2246 3401 2577 3466 meruimus,
2619 3400 2904 3469 plenitudo
2936 3410 3053 3466 est;
3105 3402 3275 3457 dividi
3332 3404 3478 3459 enim
3510 3419 3645 3475 qua-

2056 3492 2304 3563 dragiuta
2335 3494 2428 3549 isti
2461 3503 2733 3565 martyres
2761 3495 2830 3549 ab
2866 3494 3100 3551 invicem
3132 3494 3286 3550 nullo
3312 3494 3476 3553 modo
3510 3511 3641 3567 pos-

2119 3715 2137 3753 ί
2172 3716 3102 3792 [locaitGaudentiustoccurrens
3135 3721 3335 3786 tacitae,
3362 3737 3485 3792 quae
3520 3723 3635 3779 fieri

2040 3797 2263 3860 poterat
2287 3787 2355 3842 de
2378 3790 2579 3860 sanctis
2606 3788 2851 3859 reliquiis
2876 3790 3193 3856 objectioni,
3218 3803 3279 3845 ut
3310 3787 3457 3847 recte
3485 3806 3636 3849 uota-

2042 3858 2117 3915 vn
2135 3860 2335 3914 Baron.
2360 3858 2427 3913 ad
2449 3858 2673 3931 Martyr.
2697 3858 2739 3916 9'
2757 3860 3087 3931 Martii.Sed
3116 3862 3315 3916 labitur
3364 3863 3503 3917 idem
3529 3863 3634 3920 Ba-

2041 3934 2231 3987 ronius
2252 3931 2512 4005 subdens,
2536 3930 2897 4005 Gaudentium
2922 3930 3218 4005 affirmare,
3234 3933 3345 4005 hoc
3370 3946 3637 4005 martyres

2042 4018 2233 4073 passos
2262 4016 2384 4055 esse
2412 4002 2661 4062 Sebaste,
2694 4003 2918 4056 civitate
2954 4004 3241 4071 metropoli
3275 4002 3633 4059 minoris'Ar-

2045 4073 2262 4139 menizr;
2288 4090 2409 4127 nam
2428 4074 2679 4143 quamvis
2695 4073 2762 4128 de
2787 4073 2905 4126 loco
2926 4075 3166 4143 martyrii
3198 4090 3386 4129 «tumes
3400 4090 3636 4131 consen-

2046 4148 2183 4201 tiant
2206 4146 2257 4198 in
2281 4160 2399 4198 eam
2430 4145 2638 4205 urbem,
2670 4143 2774 4197 hoc
2796 4153 2976 4198 tamen
3006 4143 3347 4200 Gaudentius
3361 4162 3467 4201 non
3483 4146 3633 4202 dicit.

2118 4235 2143 4272 κ
2172 4224 2344 4297 Flor,
2378 4222 2507 4278 Urb.
2535 4234 2589 4277 et
2620 4223 2765 4278 Vatt.
2798 4224 2933 4297 duo,
2960 4234 3157 4287 partem
3188 4225 3552 4297 reliquiarum,
3579 4236 3640 4281 ut

2046 4296 2208 4350 etiam
2245 4296 2381 4348 infra
2415 4296 2704 4363 portionem
2734 4294 3090 4364 reliquiarum,
3132 4294 3306 4365 quam
3341 4296 3637 4352 lectiOuem

356 4350 1010 4443 ad_litlltt€a8;"b:tllle.llm
1063 4350 1207 4443 enim
1244 4354 1506 4443 prii/latum
1548 4361 1686 4443 erat,
1732 4350 1934 4443 balt'tea!

2050 4350 2426 4443 tueturetiarn
2462 4350 2977 4443 Iiber‘Pantagathi.
3011 4350 3314 4443 Locut's‘iste
3345 4350 3638 4423 Gaudentii

359 4434 613 4503 publica,
656 4419 847 4503 einletn
894 4429 1141 4503 _Va_rroue
1165 4435 1323 4503 ‘teste
1357 4423 1450 4477 lib.
1481 4438 1571 4476 vm
1617 4422 1684 4475 de
1743 4419 1803 4474 L.
1828 4419 1890 4473 L.
1927 4437 1939 4472 :

359 4498 604 4559 dicuntur
660 4500 1007 4555 multitudinis
1036 4498 1243 4552 nomine
1268 4508 1505 4551 PUBLICE
1546 4508 1808 4553 summa,
1843 4508 1945 4545 non

360 4591 611 4636 BALINEA,
639 4584 817 4627 contra
866 4570 1001 4637 quod
1040 4569 1225 4634 privati
1255 4570 1433 4621 dicunt
1464 4582 1623 4618 unum
1654 4577 1943 4627 BALINEUI,

360 4647 498 4715 quod
528 4644 681 4714 plura
708 4658 963 4698 BALINEAS
994 4641 1190 4715 dicant.

436 4717 462 4756 δ
492 4705 581 4771 Sic
615 4715 757 4769 Vatt.
800 4717 906 4767 duu
932 4722 987 4765 ct
1018 4712 1140 4765 cod.
1176 4706 1524 4777 Pantagathi,
1565 4706 1653 4774 qui
1696 4706 1859 4777 etiam
1894 4705 1945 4757 in

364 4788 614 4859 Sequenti
642 4782 1256 4859 ltabot‘quadragesimas
1283 4776 1378 4833 iste
1398 4786 1608 4831 sanctus
1625 4793 1647 4843 ;
1665 4776 1799 4830 editi
1820 4789 1947 4830 vero

364 4853 644 4924 corrupte,
674 4865 720 4909 et
742 4855 929 4915 abluit,
959 4866 1004 4904 et
1029 4853 1283 4924 emendat.

443 4941 464 4968 ε
502 4918 651 4983 Flor.
685 4934 740 4979 et
766 4925 905 4977 Vatt.
940 4924 1049 4975 duo
1094 4922 1419 4974 addiderunt
1447 4933 1634 4973 vocem
1680 4918 1799 4981 iste,
1830 4930 1951 4984 quae

365 5001 421 5057 in
454 5000 615 5054 editis
658 4996 841 5059 abest;
890 4996 1074 5059 legunt
1101 4995 1299 5061 quippe
1338 4988 1680 5043 commoritur
1732 4987 1952 5055 denique

367 5068 803 5141 quadragesimus
836 5074 1042 5141 sanetur
1075 5061 1433 5141 culturam-tis.

443 5138 469 5176 ἀ
497 5127 629 5206 Quis
652 5136 857 5203 jussit?
891 5136 1093 5201 Nempe
1115 5133 1284 5204 judea:
1322 5130 1638 5198 iniquitatis,
1671 5129 1825 5194 cujus
1855 5127 1955 5206 im—

412 5196 894 5265 eritTGaudentius
926 5196 1090 5260 etiam
1115 5196 1318 5258 'cactera
1366 5196 1488 5270 qua:
1534 5214 1698 5268 supra
1744 5196 1954 5261 retulit,

412 5226 527 5265 erm
558 5226 894 5263 bauuenulta
926 5226 1090 5260 etlam
1123 5226 1318 5258 cwtcrd
1366 5226 1488 5270 qua:
1534 5226 1698 5268 aupl‘a
1744 5226 1954 5261 I'CIqu,

372 5226 513 5337 Facta
551 5279 718 5332 fuisse
758 5284 1174 5331 commemorat.
1204 5274 1457 5327 Fortasse
1493 5272 1753 5340 scriptum
1784 5270 1959 5322 fuerat

362 5352 507 5425 jussi
542 5348 837 5425 carniﬁces,
869 5345 1339 5425 sed‘librariorum
1387 5344 1679 5425 oscitantis
1703 5344 1956 5425 immuta-

373 5411 484 5490 in;
519 5411 758 5490 idqueiu
787 5419 912 5473 Cod.
948 5416 1266 5484 l’antagatlti
1304 5423 1556 5490 apparet,
1592 5412 1682 5467 ubi
1712 5411 1782 5465 ad
1809 5424 1959 5490 oram

373 5480 816 5564 paginae-legitur
851 5490 1048 5564 eadem
1083 5480 1244 5540 m'auu
1286 5480 1445 5557 jutii,
1475 5500 1572 5554 pro
1620 5499 1686 5538 eo
1714 5480 1859 5553 quod
1906 5480 1959 5535 iu

378 5561 525 5619 teitu
551 5561 781 5619 habetur
809 5561 927 5615 nisi.

455 5644 479 5671 ο
511 5634 651 5688 Editi
695 5650 802 5688 non
833 5632 1031 5687 habent
1062 5630 1122 5685 τὸ
1164 5642 1312 5697 quae;
1343 5624 1437 5697 sed
1484 5633 1665 5682 exstat
1710 5625 1763 5680 in
1792 5621 1964 5678 tribus

381 5718 516 5762 mss.
546 5712 602 5759 et
628 5704 683 5758 in
711 5704 853 5758 libro
879 5702 1085 5758 Octavii
1121 5696 1460 5769 Pantagatlii.

705 5796 981 5856 PATROL.
1043 5793 1188 5853 XX.

2049 4437 2207 4491 valde
2253 4438 2489 4492 illustrat
2516 4438 2796 4505 antiquum
2833 4452 3041 4492 morem
3081 4438 3525 4493 Christianorum
3554 4454 3642 4494 re-

2044 4508 2290 4564 dimendi
2337 4509 2515 4579 pretio
2550 4517 2862 4579 sanctorum
2912 4520 3213 4579 martyrqu
3259 4524 3517 4579 corpora,
3570 4511 3639 4566 de

2046 4596 2153 4650 quo
2183 4578 2382 4648 saepius
2410 4579 2464 4633 in
2492 4578 2641 4634 Actis
2670 4578 2988 4649 Martyrum.

2119 4670 2146 4709 ιι
2180 4672 2510 4726 Prtcclarum
2548 4672 2687 4723 hunc
2717 4669 3006 4723 Gaudentii
3038 4670 3217 4725 locum
3253 4670 3433 4724 laudat
3471 4671 3643 4725 Joan-

2050 4759 2145 4798 nes
2195 4741 2510 4796 Ferrandus
2555 4740 2835 4803 disquisit.
2884 4742 3161 4807 reliquiar.
3208 4742 3302 4795 lib.
3350 4756 3389 4804 ι,
3426 4757 3545 4809 cap.
3576 4742 3633 4810 4,

2050 4824 2155 4867 art.
2178 4813 2235 4879 2,
2261 4829 2325 4866 ex
2366 4828 2496 4882 quo,
2528 4811 2757 4878 aliisque
2801 4819 2910 4882 tum
2957 4813 3127 4882 ipsius
3168 4811 3484 4877 Gaudentii,
3524 4822 3636 4868 tum

2051 4877 2281 4938 aliorum
2314 4877 2532 4937 Patrum
2569 4877 2916 4942 testimoniis,
2946 4877 3145 4934 factum
3180 4897 3304 4937 esse
3335 4885 3639 4950 contendit,

2052 4966 2107 5007 ut
2135 4955 2238 5008 hnc
2263 4962 2419 5021 pacto
2451 4951 2705 5006 Ecclesiae
2737 4952 3011 5005 nonnulla:
3042 4960 3215 5007 totum
3238 4955 3470 5022 alicujus
3499 4972 3642 5011 ntar—

2056 5026 2192 5096 tyris
2236 5038 2435 5090 corpus
2462 5023 2742 5096 possidere
2790 5036 2849 5074 se
2880 5031 3149 5096 asserant,
3182 5028 3336 5091 cujus
3388 5026 3638 5096 exiguam

2056 5092 2195 5149 forte
2224 5098 2527 5162 portionem
2551 5092 2857 5155 dumtaxat,
2893 5094 3181 5160 altaribus,
3216 5092 3518 5164 memoriis,
3552 5108 3646 5152 aut

2056 5165 2251 5221 loeulis
2282 5165 2555 5220 Conditam
2593 5164 2846 5217 habeant.

2137 5256 2333 5313 iHier.
2366 5256 2529 5318 epist.
2568 5254 2635 5309 ad
2684 5255 2963 5311 Marcell.:
3006 5255 3309 5329 Martyrum
3341 5260 3525 5329 ubique
3566 5274 3646 5310 se-

2061 5329 2245 5400 pulcra
2279 5336 2685 5400 ven_eramur,_et
2735 5338 2966 5381 sanctam
2998 5326 3233 5383 favillam
3280 5326 3449 5400 oculis
3481 5345 3643 5399 appo-

2062 5397 2262 5465 nentes,
2289 5400 2333 5455 si
2360 5397 2534 5466 liceat,
2559 5398 2712 5471 etiam
2741 5413 2827 5471 ore
2849 5401 3213 5471 contingimus.
3236 5400 3375 5471 Plin.
3401 5398 3495 5471 lib.
3515 5397 3644 5461 tux,

2062 5490 2113 5530 c.
2147 5490 2187 5537 1,
2220 5473 2309 5527 Ubi
2332 5471 2400 5525 de
2426 5471 2543 5541 lino
2565 5468 3101 5541 asbestiuozﬁegum
3132 5471 3253 5523 inde
3284 5468 3524 5538 funebres
3562 5478 3643 5522 tu-

2066 5546 2195 5599 nica:
2248 5544 2478 5609 corporis
2526 5540 2766 5593 favillam
2814 5543 2877 5594 ab
2926 5540 3120 5609 reliquo
3167 5549 3411 5608 separant
3451 5541 3642 5593 cinere.

2064 5614 2212 5672 Flor.
2246 5624 2300 5671 et
2332 5612 2475 5666 Vatt.
2508 5610 2618 5666 duo
2649 5610 2840 5681 legunt
2868 5612 2920 5663 in
2955 5611 3144 5681 sanctis
3172 5610 3362 5680 favillis
3393 5625 3643 5663 veneran—

2071 5698 2163 5744 tes.
2186 5685 2325 5742 Cod.
2360 5678 2784 5752 Pantagathiﬁn
2815 5682 2922 5737 suis
2954 5678 3147 5749 favillis
3173 5678 3502 5735 cenet-auter.

3169 5776 3240 5839 31
