4096 6192
357 265 466 332 ῡτθ

1156 269 1392 328 SERMO
1434 268 1625 334 XVI".
1669 271 1757 328 DE
1797 260 2118 334 DIVERSIS
2155 261 2516 335 CAPITULlS
2553 272 2894 332 OCTAVUS.

3552 262 3658 342 stt

355 389 473 454 fecit
503 405 521 444 :
553 389 800 456 quoniam
833 388 934 458 ﬁlii
961 386 1122 461 hujus
1150 388 1332 444 saeculi
1377 389 1741 460 prudentiores
1797 406 1954 457 quam
1986 400 2031 462 Α
2062 389 2202 461 Syro
2249 392 2520 462 pecuniae,
2579 392 2694 450 sive
2739 392 2968 460 divitias,
3003 402 3411 466 nuncupantur.
3472 398 3658 457 Facite

358 483 458 552 ﬁlii
521 483 648 538 lucis
679 484 733 538 in
757 484 1088 556 generatione
1116 501 1212 540 sua
1238 493 1384 542 sunt.
1413 485 1478 542 Et
1503 502 1598 556 ego
1628 485 1768 541 vobis
1792 486 1908 546 dico
1933 501 1952 544 :

357 577 513 647 facite
537 577 675 632 uobis
719 577 913 634 amicos
935 577 1000 631 de
1023 593 1318 632 ntammona
1341 578 1626 647 iniquitatis
1661 595 1678 632 :
1707 589 1783 644 ut,
1832 595 1951 635 cum

355 669 671 736 defeceritt's,
725 670 979 741 recipiant
1024 669 1191 724 vasin
1221 680 1415 726 adorna
1444 670 1797 728 tabernacula.
1849 670 1952 738 Qui

353 761 522 829 fidelis
553 770 626 816 est
653 763 706 816 in
731 762 965 827 minimo,
993 773 1040 820 et
1083 763 1138 818 in
1167 764 1328 818 multo
1352 762 1524 832 fidelis
1554 772 1630 818 est
1661 781 1674 818 :
1711 772 1756 818 et
1786 764 1950 834 quiin

350 853 564 910 minimo
581 854 786 923 iniquus
814 864 910 918 est,
961 865 1008 908 et
1033 855 1086 909 in
1109 854 1268 910 tit—ulto
1300 855 1507 925 iniquus
1538 868 1630 909 est.
1669 855 1731 922 Si
1753 873 1872 928 ergo
1893 857 1947 914 in

351 950 530 1018 iniquo
556 966 851 1006 mammona
878 950 1059 1020 ﬁdeles
1106 968 1206 1005 non
1233 951 1426 1022 fuistis,
1455 962 1479 989 ³
1505 951 1643 1022 quod
1666 967 1837 1006 verum
1875 961 1950 1012 est

348 1043 465 1113 quis
488 1043 662 1100 credet
689 1045 865 1099 vobis?
899 1043 965 1098 Et
1004 1045 1050 1098 si
1090 1046 1147 1099 in
1172 1045 1341 1100 alieno
1373 1045 1553 1114 ﬁdeles
1600 1063 1703 1102 non
1749 1046 1946 1115 fuistis,

347 1135 487 1204 quod
515 1147 739 1192 vestrum
767 1145 841 1192 est
892 1137 1010 1208 quis
1035 1137 1180 1192 dabit
1222 1139 1397 1192 vobis?
1439 1138 1604 1193 Nemo
1644 1148 1808 1207 potest
1849 1157 1952 1200 ser-

350 1247 439 1285 uus
470 1230 672 1284 duobus
711 1231 935 1290 dominis
964 1233 1197 1288 seruire:
1231 1231 1256 1270 ι)
1286 1243 1377 1287 aut
1404 1235 1537 1290 enim
1567 1250 1727 1290 unum
1749 1233 1942 1300 oderit,

347 1332 396 1376 et
422 1322 646 1377 alterum
671 1321 892 1395 diliget;
917 1333 1006 1380 aut
1031 1342 1188 1380 unum
1229 1327 1474 1396 patietur,
1500 1335 1542 1380 et
1572 1327 1794 1382 alterum
1825 1343 1948 1381 con-

349 1424 557 1470 temnet.
615 1415 737 1472 Non
808 1420 1021 1488 potestis
1078 1416 1190 1477 Deo
1260 1421 1488 1486 servire,
1537 1429 1584 1476 et
1644 1435 1949 1476 mammona:

346 1506 696 1581 (ιαε.χνιλ

421 1601 654 1658 Perfectl
707 1602 956 1659 doctoris
985 1612 1089 1671 est,
1119 1605 1186 1660 ad
1240 1605 1572 1662 erudiendos
1612 1606 1942 1678 discipulos,

345 1694 738 1756 sitnilitudincs
777 1711 970 1751 earum
1005 1713 1185 1753 rerum
1219 1713 1531 1768 proponere
1559 1715 1685 1767 quae
1718 1699 1771 1754 in
1806 1714 1944 1755 con—

2056 484 2353 556 ergorobis,
2416 486 2612 558 inquit,
2669 487 2864 546 amicos
2911 503 3178 560 pauperes
3233 491 3296 545 de
3351 507 3654 552 mammona

2056 580 2433 650 iniquitatis,d
2490 590 2709 646 ut.cum
2762 582 3074 652 defeceritis,
3105 584 3296 642 eadem
3347 587 3655 646 substantia

2057 670 2111 728 in
2142 688 2439 744 pauperum
2462 674 2820 740 necessitates
2852 685 3090 745 erogata,
3118 687 3281 747 atque
3309 689 3658 749 consumpta,

2055 765 2308 836 recipiant
2330 781 2415 822 vos
2446 767 2498 826 in
2546 776 2739 822 (τίει-πα
2762 766 3128 833 tabernacula;
3176 768 3340 826 iidem
3403 771 3660 828 videlicet

2056 871 2321 927 pauperes
2344 858 2506 914 amici
2534 857 2894 918 conciliandae
2919 859 3140 927 salutis,
3167 862 3220 922 in
3244 864 3442 934 quibus
3467 865 3655 921 Cbris-

2057 960 2143 1006 tus
2175 960 2554 1010 remuneratur
2579 962 2818 1014 aeternus
2849 968 2910 1010 sc
2940 954 3100 1023 hujus
3133 959 3490 1020 humanitatis
3514 959 3656 1016 fate—

2055 1043 2200 1103 bitur
2227 1043 2407 1102 ofﬁcia
2441 1046 2770 1120 percepisse.
2800 1045 3084 1118 Recipiunt
3113 1064 3244 1120 ergo
3275 1066 3374 1118 nos
3404 1068 3514 1110 non
3545 1053 3651 1124 ipsi

2052 1137 2275 1198 omnino
2323 1152 2596 1206 pauperes
2623 1152 2719 1207 per
2758 1139 3104 1210 semetipsos,
3134 1142 3230 1204 sed
3277 1157 3375 1213 per
3403 1159 3527 1200 eum
3560 1143 3654 1214 qui

2055 1227 2110 1284 in
2142 1228 2252 1283 illis
2275 1229 2622 1298 obedientize,
2655 1244 2719 1286 ac
2751 1230 2876 1288 ﬁdei
2910 1243 3110 1290 nostra}
3150 1233 3329 1293 fructu
3371 1235 3654 1310 reﬁcitur,

2053 1332 2402 1392 suscepturus
2453 1322 2732 1382 ministros
2771 1326 2986 1394 pietatis
3017 1326 3176 1396 hujus
3204 1329 3256 1384 in
3296 1341 3498 1392 attenta
3573 1342 3657 1386 ta-

2053 1413 2350 1470 bernacula
2383 1416 2539 1485 regni
2567 1416 2830 1476 cmlestis.
2869 1417 3010 1476 Dicit
3040 1420 3187 1476 enim
3219 1437 3230 1473 :
3275 1420 3474 1491 Venite,
3511 1425 3658 1480 bene-

2054 1506 2182 1568 dicti
2230 1505 2410 1568 Patris
2462 1509 2582 1574 mei,
2625 1512 2883 1579 possidete
2913 1528 3126 1583 regnum
3154 1514 3294 1584 quod
3321 1515 3462 1576 vobis
3491 1534 3653 1588 para-

2055 1609 2163 1656 tum
2191 1613 2267 1655 est
2315 1602 2379 1658 ab
2434 1604 2631 1671 origine
2683 1605 2906 1660 mundi:
2933 1606 3126 1662 esui-ivi
3155 1608 3313 1670 enim,
3346 1618 3391 1661 et
3436 1609 3654 1668 dedistis

2049 1694 2179 1750 milii
2240 1695 2554 1750 manducare
2595 1711 2610 1748 .'
2659 1696 2835 1762 silici,
2884 1705 2930 1752 et
2981 1697 3196 1754 dedistis
3238 1699 3366 1754 mihi
3427 1701 3594 1756 bibere
3627 1719 3646 1756 :

347 1791 659 1850 versatione
713 1791 936 1845 humani
989 1793 1212 1861 generis
1261 1793 1696 1862 freqttcntantur,
1751 1803 1804 1846 ut
1848 1809 1945 1846 au—
1975 1783 2022 1844 B
2050 1787 2349 1859 peregrinus
2402 1803 2582 1854 eram,
2630 1799 2679 1842 et
2723 1789 3002 1860 collegistis
3047 1808 3166 1846 me:
3225 1793 3425 1859 nudus,
3457 1805 3506 1850 et
3533 1812 3653 1850 coo—

343 1884 492 1939 ditur
520 1885 772 1949 idoneus,
799 1885 865 1939 ad
910 1885 1173 1954 operandi
1218 1886 1455 1941 studium
1511 1887 1943 1956 comparationis

346 1978 660 2047 aitagislerio
707 1979 1060 2042 informatur;
1096 1994 1196 2032 nec
1221 1978 1433 2033 dubitet
1458 1977 1561 2034 hoc
1586 1993 1724 2050 opus
1745 1993 1940 2049 aggre-

343 2067 398 2122 di
428 2068 573 2139 quod
621 2066 880 2134 possibile
941 2083 1006 2122 ac
1042 2070 1417 2124 necessarium
1467 2083 1612 2134 esse,
1669 2069 1942 2136 parabolas

343 2161 524 2231 imago
548 2162 955 2217 monstraverit.
1010 2162 1074 2216 Et
1127 2161 1332 2226 idcirco
1358 2162 1621 2216 Dominus
1647 2161 1824 2229 Iesus,
1855 2177 1940 2214 sa-

344 2254 604 2309 lutarium
660 2254 1038 2308 mandatorum
1089 2269 1250 2309 verus
1305 2254 1585 2324 magister,
1643 2253 1942 2324 discipulos

343 2361 496 2410 suos,
542 2346 628 2400 vel
687 2356 815 2401 tunc
837 2346 1141 2414 apostolos,
1180 2346 1262 2402 vel
1291 2345 1457 2418 348
1478 2362 1621 2402 nunc
1652 2347 1940 2415 universos

341 2437 654 2505 credentes,
686 2448 708 2478 ο
745 2437 972 2493 incitare
991 2439 1180 2494 volens
1213 2439 1279 2493 ad
1299 2439 1676 2509 eleemosynas
1709 2439 1942 2495 fideliter

343 2530 700 2599 exercendas,
778 2530 1190 2587 similitudinem
1252 2531 1536 2600 proposuit
1584 2530 1804 2597 Villiei,
1885 2539 1941 2586 ut

339 2624 597 2695 exemplo
628 2621 786 2693 hujus
834 2637 1080 2691 personae
1110 2623 1246 2678 nihil
1278 2637 1399 2678 esse
1432 2629 1679 2678 nostrum
1723 2621 1776 2678 in
1831 2636 1937 2676 sai-

340 2716 467 2772 culo
494 2715 601 2772 isto
651 2715 914 2786 signaret,
949 2714 1044 2770 sed
1075 2714 1234 2770 nobis
1263 2715 1528 2771 creditam
1573 2728 1694 2769 esse
1716 2713 1939 2782 dispen-

340 2811 611 2866 sationem
662 2810 975 2865 facultatum
1027 2808 1242 2864 Domini
1289 2808 1485 2874 nostri,
1539 2807 1624 2863 vel
1673 2806 1741 2862 ad
1784 2816 1940 2863 uten-

337 2902 470 2958 dum
501 2918 568 2958 ex
595 2904 678 2958 eis
724 2901 1067 2960 sufﬁcienter
1096 2916 1217 2957 cum
1245 2902 1539 2971 gratiarum
1573 2902 1785 2956 actione
1807 2946 1820 2967 ,
1853 2902 1938 2956 vel

341 2994 406 3050 ad
437 2994 875 3052 distribuendum
903 2996 1218 3063 conservis,
1255 3005 1416 3064 prout
1444 2995 1638 3065 cuique
1665 3009 1805 3064 opus
1823 3006 1932 3059 est;

342 3103 442 3146 nec
466 3089 633 3144 licere
665 3088 822 3146 nobis
852 3089 1054 3158 passim
1086 3088 1436 3146 facultatibus
1477 3090 1622 3145 abuti
1679 3089 1938 3146 commis-

2051 1883 2291 1952 peruistt's
2346 1899 2426 1937 me
2473 1899 2491 1937 :
2548 1884 2820 1953 infirmus,
2871 1896 2917 1940 et
2968 1887 3213 1942 visitastis
3257 1906 3380 1944 me:
3431 1891 3484 1944 in
3533 1907 3651 1944 car—

2050 1990 2166 2030 cere
2189 1991 2354 2041 erum,
2385 1985 2434 2031 et
2461 1977 2672 2034 uenistis
2703 1978 2774 2032 ad
2803 1995 2885 2034 me
2909 1979 2928 2050 (
2948 1978 3138 2036 Matth.
3187 1997 3313 2046 xxv,
3339 1983 3460 2051 54).
3513 1983 3652 2051 Qui.

2052 2066 2151 2121 bus
2181 2068 2529 2134 verecunde,
2580 2083 2645 2123 ac
2693 2079 3017 2126 reverenter
3063 2074 3494 2132 excusantibus:
3547 2075 3654 2130 Do-

2050 2161 2211 2228 mino,
2241 2161 2454 2232 quando
2498 2171 2547 2216 te
2584 2161 2807 2216 vidimus
2827 2163 2880 2216 in
2913 2163 2993 2218 liis
3026 2165 3438 2232 necessitatibus,
3469 2177 3516 2222 et
3545 2169 3648 2222 mi—

2051 2252 2382 2307 nistravinms
2402 2252 2490 2305 tibi
2505 2249 2670 2317 (Ibid.
2690 2253 2804 2323 ,57)
2822 2253 2844 2307 ?
2861 2255 3217 2320 respondebit
3233 2256 3424 2319 dicens
3445 2275 3458 2314 :
3492 2260 3654 2313 Amen

2048 2347 2160 2400 dico
2181 2345 2342 2414 vobis,
2375 2363 2491 2402 cum
2520 2345 2714 2414 fecistis
2745 2348 2834 2402 uni
2857 2363 2922 2402 ea:
2966 2349 3197 2404 minimis
3226 2351 3362 2416 istis,
3413 2350 3541 2406 mihi
3572 2354 3650 2423 fe-

2048 2438 2194 2492 cistis
2224 2435 2414 2509 (Ibid.,
2450 2437 2567 2508 40).
2601 2437 2754 2494 Nulli
2803 2439 2986 2510 itaque
3040 2442 3343 2500 absurdum
3402 2443 3652 2502 videatur

2046 2531 2192 2601 quod
2223 2531 2303 2587 illi
2335 2545 2436 2588 nos
2463 2530 2716 2588 dicantur
2745 2534 3034 2603 suscipere
3057 2549 3292 2603 quorum
3325 2552 3490 2593 causa
3523 2554 3646 2596 sus-

2046 2623 2300 2692 cipimus;
2325 2638 2447 2678 cum
2466 2634 2521 2678 et
2537 2623 2657 2693 ipse
2671 2636 2960 2693 susceptor
2975 2636 3159 2682 noster
3182 2627 3445 2684 Dominus
3461 2629 3643 2700 Jcsns,

2047 2719 2136 2787 qui
2170 2717 2595 2773 necessitatibus
2633 2717 2889 2774 humanis
2912 2736 3022 2776 non
3053 2720 3321 2790 subiacet,
3359 2737 3421 2778 se
3448 2725 3499 2778 in
3540 2725 3649 2782 illis

2047 2811 2308 2870 esurisse.
2328 2810 2598 2877 etsitisse,
2622 2811 3059 2880 etperegrinum.
3082 2824 3132 2868 et
3152 2813 3376 2882 nudum,
3398 2825 3452 2870 et
3489 2817 3643 2871 infir-

2048 2909 2250 2966 Inntn,c
2273 2907 2678 2954 etcarceratnm
2695 2899 2879 2962 fuisse,
2905 2900 3204 2968 perhibent.
3226 2900 3542 2975 Faciteergo
3558 2922 3645 2962 vo-

2047 2992 2143 3056 bis,
2168 2993 2262 3056 ait,
2279 2993 2472 3046 amicos
2489 2992 2553 3048 de
2571 3007 2862 3046 mammona
2877 2992 3189 3061 iniquitatis,
3217 2993 3234 3031 ί
3258 3005 3334 3058 ut,
3363 3012 3478 3049 cum
3496 2999 3644 3067 defe-

2045 3085 2240 3151 ceritis,
2257 3082 2422 3157 349
2437 3083 2687 3150 recipiant
2705 3098 2792 3142 vos
2804 3083 2857 3137 in
2871 3093 3062 3140 attenta
3077 3085 3431 3142 tabernacula.
3444 3088 3508 3142 Et
3525 3099 3646 3156 tuost

339 3185 438 3251 sis,
487 3193 582 3240 aut
629 3185 988 3254 inexpensas
1018 3199 1283 3254 usurpare
1327 3182 1654 3250 superfluas,
1687 3197 1811 3238 cum
1869 3183 1940 3238 sit
1965 3185 2010 3247 C
2046 3192 2217 3247 pauca,
2258 3193 2271 3229 :
2304 3177 2364 3230 Si
2402 3177 2455 3230 in
2496 3177 2672 3246 iniquo
2715 3193 3006 3239 mammona
3050 3179 3234 3247 fideles
3282 3197 3386 3238 non
3435 3184 3638 3252 fuistis,

335 3279 670 3347 crogationis
702 3277 842 3334 ratio
873 3277 1110 3335 Domino
1139 3277 1374 3332 venienti
1417 3274 1716 3331 reddenda.
1777 3274 1938 3331 Deni-

336 3387 444 3442 que
499 3385 620 3442 post
657 3373 817 3428 ﬁnem
846 3373 1124 3444 parabolae
1162 3372 1241 3428 sic
1271 3370 1471 3440 adjecit
1506 3387 1520 3427 :
1556 3368 1620 3422 Et
1674 3385 1766 3440 ego
1820 3367 1936 3422 dico

345 3466 529 3520 vobis:
563 3466 717 3535 facile
738 3465 876 3520 vobis
905 3467 1097 3520 amicos
1120 3464 1182 3519 de
1203 3478 1495 3520 mammona
1525 3461 1830 3530 iniquitatis,
1855 3468 1932 3526 ut,

335 3574 455 3612 cum
503 3559 816 3629 defeceritis,
852 3558 1100 3629 recipiant
1142 3573 1227 3612 vos
1273 3557 1328 3612 in
1359 3565 1553 3610 teterna
1598 3552 1934 3607 tabernacula

334 3651 353 3721 ί
373 3650 500 3706 Lue.
535 3667 645 3720 xvi,
677 3649 792 3722 9);
848 3653 1004 3706 idest
1036 3651 1243 3706 amicos
1277 3650 1431 3705 vobis
1462 3663 1725 3717 pauperes
1774 3647 1932 3702 facito

334 3743 406 3798 de
427 3745 665 3800 terrenis
694 3742 1044 3799 facultatibus
1075 3758 1210 3813 quas
1241 3743 1498 3821 iniquitas
1529 3742 1779 3796 humana:
1810 3753 1933 3794 ava-

335 3835 474 3891 ritias
532 3835 637 3891 sibi
683 3835 948 3902 vindicat,
997 3851 1066 3892 ne
1114 3833 1428 3890 hominibus
1461 3832 1551 3890 Dei
1585 3848 1649 3886 cx
1689 3831 1808 3901 ejus
1836 3846 1926 3886 ro-

335 3928 437 3984 bus
463 3927 757 3999 quidquam
803 3927 1104 3998 itnportiat.
1138 3926 1444 3984 Hammona
1487 3925 1629 3981 enim
1675 3938 1926 3984 sermone

406 4103 432 4130 ιι
465 4092 602 4151 Male
631 4099 746 4146 tres
787 4090 1057 4146 editiones
1093 4088 1234 4159 quod
1281 4097 1504 4159 uestrum
1545 4081 1920 4159 cst;_at_V_at.

334 4174 585 4234 uterque,
618 4162 769 4234 quod
823 4177 994 4214 rerum
1039 4153 1116 4216 esi
1152 4158 1495 4234 :eodemque
1540 4155 1711 4234 modo
1761 4153 1926 4234 habet

335 4224 496 4288 etiam
526 4224 655 4287 cod:
698 4233 1054 4302 Pantagathi;
1088 4246 1188 4284 nec
1215 4224 1773 4302 aliter_nmnitto__le_gl
1827 4224 1924 4278 de-

337 4305 422 4359 bet
458 4315 511 4360 ut
539 4306 810 4360 sententia
835 4296 1068 4365 constet,
1097 4302 1344 4369 quamvis
1371 4299 1518 4352 Flor.
1553 4306 1609 4369 et
1635 4296 1768 4369 Urb.
1796 4311 1919 4349 cum

334 4377 499 4432 editis
551 4377 918 4429 consentiant.
977 4367 1217 4432 Isidorus
1283 4370 1497 4425 Clarius
1585 4367 1916 4424 Brixianus.

2047 3280 2070 3317 ε
2099 3271 2237 3340 quod
2265 3285 2439 3326 verum
2473 3279 2577 3334 est,
2618 3269 2732 3332 quis
2757 3269 2930 3326 credet
2984 3270 3161 3326 vobis?
3191 3272 3506 3338 Enimvero,
3558 3275 3640 3330 di-

2046 3363 2366 3428 lectissime,
2400 3362 2525 3432 quis
2574 3361 2622 3417 ci
2649 3363 2742 3432 qui
2775 3363 3020 3420 terrenas
3045 3362 3359 3434 facultates,
3386 3364 3412 3404 ιι
3435 3369 3637 3438 iniqui-

2043 3458 2170 3514 tatis
2200 3457 2830 3527 plerumquetnateriam
2881 3467 3268 3527 suggerentes,
3319 3460 3640 3530 dispensare

2043 3551 2279 3607 ﬁdeliter
2302 3551 2532 3616 nesciat,
2561 3550 2978 3606 committendas
3008 3560 3164 3620 putet
3192 3567 3315 3609 esse
3340 3571 3492 3610 verus
3520 3572 3633 3612 cte-

2044 3643 2262 3699 lestium
2298 3658 2481 3698 rerum
2527 3642 2781 3710 divitias,
2813 3643 3009 3712 quibus
3056 3644 3239 3700 ﬁdelis
3285 3646 3636 3718 distributor,

2038 3751 2102 3792 ac
2126 3737 2326 3806 justus,
2356 3737 2482 3800 rite,
2512 3735 2820 3804 meritoque
2850 3735 3182 3804 perfruitur?
3226 3738 3357 3792 Nam
3389 3741 3559 3812 gloria
3586 3753 3637 3798 et

2037 3831 2237 3886 divitiae
2263 3831 2316 3883 in
2347 3829 2499 3883 domo
2523 3831 2668 3901 ejus,
2714 3837 2759 3883 et
2797 3828 3012 3898 justitia
3035 3833 3150 3900 ejus
3180 3843 3352 3886 mtmet
3381 3834 3430 3886 in
3463 3849 3630 3890 secu-

2037 3924 2145 3978 lum
2199 3919 2722 3992 saculi(Psal.cst,
2778 3917 2858 3988 5),
2919 3919 3116 3976 Statim
3163 3921 3400 3990 denique
3446 3941 3631 3982 sermo

2036 4080 2304 4206 defecerit,
2333 4080 2607 4150 recipiant,
2638 4077 2780 4148 quod
2813 4077 3032 4148 quidem
3065 4081 3200 4134 satis
3223 4093 3373 4138 recte
3421 4085 3627 4140 dictum

2036 4151 2268 4206 vitetur.
2320 4159 2376 4205 et
2427 4150 2705 4204 consentit
2760 4151 2927 4205 etiam
2953 4149 3076 4204 eod.
3134 4149 3493 4206 Pantagathi:
3541 4167 3622 4206 tam

2030 4149 2268 4212 videtur,
2320 4159 2376 4205 et
2427 4149 2705 4223 consentit
2760 4151 2927 4205 etiam
2953 4149 3076 4204 cttd.
3134 4149 3493 4223 Pntttagulhi;
3541 4167 3622 4210 ta-~

2029 4238 2154 4278 tuen
2199 4233 2472 4290 receptam
2530 4221 2822 4276 lectionem
2875 4229 3088 4274 mutare
3125 4221 3442 4288 noluifcui
3493 4226 3623 4281 Vul-

2023 4302 2146 4363 gata
2175 4293 2522 4362 suffragatur.
2836 4292 2852 4306 ⁹

2099 4375 2121 4402 ο
2168 4364 2448 4440 Editiones
2510 4366 2699 4433 legunt
2747 4364 3160 4440 incursantem;
3209 4367 3304 4421 sed
3382 4377 3620 4440 quatuor

334 4449 627 4517 episcopus
655 4446 934 4512 Fulginas.
972 4444 1025 4498 in
1057 4444 1292 4498 Scholiis
1318 4443 1550 4526 adhunc
1579 4441 1756 4528 locum
1788 4455 1798 4491 :
1832 4435 1919 4520 ισξω
1948 4465 1999 4528 D
2025 4452 2158 4528 aias.
2215 4437 2412 4528 lucilius
2428 4445 2824 4528 (‘otsrcei'atun'ti
2848 4437 3012 4528 idque
3063 4437 3226 4528 liabet
3264 4435 3427 4528 etiam
3459 4442 3618 4528 liber

335 4510 614 4572 minoribus
648 4510 799 4590 factis
839 4520 1100 4590 mttjorum
1131 4519 1426 4582 conjectura
1446 4515 1524 4590 tit.
1680 4527 1798 4590 ergo
1860 4510 1916 4590 in

333 4583 763 4644 administrandis
819 4583 1035 4651 divitiis,
1081 4603 1198 4658 (μω
1227 4603 1306 4640 res
1349 4586 1583 4654 quoidam
1616 4583 1752 4652 falsa
1803 4589 1914 4646 est,

337 4661 516 4732 fideles
561 4678 665 4715 non
719 4662 942 4731 fueritis,
987 4661 1103 4727 quis
1144 4658 1479 4732 cretletvobis
1533 4671 1594 4709 ea
1639 4668 1754 4732 qua:
1800 4667 1920 4732 uera

334 4724 477 4797 sunt,
528 4724 1035 4787 administrationem
1082 4730 1280 4783 scilicet
1297 4728 1550 4781 donorum
1581 4724 1833 4790 spiritus?
1871 4730 1920 4802 et

335 4806 380 4857 si
407 4806 459 4857 in
490 4804 572 4857 his
599 4806 814 4869 diuitiis,
843 4819 959 4874 qua:
1002 4818 1084 4874 res
1117 4802 1291 4874 aliena
1323 4802 1562 4874 quantum
1587 4807 1682 4861 est,
1731 4802 1920 4874 reperti

340 4876 546 4945 fueritis
569 4867 824 4942 inﬁdeles,
853 4867 1109 4944 quomodo
1131 4873 1239 4938 apti
1264 4867 1410 4945 eritis
1437 4868 1623 4945 quibus
1645 4867 1922 4945 credantur

337 4936 398 4999 ea
432 4963 546 5017 qnte
586 4936 752 5000 vestra
806 4936 1017 5015 proprie
1071 4936 1210 5007 sunt,
1258 4943 1398 4993 dona
1437 4936 1648 5009 spiritus
1689 4936 1921 4990 admini-

335 5018 552 5072 stranda
570 5018 596 5070 1

413 5089 544 5142 “Sic
561 5087 704 5139 Vatt.
723 5086 849 5148 duo.
869 5083 1016 5138 Flor.
1043 5094 1096 5138 et
1119 5081 1276 5140 Urb.:
1302 5081 1398 5134 sed
1427 5093 1524 5148 pro
1542 5078 1707 5132 oderit
1738 5081 1924 5147 legunt

339 5160 502 5222 odiet,
535 5157 992 5227 quemadmodum
1017 5155 1176 5227 etiam
1205 5154 1340 5208 liber
1365 5151 1716 5227 Pantagatlii.
1749 5148 1922 5216 Ludg.

339 5231 530 5295 editio,
556 5222 666 5281 'aut
695 5229 832 5279 enim
857 5243 1016 5279 unum
1061 5225 1219 5292 odiet,
1255 5234 1299 5276 et
1323 5224 1544 5278 alterum
1586 5222 1770 5295 diliget
1787 5236 1804 5283 ;
1834 5228 1924 5271 aut

341 5302 432 5355 uni
461 5292 777 5361 adhaerebit;
811 5307 863 5352 et
910 5300 1016 5351 hoc
1039 5298 1214 5349 modo'
1255 5296 1419 5349 habet
1445 5295 1610 5348 etiam
1675 5292 1921 5358 Vulgata.

339 5372 400 5426 In
421 5371 666 5428 editione
703 5371 874 5424 Paris.
905 5380 960 5422 ct
990 5370 1130 5430 Col.,
1161 5376 1258 5422 aut
1289 5369 1422 5420 enim
1467 5380 1626 5417 unum
1666 5362 1831 5416 oderit
1878 5369 1927 5414 et

338 5446 559 5498 alterum
597 5443 842 5515 patietur,
871 5449 959 5493 aut
989 5439 1214 5493 alterunt
1257 5445 1559 5491 contemnet.
1597 5433 1928 5488 Exciderunt

340 5525 451 5569 tres
491 5531 650 5571 voces
682 5514 886 5584 diliget,
917 5521 1005 5566 aut
1035 5527 1217 5586 unum.
1677 5575 1688 5586 θ

417 5597 437 5622 ο
475 5586 641 5650 Editi,
675 5577 930 5650 inriiare;
953 5583 1047 5639 Sed
1083 5581 1282 5636 melius
1333 5588 1444 5633 tres
1477 5594 1638 5650 fllttS.,
1670 5577 1921 5638 incitare,

343 5655 489 5725 quod
517 5648 746 5708 labetur
776 5648 936 5710 etian‘t
970 5657 1022 5709 in
1049 5653 1174 5709 cod.
1209 5648 1552 5719 Pantagathi.

417 5726 441 5763 ιι
473 5727 602 5780 Mss.
635 5737 863 5796 quatuor
895 5741 1109 5782 summa
1137 5737 1436 5796 consensu,
1471 5730 1528 5773 ut
1570 5736 1686 5773 cum
1727 5720 1930 5790 deferes

344 5799 409 5852 rit
437 5797 612 5853 eadem
641 5795 825 5869 quippe
852 5798 1137 5854 substantia
1162 5813 1179 5863 ;
1208 5796 1284 5850 sic
1316 5795 1478 5849 etiam
1510 5807 1696 5862 supra,
1731 5799 1785 5842 ut
1813 5803 1928 5842 cum

2024 4508 2373 4577 Pantagathi.
2428 4507 2718 4562 Salvianus
2755 4507 2848 4561 lib.
2896 4523 2930 4560 n
2967 4508 3038 4562 de
3082 4510 3328 4564 Gubern.
3378 4513 3493 4576 Dei,
3532 4514 3614 4566 lo-

2017 4594 2192 4648 quens
2223 4579 2292 4634 de
2325 4580 2532 4633 Davide
2589 4578 2891 4646 paenitentia
2919 4597 2931 4629 :
2965 4579 3118 4633 Cultu
3165 4591 3214 4633 et
3242 4583 3395 4636 corde
3444 4597 3614 4637 muta-

2021 4661 2154 4724 tur,
2182 4661 2368 4724 totum_
2392 4665 2560 4724 regem
2580 4664 2697 4724 cum
2727 4649 2992 4724 orntuibns
3024 4653 3132 4724 suis
3155 4653 3353 4724 objicit,
3399 4657 3610 4724 jejunio

2020 4723 2265 4792 exigitur.
2293 4721 2535 4774 ariditate
2562 4720 2805 4783 siccatur,
2831 4720 2956 4786 ﬂetu
2984 4720 3292 4788 effunditur,
3333 4720 3614 4779 solitudine

2019 4800 2329 4847 carceralur.

2100 4862 2117 4900 ί
2175 4862 2240 4916 Ει
2269 4860 2355 4913 hic
2383 4873 2602 4932 quoque
2633 4869 2743 4932 tres
2791 4873 2948 4926 mss.,
2981 4877 3176 4932 nempe
3204 4864 3350 4919 Vatt.
3394 4864 3506 4921 duo
3553 4878 3610 4923 et

2024 4931 2184 4996 Urb.,
2210 4940 2262 4984 ut
2292 4946 2408 4984 cum
2434 4931 2696 5000 defecerit.

2097 5014 2121 5047 κ
2150 5005 2347 5058 lterum
2377 5000 2432 5055 in
2460 5002 2624 5073 editis
2673 5001 2932 5056 mendose
2973 5005 3112 5072 quod
3158 5016 3376 5060 uestrum
3423 5020 3518 5073 est,
3552 5020 3610 5065 at

2025 5090 2155 5130 mss.
2190 5084 2440 5142 quiatnor,
2471 5081 2526 5126 et
2567 5072 2706 5126 liber
2739 5073 3077 5145 Pantagathi,
3105 5077 3243 5141 quod
3283 5093 3458 5132 verum
3485 5072 3607 5145 est;

2025 5146 2270 5214 quamvis
2303 5145 2460 5198 iidem
2489 5145 2648 5214 codd.
2702 5144 2864 5212 paqu
2894 5144 3120 5200 inferius
3149 5165 3257 5204 nun
3299 5153 3430 5203 satis
3459 5144 3607 5207 recte

2026 5213 2067 5270 si
2097 5218 2148 5269 in
2180 5213 2352 5268 alieno
2385 5213 2564 5283 ﬁdeles
2593 5231 2696 5268 nou
2720 5215 2910 5284 fuistis.
2954 5219 3093 5284 quod
3126 5235 3302 5272 rerum
3339 5231 3412 5274 est
3443 5240 3456 5274 :
3512 5225 3602 5275 ubi

2027 5289 2195 5342 editio
2227 5295 2412 5340 ucstra
2439 5285 2575 5354 quod
2603 5298 2825 5339 vestrum
2849 5296 2960 5350 est;
2995 5289 3063 5342 Et
3091 5290 3162 5342 ita
3208 5294 3308 5344 hoc
3356 5294 3477 5345 loco
3528 5293 3606 5346 lc-

2028 5359 2260 5434 geudutn
2287 5373 2408 5434 esse
2436 5356 2681 5434 ostendit
2704 5357 2845 5434 quod
2874 5360 3342 5434 statimuquuitur
3373 5380 3390 5434 εγ
3423 5363 3606 5434 Profe-

2028 5439 2108 5482 cto
2137 5429 2391 5499 quidquid
2431 5430 2486 5482 in
2515 5430 2611 5481 hoc
2643 5428 2834 5483 stecufo
2859 5439 2935 5484 est
2961 5471 2977 5491 ,
3023 5428 3253 5484 alienum
3305 5433 3453 5488 nobis
3506 5428 3603 5489 cst.

2029 5500 2166 5554 Vide
2197 5516 2312 5570 qua!
2342 5500 2645 5554 notavimus
2666 5516 2825 5568 supra
2857 5516 2909 5569 p.
2939 5502 3065 5555 547.

2101 5570 2128 5609 δ
2147 5571 2283 5644 Tres
2302 5586 2460 5644 uias,
2493 5572 2759 5641 iniquitati
2781 5573 3080 5644 plerumque
3110 5576 3411 5644 materiam;
3439 5586 3491 5632 et
3514 5579 3617 5631 ini-

2029 5643 2212 5769 guilt!“
2236 5642 2399 5768 legio
2425 5657 2575 5706 casu,
2603 5658 2711 5696 non
2739 5642 3032 5716 iniquitatis
3053 5643 3266 5716 prtul‘ert
3299 5649 3461 5704 etiam
3490 5651 3614 5704 cod.

2074 5722 2287 5769 anteaat
2355 5753 2368 5768 .

2052 5717 2368 5784 ’antagathl.
