4120 6174
567 271 676 330 975

1656 262 1716 319 S.
1757 255 2138 318 GAUDENTII
2176 254 2438 314 BRIXUE
2477 250 2791 312 EPISCOPI

3713 251 3799 313 970

565 386 666 442 ille
699 382 1014 438 Dominicus
1038 381 1109 435 ita
1138 377 1492 448 coniungitur
1517 390 1530 428 :
1563 375 1630 429 Et
1675 375 1720 429 si
1761 375 1818 428 iu
1846 374 2020 428 alieno
2042 373 2172 442 ﬁde—
2200 373 2250 432 A
2279 371 2510 435 Christo,
2539 385 2655 440 qua:
2685 382 2893 422 sursum
2916 371 3037 418 sunt
3063 364 3300 434 quaerite,
3333 361 3420 416 ubi
3445 333 3656 418 Christus
3680 375 3736 420 est
3760 369 3802 423 in

568 483 646 539 (es
674 497 776 535 non
803 479 995 551 fuistis,
1027 474 1166 545 quod
1195 481 1418 527 vestrum
1447 481 1521 525 est
1543 471 1658 540 quis
1680 469 1821 524 dabit
1845 468 1987 524 vobis
2013 468 2167 540 (Luc.

572 588 691 637 xvi,
721 571 848 628 ill?
878 565 1133 622 Profecto
1154 565 1298 620 enim
1326 562 1587 634 quidquid
1612 563 1665 616 in
1696 560 1803 617 hoc
1830 561 2032 638 szeculo
2061 571 2168 626 esr,

567 665 807 720 alienum
879 659 1037 715 nobis
1107 666 1223 721 est;
1280 656 1374 727 qui
1441 655 1860 710 retributionem
1933 653 2171 708 futuram

573 763 882 827 sperantes,
905 753 1056 806 velut
1087 751 1338 821 hospites
1361 758 1416 804 et
1445 747 1722 818 peregrini
1747 749 1800 802 in
1844 747 1947 802 hoc
1971 747 2173 801 mundo

571 846 888 906 conversari
916 845 1214 914 jubemnr,
1253 854 1309 897 ttt
1331 842 1705 911 unusquisque
1744 849 1988 894 nostrum
2017 853 2176 894 secu-

572 960 671 1000 rus
713 940 945 997 Domino
989 937 1190 992 audeat
1227 935 1517 991 confiteri:
1553 933 1764 988 Advena
1803 950 1894 1004 ego
1942 948 2088 996 sum,
2127 940 2175 985 et

573 1027 899 1108 peregrinus.
923 1033 1055 1086 sicut
1080 1046 1254 1085 omnes
1283 1040 1454 1102 patres
1471 1028 1570 1081 mei
1601 1026 1772 1097 (Psal.
1805 1040 2028 1088 xxxvm,
2064 1023 2173 1090 l5).

577 1128 805 1198 Propria
831 1140 965 1180 vero
998 1123 1376 1188 credentibus,
1416 1128 1472 1176 et
1520 1128 1722 1174 aeterna
1779 1115 2054 1186 possessio
2093 1122 2177 1168 est

573 1223 670 1279 illa
715 1219 960 1277 caelestis
986 1262 1000 1284 ,
1035 1217 1126 1272 ubi
1158 1231 1282 1271 esse
1325 1230 1446 1280 cor,
1479 1222 1534 1268 et
1563 1212 1880 1266 thesaurum
1931 1217 2176 1264 nostrum

578 1315 832 1369 novimus
857 1309 1077 1382 (Matth.
1104 1309 1181 1376 vi)
1215 1325 1228 1361 :
1264 1307 1353 1360 tibi
1393 1307 1504 1374 jam
1552 1312 1666 1358 toto
1707 1302 1906 1356 affectu
1953 1302 2174 1368 mentis,

579 1421 684 1478 per
753 1403 916 1459 fidem
963 1417 1065 1456 nos
1123 1401 1373 1455 habitare
1436 1396 1849 1468 praesumimus;
1917 1394 2178 1465 quoniam

575 1497 735 1568 juxta
760 1496 905 1550 beati
945 1493 1092 1548 Pauli
1132 1492 1475 1555 doctrinam,
1527 1489 1846 1542 conversatio
1891 1498 2068 1540 nostra
2124 1485 2179 1537 in

581 1589 722 1643 caelis
753 1595 826 1640 est
857 1585 1085 1656 (Philip.
1118 1600 1200 1642 In.
1222 1583 1342 1650 ‘20).
1375 1581 1628 1636 Nostrum
1669 1590 1752 1634 est
1801 1580 1967 1650 igitur
2014 1578 2182 1634 caelo-

586 1698 706 1737 rum
735 1695 983 1750 regnum,
1034 1679 1078 1731 si
1132 1676 1411 1748 pollicenti
1442 1674 1711 1738 Domino,
1769 1673 1820 1726 in
1871 1671 2178 1725 humilitate

2277 469 2490 520 dextera
2516 461 2612 517 Dei
2633 462 2816 515 sedens
2844 476 2862 514 :
2885 474 3002 530 qua:
3023 473 3229 512 sursum
3267 466 3388 511 sunt
3414 457 3583 525 sapite,
3611 475 3696 513 non
3713 477 3804 526 quo:

2276 577 2434 632 super
2461 569 2670 612 terram.
2698 555 2896 610 Mortui
2922 553 3057 608 enim
3085 553 3226 616 estis,
3263 561 3310 604 et
3331 551 3434 604 vita
3461 561 3610 604 uestra
3634 551 3810 605 abscon-

2278 653 2388 706 dita
2405 661 2476 705 est
2498 667 2616 705 cum
2636 648 2844 704 Christo
2876 648 2931 701 in
2970 645 3098 701 Deo.
3130 644 3259 700 Cum
3287 642 3513 698 Christus
3555 645 3809 715 apparuerit

2277 747 2385 801 vita
2407 754 2598 812 vestra,
2633 752 2758 798 tunc
2786 754 2833 797 et
2856 759 2944 797 vos
2972 741 3289 814 apparebitis
3318 756 3435 794 cum
3453 740 3559 810 ipso
3603 742 3652 795 iu
3676 743 3815 812 gloria

2279 837 2510 908 (Coloss.
2536 853 2616 900 III,
2646 840 2667 891 l
2698 835 2896 907 seqq.).
2927 834 3197 902 Quoniam
3223 847 3352 888 vero
3392 840 3528 885 arcta
3551 843 3592 886 et
3633 843 3816 903 augusta

2277 935 2359 986 via
2387 945 2458 988 est
2481 947 2596 1000 qua:
2623 932 2764 985 ducit
2787 929 2856 983 ad
2886 931 3044 983 vitam
3068 925 3283 997 (Matth.
3317 941 3414 991 vn,
3461 925 3562 997 li),
3607 937 3820 982 oneratos

2279 1025 2588 1080 divitiarum
2643 1023 2988 1080 terrestrium
3048 1021 3288 1076 fascibus
3329 1018 3533 1089 ingredi
3577 1034 3662 1088 per
3698 1019 3818 1074 illam

2281 1132 2390 1172 non
2435 1118 2599 1187 capit.
2660 1115 2966 1186 Expeditos
3014 1114 3210 1183 qumrit
3260 1126 3323 1167 ac
3373 1121 3575 1174 tenues,
3610 1112 3827 1182 omnique

2282 1211 2619 1266 continentia
2647 1209 2978 1280 castigatos;
3018 1218 3074 1264 et
3103 1209 3183 1278 (ut
3208 1208 3280 1261 ita
3305 1205 3563 1277 dixerim)
3604 1205 3683 1260 lilo
3722 1222 3821 1276 gra-

2283 1301 2372 1356 cili
2403 1303 2648 1368 similes,
2689 1302 2779 1371 qui
2829 1302 2993 1356 etiam
3028 1315 3126 1369 per
3170 1300 3416 1353 foramen
3453 1298 3587 1352 illius
3626 1299 3828 1370 mysticae

2286 1409 2415 1450 acus
2446 1395 2604 1450 facile
2627 1404 2931 1455 transeant,
2961 1391 3243 1461 spiritales
3287 1390 3492 1446 eﬁ‘eeti.
3527 1391 3644 1445 Haec
3668 1399 3738 1445 est
3762 1405 3829 1443 ra-

2287 1488 2387 1551 tio,
2413 1497 2466 1542 et
2494 1487 2696 1540 utilitas
2725 1485 2999 1555 parabolae
3030 1483 3188 1553 hujus
3209 1523 3224 1548 ,
3282 1481 3369 1536 cui
3403 1482 3630 1552 primum
3655 1527 3667 1547 ,
3711 1481 3833 1551 juxta

2285 1578 2426 1648 quod
2453 1577 2696 1648 juhetur,
2738 1577 3041 1647 parendum
3071 1585 3192 1631 est:
3225 1583 3282 1630 et
3322 1575 3394 1629 ita
3446 1575 3728 1630 intellectus
3765 1587 3834 1629 se-

2285 1670 2509 1733 cretior,
2543 1669 2587 1722 si
2614 1669 2840 1738 reperiri
2867 1668 3068 1734 valeat,
3103 1665 3467 1736 inquirendas
3496 1676 3599 1731 est;
3624 1666 3733 1734 quia
3757 1681 3836 1719 non

583 1772 790 1836 cordis,
837 1782 892 1826 et
939 1769 1166 1839 spiritus
1200 1766 1627 1821 mansuetudine
1681 1764 2003 1819 serviamus.
2032 1761 2179 1816 Beati
2216 1762 2258 1820 Β
2287 1761 2339 1813 in
2365 1776 2601 1815 sermone
2631 1768 2704 1812 est
2731 1775 2947 1830 regnum
2976 1757 3091 1824 Dei,
3124 1756 3215 1813 sed
3248 1758 3301 1810 in
3335 1758 3522 1810 virtute
3561 1755 3602 1827 (Ι
3629 1756 3736 1810 Cor.
3776 1771 3834 1822 tv,

584 1863 730 1918 enim
765 1877 1016 1933 pauperes
1037 1860 1253 1925 spiritu,
1288 1857 1532 1929 quoniam
1571 1856 1804 1926 ipsorum
1849 1865 1921 1907 est
1967 1869 2182 1923 regnum

581 1955 830 2012 caelorum
856 1952 1072 2023 (Matth.
1105 1968 1159 2020 v,
1188 1952 1267 2022 5).
1298 1949 1454 2018 Quod
1480 1952 1664 2016 utique
1696 1964 1926 2018 regnum
1954 1963 2062 2001 non
2087 1963 2182 2015 po-

587 2057 697 2102 test
728 2044 957 2114 adipisci
980 2044 1160 2098 omnis
1182 2043 1274 2111 qui
1306 2042 1362 2095 iu
1392 2041 1570 2094 alieno
1599 2040 1756 2108 hujus
1779 2040 1967 2094 sazcnli
2012 2039 2182 2108 patri-

583 2143 772 2200 monio
797 2138 1126 2209 temporarie
1154 2138 1257 2190 sibi
1288 2135 1506 2192 credito
1531 2176 1545 2197 ,
1579 2133 1808 2188 idoneus
1831 2173 1847 2200 ,
1890 2148 1953 2186 ac
2009 2131 2186 2186 ﬁdelis

584 2236 934 2303 dispensator
959 2247 1065 2287 non
1113 2229 1309 2292 fuerit;
1356 2227 1500 2282 unde
1527 2228 1640 2280 alio
1689 2229 1741 2280 in
1800 2226 1923 2279 loco
1972 2225 2190 2279 dicebat

583 2328 891 2384 Dominus:
925 2334 949 2362 ⁸
992 2324 1162 2390 Quam
1185 2322 1408 2388 difﬁcile
1437 2323 1526 2391 qui
1548 2321 1794 2391 pecunias
1827 2319 2056 2386 habent,
2106 2320 2185 2372 in-

581 2422 791 2475 trabunt
820 2420 873 2473 in
904 2433 1120 2488 regnum
1153 2415 1244 2469 Dei
1298 2414 1520 2484 (Matth.
1553 2430 1668 2478 xrx,
1715 2413 1840 2480 25)!
1890 2413 1954 2467 Et
1992 2414 2044 2467 in
2081 2412 2186 2469 ﬁne

587 2514 840 2572 lectionis
873 2513 1033 2581 hujus
1066 2511 1142 2564 ait
1174 2527 1187 2562 :
1220 2508 1341 2563 Non
1373 2507 1586 2574 potestis
1623 2507 1749 2568 Deo,
1778 2516 1826 2560 et
1875 2522 2186 2560 mammona?

583 2607 772 2661 seruire
804 2602 958 2676 (Luc.
988 2618 1100 2667 xw,
1131 2602 1240 2668 15).
1275 2601 1366 2655 Dei
1397 2601 1540 2654 enim
1589 2599 1792 2654 Christi
1827 2613 2018 2653 servos
2042 2639 2056 2663 ,
2106 2607 2188 2652 at-

583 2716 692 2772 que
718 2698 1041 2767 discipulos,
1081 2697 1355 2764 imperare
1379 2701 1599 2764 oportet
1631 2695 1900 2762 pecuniae,
1932 2708 2039 2746 non
2069 2707 2185 2746 ser-

589 2794 739 2858 vire;
764 2807 853 2855 ne,
883 2790 1010 2844 dum
1038 2788 1318 2857 cupiditati
1351 2788 1467 2857 ejus
1497 2786 1782 2842 obedimus
1812 2831 1825 2854 ,
1861 2803 1889 2839 a
1918 2786 2188 2841 charitate

590 2883 876 2941 servitutis
898 2881 1041 2952 ejus,
1074 2880 1102 2919 ι)
1155 2881 1475 2934 dominante
1531 2880 1798 2948 pecunia,
1848 2893 2186 2948 separemur.

588 2974 980 3044 Dispergeudae
1004 2983 1131 3028 sunt
1170 2988 1300 3040 ergo
1346 2971 1594 3040 pecunia:
1635 2970 2050 3040 indigentibus,
2103 2984 2190 3024 se-

591 3069 832 3125 cundum
871 3078 1204 3137 praeceptum
1247 3062 1531 3118 Creatoris
1570 3064 1814 3117 omnium
1865 3063 1989 3127 Dei;
2049 3077 2187 3130 quo-

2285 1854 2404 1924 90).
2443 1854 2504 1908 Et
2534 1871 2639 1906 non
2669 1854 2937 1907 auditores
2964 1860 3190 1915 tantum,
3227 1851 3316 1905 sed
3347 1852 3570 1921 factores
3597 1848 3734 1923 Legis
3769 1853 3839 1921 ju-

2288 1945 2653 2015 stiﬁcabuntur
2675 1945 2815 2016 apud
2846 1944 3012 1998 Deum
3046 1941 3224 2014 (Rom.
3270 1958 3341 2008 ιι,
3378 1941 3504 2012 l5);
3563 1957 3656 1995 nec
3701 1950 3840 2006 potest

2287 2039 2482 2108 aliquis
2510 2038 2714 2108 liquido
2763 2035 3235 2106 comprehendere
3262 2035 3583 2089 interiorem
3603 2031 3842 2088 scientiam

2287 2130 2454 2184 divini
2477 2128 2704 2196 eloquii,
2733 2129 2999 2198 Apostolo
3027 2135 3364 2196 protesmute
3405 2142 3420 2180 :
3459 2123 3503 2178 Ο
3553 2124 3758 2178 altitudo
3783 2125 3847 2177 di-

2287 2225 2529 2276 uitiarum
2561 2221 2833 2293 sapientia:
2864 2230 2912 2276 et
2955 2221 3185 2274 scientire
3206 2218 3342 2274 Dei!
3379 2235 3541 2289 quam
3578 2218 3846 2287 imperioru-

2288 2315 2470 2368 tabilia
2509 2324 2628 2368 sunt
2659 2315 2870 2386 judicia
2911 2318 3024 2388 ejus
3052 2357 3066 2378 ,
3113 2322 3161 2368 et
3208 2312 3589 2384 investigabiles
3619 2314 3704 2366 via:
3727 2311 3850 2382 ejus!

2291 2407 2424 2473 Quis
2452 2409 2592 2462 enim
2617 2411 2852 2479 coquorit
2874 2425 3086 2463 sensum
3120 2407 3371 2461 Domini?
3393 2416 3486 2461 aut
3506 2408 3621 2476 quis
3645 2405 3852 2460 consilia-

2288 2503 2400 2556 rius
2435 2505 2546 2574 ejus
2571 2504 2671 2573 fuit
2710 2501 2892 2561 (Rom.
2929 2518 3018 2568 xi,
3073 2502 3164 2560 55.
3191 2501 3326 2570 ΜΠ
3370 2501 3444 2556 Et
3487 2501 3594 2556 alio
3642 2501 3691 2554 in
3741 2500 3850 2562 loco,

2289 2611 2414 2650 cum
2439 2596 2508 2651 de
2538 2597 2707 2650 Adam
2731 2606 2787 2651 et
2811 2597 2943 2661 Eva,
2977 2608 3384 2651 sacramentum
3411 2596 3582 2650 divini
3623 2591 3853 2650 sermonis

2290 2688 2514 2743 nimium
2535 2688 2738 2759 grande
2761 2691 3010 2758 sentiret,
3033 2699 3089 2743 et
3109 2689 3257 2758 loqui
3285 2689 3422 2743 illttd
3449 2690 3614 2760 digne
3633 2703 3730 2742 non
3755 2700 3854 2756 pos-

2292 2793 2400 2847 set,
2431 2785 2508 2838 ait
2535 2802 2546 2837 2
2580 2784 2888 2855 Mysterium
2915 2783 3014 2837 hoc
3037 2789 3241 2853 grande
3283 2792 3357 2836 est
3385 2800 3523 2853 :-ego
3570 2791 3731 2837 autem
3769 2779 3858 2832 dico

2291 2877 2344 2929 in
2373 2875 2584 2930 Christo
2621 2888 2666 2928 et
2691 2877 2742 2928 in
2777 2873 3012 2929 Ecclesia
3043 2872 3263 2947 (Ephes.
3299 2889 3357 2938 v,
3399 2875 3517 2944 3‘2).
3571 2872 3668 2927 Vis
3712 2879 3857 2925 autem

2294 2983 2481 3032 nosse,
2511 2969 2655 3040 quod
2685 2969 2752 3023 ad
2783 2978 3048 3023 :etornam
3069 2973 3235 3022 vitam
3266 2984 3376 3022 non
3405 2983 3505 3034 per
3535 2965 3772 3023 notitiam
3790 2978 3858 3018 se-

2293 3063 2696 3127 cretorum,sed
2716 3079 2813 3129 per
2829 3078 3054 3133 operum
3081 3064 3350 3118 bonorum
3374 3063 3749 3128 efficientiam,
3773 3073 3862 3128 per.

591 3146 739 3215 niam
767 3174 942 3228 neque
971 3165 1172 3210 nostra:
1202 3166 1350 3222 sunt,
1383 3169 1559 3224 neque
1589 3154 1711 3208 illas
1743 3154 1864 3208 sine
1895 3154 2060 3225 350
2083 3154 2188 3208 ini-
2220 3138 2266 3202 (ἶ
2296 3155 2532 3210 venitur?
2552 3156 2814 3210 Dominus
2837 3157 2886 3208 in
2914 3147 3862 3227 Evangeliaiuterrogauticuidamdi-

591 3255 820 3324 quitate,
857 3266 919 3305 ac
943 3250 1024 3304 sui
1060 3250 1323 3317 pernicie,
1375 3262 1577 3300 avarus
1618 3247 1902 3315 quisquam
1956 3247 2188 3302 detinet.

590 3343 726 3400 Nam
756 3343 915 3411 juxta
943 3342 1270 3396 sententiam
1303 3338 1610 3394 Salvatoris
1656 3337 1858 3392 aditum
1891 3339 2042 3406 regni
2075 3354 2189 3394 coe-

591 3434 768 3489 lorum
793 3436 904 3487 suis
929 3432 1301 3487 retentoribus
1329 3429 1701 3484 intercludunt
1724 3471 1738 3495 ,
1775 3439 1823 3484 et
1863 3430 2072 3499 facilius
2115 3441 2189 3486 est

595 3523 855 3580 cautelam
882 3539 973 3595 per
997 3523 1230 3593 foramen
1251 3537 1375 3575 acus
1407 3522 1659 3582 transire,
1685 3537 1839 3590 quant
1870 3523 2077 3576 divitem
2101 3523 2186 3576 in-

595 3627 733 3671 trare
760 3617 814 3670 in
835 3631 1053 3686 regnum
1078 3612 1174 3667 Dei
1198 3611 1422 3686 (Matth.
1464 3611 1704 3682 slxﬂi)
1735 3628 1748 3664 :
1784 3613 1930 3667 illum
1988 3629 2186 3684 nempe

597 3711 844 3772 divitem,
907 3707 998 3777 qui
1020 3707 1091 3761 sit
1130 3707 1202 3760 ob
1239 3707 1527 3761 horrorem
1559 3706 1730 3774 turpis
1777 3707 2020 3761 avaritia:
2044 3718 2066 3745 ε
2099 3722 2188 3762 ca-

596 3805 744 3862 melo
766 3801 1056 3856 inﬂrmior.
1083 3800 1278 3857 Gravis
1305 3801 1658 3870 pecuniarum
1688 3801 1900 3855 sarcina
1931 3811 2034 3869 est,
2067 3816 2188 3872 qua:

595 3897 872 3954 tenacium
927 3896 1011 3949 sui
1063 3902 1292 3948 mentes
1324 3894 1566 3948 avaritia:
1616 3893 1863 3963 pondere
1894 3893 1960 3948 ad
1988 3905 2186 3949 terram

594 3989 874 4058 deprimit,
901 4000 1003 4040 nec
1031 4000 1312 4054 emergere
1359 3984 1424 4038 ad
1449 3999 1710 4052 superna,
1738 3985 2047 4056 ctelumque
2091 4002 2186 4042 su-

598 4080 830 4148 spicere,
863 4079 952 4131 ubi
976 4079 1084 4132 vita
1110 4088 1294 4131 nostra
1323 4086 1428 4143 est,
1453 4079 1676 4131 omnino
1722 4080 2017 4146 permittit;
2061 4094 2184 4135 cum

596 4173 793 4228 doceat
840 4171 1030 4226 beatus
1098 4171 1394 4241 Apostolus
1445 4189 1458 4224 :
1509 4171 1572 4226 Si
1627 4173 2018 4227 consurrexistis
2072 4193 2188 4229 cum

668 4339 694 4367 α
732 4327 975 4382 Isidorus
1010 4329 1224 4382 Clarius
1251 4329 1315 4382 ad
1361 4329 1506 4383 hunc
1556 4330 1789 4385 Matthaei
1835 4335 2008 4389 locum
2049 4352 2061 4387 :
2104 4334 2194 4388 Vi-

2294 3250 2387 3304 viti
2402 3249 2480 3304 sic
2501 3250 2809 3320 respondit:
2829 3248 2889 3305 Si
2907 3250 2980 3303 ris
2998 3250 3067 3302 ad
3084 3251 3238 3303 vitam
3257 3251 3458 3313 venire,
3481 3267 3626 3306 serua
3651 3245 3862 3302 mandata

2294 3341 2513 3414 (Matth.
2552 3359 2665 3404 xix,
2696 3343 2804 3412 17).
2834 3343 2966 3410 Quae
2991 3359 3112 3399 cum
3148 3345 3238 3399 ille
3269 3359 3327 3399 se
3356 3345 3550 3400 omnia
3589 3339 3864 3400 custodisse

2291 3437 2450 3511 351
2486 3437 2738 3505 iactaret.
2771 3438 3083 3507 extorqueri
3125 3446 3304 3493 tamen
3355 3436 3385 3474 εί
3423 3440 3496 3493 ab
3547 3453 3616 3494 eo
3647 3436 3712 3491 ad
3759 3449 3869 3505 pnc‘

2292 3545 2422 3583 sens
2449 3547 2611 3584 unum
2646 3531 2960 3584 mandatum
2995 3545 3100 3584 non
3133 3531 3328 3598 potuit,
3362 3540 3426 3586 ut
3457 3529 3767 3585 misericors
3801 3537 3867 3578 es-

2289 3630 2374 3675 set
2402 3622 2453 3676 in
2487 3637 2773 3692 pauperes,
2805 3631 2861 3678 et
2891 3622 3201 3676 thesaurum
3247 3637 3410 3677 suum
3463 3621 3780 3677 transferret
3819 3615 3870 3668 ad

2292 3715 2516 3778 coelum;
2553 3729 2676 3768 nam
2725 3714 2909 3768 statim
2950 3714 3136 3768 audito
3167 3713 3271 3768 hoc
3320 3728 3596 3769 sermone
3641 3705 3873 3765 abscessit

2294 3806 2486 3860 tristis.
2520 3805 2631 3860 Nec
2661 3805 2931 3861 immerito
2957 3805 3156 3871 triStis;
3190 3806 3315 3876 quia
3343 3805 3622 3875 gaudium
3665 3798 3874 3858 ctelestis

2296 3901 2556 3968 thesauri,
2589 3901 2731 3955 malo
2750 3902 2996 3956 avaritiae
3023 3915 3309 3971 possessus
3344 3899 3645 3970 possidere
3667 3912 3769 3951 non
3797 3907 3872 3960 po-

2295 4001 2453 4047 terat.
2482 3992 2730 4046 Profecto
2752 3992 2906 4045 radix
2932 3993 3161 4045 omnium
3180 3991 3442 4044 malorum
3475 4002 3553 4045 est
3589 4005 3734 4043 amor
3754 4000 3878 4054 pecu-

2296 4088 2415 4156 nite,
2473 4094 2532 4140 ut
2577 4086 2881 4154 ingemiscit
2925 4085 3218 4154 Apostolus
3251 4099 3265 4138 :
3299 4100 3467 4154 quam
3499 4083 3716 4155 quidam
3743 4092 3878 4145 appe-

2297 4190 2458 4233 tentes
2502 4186 2802 4232 erraverunt
2851 4194 2884 4230 a
2931 4176 3056 4246 ﬁde,
3088 4187 3137 4230 et
3157 4175 3503 4229 inseruerunt
3558 4191 3616 4229 se
3645 4166 3883 4226 doloribus

2376 4346 2398 4374 ε
2431 4336 2509 4390 Ex
2529 4336 3000 4405 consequentibus
3026 4335 3208 4391 verbis
3227 4335 3409 4406 grauis
3434 4333 3780 4406 pecuniarum
3796 4343 3888 4406 sar-

599 4400 789 4476 delfluf
815 4398 941 4476 mihi
968 4414 1144 4476 Qmmfﬁ
1166 4399 1262 4476 qui
1289 4411 1541 4476 peccant“,
1594 4405 1923 4476 naufragium
1980 4407 2148 4476 facere
2167 4423 2188 4461 .'
2215 4411 2269 4472 D
2293 4407 2411 4460 cina
2436 4418 2528 4474 est,
2556 4398 2771 4461 videtur
2797 4407 3156 4470 Gaudentius,
3185 4398 3589 4475 Eiaugelicum
3617 4403 3758 4476 istud
3783 4399 3888 4476 [αςὶ-

595 4481 650 4524 at
677 4471 729 4522 in
758 4467 1034 4536 naufragio
1056 4467 1146 4520 alii
1172 4468 1434 4521 adhaerent
1461 4469 1623 4524 alicui
1647 4467 1742 4535 rei,
1768 4467 1851 4526 cui
1891 4467 2058 4530 innixi
2087 4494 2188 4530 non

596 4543 813 4614 omnino
831 4541 944 4592 sine
967 4555 1056 4609 spe
1077 4549 1196 4592 sunt
1225 4554 1242 4590 :
1271 4537 1365 4614 alii
1387 4541 1498 4614 sine
1517 4558 1609 4614 spe
1635 4543 1804 4595 relicti
1827 4545 1980 4598 undis
2011 4547 2191 4614 {erun-

597 4622 701 4672 μιν,
727 4612 815 4684 qui
851 4614 894 4684 si
925 4623 1207 4668 serventur.
1239 4611 1410 4684 solius
1429 4610 1524 4665 Dei
1554 4612 1801 4678 beneﬁcio
1823 4610 2087 4684 acceptant
2111 4635 2190 4670 re-

592 4680 771 4758 ferunt
796 4680 1015 4736 salutem
1038 4682 1317 4758 ;_quamris
1346 4683 1500 4734 etiam
1539 4684 1635 4758 alii
1669 4686 1759 4758 qui
1789 4680 1964 4758 tabula
2011 4688 2188 4758 aliqua

593 4755 910 4831 ferebantur,
945 4753 1334 4831 gratiasagunt
1362 4756 1633 4831 servatori
1660 4753 1788 4812 Deo.
1823 4757 2019 4813 Divites
2065 4753 2188 4831 ergo

591 4821 658 4897 iis
689 4826 879 4897 similes
917 4821 1034 4897 sunt
1071 4821 1380 4897 qui_rimissa
1433 4824 1633 4896 alioqui
1672 4831 1813 4882 omni
1844 4847 1964 4897 spe,
2022 4821 2187 4886 solius

591 4893 690 4947 Dei
708 4895 928 4960 quodam
952 4895 1204 4948 miraculo
1227 4905 1520 4948 servantur.
1555 4893 1616 4948 Et
1635 4915 1750 4951 cum
1767 4893 1880 4952 tam
1895 4893 2187 4965 periculosa

591 4981 674 5018 res
702 4966 803 5015 sint
831 4965 1048 5035 diuitiis,
1079 4965 1122 5017 is
1145 4973 1317 5035 tamen
1345 4966 1550 5035 felicior
1570 4985 1600 5019 a
1630 4971 1790 5023 stulto
1815 4974 2078 5025 hominum
2106 4991 2186 5026 er—

591 5050 710 5111 rore
737 5034 964 5111 creditur
1004 5035 1088 5111 qui
1128 5033 1287 5111 ditior
1325 5033 1446 5101 est;
1496 5041 1588 5091 hoc
1632 5051 1702 5094 est
1747 5044 1835 5111 qui
1887 5045 2186 5099 swvioribus

588 5107 1008 5159 circumvolvitur
1035 5105 1301 5174 ﬂuctibus.

661 5175 689 5214 ι»
725 5175 1066 5242 lneptissinte
1103 5175 1273 5246 Lttgd.
1315 5176 1486 5232 editio
1517 5179 1764 5236 donante.
1816 5184 2040 5239 Videtur
2089 5202 2186 5240 au-

591 5257 701 5304 tem
730 5246 1070 5304 Gaudentius
1101 5249 1410 5316 respexiSse
1441 5251 1573 5305 illud
1609 5251 1814 5308 Horatii
1847 5257 1896 5320 1,
1944 5271 2032 5326 ep.
2071 5258 2139 5313 10
2169 5277 2181 5312 :

716 5389 948 5454 Imperat,
973 5398 1057 5440 aut
1080 5391 1463 5442 serviteollecta
1487 5397 1698 5456 pecunia
1723 5400 1932 5464 cuique;

583 5517 834 5598 dumait,
868 5514 1063 5597 Christi
1082 5532 1252 5570 servos
1274 5555 1290 5580 ,
1338 5520 1836 5598 atquadiscipulos
1861 5568 1876 5592 ,
1927 5525 2184 5598 imperare

581 5597 780 5654 oportet
803 5588 1049 5654 pecuniae,
1088 5604 1189 5640 non
1213 5589 1429 5640 servire.
1480 5589 1571 5644 Sic
1604 5600 1768 5647 etiam
1822 5588 2032 5653 Seneca
2084 5599 2181 5654 lib.

587 5658 792 5734 devita
829 5658 982 5710 beata
1018 5654 1272 5734 {Divitior
1300 5660 1444 5734 apud
1471 5668 1755 5728 sapientem
1781 5666 1969 5734 uirum,
1997 5669 2050 5722 iu
2070 5687 2182 5725 ser-

580 5728 702 5784 vitio
728 5737 886 5789 sunt;
911 5727 1052 5792 apud
1079 5726 1318 5796 stultum,
1344 5729 1398 5783 in
1432 5726 1670 5801 imperio.

2296 4478 2396 4530 lius
2451 4470 2526 4531 est
2577 4477 2835 4533 camelum
2865 4490 2954 4548 per
2983 4481 3216 4546 foramen
3244 4470 3374 4548 τιεῷ
3413 4477 3657 4548 transire
3682 4513 3698 4540 ,
3749 4470 3886 4548 intel-

2293 4549 2491 4602 lexisse
2539 4549 2608 4606 de
2653 4543 2874 4604 camelo
2910 4543 3221 4610 animante;
3271 4547 3362 4601 cui
3410 4547 3713 4602 sententia:
3770 4543 3892 4610 favet

2291 4618 2454 4671 etiam
2490 4621 2862 4691 Hieronymus
2896 4621 2947 4674 in
2981 4618 3172 4674 Matth.
3205 4609 3318 4672 six.
3351 4618 3537 4691 iCod.
3569 4609 3890 4691 _Pantagathi

2293 4704 2390 4757 pro
2419 4691 2612 4746 camelo
2644 4688 2905 4758 inﬁrmior
2929 4692 3090 4744 habet
3115 4693 3312 4743 camelo
3341 4688 3678 4761 infoi'mior;
3706 4700 3757 4741 et
3771 4697 3891 4761 ron:

2296 4751 2542 4816 sentiunt
2568 4751 2712 4818 Vatt'
2753 4762 2880 4828 duo,
2915 4771 2977 4815 ut
3005 4761 3342 4831 respondeat
3377 4751 3536 4826 q'uud
3573 4756 3826 4831 praecedit
3845 4751 3892 4831 ab

2291 4831 2558 4886 horrorem
2583 4833 2748 4899 turpis
2785 4822 3062 4896 avaritiae,
3103 4822 3234 4897 'quau
3283 4822 3524 4886 nonnisi
3573 4822 3653 4884 vde
3706 4822 3892 4882 camelo

2289 4903 2569 4957 animante.
2599 4904 2704 4957 dici
2737 4913 2863 4970 apte
2891 4915 3117 4968 qtteunt.
3150 4902 3251 4956 Alii
3296 4918 3444 4957 vero
3482 4901 3766 4969 accipiunt
3815 4908 3895 4964 pro

2289 4972 2419 5026 fune
2452 4976 2701 5038 nautico,
2737 4975 2823 5027 cui
2856 4975 3150 5029 anchoram
3182 4972 3505 5042 alligabant
3531 5015 3546 5038 ,
3598 4987 3727 5042 quo
3755 4980 3893 5042 sensu

2290 5046 2560 5111 reperitur
2586 5037 2723 5114 apud
2754 5044 3000 5099 Snidam.
3037 5045 3102 5099 Et
3134 5044 3260 5099 ideo
3282 5037 3538 5097 'forsan
3573 5037 3894 5098 Gaudentius

2291 5116 2416 5168 huic
2464 5119 2627 5170 etiam
2668 5115 3040 5184 intelligentiae
3086 5130 3147 5170 se
3193 5116 3650 5170 accommodare
3704 5115 3890 5168 volens.

2290 5188 2449 5246 paulo
2481 5200 2600 5252 post
2625 5187 2758 5241 dicit
2786 5189 2930 5251 quod
2963 5187 3049 5241 uia
3076 5203 3190 5252 qua:
3209 5187 3278 5238 ad
3304 5187 3486 5240 vitam
3519 5186 3707 5245 ducit,
3759 5193 3892 5248 expe-

2286 5255 2422 5309 ditos
2446 5260 2651 5328 quierit,
2679 5275 2738 5312 ac
2767 5269 2966 5325 tenues,
3001 5267 3046 5310 et
3069 5259 3159 5320 filo
3189 5255 3384 5328 gracili
3413 5255 3653 5312 similes.
3677 5253 3796 5328 Fuit
3819 5263 3895 5304 διι-

2289 5333 2395 5397 tem
2431 5329 2530 5381 hoc
2560 5330 2913 5382 Hebraeorum
2959 5327 3242 5397 adagium,
3294 5329 3373 5383 de
3430 5344 3554 5394 quo
3614 5327 3896 5397 luculenter

2287 5396 2504 5450 Samuel
2540 5400 2840 5454 Bochartus
2885 5391 3103 5454 Hieroi.
3136 5391 3275 5462 part.
3313 5414 3374 5465 ι,
3415 5391 3527 5456 lib.
3562 5413 3626 5463 tt,
3685 5411 3800 5464 eap-
3845 5391 3890 5465 ξι

2287 5467 2378 5542 ubi
2414 5471 2564 5542 plura
2597 5487 2661 5525 ex
2698 5473 2940 5525 lli-bracis
2964 5460 3192 5540 profert,
3236 5460 3371 5540 quae
3403 5460 3624 5542 adagio
3681 5460 3803 5523 ltuit:
3847 5460 3899 5515 il—

2286 5537 2566 5613 lustrando
2597 5558 2846 5613 apprime
2865 5537 3120 5613 fuci-nuta
3258 5537 3270 5540 ⁷
3299 5609 3311 5613 _
3471 5589 3478 5594 .

2354 5606 2381 5646 ά
2422 5612 2511 5665 Sic
2539 5606 2698 5679 ediii';
2731 5625 2786 5666 at
2837 5612 2983 5668 Flor.
3019 5627 3073 5667 et
3105 5612 3249 5666 Vatt.
3281 5609 3428 5674 duo,
3485 5611 3556 5667 ab
3591 5627 3652 5667 eo
3699 5617 3897 5676 priest!!!

2282 5690 2329 5755 et
2349 5697 2545 5755 unum,
2574 5688 2881 5755 eodemque
2911 5683 3076 5740 modo
3104 5683 3236 5753 legit
3264 5682 3452 5739 etiam
3481 5685 3623 5741 eod.
3659 5682 3899 5746 Pantaga-

2189 5801 2195 5806 .
2283 5749 2380 5804 tlti.
