4096 6192
347 314 450 370 977

1111 314 1348 371 SERMO
1392 314 1578 380 XVIII,
1622 315 1711 370 DE
1752 314 2073 371 DIVERSIS
2110 312 2475 369 CAPITULIS
2513 310 2856 368 OCTAVUS.

3537 300 3643 359 978

345 433 521 487 multis
548 432 593 505 (l
616 432 749 486 Tim.
780 448 858 495 vt.
878 432 986 503 10).
1019 431 1151 487 Nam
1182 442 1206 469 ι
1241 432 1611 501 perniciosum
1636 431 1758 487 fidei
1791 447 1945 487 erro-
1970 435 2021 495 Α
2049 431 2240 486 domos
2267 444 2394 484 suas
2431 429 2561 484 falsa
2592 428 2930 498 benignitate
2960 426 3167 482 seducti
3202 422 3486 494 recipiant,
3520 435 3646 475 cum

343 542 460 582 rem
509 527 731 597 patitur,
780 534 835 582 et
866 528 1059 581 inserit
1095 540 1154 581 se
1204 525 1487 580 doloribus
1518 525 1720 590 multis,
1762 526 1852 595 qui
1883 541 1942 580 a-

342 635 495 675 more
538 619 905 684 terrestrium,
953 621 1094 673 sicut
1122 620 1440 674 adolescens
1491 619 1618 687 iste,
1648 619 1878 673 discedit
1910 635 1939 673 a

342 710 598 775 Christo;
653 712 778 765 dum
821 712 1133 767 mandatum
1185 717 1301 780 ejus
1340 711 1703 781 subterfugit;
1753 712 1879 766 dum
1908 729 1939 767 a

340 814 635 873 conspectu
671 805 909 866 Domini,
944 806 1141 867 tristis,
1171 821 1233 861 ac
1260 806 1475 875 lugens,
1500 806 1565 859 ad
1592 820 1780 875 poenas
1807 822 1938 860 ava-

337 895 417 950 ris
444 906 498 950 et
526 899 1001 965 contemptoribus
1044 908 1393 966 praeparatas,
1429 907 1725 966 Spontanea
1777 901 1937 953 caeci-

339 995 450 1041 tate
473 987 780 1042 deducitur.
808 990 863 1043 In
894 991 1111 1044 sinistra
1142 992 1285 1044 enim
1321 1000 1493 1058 parte,
1528 990 1935 1045 infrucmosita-

338 1079 406 1134 tis
458 1080 653 1134 merito
703 1081 1016 1135 constitutis
1070 1083 1313 1137 dicetur:
1372 1081 1633 1135 Discedite
1687 1100 1717 1134 a
1748 1098 1828 1134 me
1882 1083 1937 1135 in

335 1172 507 1241 ignem
529 1182 801 1238 aeternum,
848 1190 998 1243 quem
1030 1176 1229 1242 paravit
1262 1173 1421 1227 Pater
1459 1190 1602 1228 meus
1640 1173 1849 1227 diabolo
1886 1184 1935 1228 et

334 1265 533 1335 angelis
558 1269 674 1338 ejus
703 1281 721 1318 .'
750 1268 877 1335 quia
907 1283 1022 1319 cum
1050 1284 1152 1319 non
1181 1268 1377 1337 fecistis
1406 1268 1820 1321 misericordiam
1852 1268 1933 1319 in-

335 1355 643 1425 digentibus,
679 1373 773 1410 nec
802 1357 929 1411 mihi
971 1360 1164 1428 fecistis
1198 1358 1416 1429 (Matth.
1456 1375 1588 1424 xxv,
1618 1358 1735 1431 41).
1764 1359 1935 1415 Venio

333 1462 481 1502 nunc
508 1448 573 1501 ad
607 1448 737 1502 illud
770 1448 915 1518 quod
943 1459 1228 1519 tantopere
1255 1466 1281 1500 a
1314 1464 1400 1503 me
1437 1450 1687 1518 exegiSti,
1722 1460 1777 1502 et
1803 1450 1933 1518 quid

332 1553 500 1607 super
547 1555 614 1594 eo
644 1540 901 1605 sentiam,
952 1556 1055 1611 qua
1098 1550 1293 1610 potero
1342 1540 1610 1595 brevitate
1661 1543 1931 1608 narrabo;

331 1634 462 1688 nulli
493 1634 975 1705 prtejudicaturus,
1018 1638 1255 1706 qualiter
1286 1638 1641 1706 interpretari
1677 1640 1930 1705 voluerit,

330 1725 491 1780 modo
524 1737 585 1781 ut
611 1728 921 1797 explanatio
946 1731 1067 1795 ejus
1107 1729 1455 1784 traditionem
1498 1731 1620 1785 fidei
1665 1732 1931 1799 apostoli-

2046 525 2163 593 ipso
2187 525 2240 578 in
2273 533 2596 593 perpetuum
2615 519 2922 591 judicaudi.
2950 520 3199 588 Magnum
3228 515 3493 586 siquidem
3516 528 3649 583 sup-

2044 616 2221 684 pliciis
2274 616 2385 669 suis
2423 614 2678 669 diabolus
2715 620 2871 681 putat
2915 612 3020 666 hoc
3048 626 3172 666 esse
3216 609 3549 674 remedium,
3596 604 3644 661 si

2044 721 2327 776 manarum
2357 706 2539 760 socios
2566 706 2768 759 multos
2794 706 3061 773 acquirat.
3096 702 3230 757 Nam
3259 701 3492 755 callidus
3517 700 3643 753 hos-

2042 800 2133 862 tis,
2174 798 2501 852 adveniente
2527 806 2583 853 et
2612 797 2989 851 comminante
3010 796 3230 849 Christo
3254 797 3525 855 turbatus,
3551 806 3647 845 ex-

2040 891 2301 957 cogitavit
2330 901 2600 947 venenato
2622 891 2880 957 consilio,
2912 890 3146 959 qualiter
3175 888 3228 941 hi
3262 887 3422 943 etiam
3454 886 3543 956 qui
3578 884 3647 939 il-

2040 984 2147 1037 lum
2177 996 2595 1054 perseQuentem
2629 983 2933 1053 fugiebant,
2976 984 3262 1037 Cedentetu
3311 988 3636 1049 sequantur.

2042 1077 2285 1132 Festinat
2314 1080 2455 1131 enim
2486 1079 2641 1132 novis
2692 1078 2932 1135 artibus,
2969 1076 3243 1147 variisque
3276 1076 3640 1129 tentationutn

2040 1172 2337 1241 generibus
2364 1172 2723 1240 Supplantare
2756 1170 3026 1235 homines,
3052 1186 3079 1223 a
3104 1184 3333 1237 quorum
3359 1166 3643 1221 dominatu

2038 1264 2091 1319 in
2125 1267 2229 1318 line
2256 1266 2441 1319 szrculi
2468 1264 2903 1319 submovendum
2930 1280 2987 1318 se
3009 1263 3225 1331 penitus
3255 1276 3377 1318 esse
3408 1273 3641 1330 cognos-

2038 1355 2131 1409 cit.
2166 1354 2297 1408 Nam
2356 1365 2476 1424 past
2504 1354 2797 1409 adventum
2842 1352 3073 1417 Christi,
3122 1352 3401 1421 duplicato
3448 1361 3639 1405 contra

2040 1449 2322 1503 hominum
2379 1464 2552 1519 genus
2603 1451 2785 1503 lurore
2848 1448 3243 1511 succenditur,
3298 1448 3463 1501 sciens
3516 1446 3640 1515 quia

2038 1541 2296 1594 modicum
2350 1552 2550 1611 tempus
2578 1542 2752 1606 habet,
2799 1543 2940 1597 sicut
2993 1546 3260 1611 scriptum
3317 1540 3386 1595 de
3433 1540 3524 1595 illo
3555 1547 3641 1595 est

2038 1634 2220 1703 (Apoc.
2250 1638 2371 1703 xtt).
2403 1635 2586 1689 Debita
2613 1650 2998 1689 conservorum
3032 1650 3275 1700 suorum,
3308 1649 3427 1703 qum
3453 1634 3504 1685 iu
3540 1648 3637 1700 po-

2038 1734 2233 1780 testate
2260 1726 2474 1780 Domini
2502 1736 2649 1795 sunt,
2676 1729 2920 1781 relaxare
2940 1742 2999 1781 se
3024 1725 3157 1780 falso
3186 1724 3477 1793 promittit,
3505 1723 3636 1777 dum

327 1833 407 1874 ca:
435 1835 540 1873 nou
568 1820 843 1886 infringat.
880 1822 1186 1891 Ittiquilalis
1217 1824 1453 1876 villicum
1485 1824 1769 1878 diabolum
1800 1834 1930 1896 puto
1962 1826 2008 1886 Β
2035 1838 2253 1887 vanam,
2291 1825 2376 1877 vel
2403 1824 2453 1877 in
2489 1823 2615 1887 fide,
2652 1824 2737 1877 vel
2769 1824 2818 1876 iu
2848 1837 3015 1892 opere
3050 1820 3424 1889 peccantibus,
3462 1818 3641 1872 indul-

326 1924 471 1975 esse,
502 1914 589 1981 qui
620 1911 829 1967 idcirCo
861 1911 885 1949 ιι
919 1915 989 1967 ob
1018 1915 1417 1982 Correptionem
1448 1916 1664 1985 generis
1710 1918 1930 1971 humani

324 2006 528 2059 saeculo
560 2005 666 2058 isto
697 2006 959 2061 dimissus
989 2016 1094 2071 est,
1136 2018 1195 2062 ut
1226 2010 1615 2064 immanitatem
1663 2010 1930 2066 crudelis-

329 2096 453 2150 simi
485 2097 644 2165 huius
676 2098 846 2151 villici
880 2100 1173 2168 fugientes,
1209 2100 1274 2154 ad
1310 2102 1562 2169 pietatem
1595 2101 1689 2155 Dei
1722 2102 1928 2171 suppli-

322 2188 459 2244 citer
490 2204 903 2256 concurramus,
938 2192 1092 2261 cujus
1125 2192 1502 2247 misericordia
1535 2205 1700 2263 atque
1722 2196 1925 2250 virtute

319 2288 507 2336 contra
542 2297 738 2337 omnes
771 2284 1155 2339 infestationes
1188 2285 1306 2353 ejus
1336 2285 1547 2340 defensi
1596 2301 1720 2341 esse
1752 2288 1928 2356 possi-

323 2391 443 2429 mus
478 2393 490 2428 :
536 2376 977 2445 quandoquidem
1023 2389 1078 2432 et
1114 2378 1229 2445 ipse
1261 2377 1476 2433 villicus
1519 2379 1622 2433 sub
1653 2388 1925 2447 potestate

322 2470 650 2525 constitutus
674 2481 757 2526 est
776 2470 1132 2535 DomiuiDei;
1160 2472 1303 2525 illitts
1329 2488 1458 2527 vere
1471 2472 1659 2527 divitis
1684 2474 1795 2542 qui,
1816 2475 1922 2528 sic-

323 2572 380 2616 ut
409 2562 571 2617 docet
604 2563 919 2632 Apostolus,
976 2564 1133 2618 dives
1176 2574 1261 2619 est
1294 2564 1347 2618 in
1388 2579 1605 2629 omnes,
1656 2574 1712 2620 et
1756 2581 1921 2635 super

318 2670 510 2711 omnes
539 2658 631 2726 qui
670 2658 925 2711 invocant
954 2674 1103 2713 eum.
1162 2657 1345 2711 Omnis
1394 2658 1528 2711 enim
1574 2659 1662 2727 qui
1712 2660 1920 2713 inrora-

316 2748 441 2801 verit
480 2764 664 2803 nomen
713 2746 947 2808 Domini,
998 2748 1173 2803 salvus
1205 2752 1302 2804 erit
1352 2748 1529 2819 (Rom.
1582 2765 1638 2814 x,
1676 2750 1765 2816 12,
1802 2750 1916 2821 15).

319 2840 560 2907 Dissipat
605 2850 786 2895 autem
851 2841 1100 2896 diabolus
1151 2841 1467 2895 facultatem
1526 2842 1740 2896 Domini
1800 2844 1914 2910 sui,

315 2934 533 3001 quando
566 2932 618 2985 in
653 2932 951 3000 perniciem
984 2934 1204 3003 generis
1252 2934 1472 2987 humani
1506 2944 1827 3003 grassatur;
1863 2937 1915 2990 id

315 3032 400 3079 est
438 3027 490 3079 in
524 3038 763 3080 nostram
806 3042 1023 3093 necem,
1075 3027 1167 3097 qui
1223 3028 1498 3098 possessio
1553 3028 1649 3083 Dei
1700 3045 1908 3097 sumus,

315 3117 454 3171 sicut
500 3120 617 3185 ipse
666 3120 755 3174 Dei
798 3119 996 3187 Filius,
1032 3120 1206 3175 Patris
1238 3122 1323 3175 sui
1356 3121 1498 3176 dicta
1532 3138 1629 3191 per
1659 3123 1910 3193 Prophe-

2032 1916 2268 1985 gentiam
2302 1918 2594 1985 pollicetur
2621 1934 2633 1981 ;
2665 1917 2792 1971 dum
2827 1916 3116 1984 persuadet
3147 1932 3252 1968 non
3280 1912 3537 1983 imputari
3566 1910 3636 1965 ad

2031 2020 2309 2079 peccaturo
2342 2024 2405 2063 ea
2427 2010 2638 2063 scelera
2668 2024 2787 2077 qua:
2815 2009 2914 2076 ipsi
2948 2010 3113 2062 etiam
3144 2007 3233 2075 qui
3261 2005 3631 2071 committunt,

2028 2101 2209 2171 gravia
2244 2114 2366 2155 esse
2398 2100 2625 2154 crimina
2664 2116 2769 2153 non
2822 2101 3097 2168 ignorant.
3134 2097 3265 2152 Nam
3298 2097 3634 2151 Confitentur

2030 2194 2113 2247 sui
2144 2193 2315 2247 debiti
2346 2194 2735 2263 quantitatem,
2770 2208 2895 2246 cum
2937 2209 3000 2246 es
3035 2194 3247 2261 integro
3286 2190 3551 2245 obnoxios
3577 2204 3637 2244 se

2028 2303 2149 2343 esse
2181 2289 2313 2354 Deo,
2364 2300 2418 2342 et
2447 2304 2547 2357 pro
2596 2288 2701 2342 fide
2748 2297 3079 2355 contempta,
3114 2295 3169 2341 et
3201 2300 3298 2354 pro
3337 2300 3505 2348 opere
3537 2299 3633 2339 nc-

2024 2382 2225 2451 glecto,
2262 2396 2464 2449 negare
2491 2396 2597 2434 non
2626 2390 2875 2450 possunt.
2908 2377 3009 2446 Qui
3035 2388 3217 2431 autem
3251 2377 3487 2431 reddunt
3510 2390 3629 2445 qua:

2028 2473 2125 2529 Dei
2146 2484 2292 2538 sunt,
2329 2473 2439 2528 Deo
2460 2473 2569 2541 jam
2599 2472 2883 2527 debitores
2916 2487 3021 2524 non
3050 2480 3197 2523 sunt.
3242 2469 3351 2523 Nec
3379 2468 3625 2532 mireris,

2024 2565 2068 2619 si
2102 2566 2410 2621 debitorum
2445 2565 2824 2618 remissionem
2856 2563 3039 2616 taliter
3066 2562 3361 2616 mentiatur
3393 2560 3630 2614 homini-

2023 2654 2126 2709 bus
2161 2666 2183 2692 θ
2208 2670 2345 2725 quos
2376 2656 2474 2709 hac
2496 2666 2612 2708 arte
2640 2655 2891 2708 subtilius
2925 2664 3156 2707 conatur
3207 2652 3482 2715 occidere,
3532 2654 3630 2722 qui

2021 2747 2243 2802 Christo
2288 2764 2468 2802 rerum
2501 2747 2746 2801 omnium
2798 2745 3069 2800 conditori
3116 2760 3282 2799 ausus
3326 2754 3411 2799 est
3459 2759 3624 2814 regna

2022 2842 2207 2895 mundi
2242 2842 2586 2909 promittere,
2622 2854 2717 2893 sua
2756 2839 2847 2893 illa
2901 2854 3026 2893 esse
3083 2838 3429 2906 impudenter
3474 2853 3627 2893 asse-

2019 2934 2211 2988 rendo.
2246 2933 2368 2987 ch
2399 2934 2573 2986 omnia
2610 2950 2719 2986 mea
2750 2942 2889 2993 sunt.
2940 2932 3135 2999 inquit,
3166 2940 3214 2984 et
3263 2934 3343 2984 cui
3383 2932 3519 2998 volo,
3555 2933 3625 2985 do

2017 3027 2131 3082 illa.
2164 3027 2240 3081 Tu
2271 3028 2446 3095 itaque
2474 3028 2518 3078 si
2560 3026 2831 3095 procidens
2869 3024 3166 3078 adoraveris
3200 3040 3301 3089 me,
3348 3034 3496 3076 erunt
3536 3032 3626 3077 tua

2016 3120 2190 3173 omnia
2224 3118 2434 3190 (Matth.
2468 3119 2562 3187 tv).
2595 3118 2640 3171 0
2673 3116 3053 3171 inenarrabilis
3081 3114 3287 3169 Christi
3334 3114 3627 3184 patientia,

314 3216 422 3264 tam
456 3212 769 3276 referendo,
796 3220 1028 3267 testatur
1062 3230 1075 3266 :
1122 3212 1344 3266 Postula
1379 3230 1409 3265 a
1436 3229 1536 3281 me,
1571 3224 1620 3267 et
1647 3214 1782 3268 dabo
1824 3216 1914 3269 tibi
1942 3211 1989 3275 ί]
2020 3228 2141 3279 qua:
2173 3211 2371 3264 idcirco
2399 3217 2729 3264 tcutatorem
2762 3209 2909 3280 loqui
2945 3209 3241 3278 permittit,
3274 3218 3334 3261 ut
3364 3217 3624 3276 suscepto

313 3314 484 3375 gentes
529 3304 887 3359 ha’reditatem
936 3315 1100 3371 tuam,
1135 3317 1181 3358 et
1217 3308 1593 3375 possessionem
1638 3317 1778 3361 tuam
1812 3318 1915 3361 ter-

312 3396 481 3450 minos
509 3406 656 3451 terra:
690 3397 811 3460 (Ps.
844 3414 915 3463 ll,
949 3398 1031 3467 8).
1080 3400 1145 3452 fit
1172 3400 1371 3453 iterum
1410 3418 1421 3453 :
1475 3401 1731 3465 Quoniam
1761 3402 1912 3473 elegit

310 3486 409 3540 sibi
455 3487 707 3543 Dominus
762 3489 948 3553 Jacob,
988 3500 1035 3543 et
1068 3488 1241 3543 Israel
1297 3492 1349 3543 in
1396 3493 1766 3561 possessionem
1813 3494 1914 3547 sibi

313 3577 429 3651 (Ps.
463 3595 678 3646 cxxxtv,
715 3581 793 3652 4).
840 3582 1042 3637 Videas
1072 3596 1203 3652 ergo
1256 3582 1397 3637 Deus
1450 3584 1504 3638 in
1530 3590 1763 3639 tantum
1799 3587 1910 3640 dae-

313 3672 493 3727 monis
520 3674 801 3729 audaciam
850 3676 1192 3744 prorupisse,
1252 3684 1309 3728 ttt
1365 3692 1504 3745 quos
1550 3677 1912 3731 correctionis

309 3779 470 3819 causa
506 3774 722 3821 tentare
753 3768 927 3821 solum
960 3770 1259 3836 permissus
1307 3768 1503 3833 fuerat,
1539 3772 1908 3840 usurpaverit,

308 3868 364 3912 et
396 3859 699 3921 necaverit.
734 3872 755 3897 ε
790 3863 1159 3915 comminatur
1182 3860 1259 3915 illi
1293 3862 1701 3930 expulsiooem,
1746 3863 1910 3936 352

308 3960 368 4004 ut
397 3951 701 4005 immanitas
730 3952 870 4022 ejus,
907 3964 1054 4006 metu
1085 3955 1310 4008 ultionis
1362 3956 1726 4009 interminata:
1760 3960 1907 4011 fran-

306 4055 485 4115 gatur.
524 4046 592 4101 At
622 4046 716 4100 ille
746 4048 1137 4116 nequissimus,
1174 4048 1459 4103 hominum
1494 4060 1732 4106 mortem
1761 4068 1911 4121 quae-

307 4148 449 4192 stum
474 4155 629 4193 suum
657 4150 1007 4208 computans,
1040 4151 1235 4195 :esmat
1256 4141 1475 4207 anxius,
1502 4140 1526 4178 ί¹
1553 4145 1696 4212 quod
1723 4145 1910 4199 Domi-

305 4247 408 4286 nus
436 4233 485 4287 ei
534 4243 861 4301 potestatem
916 4234 1233 4289 dominandi
1286 4237 1571 4291 ablaturus
1625 4250 1800 4305 esset;
1855 4248 1910 4295 et

306 4325 560 4394 quoniam
604 4339 705 4379 nec
735 4326 949 4394 operari
983 4326 1185 4381 bonum
1219 4330 1356 4393 vult,
1384 4338 1438 4382 et
1472 4339 1656 4397 petere
1688 4330 1907 4385 miseri-

306 4416 545 4470 cordiam
581 4417 852 4485 paenitens
879 4418 1182 4485 erubescit,
1212 4430 1647 4488 argumentatur,
1680 4438 1909 4491 quomo-

304 4507 374 4561 tlo
406 4509 699 4575 prtcvaleat
725 4508 1007 4563 debitores
1044 4511 1254 4564 Domini
1287 4512 1371 4565 sui
1416 4513 1491 4583 (id
1535 4521 1620 4567 est
1652 4524 1904 4582 peccato-

2020 3303 2227 3358 homini
2261 3312 2434 3356 artem
2466 3301 2770 3370 praeliaudi,
2803 3314 2967 3368 atque
2998 3300 3271 3368 vincendi,
3312 3301 3364 3353 in
3409 3308 3615 3355 semet-

2019 3396 2139 3464 ipso
2170 3395 2608 3450 demonstraret!
2638 3392 2683 3449 0
2710 3393 2935 3449 efl'reuis
2977 3393 3180 3447 diaboli
3216 3393 3495 3448 mendacis
3522 3409 3621 3447 au-

2016 3488 2167 3542 dacia
2195 3488 2210 3542 l
2247 3488 2413 3541 Deum
2445 3488 2632 3550 sentit,
2667 3496 2722 3540 et
2750 3496 2918 3540 teutat
2946 3505 2957 3538 :
2994 3486 3285 3540 Dominum
3324 3486 3471 3539 novit
3500 3485 3621 3540 uni-

2014 3596 2189 3636 versae
2217 3594 2505 3645 creaturae,
2529 3580 2615 3634 cui
2639 3594 2732 3634 sua
2758 3596 2879 3634 esse
2905 3581 3088 3634 mundi
3124 3598 3286 3645 regna
3316 3580 3609 3647 mentitur;

2014 3686 2068 3729 et
2095 3676 2143 3730 ei
2172 3692 2230 3730 se
2262 3676 2579 3745 largiturum
2614 3676 3020 3745 possessionem
3054 3673 3071 3711 ί
3108 3674 3428 3729 creabilium
3458 3673 3618 3744 polli-

2014 3779 2168 3826 cetur
2185 3785 2454 3838 perquem
2470 3778 2651 3822 creata
2670 3783 2789 3822 esse
2806 3769 2986 3823 omnia
3004 3785 3108 3821 non
3127 3769 3357 3835 ignorat.
3376 3768 3450 3821 Ab
3467 3769 3617 3822 initio

2014 3866 2182 3923 enim.
2213 3863 2374 3934 353
2406 3863 2543 3916 sicut
2574 3863 2839 3928 scriptum
2871 3870 2990 3921 est,
3014 3861 3273 3914 homicida
3301 3861 3401 3930 fuit
3427 3859 3611 3912 diabo-

2015 3958 2117 4019 lus,
2153 3966 2198 4009 et
2233 3959 2282 4010 in
2306 3957 2517 4009 veritate
2543 3972 2646 4007 non
2675 3956 2835 4019 stetit,
2866 3955 2989 4022 quia
3014 3954 3201 4006 veritas
3232 3969 3336 4005 non
3366 3962 3441 4006 est
3474 3954 3531 4005 in
3553 3968 3613 4005 eo

2015 4052 2197 4121 (Joan.
2224 4066 2346 4113 vtu,
2375 4048 2493 4118 44).
2526 4048 2632 4103 Sed
2660 4048 2770 4117 jam
2801 4047 2865 4102 ad
2911 4050 3055 4116 ipsas
3086 4046 3156 4102 de
3188 4046 3385 4117 quibus
3413 4046 3614 4114 quieri-

2013 4155 2122 4211 tur,
2152 4145 2366 4216 species
2396 4146 2707 4211 veniamus,
2742 4142 3031 4202 Triticum,
3067 4142 3394 4209 sicutsupra
3429 4140 3611 4210 tetigi-

2013 4256 2133 4295 mus
2160 4281 2175 4307 ,
2211 4240 2343 4293 fides
2371 4238 2576 4292 Christi
2626 4246 2745 4302 est,
2793 4237 2919 4291 vitae
2965 4237 3214 4289 humana?
3256 4235 3609 4305 principium.

2012 4330 2116 4384 Hic
2155 4332 2298 4383 enim
2343 4338 2418 4383 est
2460 4330 2608 4395 panis
2647 4330 2787 4383 vivus
2810 4370 2824 4393 ,
2852 4330 2940 4396 qui
2971 4328 3035 4382 de
3082 4325 3207 4382 caelo
3231 4328 3489 4381 descendit
3518 4369 3534 4391 ,
3564 4336 3611 4380 et
3680 4336 3687 4343 ‘

2010 4424 2166 4475 vitam
2190 4424 2279 4475 dat
2300 4422 2421 4475 huic
2448 4422 2641 4475 mundo
2670 4421 2852 4491 (Joan.
2884 4436 2968 4486 γι,
2999 4421 3115 4487 55).
3148 4420 3213 4473 Et
3247 4420 3443 4474 iterum
3476 4418 3611 4473 dicit

2013 4517 2129 4586 ipse
2156 4534 2167 4568 :
2202 4517 2307 4581 Qui
2338 4517 2502 4569 credit
2537 4517 2587 4567 in
2612 4530 2694 4567 me
2722 4559 2735 4581 ,
2771 4514 2974 4567 etiamsi
3006 4523 3242 4567 mortuus
3272 4514 3449 4581 fuerit,
3480 4515 3610 4566 vivet

303 4614 423 4654 rum
454 4600 659 4654 debitis
712 4601 1006 4671 involutos)
1053 4616 1159 4656 non
1208 4611 1419 4656 tantum
1468 4614 1658 4673 aperto
1707 4605 1901 4674 prmlio
1929 4608 1983 4668 D
2013 4610 2197 4681 (Joan.
2232 4628 2282 4665 xl
2308 4652 2323 4675 ,
2350 4610 2468 4679 25).
2503 4611 2696 4663 Oleum
2722 4625 2852 4663 vero
2887 4611 3025 4661 bona
3060 4618 3187 4662 sunt
3229 4622 3393 4677 opera
3424 4648 3438 4669 ,
3488 4621 3612 4675 quae

304 4694 579 4764 persequi,
614 4697 707 4749 sed
736 4695 897 4749 etiam
944 4696 1045 4751 sub
1095 4707 1359 4765 pra'textu
1406 4698 1617 4753 fallacis
1664 4700 1903 4754 benevo-

304 4785 507 4852 lentiae,
550 4787 741 4843 blanda
777 4789 966 4843 fraude
1004 4790 1287 4859 decipere,
1321 4806 1429 4860 quo
1460 4792 1635 4861 magis
1680 4808 1806 4848 eum
1849 4794 1900 4846 in

374 4956 399 4983 ⁸
441 4946 587 5000 Vatt.
641 4948 749 5001 duo
779 4956 834 5001 et
877 4946 1014 5003 Urb.
1066 4947 1234 5011 Etliti,
1296 4948 1535 5013 pretiosa:
1583 4950 1710 5018 ﬁdei
1764 4966 1908 5003 erro-

300 5034 409 5071 rem
438 5032 455 5079 ,'
484 5018 579 5071 sed
614 5019 961 5083 perniciosum
989 5018 1113 5084 ﬁdei
1133 5034 1356 5071 errorem
1390 5019 1553 5072 habet
1574 5024 1737 5074 etiam
1769 5021 1907 5075 liber

303 5089 645 5150 I’autagathi.

374 5159 399 5195 δ
447 5160 586 5211 Vatt.
619 5160 750 5221 duo,
783 5160 851 5211 ad
890 5160 1286 5225 correptionem.
1334 5159 1593 5226 Suspicor
1637 5162 1899 5224 scriptum

300 5230 469 5284 fuisse
498 5230 567 5283 ad
594 5233 969 5295 correptionem
996 5233 1194 5300 generis
1220 5232 1433 5283 humani
1467 5229 1662 5284 saeculo
1692 5234 1776 5285 isti
1802 5234 1901 5285 im-

300 5302 487 5354 missus
533 5312 645 5363 est;
680 5314 727 5353 at
766 5300 1047 5354 nit-liorem
1085 5300 1297 5355 czeteris
1348 5302 1635 5355 lectionem
1681 5304 1903 5357 exhibet

297 5374 419 5427 cod.
448 5372 769 5444 (Pantagathi
806 5389 818 5423 :
852 5372 921 5422 ad
964 5373 1333 5425 correctionem
1377 5374 1575 5444 generis
1602 5374 1817 5427 humani
1846 5376 1900 5428 in

298 5443 490 5499 stet'ulo
513 5445 612 5497 isto
642 5443 889 5497 dimissus
913 5452 1006 5494 est.

374 5527 393 5550 ο
429 5518 517 5570 Sic
539 5515 676 5569 Vatt.
716 5516 847 5573 duo,
883 5527 931 5565 et
964 5512 1095 5567 Urb.
1124 5512 1263 5565 Editi
1292 5514 1654 5575 comminatus,
1689 5525 1741 5569 et
1772 5529 1907 5583 pau-

302 5585 355 5639 lo
404 5596 526 5652 post
574 5587 940 5647 interminata,
988 5600 1087 5654 pro
1118 5598 1226 5652 quo
1256 5599 1318 5638 ex
1358 5584 1499 5637 Vatt.
1558 5591 1903 5653 reposuunus

300 5655 680 5720 interminatw;
718 5671 1001 5725 utramque
1049 5669 1215 5725 porro
1262 5656 1703 5725 emendationem
1752 5658 1903 5713 fulcit

301 5726 470 5795 etiam
503 5728 627 5781 cod.
662 5724 1003 5795 Pantagathi.
1052 5724 1061 5725 ί
1649 5724 1669 5738 “

375 5792 399 5831 ιι
445 5792 502 5850 1η
530 5797 690 5851 editis
716 5792 933 5854 additur
953 5796 1221 5867 particula
1247 5799 1670 5867 coniunctionis,
1705 5798 1799 5855 sed
1830 5800 1901 5853 vis

2014 4719 2118 4756 non
2150 4702 2414 4756 habentes
2448 4701 2553 4753 illze
2587 4701 2827 4768 virgines
2858 4700 3022 4752 fatuae
3052 4698 3269 4770 (Matth.
3307 4696 3443 4768 xxv)
3474 4739 3487 4761 ,
3513 4712 3612 4751 ex-

2006 4794 2224 4849 stinctis
2255 4794 2563 4846 animarum
2598 4807 2817 4845 suarum
2851 4791 3197 4859 lampadibus
3228 4830 3242 4855 ,
3288 4789 3341 4843 in
3373 4788 3616 4845 tenebris

2016 4950 2251 5004 dehatur
2278 4953 2483 5011 otiosa;
2520 4949 2703 5015 legunt
2733 4947 2877 5019 enim
2910 4948 3049 5016 quod
3089 4946 3343 5003 Dominus
3368 4951 3416 5003 ei
3438 4959 3486 5002 et
3518 4966 3614 5019 po-

2020 5030 2273 5073 testatem.
2309 5020 2451 5072 Vatt.
2486 5019 2614 5089 duo,
2647 5020 2788 5088 quod
2818 5016 2958 5071 Deus
3008 5021 3052 5070 ei
3096 5029 3417 5089 potestatem.
3450 5016 3614 5077 Liber

2017 5092 2359 5153 I’antagatlti,
2391 5090 2527 5156 quod
2562 5088 2817 5143 Dominus
2846 5090 2894 5142 ei
2926 5088 3247 5156 potestatem.

2088 5174 2107 5199 ο
2152 5163 2280 5220 Mss.
2314 5162 2424 5224 sic;
2453 5162 2583 5214 editi
2629 5176 2773 5232 vero
2809 5161 3067 5215 mendose
3114 5179 3243 5232 quos
3292 5163 3387 5216 hac
3440 5174 3607 5222 parte.

2011 5232 2177 5287 Liber
2208 5232 2554 5302 Pantagathi,
2585 5249 2716 5303 quos
2756 5231 2855 5284 hac
2883 5242 2995 5285 arte
3028 5231 3267 5286 subtilius
3314 5236 3495 5304 fallere
3522 5251 3610 5287 co-

2010 5314 2184 5357 natur.

2088 5373 2106 5411 ί
2151 5376 2203 5429 In
2238 5375 2374 5429 libro
2413 5373 2755 5441 Pantagathi,
2795 5372 3068 5440 crealium,
3132 5375 3271 5441 quod
3330 5375 3605 5431 editorum

2012 5446 2229 5501 lectioni
2260 5447 2494 5512 acredit,
2531 5447 2785 5513 idemque
2815 5446 3077 5499 exhibent
3106 5448 3268 5498 etiam
3293 5445 3435 5499 \‘att.
3466 5448 3607 5513 tltto;

2008 5519 2101 5573 sed
2129 5521 2178 5571 in
2211 5532 2313 5571 tos.
2344 5518 2660 5584 I’anlztgatlti
2688 5518 2752 5569 ad
2782 5532 2930 5570 oratu
2958 5518 3165 5583 pagina:
3200 5519 3498 5582 repositum
3522 5530 3607 5574 est

2008 5597 2390 5650 creaturarum,
2420 5592 2560 5657 quod
2596 5590 2775 5641 minus
2811 5589 3061 5654 ὼενιίενι
3084 5626 3100 5649 ,
3158 5603 3281 5639 nam
3332 5604 3451 5657 qum
3485 5589 3604 5642 dia-

2006 5659 2166 5715 bolus
2214 5660 2435 5714 Christo
2469 5661 2840 5728 promittebat,
2899 5674 3006 5712 non
3062 5661 3310 5726 profecto
3358 5658 3605 5714 creabilia

2007 5742 2189 5798 erant,
2216 5731 2309 5788 sed
2334 5732 2540 5801 jamdiu
2566 5741 2767 5785 creata.
