4096 6192
347 379 450 439 98l

1194 373 1427 433 SERMO
1468 369 1610 440 XIX,
1653 372 1743 429 DE
1786 367 2100 428 DIVERSIS
2141 367 2505 427 CAPITULIS
2545 365 2794 425 NONUS.

3541 364 3650 422 982

352 508 780 566 conservantes,
838 507 892 555 et
960 510 1058 567 pro
1114 511 1180 550 eo
1239 494 1484 550 membra
1535 493 1714 546 omnia
1773 503 1951 562 perse-
1979 498 2022 552 Α
2056 489 2411 560 responderet
2454 507 2466 542 :
2505 489 2606 558 Qui
2654 501 2733 543 me
2764 489 2920 557 videt,
2967 488 3102 542 videt
3135 494 3181 542 et
3227 486 3434 543 Patrem
3463 484 3645 554 (Joun.

349 597 633 652 coloribus
677 594 839 668 355
888 592 1175 647 laceranda
1231 591 1532 656 tradentes,
1567 598 1622 642 ttt
1667 586 1800 641 lt‘des
1823 587 1943 650 Dei,

349 706 476 761 qum
497 695 664 757 caput
683 687 874 742 salutis
898 702 960 740 ac
990 687 1115 740 vita:
1153 691 1354 738 nostra:
1399 692 1504 749 e.-t,
1531 697 1661 736 sana
1688 691 1742 736 et
1770 680 1944 735 invul-

348 795 540 841 nerata
567 789 944 853 permaneat.a
967 781 1333 849 Quapropter,
1361 775 1740 840 dilectissime,
1765 772 1946 828 imite-

346 893 474 948 mttr_
499 875 846 947 prudentiam
876 873 1043 928 villici
1069 872 1248 942 itnjus,
1284 887 1390 925 non
1424 867 1704 940 perfidiam
1737 885 1749 919 :
1776 881 1944 920 tentu-

344 973 526 1028 lemttr
591 970 848 1025 astutiam
914 969 1074 1040 ejus,
1132 983 1236 1023 non
1285 980 1560 1022 sectemur
1619 965 1938 1033 nequitiam.

344 1065 621 1132 Quantum
666 1063 757 1117 ille
801 1062 852 1116 itt
885 1077 1052 1131 opere
1081 1060 1382 1130 iniquitatis
1403 1073 1514 1112 sum
1539 1055 1768 1112 nocendi
1798 1055 1944 1126 peri-

345 1170 430 1215 tus
482 1167 584 1224 est,
623 1167 829 1212 tantum
878 1171 978 1210 nos
1023 1157 1219 1209 studiis
1267 1151 1599 1207 salutaribus
1630 1150 1849 1208 eruditi.
1887 1153 1942 1204 et

343 1255 492 1311 omni
529 1253 818 1323 prudentia
867 1249 1138 1316 instructi,
1176 1259 1338 1319 atque
1369 1249 1560 1302 armati
1605 1262 1726 1302 esse
1768 1244 1939 1300 debe-

343 1361 464 1403 mus
493 1365 503 1399 :
542 1346 825 1400 lndueutes
850 1359 946 1398 nos
970 1341 1117 1412 ipsos
1149 1341 1363 1394 loricam
1393 1339 1537 1410 ﬁdei,
1572 1350 1616 1392 et
1635 1339 1830 1410 galeam
1855 1354 1940 1391 sa-

344 1441 465 1496 lutis
486 1440 526 1508 (Ι
549 1437 730 1493 Thess.
755 1440 833 1505 ν),
865 1449 910 1490 et
941 1436 1172 1507 gladium
1199 1435 1409 1506 spiritus
1448 1431 1601 1502 (Sep.
1639 1431 1714 1500 vi,
1743 1442 1790 1484 et
1819 1446 1940 1484 scu-

325 1543 450 1588 .tum
473 1532 870 1604 inexpugnabile
898 1529 1174 1600 tequitatis,
1217 1527 1268 1580 in
1291 1543 1390 1595 quo
1417 1527 1692 1598 possimus,
1727 1533 1784 1576 ut
1813 1525 1940 1577 ltor-

341 1638 487 1684 tatur
536 1626 870 1695 Apostolus,
917 1625 1091 1678 omnia
1131 1623 1316 1692 jacula
1356 1619 1656 1690 nequissimi
1700 1615 1936 1671 ardentia

341 1719 668 1790 e.r.~;tiuguere
700 1713 916 1785 (Ep/tes.
949 1713 1022 1786 vt)
1062 1733 1073 1776 ;
1108 1730 1174 1768 ne
1203 1729 1300 1766 nos
1328 1713 1579 1766 incautos
1628 1713 1929 1781 suggestioo

341 1829 468 1866 num
497 1827 715 1866 suarum
745 1809 970 1877 spiculis
1018 1805 1349 1877 ubicumque
1399 1806 1662 1873 conligat,
1694 1821 1760 1858 ne
1791 1806 1935 1858 iner-

2049 595 2157 649 κεν,
2193 582 2251 653 9)
2279 599 2292 646 ;
2323 596 2445 637 cum
2479 582 2652 636 beatis
2697 581 2974 652 Apostolis
3005 583 3368 635 communiter
3399 582 3620 650 loquere

2052 688 2136 731 tttr
2165 696 2177 730 :
2209 676 2413 731 Credite
2438 677 2587 741 mihi,
2627 681 2745 747 quia
2776 694 2867 748 ego
2912 678 2964 730 iu
3001 676 3176 742 Patre,
3210 687 3257 731 et
3291 669 3449 730 Pater
3478 677 3529 728 in
3563 690 3644 730 me

2046 780 2118 824 est
2144 769 2324 838 (Joan.
2368 786 2476 833 xw,
2528 768 2638 839 ll).
2693 769 2824 822 Post
2870 771 2982 823 luce
3037 785 3188 840 ergo,
3225 777 3280 822 et
3334 765 3645 823 istiusmodi

2047 862 2240 926 multa,
2275 863 2471 931 quibus
2511 861 2751 932 ὁμούσιον
2781 877 2837 913 se
2865 877 2986 915 esse
3019 878 3143 915 cum
3179 861 3336 915 Patre
3368 860 3640 929 probavit,

2045 963 2100 1007 et
2145 953 2389 1022 ejusdem
2431 955 2688 1008 essentite
2716 996 2728 1016 ,
2767 968 2910 1006 nunc
2957 953 3166 1021 aliquid
3197 953 3449 1006 illaturus
3499 950 3643 1022 quod

2048 1045 2286 1100 robustis
2327 1048 2378 1100 in
2409 1045 2511 1100 fide
2543 1046 2818 1099 mentibus
2847 1045 3236 1114 plenitudinem
3279 1044 3518 1100 scientias
3550 1061 3645 1099 cu-

2047 1139 2306 1204 mularet,
2336 1137 2652 1207 scrupulum
2686 1138 2887 1202 dubiis,
2927 1139 3149 1207 perfidis
3175 1137 3469 1192 fon‘tentum
3500 1138 3644 1192 blas-

2045 1232 2278 1301 phemia:
2319 1233 2657 1286 ministraret
2691 1231 2971 1303 (quoniam
3021 1248 3200 1285 sermo
3233 1231 3329 1286 Dei
3363 1232 3518 1300 (Luc.
3564 1247 3639 1298 XI,

2043 1325 2136 1396 3-4)
2181 1326 2378 1394 positus
2426 1333 2498 1378 est
2537 1327 2591 1378 in
2633 1327 2858 1390 ruinam,
2904 1338 2950 1380 et
2978 1326 3401 1379 resurrectionem
3449 1327 3640 1379 multo-

2044 1418 2204 1488 rum),
2238 1419 2563 1486 pnemottuit
2588 1418 2840 1472 undecim
2874 1417 3063 1472 beatos
3093 1415 3408 1489 Apostoios,
3449 1419 3644 1473 simul-

2042 1526 2150 1580 que
2179 1509 2302 1563 fidei
2345 1527 2532 1564 eorum
2577 1511 2807 1580 vestigia
2855 1523 3169 1574 secuturos,
3199 1526 3267 1565 ne
3317 1511 3381 1564 ad
3407 1511 3643 1566 auditio-

2043 1618 2164 1656 nem
2187 1601 2495 1673 proferendi
2545 1603 2816 1656 sermonis
2848 1601 2865 1639 τ
2897 1603 3192 1657 turbellam
3225 1618 3378 1657 mens
3407 1603 3636 1672 alicujus

2043 1703 2339 1764 pateretur.
2397 1693 2481 1748 Ne
2531 1695 2782 1761 turbetur,
2815 1695 3012 1766 inquit,
3051 1712 3140 1750 cor
3184 1705 3428 1764 vestrum,
3479 1713 3638 1766 neque

2041 1788 2302 1857 formidet.
2326 1788 2560 1841 Audistis
2589 1790 2711 1858 quia
2741 1803 2832 1858 ego
2873 1789 2982 1842 dixi
3009 1788 3182 1842 vobis:
3217 1789 3375 1850 vado,
3414 1800 3458 1841 et
3490 1789 3634 1842 venio

339 1920 457 1960 mes
485 1903 784 1972 opprimat,
837 1916 903 1954 ne
948 1898 1233 1954 interficiat
1266 1897 1601 1953 dormientes
1631 1912 1644 1960 ;
1681 1913 1746 1948 ne
1773 1907 1826 1949 et
1856 1895 1933 1949 vi-

2037 1883 2106 1933 ad
2131 1898 2235 1933 ros.
2271 1882 2332 1934 Si
2383 1882 2662 1952 diligeretis
2696 1897 2794 1943 me,
2821 1882 3108 1952 guuderetis
3136 1881 3330 1944 utique,
3363 1882 3484 1951 quia
3508 1882 3636 1934 vado

339 1999 598 2068 gilantes,
620 2008 675 2050 et
694 2005 952 2057 armatos,
981 1993 1025 2047 si
1049 2007 1204 2046 usum
1228 1990 1578 2061 belligerandi
1599 1990 1931 2056 nesciamus,

339 2089 646 2146 interimat.
678 2086 706 2124 δ
738 2087 1132 2142 Prudentiores
1161 2084 1305 2140 enim
1353 2087 1698 2154 reperiuntur
1757 2084 1928 2137 inter-

340 2183 469 2238 dum
500 2183 726 2252 spiritus
756 2178 1047 2243 immundi,
1081 2196 1213 2246 qnos
1249 2176 1391 2230 ﬁlios
1419 2179 1634 2242 surculi,
1668 2175 1718 2229 id
1749 2186 1831 2230 est
1857 2184 1934 2229 te-

337 2277 633 2331 nebrarum
663 2273 827 2338 ﬁlios,
849 2271 1107 2325 Dominus
1130 2278 1425 2338 nuncupat,
1457 2283 1614 2338 quam
1642 2268 1734 2320 lilii
1770 2265 1928 2329 lucis,

336 2385 474 2440 quos
506 2369 668 2434 lietts,
699 2365 789 2434 qui
835 2366 921 2419 lux
957 2375 1062 2428 est,
1100 2365 1152 2417 itt
1185 2359 1534 2431 adoptionem
1570 2362 1803 2416 lilinrunt
1837 2375 1929 2413 vo-

336 2475 465 2514 care
498 2459 748 2529 dignatur
769 2470 788 2494 σ
827 2473 927 2528 per
976 2455 1176 2508 lavacri
1208 2454 1448 2508 etelestis
1479 2461 1812 2506 sacramenta
1840 2467 1926 2506 rc-

335 2565 514 2608 natos.
545 2548 570 2589 ἀ
602 2549 758 2614 Vale,
790 2554 842 2604 in
869 2550 1091 2603 Citrism
1121 2546 1444 2602 citarissinte
1477 2545 1572 2600 liii.

882 2661 1154 2724 SERMO
1199 2662 1378 2722 XIX.

619 2783 703 2825 DE
733 2781 1023 2826 DIVEBSIS
1056 2780 1384 2825 CAPITULIS
1415 2779 1642 2823 NONUS.

401 2867 510 2922 Seu
542 2865 830 2936 reaponsio
860 2865 1106 2934 ejusdem
1139 2864 1199 2919 S.
1237 2863 1498 2933 Episctipi
1524 2864 1591 2919 ad
1629 2864 1854 2919 Pauiunt

964 2957 1280 3023 diaconum,

331 3051 412 3106 De
458 3068 517 3106 ea
544 3051 682 3123 quod
735 3049 984 3104 Dominus
1020 3046 1176 3102 Iesus
1217 3047 1478 3118 Apostolis
1518 3067 1528 3102 :

923 3142 1091 3211 major
1131 3157 1208 3194 nte
1245 3150 1337 3194 est.

1575 3049 1708 3116 Quia
1764 3049 1926 3105 Pater

2036 1975 2107 2026 ad
2143 1973 2349 2027 Patrem
2379 1976 2540 2042 :quia
2601 1973 2760 2026 Pater
2818 1975 2987 2043 maior
3033 1991 3109 2028 tne
3161 1985 3240 2029 est
3289 1973 3473 2046 (Joan.
3516 1988 3631 2041 xw,

2035 2068 2128 2130 27.
2158 2065 2273 2137 es).

2111 2161 2258 2214 lianc
2316 2160 2522 2213 habent
2592 2160 2834 2213 haeretici
2893 2160 3077 2214 Ariani
3138 2168 3162 2205 8
3207 2159 3630 2213 famosissimum

2035 2253 2416 2323 qua-stionem,
2450 2267 2552 2319 qua
2572 2251 2770 2306 Filium
2799 2250 2894 2306 Dei
2925 2267 3018 2307 ore
3046 2252 3333 2322 sacrilego,
3366 2253 3632 2306 minorem

2035 2346 2194 2399 Patre
2253 2361 2353 2399 suo
2411 2357 2533 2399 esse
2598 2347 2956 2410 contendant,
3024 2345 3194 2412 ipsius
3257 2346 3632 2398 testimOnintn

2033 2437 2194 2510 357
2227 2436 2593 2507 prob-rentes,
2642 2440 2894 2504 quoniam
2929 2438 3043 2489 ait:
3083 2438 3216 2502 Quia
3267 2433 3428 2490 Pater
3465 2437 3633 2507 major

2035 2548 2115 2583 n.e
2151 2539 2244 2583 est.
2305 2530 2595 2583 Excurruvit
2647 2545 2732 2582 eos
2777 2530 3011 2595 nequitia
3057 2529 3228 2581 cordis
3259 2543 3437 2582 eorum
3474 2529 3633 2600 (Sep.

2032 2638 2091 2686 tt,
2125 2623 2242 2689 21),
2286 2638 2352 2675 tte
2382 2637 2451 2675 ex
2499 2620 2758 2674 anu-latis
2789 2619 3135 2674 sermonibus
3166 2619 3434 2674 rationem
3496 2621 3629 2673 dicti

2033 2715 2194 2782 ltujos
2227 2726 2586 2782 agnoscerent
2617 2731 2630 2778 ;
2668 2715 2750 2767 vel
2799 2715 2983 2783 potius
3017 2729 3084 2768 ne
3128 2715 3411 2768 veritatem
3445 2713 3632 2783 cogni-

2031 2816 2139 2860 tam
2171 2817 2549 2876 sequerentur.
2586 2805 2791 2874 Duplex
2834 2815 2914 2860 est
2948 2807 3000 2858 in
3032 2805 3255 2860 Cbristo
3282 2806 3583 2860 substantia
3613 2822 3627 2870 ;

2031 2897 2057 2935 ιι
2087 2915 2189 2952 una
2217 2900 2452 2967 ιιι-οιιτὶιι,
2489 2897 2595 2952 alia
2637 2905 2822 2952 nostra
2861 2898 2972 2967 jam
3007 2913 3101 2952 sua
3128 2913 3141 2950 :
3172 2899 3225 2952 id
3249 2911 3328 2952 est
3358 2915 3459 2952 ttua
3495 2899 3615 2963 Dei,

2030 2990 2130 3045 alia
2163 2993 2417 3045 hominis.
2452 2991 2622 3046 Filius
2676 2992 2818 3046 enim
2872 2991 2994 3057 Dei,
3025 3006 3088 3046 ex
3122 3006 3230 3060 quo
3258 3005 3380 3044 eum
3415 2991 3622 3045 illibata

2032 3083 2198 3153 Virgo
2229 3085 2460 3154 peperit,
2493 3082 2561 3137 de
2592 3082 2794 3149 Spiritu
2854 3093 3045 3136 sancto
3084 3087 3439 3149 conceptum,
3468 3095 3630 3151 atque

2032 3178 2133 3231 hoc
2161 3192 2361 3244 genere
2394 3175 2661 3230 nascendi
2693 3175 2918 3229 Verbum
2943 3189 3065 3228 caro
3091 3178 3285 3246 factum
3319 3183 3413 3241 est,
3448 3185 3495 3227 et
3523 3173 3624 3226 Ita-

400 3255 565 3327 856
593 3255 731 3310 Ante
763 3255 924 3310 Istum
959 3255 1098 3308 sacri
1144 3254 1417 3323 Evangelii
1474 3255 1678 3322 locum,
1707 3257 1867 3326 cujus
1892 3269 1920 3312 ο

2032 3269 2208 3322 bitaeit
2239 3270 2290 3321 in
2320 3269 2466 3321 nobis
2506 3265 2688 3338 (Joan.
2725 3266 2810 3336 t);
2865 3266 3004 3320 ident
3062 3266 3225 3334 cmpit
3279 3279 3401 3319 esse
3459 3267 3624 3319 etiam

331 3362 420 3402 me
467 3349 881 3419 intelligentiam
917 3347 1060 3402 fideli
1115 3349 1296 3402 atudio
1345 3364 1441 3417 per
1491 3348 1698 3404 litteras
1728 3350 1922 3420 exigis,

335 3453 358 3480 ε
382 3443 552 3498 Paule
576 3444 763 3510 frater,
788 3445 972 3498 carnis
995 3458 1056 3496 ac
1083 3441 1310 3512 spiritus
1327 3447 1694 3512 germanitate
1711 3445 1918 3498 charis-

330 3537 490 3602 sime,
526 3537 759 3608 plurima
785 3535 1039 3590 Christus
1072 3536 1242 3590 Filius
1277 3536 1371 3590 Dei
1400 3537 1502 3589 vivi
1535 3538 1601 3589 de
1631 3536 1926 3590 divinitatis

331 3645 444 3684 sua:
472 3643 574 3683 una
601 3637 658 3684 et
691 3629 939 3699 perfecta
973 3644 1094 3682 cum
1148 3628 1310 3682 Patre
1357 3627 1655 3681 substantia
1711 3627 1926 3682 locutus

331 3738 453 3779 esse
493 3723 865 3794 cognoscitur,
889 3737 1012 3775 cum
1042 3723 1245 3774 diceret
1279 3719 1518 3774 Jttdmis:
1545 3717 1658 3791 Ego
1685 3729 1734 3772 et
1765 3717 1924 3772 Pater

331 3833 492 3872 unum
541 3832 719 3871 sumus
767 3815 951 3887 (Joau.
1009 3830 1056 3876 κ,
1093 3814 1381 3882 50);cuut
1428 3823 1617 3866 sancto
1674 3811 1926 3881 Philippo

406 3971 429 3995 ει
458 3957 547 4012 Sic
576 3956 721 4012 Flor.
751 3964 806 4011 et
846 3953 1001 4017 Urb.,
1032 3951 1230 4022 quibus
1258 3953 1566 4020 adjungitttr
1613 3955 1738 4008 eod.
1773 3953 1913 4009 Pan-

331 4029 557 4102 tagathi.
581 4026 706 4102 Cttsi
742 4043 754 4080 :
789 4027 1137 4102 Quapropter,
1172 4025 1535 4102 dilectissimi;
1582 4032 1637 4078 at
1668 4026 1919 4102 Gauden-

333 4095 439 4158 tius
471 4097 763 4167 alloquitur
785 4099 1134 4160 Serminium,
1161 4107 1253 4149 aut
1279 4095 1639 4160 Herminium,
1666 4097 1730 4149 ad
1755 4111 1914 4165 quem

334 4183 597 4228 tractatus
631 4171 757 4235 iste,
815 4185 908 4223 seu
955 4169 1181 4238 epistula
1235 4168 1721 4238 cottscriptaiest;
1775 4170 1916 4224 unde

331 4247 494 4299 etiam
552 4241 711 4309 paulo
754 4250 875 4313 post
933 4240 1214 4294 concludit
1245 4256 1256 4291 :
1298 4239 1446 4304 Vale,
1475 4239 1528 4292 in
1553 4237 1762 4294 Christo
1793 4240 1916 4293 cha-

330 4317 528 4370 rissima
552 4313 647 4370 ﬁli.

403 4313 647 4440 z'gtll’zilt‘i.
694 4383 867 4437 Paris.
939 4390 991 4436 et
1036 4379 1152 4436 (τίει.
1201 4381 1362 4434 habet
1405 4381 1682 4451 prudentes
1738 4383 1915 4448 enim;

329 4458 502 4528 Lugd.
543 4470 780 4524 quoque,
812 4453 1087 4528 prurﬁzutes
1116 4454 1250 4508 enim
1283 4470 1300 4517 ;
1327 4457 1418 4506 scd
1454 4454 1614 4521 paulo
1647 4464 1759 4522 post
1791 4471 1918 4528 quos

330 4524 496 4601 magis
524 4528 664 4600 ﬁlios
691 4527 888 4601 urenti.
925 4524 1179 4580 Fortasse
1209 4529 1468 4601 scriptum
1502 4535 1644 4601 erat,
1691 4527 1921 4601 pruden—

330 4593 596 4654 tes'ett't'm
649 4593 856 4669 magis;
913 4612 1176 4669 Ittts__\'et‘0
1234 4598 1571 4669 pt'a‘tnlinttts
1612 4593 1918 4669 rleétiOttem

334 4671 480 4726 l‘lor.
515 4670 638 4724 cod.
669 4665 976 4722 et'duorum
999 4665 1352 4739 Vatt.,quam
1387 4667 1584 4721 deinde
1609 4668 1922 4722 invenimus

334 4747 494 4799 etiam
521 4745 569 4795 itt
595 4742 733 4798 libro
757 4738 1092 4808 Pantagathi.

412 4827 432 4854 ο
462 4812 664 4868 Versus
683 4825 763 4866 εει
799 4813 1135 4874 ltexanteter,
1169 4809 1322 4864 sicuti
1351 4811 1512 4864 etiam
1545 4811 1638 4866 ille
1669 4819 1735 4864 tr.
1775 4811 1793 4862 l
1839 4828 1850 4863 :

459 4903 566 4954 Non
592 4904 748 4966 potuit
766 4901 1043 4957 celebrare.
1069 4900 1292 4950 secundo
1319 4913 1491 4948 mense
1520 4900 1768 4949 celebret.

335 4988 411 5043 ita
439 4987 581 5054 apud
615 4986 947 5040 Eucherium
982 4985 1031 5038 in
1058 4982 1395 5037 i‘artenetico
1424 4982 1490 5036 ad
1521 4981 1867 5037 Valerianum
1908 4999 1920 5035 :

458 5079 519 5129 Et
541 5092 654 5128 cum
678 5087 912 5139 prospera
934 5079 1053 5136 sint,
1079 5084 1130 5126 te
1149 5087 1246 5124 non
1280 5077 1524 5125 meruisse
1546 5074 1734 5126 fateris.

332 5167 458 5222 Ha‘c
487 5169 756 5234 memorat
787 5163 1208 5234 Bartltittsinter
1239 5161 1539 5217 versiculos
1572 5164 1658 5234 qui
1690 5163 1922 5217 nolenti-

331 5239 430 5294 bus‘
461 5233 807 5299 exciderunt,
836 5234 875 5286 l.
900 5249 950 5287 tv
981 5232 1212 5288 Advers.
1240 5251 1288 5287 c.
1329 5237 1413 5287 l3.

400 5305 426 5344 ά
461 5307 585 5362 Haec
613 5304 893 5360 conclusio
917 5303 1068 5359 deest
1114 5307 1165 5358 in
1197 5319 1298 5358 ms.
1334 5299 1673 5371 Florentino,
1705 5303 1922 5363 deside-

332 5391 592 5445 ralttrqtte
612 5375 777 5431 etiam
808 5377 858 5428 itt
892 5377 1014 5430 cod.
1051 5376 1258 5430 Octavii
1292 5376 1632 5446 Pantagallti.

406 5461 428 5488 ε’
461 5449 734 5506 Discimns
762 5459 824 5502 ex
861 5447 962 5500 hoc
990 5447 1110 5501 loco
1144 5447 1308 5501 fuisse
1341 5447 1646 5502 Gaudentio
1672 5446 1920 5514 fratrem,

333 5523 551 5578 nomine
574 5521 822 5585 Paulum,
845 5519 999 5586 cujus
1031 5518 1081 5571 in
1111 5519 1325 5586 scriptis
1347 5520 1455 5572 suis
1484 5536 1676 5573 nomen
1709 5530 1923 5574 exstare

333 5595 501 5647 voluit
529 5610 560 5666 λ
598 5587 1068 5666 _qttet_ttadmo_d_t_tttt
1127 5602 1370 5666 exuat-en
1399 5591 1567 5666 voluit
1622 5590 1926 5666 _Greg0rius

335 5663 563 5719 Ca-sarii
592 5657 777 5732 fratris
805 5661 1303 5732 sui.giiieronymus
1332 5657 1660 5722 I’attlittiani,
1693 5657 1925 5716 Anthro-

342 5736 455 5788 sins
497 5731 694 5804 Satyri.
728 5732 846 5786 Non
900 5729 1098 5788 desunt
1130 5729 1271 5787 inter
1294 5735 1586 5804 smculares
1620 5733 1928 5802 Scriptores

343 5802 745 5874 qui'g,fratribtts
793 5805 904 5859 suis
945 5805 1088 5860 idem
1136 5802 1336 5858 amatis
1388 5803 1628 5858 ollicium
1659 5804 1931 5876 praeStite-

335 5877 465 5938 rint.

2034 3361 2204 3416 Filius
2258 3359 2494 3414 hominis
2537 3359 2710 3430 quiin
2762 3361 3031 3428 principio
3063 3365 3181 3412 erat
3233 3357 3379 3426 apud
3410 3357 3625 3412 Patrem

2028 3453 2198 3507 Filius
2227 3452 2343 3514 Dei,
2379 3451 2568 3520 utique
2602 3449 2743 3504 Deus
2772 3451 3030 3505 Verbum.
3067 3447 3271 3503 Exinde
3301 3463 3398 3517 per
3444 3451 3628 3504 incre-

2027 3553 2205 3598 menta
2233 3544 2432 3607 anatis,
2467 3543 2693 3597 Creator
2742 3550 3055 3610 temporum
3115 3540 3333 3611 prolicit
3363 3541 3417 3594 in
3447 3539 3624 3594 virum

2029 3637 2354 3706 perfectum,
2404 3645 2636 3690 testante
2684 3635 3067 3704 evangelista:
3123 3632 3266 3687 Puer
3315 3644 3485 3687 autem
3519 3647 3628 3686 cro-

2027 3708 2221 3789 scebat,
2251 3737 2297 3780 et
2328 3728 2743 3797 ronfortabatur,
2776 3737 2822 3779 et
2869 3725 3186 3795 implebatur
3244 3726 3506 3794 sapientia
3532 3741 3550 3789 ;
3577 3734 3628 3778 et

2028 3821 2198 3890 gratia
2234 3819 2327 3872 Dei
2381 3827 2491 3872 erat
2549 3819 2602 3871 in
2650 3818 2744 3871 illo
2776 3817 2929 3889 (Luc.
2974 3833 3046 3880 tv,
3080 3815 3195 3887 40).
3225 3818 3400 3882 Quem
3435 3817 3622 3886 profeo

2101 3957 2116 3993 ί
2149 3957 2320 4019 Flor.,
2357 3957 2486 4013 Urb.
2523 3966 2578 4011 et
2627 3955 2769 4010 Vati.
2821 3957 2929 4011 dtto
2963 3965 3313 4021 monuerunt,
3351 3956 3453 4010 hoc
3497 3955 3616 4010 loco

2023 4030 2400 4098 reponendum
2445 4044 2566 4082 esse
2611 4027 2918 4094 turbellant,
2969 4027 3112 4096 quod
3167 4030 3396 4081 omnino
3445 4025 3618 4096 magis

2021 4102 2279 4154 convenit
2313 4103 2378 4153 iis
2401 4115 2524 4167 quae
2569 4115 2697 4153 mox
2727 4101 3154 4169 subsequuntur,
3181 4113 3244 4152 ne
3275 4100 3506 4151 turbetur
3531 4109 3621 4149 cor

2019 4180 2260 4226 vestrum.
2296 4169 2539 4225 Tarbella
2569 4174 2712 4226 enim
2761 4187 2927 4238 parva
2959 4173 3114 4224 turba
3143 4177 3247 4228 est.
3280 4184 3444 4238 parva
3468 4183 3620 4222 come

2022 4248 2209 4310 motio,
2247 4253 2304 4297 ut
2331 4242 2471 4312 apud
2502 4242 2676 4298 Plaut.
2707 4241 2903 4296 l’seud.
2931 4254 3040 4296 act.
3075 4241 3116 4306 l,
3153 4256 3232 4296 sc.
3264 4257 3280 4296 ι
3319 4259 3332 4295 :

2144 4357 2252 4408 Scis
2276 4363 2326 4407 tu
2347 4358 2544 4419 quidem
2566 4358 2819 4408 hercle....

2148 4422 2254 4478 Quo
2278 4417 2418 4483 pacto
2442 4428 2493 4469 et
2517 4429 2722 4483 quantas
2739 4421 2925 4470 soleam
2956 4417 3184 4470 turbellas
3207 4417 3373 4482 darei

2024 4535 2078 4582 et
2108 4527 2366 4582 Baccltitl.
2399 4537 2508 4583 act.
2543 4527 2630 4590 IV.
2656 4542 2733 4582 sc.
2764 4545 2818 4582 ιχ
2857 4545 2870 4583 :
2905 4526 3102 4582 Tantas
3162 4525 3430 4582 turbellas
3460 4528 3629 4596 facit),

2027 4598 2106 4652 Ad
2131 4615 2292 4668 quem
2328 4601 2504 4652 locum
2558 4599 2829 4652 Meursius
2873 4601 3218 4652 scribendum
3277 4597 3622 4668 putavitgtur-

2030 4663 2189 4736 belus,
2237 4681 2292 4722 ttt
2320 4670 2508 4736 suada,
2553 4669 2808 4740 suadela;
2842 4672 2989 4740 fuga,
3032 4668 3243 4740 fugela;
3278 4663 3620 4740 etprofecto

2030 4740 2132 4794 hoc
2158 4741 2445 4795 Gaudentii
2467 4743 2586 4792 loco
2605 4737 2879 4797 tttrbelani.
2908 4753 3017 4791 non
3045 4737 3319 4790 turbellam
3343 4738 3472 4806 legit
3493 4738 3618 4791 cod.

1952 4799 2006 4859 D
2034 4812 2240 4866 Octavii
2283 4811 2621 4874 Pantagatlti,
2655 4811 2796 4876 quod
2844 4811 3077 4864 maxime
3100 4807 3320 4862 Meursii
3342 4799 3622 4874 co'ttjectu-

2037 4898 2150 4936 ram
2177 4884 2484 4934 confirmat.
2518 4881 2742 4934 Liltrarii
2777 4882 3016 4933 insolens
3044 4880 3264 4932 Verbum
3293 4880 3618 4947 conspicati,

2037 4954 2218 5021 inepte
2261 4953 2596 5014 deleverunt,
2625 4953 3014 5007 substituentes
3065 4949 3412 5014 scandalum;
3451 4966 3620 5020 quare

2030 5022 2085 5095 in
2135 5023 2294 5076 editis
2319 5023 2516 5092 legitur
2545 5022 2851 5095 scandalum
2884 5037 3023 5074 mens
3055 5023 3283 5095 alicujus
3337 5028 3617 5095 patert'tttr.

2031 5091 2406 5148 Turbulcntare
2432 5095 2565 5148 dixit
2589 5091 2736 5149 Zeno
2763 5091 3096 5150 Veronensis
3131 5091 3382 5148 in'serm.
3427 5091 3493 5146 de
3525 5091 3626 5146 Pa-

2029 5163 2239 5219 tientia.

2107 5247 2129 5284 s
2158 5237 2290 5305 Quia
2346 5245 2472 5290 tunc
2507 5238 2746 5292 maxime
2784 5233 3110 5302 agitabatur.
3144 5233 3287 5291 Editi
3321 5233 3515 5305 vitiose
3542 5227 3621 5287 le—

2027 5301 2249 5377 geb-nt,
2279 5308 2707 5378 formosissimum
2731 5325 2749 5373 ;
2776 5316 2830 5361 at
2878 5307 3019 5361 Flor.
3057 5316 3108 5362 et
3160 5323 3296 5362 unus
3342 5319 3410 5358 ex
3444 5301 3619 5368 Vatt.,

2029 5381 2216 5447 llt‘tllq.
2243 5380 2365 5433 cod.
2397 5380 2738 5447 Pantagatlti,
2763 5379 3184 5448 famosissimum.

2101 5450 2128 5486 h
2161 5451 2214 5503 lit
2269 5466 2401 5504 mss.
2446 5446 2771 5520 Pantagatlti
2811 5450 3249 5520 cotnlcgeretur
3277 5446 3398 5520 alia
3426 5454 3622 5520 Διιοειιντι

2021 5523 2135 5592 jam
2169 5538 2286 5586 sua,
2319 5522 2390 5576 ita
2424 5517 2489 5574 ab
2536 5517 2654 5590 ipso
2684 5519 3018 5591 Pantagatlto
3040 5517 3206 5592 locus
3236 5518 3323 5572 hic
3342 5517 3623 5592 reforma-

2030 5587 2118 5663 tus
2147 5602 2229 5647 cst
2259 5611 2269 5644 :
2305 5610 2409 5644 una
2435 5587 2667 5663 propria,
2694 5592 2800 5645 alia
2828 5587 3024 5646 nostra.
3054 5587 3170 5644 Una
3193 5606 3309 5652 sua,
3336 5589 3389 5663 id
3408 5600 3484 5663 est
3513 5604 3622 5663 una

2031 5662 2151 5729 Dei,
2178 5664 2315 5730 quod
2352 5659 2812 5718 tittittititt-remius
2859 5664 3061 5715 habere
3116 5676 3276 5714 nemo
3327 5659 3616 5713 dubitabit.

2037 5734 2292 5788 Fortasse
2345 5736 2518 5803 potius
2548 5733 2771 5787 delenda
2825 5745 2906 5783 cst
2956 5731 3167 5784 additio
3218 5730 3304 5784 illa
3355 5733 3476 5803 jam
3503 5746 3622 5803 sua,

2038 5822 2155 5875 qua-
2175 5798 2356 5860 otiose
2379 5804 2666 5875 ittget-itqr,
2693 5803 3086 5874 legendumque
3117 5819 3219 5856 una
3243 5798 3482 5872 propria,
3513 5798 3624 5854 alia

2042 5871 2252 5938 nostra;
2285 5877 2339 5928 id
2364 5886 2436 5929 est
2461 5892 2564 5928 una
2585 5871 2698 5927 Dei.
