4096 6192
565 298 671 353 983

1642 300 1700 355 S.
1743 299 2123 355 GAUDENTII
2163 298 2424 355 BRIXl/E
2468 301 2773 357 EPISCOI‘I

3731 303 3818 361 988

568 425 713 469 etum
743 423 932 470 nostro
960 415 1223 484 profectni
1253 416 1915 488 profecisse,'intelligens
1941 425 2160 486 aposto-
2187 424 2241 482 Α
2264 418 2317 472 in
2344 428 2601 473 mternam
2624 420 2789 474 vitam
2841 420 3095 477 salientis
3142 424 3422 477 emundat.
3459 423 3717 478 Emundat
3741 439 3820 477 an-

566 507 653 561 lus
692 506 889 560 Paulus
941 505 1120 561 aiebat
1152 524 1165 559 :
1193 505 1369 561 Donec
1421 509 1805 579 perveniamus,
1835 508 2027 579 inquit,
2053 524 2163 560 om-

569 616 656 652 nes
677 600 731 651 in
753 600 920 652 virum
958 602 1243 670 perfectum
1268 602 1320 653 in
1346 618 1639 654 mensuram
1674 603 1845 655 aztatis
1873 602 2161 672 plenitudi-

566 693 646 746 nis
669 690 862 745 Christi
902 691 1119 763 (Ephes.
1151 709 1222 754 tv.
1251 694 1344 757 17))
1378 713 1391 748 :
1421 710 1751 765 quamquam
1809 694 2050 765 perfecta
2080 695 2164 749 di-

567 783 795 849 vinitas,
824 799 944 853 quae
984 784 1126 853 quod
1154 797 1270 839 erat
1317 801 1537 856 semper
1592 787 1697 841 erit
1731 797 1824 841 :et
1871 789 1991 841 sine
2033 788 2159 854 line,

570 875 720 930 nullo
756 879 966 947 eguerit
1006 879 1367 933 incremento.
1399 881 1589 934 Omnia
1624 896 1753 951 ergo
1807 895 2164 949 qumcttmque

566 969 620 1023 in
652 969 754 1023 hac
785 971 983 1040 duplici
1043 972 1345 1027 substantia
1378 975 1759 1040 geonrtituttts,
1821 974 1903 1027 vel
1950 974 2163 1026 locutus

568 1071 674 1127 est,
708 1064 788 1115 vel
823 1061 972 1126 fecit,
1007 1064 1089 1117 vel
1120 1066 1341 1133 pertulit
1380 1064 1669 1130 Christus;
1720 1080 1863 1119 nunc
1906 1066 2160 1134 omnipo-

568 1164 772 1209 tentem
806 1156 900 1210 Dei
938 1168 1213 1223 natnram,
1244 1174 1386 1213 nunc
1409 1158 1678 1212 infirmam
1711 1159 1953 1228 suscepti
1988 1158 2164 1212 homi-

570 1250 655 1302 nis
686 1250 1163 1305 demonstrabant.
1190 1251 1454 1305 Natititas
1484 1253 1667 1307 carnis
1696 1253 1966 1305 hominem
2011 1267 2166 1305 mon-

571 1354 705 1397 strat
734 1361 748 1407 ;
777 1345 941 1397 Deum
985 1346 1177 1415 probat
1207 1346 1499 1400 inusitatus
1536 1346 1766 1416 Virginis
1799 1356 2013 1422 partus.
2053 1347 2163 1397 An-

569 1451 791 1505 gusmm
826 1440 1088 1507 przesepis
1116 1440 1471 1505 cuuabulum,
1501 1451 1557 1495 et
1600 1442 1880 1494 obvolutio
1906 1451 2163 1494 consueta

571 1547 894 1598 pannorum.
926 1535 1219 1587 humanam
1269 1533 1450 1601 signat
1495 1533 1778 1588 infantiam
1815 1552 1827 1586 :
1859 1534 1953 1588 sed
1982 1533 2165 1596 Ange-

570 1624 748 1678 lorunt
780 1640 943 1679 voces
986 1625 1158 1679 Deum
1196 1628 1504 1695 pastoribus
1538 1627 1867 1681 annuntiant
1923 1642 2045 1682 esse
2075 1627 2163 1696 qui

572 1728 732 1772 natus
758 1718 1010 1773 est.Nam
1043 1734 1163 1773 cum
1193 1720 1659 1789 diceretAngelus
1686 1738 1698 1773 :
1736 1720 1916 1774 Nolite
1944 1722 2122 1775 timere
2148 1740 2165 1773 :

2271 519 2376 565 tem
2410 511 2648 567 fideliter
2671 514 3067 583 supplicantem
3102 534 3118 571 :
3146 516 3221 569 Ab
3251 519 3464 572 occultis
3515 520 3636 573 meis
3660 520 3822 573 munda

2268 621 2349 658 me
2371 604 2490 674 (Ps.
2523 605 2679 676 xvttt)
2712 624 2725 665 :
2756 623 2878 661 nam
2908 608 3046 661 dicit
3070 609 3135 663 ad
3165 625 3288 663 eum
3334 610 3534 666 mulier
3566 630 3579 665 :
3613 609 3821 678 Domine,

2268 697 2337 751 da
2366 698 2495 751 mihi
2516 698 2651 751 hanc
2676 716 2884 769 aquam,
2902 711 2956 754 ut
2984 718 3085 754 non
3108 702 3280 755 sitiam
3304 705 3531 768 amplius
3556 704 3722 771 (Joan.
3745 704 3821 773 tv);

2270 790 2468 845 ardore
2519 791 2779 848 videlicet
2828 795 3102 849 exstincto
3152 798 3553 864 peccaminum.
3616 797 3824 864 Esurire,

2268 879 2441 941 sitire,
2470 881 2705 951 fatigari,
2736 882 3001 950 dormire,
3040 886 3276 940 hominis
3319 897 3403 941 est
3434 906 3447 939 :
3474 887 3571 941 St'd
3619 888 3826 956 quinque

2271 972 2501 1040 panibus
2548 975 2783 1043 quinque
2834 975 3001 1029 millia
3055 978 3335 1031 hominum
3385 978 3607 1045 Saliare,
3653 978 3732 1033 Dei
3756 988 3826 1033 est

2270 1064 2447 1136 (Joan.
2478 1069 2572 1134 Vt).
2609 1066 2672 1119 Et
2713 1066 2897 1136 largiri
2928 1084 3124 1137 aquam
3150 1071 3328 1123 vivam
3360 1069 3544 1139 (Joan.
3577 1070 3670 1140 tv),
3697 1071 3827 1139 Cujus

2269 1173 2409 1212 unus
2470 1157 2695 1213 haustus
2744 1159 2954 1214 bibenti
2994 1171 3213 1227 praestet
3258 1177 3327 1217 ne
3375 1162 3520 1216 ultra
3554 1168 3657 1231 jam
3684 1164 3824 1229 sitiat,

2268 1251 2360 1306 sed
2389 1253 2460 1305 sit
2489 1253 2541 1306 in
2575 1268 2641 1306 eo
2672 1253 2790 1306 fnns
2812 1269 2969 1321 aqum
2998 1255 3247 1308 salientis
3274 1256 3327 1309 in
3362 1255 3529 1309 vitam
3582 1266 3827 1322 aeternam,

2271 1344 2484 1397 nonnisi
2517 1345 2609 1398 Dei
2640 1354 2746 1399 est.
2775 1345 2840 1398 Et
2869 1346 2961 1414 qui
2996 1348 3179 1401 labore
3222 1348 3426 1401 terreni
3459 1346 3669 1402 itineris
3689 1347 3829 1399 Conti-

2270 1436 2411 1490 citur
2445 1437 2589 1491 velut
2620 1437 2804 1502 bnuto,
2840 1452 3033 1492 rursus
3064 1439 3206 1492 idem
3240 1454 3403 1507 super
3430 1454 3601 1506 aquas
3624 1437 3829 1491 ambulat

2269 1530 2421 1599 quasi
2449 1530 2609 1583 Deus.
2662 1528 2793 1583 Nam
2838 1544 2963 1584 cum
2995 1530 3256 1584 Dominus
3307 1530 3526 1599 (Matth.
3556 1529 3661 1598 xiv)
3693 1529 3829 1583 disci-

2271 1623 2427 1692 pulos
2466 1638 2593 1678 suos
2614 1623 2870 1692 jussisset
2920 1624 3176 1694 navigare
3226 1635 3379 1679 trans
3438 1626 3656 1683 fretum.
3686 1624 3829 1677 donec

2271 1714 2388 1783 ipse
2412 1714 2716 1770 dimitteret
2744 1717 2931 1769 turbas
2956 1733 2969 1779 ;
2999 1716 3432 1771 abscedentibus
3458 1717 3645 1781 turbis,
3670 1730 3831 1769 ascen-

567 1826 682 1863 ecce
709 1812 845 1864 enim
891 1813 1182 1881 evangelizo
1225 1813 1364 1866 vobis
1417 1815 1665 1882 gaudium
1724 1830 1984 1883 magnum,
2028 1814 2167 1882 quod
2196 1824 2244 1883 Β
2271 1808 2351 1861 dit
2399 1816 2455 1863 et
2494 1808 2671 1862 oravit
2717 1810 2767 1862 in
2817 1818 3021 1864 monte.
3070 1810 3312 1878 Vespere
3369 1820 3553 1863 autent
3599 1824 3710 1863 cum
3737 1808 3829 1873 jam

568 1903 665 1955 erit
696 1904 838 1956 omni
868 1902 1002 1971 plebi
1028 1920 1043 1967 ;
1069 1904 1191 1971 quia
1235 1914 1388 1958 natus
1442 1916 1516 1957 est
1547 1904 1686 1957 vobis
1714 1906 1867 1957 hodie
1897 1904 2160 1969 Salvator,

570 1996 660 2064 qui
690 2004 761 2048 est
815 1993 1051 2050 Christus
1097 1996 1377 2060 Dominus,
1412 1999 1466 2050 in
1515 1998 1718 2050 civitate
1745 1997 1934 2051 David.
1972 1996 2039 2050 Et
2070 2000 2167 2050 hoc

570 2087 715 2141 vobis
744 2089 955 2157 signum
987 2104 1004 2139 :
1056 2088 1322 2142 invenietis
1358 2091 1613 2157 infantem
1650 2092 1836 2156 pannis
1868 2090 2166 2143 obvolutum

571 2188 618 2230 et
668 2180 889 2247 positum
940 2183 991 2232 in
1023 2182 1263 2250 prwsepi.
1299 2180 1486 2235 Subito
1539 2181 1677 2249 facta
1705 2191 1778 2233 est
1824 2196 1942 2233 cum
1968 2168 2175 2249 Angela

572 2271 856 2323 multitudo
886 2274 1142 2324 exercitus
1186 2272 1403 2325 cmlestis
1435 2272 1762 2324 laudantium
1795 2270 1961 2324 Deum
1991 2282 2039 2325 et
2081 2273 2165 2324 di-

572 2366 796 2418 centium
820 2381 839 2418 :
869 2364 1051 2418 Gloria
1072 2366 1143 2435 in,”
1164 2366 1380 2419 excelsis
1412 2364 1543 2429 Deo,
1580 2375 1627 2417 et
1673 2366 1729 2419 in
1762 2376 1901 2419 terra
1940 2383 2047 2433 pax
2076 2365 2169 2419 ho-

572 2456 798 2510 minibus
828 2456 975 2510 bona:
1016 2457 1294 2511 voluntatis
1328 2457 1493 2529 (Luc.
1541 2474 1610 2523 ιι,
1666 2459 1735 2513 10
1762 2460 1926 2530 seq.).
1961 2459 2169 2514 Deinde

574 2548 831 2604 llerodes'
871 2551 1218 2619 persequitur
1271 2552 1554 2621 parvulum
1588 2570 1601 2605 :
1634 2554 1729 2607 sed
1782 2554 1955 2608 stellae
2009 2554 2169 2607 obse-

571 2642 792 2710 quentis
825 2642 1001 2711 fulgor
1034 2659 1288 2713 maguum
1336 2645 1578 2700 declarat
1606 2646 1770 2700 Deum
1797 2664 1812 2710 ;
1847 2656 1872 2683 ἰ
1902 2661 2061 2715 quem
2094 2649 2170 2702 le-

570 2737 683 2805 gati
737 2735 1115 2791 universarum
1149 2736 1405 2791 Gentium
1464 2741 1608 2808 magi
1663 2738 1982 2807 suppliciter
2040 2737 2171 2792 ado-

572 2840 756 2885 rantes
809 2830 1030 2901 (Matth.
1066 2832 1151 2902 tt),
1210 2833 1416 2887 cmlesti
1449 2832 1579 2901 Regi
1607 2833 1772 2904 358
1801 2833 2170 2887 honorificen-

570 2924 701 2978 tiam
753 2924 991 2979 debitam
1024 2969 1037 2992 ,
1090 2925 1370 2979 oblatione
1426 2927 1779 2996 mysticorum
1858 2942 2166 2993 munerum,

573 3014 917 3072 deferebant.
960 3020 1242 3072 Annorum
1273 3019 1565 3074 duodecim
1612 3034 1746 3089 puer
1770 3019 1928 3073 Jesus
1951 3022 2001 3073 in
2036 3030 2170 3072 tem-

573 3109 663 3176 plo
693 3124 722 3162 a
768 3110 1086 3178 parentibus
1114 3111 1292 3164 anxiis
1345 3113 1619 3180 reperitur
1670 3110 1825 3182 (Luc.
1859 3111 1961 3181 tt);
1989 3111 2082 3165 sed
2113 3111 2168 3165 in

2270 1902 2513 1955 navicula
2539 1902 2594 1955 in
2627 1902 2811 1956 medio
2839 1902 2975 1956 mari
3024 1900 3280 1957 fluctibus
3314 1905 3624 1971 jactaretur
3650 1910 3831 1956 contra-

2268 1994 2349 2048 rio
2384 2005 2549 2047 vento
2598 1996 2893 2053 commotis
2922 1993 3117 2061 (Marc.
3144 2010 3236 2057 vr;
3291 1996 3451 2049 loan.
3485 1995 3587 2056 Vl),
3618 1995 3721 2063 ipse
3741 2008 3832 2045 ma-

2263 2087 2479 2156 jestatis
2505 2101 2617 2139 sua:
2639 2086 3172 2152 virtutesubvectus,
3192 2086 3511 2141 ambulabat
3536 2102 3693 2154 super
3712 2095 3829 2154 terga

2267 2180 2527 2247 aequoris,
2561 2194 2663 2234 nec
2693 2180 2903 2247 plantas
2928 2179 3233 2248 gradientis
3261 2191 3479 2233 tumens
3509 2178 3644 2233 unda
3675 2187 3829 2245 tange-

2271 2270 2381 2324 bat.
2420 2271 2802 2325 Perielitantes
2833 2271 3081 2341 Αραρειοιί
3112 2280 3305 2339 quarta
3334 2271 3523 2341 vigilia
3575 2271 3734 2324 noctis
3756 2283 3829 2323 ve-

2271 2363 2508 2417 nientem
2560 2362 2839 2417 Christum
2874 2363 3065 2432 procul
3118 2363 3414 2432 aspiciunt.
3445 2364 3641 2419 Petrus
3669 2370 3827 2431 rogat:

2272 2455 2511 2521 Domine,
2564 2457 2608 2509 si
2641 2466 2695 2508 tu
2726 2472 2799 2523 es,
2827 2458 2950 2519 iube
3004 2473 3084 2510 me
3114 2458 3284 2510 venire
3311 2456 3381 2509 ad
3436 2467 3484 2511 te
3512 2473 3662 2527 super
3697 2468 3828 2521 aqua:

2270 2549 2487 2622 (Matth.
2552 2565 2660 2615 xtv,
2714 2550 2830 2619 ‘28).
2869 2553 2939 2604 At
3009 2551 3147 2619 ipse,
3180 2566 3248 2605 ne
3287 2549 3415 2619 quid
3496 2549 3639 2603 fideli
3700 2559 3827 2614 nega-

2273 2650 2358 2695 ret
2414 2641 2715 2708 desiderio,
2756 2643 2837 2696 ait
2898 2661 2907 2694 :
2977 2642 3123 2696 Veni.
3168 2642 3233 2696 Et
3297 2642 3632 2707 descendens,
3665 2638 3823 2707 inquit.

2273 2733 2462 2789 Petrus
2492 2735 2555 2789 de
2603 2738 2863 2800 navicula,
2924 2736 3220 2790 ambulabat
3248 2752 3400 2809 super
3445 2753 3607 2807 aquas
3636 2743 3687 2788 ut
3736 2747 3827 2800 per-

2272 2828 2466 2881 veniret
2506 2829 2573 2880 ad
2603 2827 2805 2883 Jesum.
2868 2828 3056 2883 Videas
3106 2846 3223 2884 vero
3262 2840 3478 2884 ventum
3527 2825 3825 2887 validum,ti-

2273 2923 2402 2973 ntuit
2431 2939 2448 2975 :
2677 2933 2725 2976 et
2769 2940 2884 2975 cum
2928 2925 3161 2992 coepisset
3180 2926 3363 2996 mergi,
3384 2923 3624 2977 clamavit
3648 2922 3826 2973 dicens:

2276 3012 2513 3081 Domine,
2546 3016 2745 3069 salvum
2766 3031 2846 3069 me
2876 3016 2981 3084 fac.
3040 3014 3106 3068 Et
3150 3018 3395 3071 continuo
3444 3017 3598 3071 .Iesus
3633 3011 3826 3069 extendi!

2274 3124 2506 3171 manum,
2537 3118 2587 3161 et
2615 3109 2961 3177 apprehendit
3016 3126 3151 3174 eum,
3182 3109 3355 3163 dicens
3381 3110 3468 3163 illi
3498 3128 3515 3164 :
3555 3108 3755 3163 Modica!
3774 3104 3824 3171 ﬁ-

569 3200 753 3254 verbis
810 3216 933 3254 euut
977 3201 1310 3270 Sapientiam
1368 3204 1484 3265 Dei,
1528 3204 1815 3257 doctorum
1873 3205 2170 3258 circumse—
2197 3201 2239 3263 C
2274 3202 2377 3267 dei,
2405 3218 2565 3270 quare
2594 3202 2842 3256 dubitasti
2899 3202 3119 3273 (Matth.
3150 3218 3260 3266 xlv,
3292 3203 3383 3266 9.9.
3426 3204 3568 3273 30)?
3607 3202 3725 3255 Dum
3752 3211 3825 3267 per

572 3290 816 3345 dentium
851 3292 1023 3346 turba:
1050 3294 1339 3347 mirantur.
1368 3294 1436 3348 Et
1472 3295 1561 3363 qui
1593 3303 1857 3363 peccatum
1900 3312 1999 3348 non
2026 3295 2166 3363 fecit,

573 3400 667 3439 nec
696 3386 847 3439 dolus
869 3387 1103 3441 inventus
1135 3397 1209 3441 est
1232 3390 1286 3441 in
1310 3403 1399 3443 ore
1420 3393 1532 3460 ejus
1562 3387 1664 3457 (Is.
1691 3388 1833 3458 LIII),
1867 3388 1933 3442 ad
1957 3388 2173 3457 Baptis-

575 3493 722 3542 mum
748 3478 976 3533 Joannis
1000 3481 1157 3549 quasi
1192 3480 1356 3535 homo
1397 3492 1652 3550 peccator
1702 3480 1935 3543 accedit,
1984 3490 2170 3536 nostra

573 3570 628 3623 ln
664 3584 763 3623 suo
788 3586 1017 3639 corpore
1046 3569 1279 3625 crimina
1318 3572 1607 3627 ablaturus
1638 3589 1652 3638 ;
1678 3572 1771 3627 sed
1805 3582 1863 3628 et
1890 3572 1959 3627 ibi
1984 3572 2168 3627 statim

574 3674 788 3719 natura:
812 3663 1013 3719 divinae
1044 3666 1433 3735 proprietatem
1468 3683 1569 3721 vox
1628 3666 1805 3721 Patris
1836 3668 1952 3735 ejus
1974 3682 2004 3721 e
2031 3666 2171 3721 coelo

571 3757 787 3812 intonat
812 3758 1001 3813 dicens
1034 3775 1046 3811 :
1077 3758 1184 3812 Hic
1212 3769 1285 3813 est
1314 3758 1491 3813 Filius
1522 3776 1665 3813 meus
1706 3760 1945 3822 dilectus,
1972 3761 2025 3813 in
2070 3776 2171 3830 quo

575 3850 699 3905 bene
751 3850 1064 3920 complacui.
1096 3852 1255 3906 Hunc
1300 3853 1477 3907 audite
1526 3851 1744 3924 (Matth.
1778 3869 1858 3917 ιιι,
1895 3853 2008 3919 17).
2042 3850 2068 3889 δ
2102 3851 2174 3908 Ut

574 3942 642 3997 ad
672 3944 946 3999 hominem
979 3945 1231 4000 diabolus
1272 3954 1509 4001 tentator
1532 3946 1744 4001 accedit
1772 3944 1999 4016 (Matth.
2033 3944 2117 4014 tv)
2154 3962 2167 3997 :

573 4034 671 4088 sed
703 4036 1034 4105 triumphato
1084 4035 1304 4092 diabolo
1358 4037 1540 4091 statim
1600 4036 1900 4091 succedunt
1952 4035 2171 4088 (Zbristo

574 4135 849 4195 tamquam
902 4126 1015 4182 Deo
1071 4129 1429 4183 servientium
1484 4129 1781 4183 ministeria
1821 4128 2167 4198 angelorum.

574 4216 887 4275 Seditiones
934 4219 1228 4275 furentium
1274 4221 1587 4276 Iudaeorum
1643 4222 1884 4277 declinat
1912 4222 2168 4291 frequen-

571 4320 657 4365 ter
685 4319 742 4364 ut
768 4310 931 4364 homo
983 4310 1163 4378 (Joan.
1202 4315 1317 4383 vttt)
1353 4334 1365 4366 :
1415 4315 1510 4368 sed
1569 4315 1811 4383 legiones
1857 4314 2169 4367 daemonum

574 4404 727 4471 quasi
752 4406 1242 4475 SCI‘VOI‘UIII,._DetlS
1271 4408 1421 4462 verbi
1452 4407 1539 4460 sui
1581 4406 1727 4477 fugat
1754 4408 1984 4476 imperio
2013 4406 2168 4478 (Luc.

576 4496 713 4567 vui).
742 4495 916 4568 Supra
946 4508 1163 4567 puteum
1214 4499 1369 4554 sedet
1394 4500 1647 4569 fatigatus
1690 4517 1757 4554 ex
1789 4501 1987 4554 itinere
2014 4500 2168 4569 quasi

2274 3303 2475 3349 terram
2504 3295 2762 3365 gradiens
2792 3296 3167 3365 fatigationem
3197 3298 3384 3357 sentit,
3416 3296 3582 3349 homo
3608 3301 3686 3347 est
3714 3308 3726 3343 :
3752 3286 3823 3342 sed

2272 3386 2413 3441 idem
2451 3387 2577 3441 dum
2627 3403 2817 3442 secura
2848 3398 3116 3458 potestate
3165 3404 3264 3458 per
3314 3386 3513 3443 lluctus
3560 3384 3821 3445 ambulans.

2275 3480 2494 3535 Petrum
2535 3492 2869 3551 mergentcm
2919 3480 3189 3546 sublevat,
3239 3482 3380 3535 Deus
3429 3490 3539 3537 est.
3590 3479 3825 3546 Simulque

2275 3572 2378 3627 huc
2411 3574 2461 3626 itt
2492 3572 2614 3627 loco
2643 3584 2695 3627 et
2720 3573 2853 3627 illud
2880 3573 3061 3628 Ariani
3089 3574 3462 3639 considerent,
3499 3573 3640 3644 quod
3683 3566 3823 3625 dubiis

2277 3664 2327 3716 in
2360 3663 2466 3718 fide
2491 3661 2718 3729 Christi,
2747 3664 2984 3719 exitialis
3008 3666 3260 3735 quaedam
3293 3666 3363 3719 sit
3402 3674 3594 3733 parata
3619 3662 3824 3717 submer-

2275 3754 2379 3818 sio,
2416 3754 2517 3807 nisi
2552 3769 2647 3823 per
2677 3755 3079 3809 confessionem
3104 3771 3288 3809 veram
3313 3757 3590 3825 supplices
3631 3752 3690 3808 ad
3731 3749 3823 3818 ejus

2276 3848 2733 3917 omnipotentiam
2758 3857 3168 3903 convertantur.
3193 3849 3339 3903 Alibi
3362 3864 3580 3918 quoque
3601 3844 3823 3903 dormisse

2277 3940 2535 4009 navigans
2583 3939 2832 3995 Christus
2880 3940 3169 4009 Dominus,
3224 3958 3255 3995 a
3303 3953 3493 3997 sancto
3538 3937 3819 4009 evangelista

2278 4034 2603 4087 describitur
2628 4034 2842 4105 (Matth.
2878 4051 2995 4101 vnt,
3026 4036 3155 4108 94),
3192 4052 3315 4090 eum
3362 4037 3613 4107 discipuli
3662 4034 3708 4089 in
3752 4044 3822 4083 ex-

2275 4134 2452 4180 tremo
2472 4127 2809 4194 tempestatis
2832 4127 3147 4184 discrimine
3173 4131 3457 4185 constituti
3474 4130 3821 4185 suscitaret-unt

2278 4236 2425 4285 eum,
2454 4220 2695 4275 dicentes
2731 4237 2743 4273 :
2782 4220 3018 4288 Domine,
3053 4222 3210 4276 libera
3260 4240 3374 4294 nos,
3424 4228 3648 4295 perimus
3688 4218 3819 4291 (ibid.

2276 4314 2372 4384 25)
2399 4330 2412 4379 ;
2439 4314 2656 4383 quando
2686 4328 2915 4383 surgens
2958 4316 3253 4383 imperavit
3299 4327 3483 4382 vento,
3533 4330 3581 4371 et
3624 4310 3757 4369 mari,
3781 4316 3821 4360 ct

2278 4406 2417 4460 facta
2437 4416 2520 4459 est
2545 4405 2906 4474 tranquillitas
2934 4420 3147 4474 magna.
3177 4406 3387 4461 Dormit
3410 4419 3464 4463 ut
3490 4408 3663 4473 homo,
3691 4413 3735 4457 et
3750 4413 3823 4453 ex-

2220 4546 2239 4571 δ
2276 4511 2506 4566 surgens
2532 4496 2820 4549 elementis
2850 4495 3083 4565 imperat
3107 4499 3259 4567 quasi
3297 4500 3455 4555 Deus.
3489 4500 3616 4555 Nam
3649 4504 3821 4549 tumen-

574 4587 741 4644 homo
772 4590 954 4661 (Joan.
984 4591 1058 4662 tv)
1089 4608 1104 4657 ;
1135 4593 1230 4646 sed
1266 4592 1621 4648 Samaritana:
1663 4593 1907 4647 mulieris
1948 4592 2162 4645 occulta
2198 4593 2242 4648 υ
2273 4602 2352 4643 tes
2382 4588 2575 4642 lluctns
2606 4587 2778 4641 verbo
2806 4591 3162 4656 compescuit,
3195 4591 3492 4662 statimque
3522 4590 3661 4645 siluit
3681 4587 3821 4641 incre‘

571 4692 779 4735 reserat
806 4682 960 4752 quasi
1008 4682 1180 4747 Deus,
1210 4682 1568 4738 humanarum
1610 4683 1870 4739 mentium
1920 4698 2170 4753 perscru-

570 4779 713 4829 tator
735 4791 749 4839 ;
774 4784 829 4830 et
859 4791 968 4829 non
1002 4776 1177 4830 solum
1204 4786 1433 4843 reserat,
1454 4777 1547 4831 sed
1570 4777 1731 4831 etiam
1758 4778 1971 4829 lavacro
1999 4788 2153 4844 aquae

646 4943 673 4971 ⁸
705 4938 990 5002 Barthius,
1026 4941 1062 4993 l.
1089 4956 1200 4995 xxtt
1222 4940 1453 4996 Advers.
1480 4955 1528 4996 c.
1559 4941 1630 4997 20
1665 4940 1830 4994 :Nota
1860 4956 1940 4993 res
1964 4940 2026 4993 de
2054 4956 2164 4991 ma-

570 5008 670 5081 gis,
703 5011 790 5081 qui
817 5009 1087 5081 a_doraturi
1118 5009 1383 5066 Christum
1404 5011 1467 5065 ab
1496 5013 1716 5075 ultimis,
1748 5021 1803 5065 ut
1825 5011 2000 5065 scribit
2026 5009 2163 5063 Pru-

569 5078 797 5155 dentius,
826 5078 1028 5133 Bactris
1054 5095 1299 5155 venerunt
1331 5083 1742 5155 Hierosolymas.
1787 5084 1847 5135 At
1898 5080 2030 5134 illud
2064 5098 2165 5155 non

568 5150 858 5224 vulgatum,
887 5162 1084 5224 veteres
1111 5154 1391 5224 censuisse,
1418 5169 1521 5207 non
1551 5150 1647 5207 suo
1668 5154 1789 5207 illos
1819 5155 2046 5224 nomine,
2077 5152 2167 5205 sed

570 5220 835 5290 tamquam
879 5220 1073 5294 legatos
1109 5222 1263 5276 lectos
1315 5242 1346 5275 a
1394 5234 1500 5277 toto
1558 5225 1866 5294 Sapientum
1918 5222 2161 5276 Orienta-

570 5295 700 5347 tium
738 5294 896 5348 choro
924 5291 944 5359 ζ
962 5291 1123 5363 {illud
1137 5294 1276 5361 pter,
1300 5295 1597 5361 confecisse.
1621 5291 1823 5365 (Unde,
1844 5294 2018 5349 scribit
2069 5294 2167 5348 Ju-

567 5381 778 5431 vencus,
806 5366 844 5420 ι.
876 5380 893 5419 ι
927 5382 940 5417 :

695 5472 737 5499 ί*
776 5474 788 5486 .
842 5472 871 5499 ί.
942 5476 953 5488 .
1027 5434 1842 5499 .”'Nomentenueremagorumq

691 5497 819 5561 iiinc
840 5498 941 5548 laeti
967 5510 1201 5561 proceres
1223 5498 1442 5561 Solymas
1461 5511 1552 5560 per
1580 5497 1726 5560 longa
1750 5497 1937 5548 viarum

690 5560 990 5620 Deveniunt’,
1025 5560 1317 5623 regemque
1338 5560 1603 5609 adeunt...

563 5642 884 5714 Gaudentius
909 5647 1183 5713 episcopus
1214 5643 1501 5698 Brixianus
1538 5644 1607 5697 ad
1644 5644 1871 5698 Paulum
1898 5647 2113 5714 fratrem
2137 5660 2157 5699 .'

562 5712 1028 5788 Deinde_Herodes
1058 5717 1385 5787 persequitur
1406 5715 1714 5788 parvulum;
1756 5715 1845 5770 sed
1872 5712 2037 5770 stellte
2065 5716 2161 5769 ob-

558 5785 810 5849 sequentis
852 5786 1027 5856 fulgor
1059 5785 1316 5857 Vmagnum
1343 5785 1787 5857 declaratDeum,
1808 5788 1973 5855 quem
1998 5789 2150 5855 legati

2277 4690 2398 4753 pata
2431 4688 2725 4750 tempestas
2756 4720 2771 4746 ,
2804 4688 2859 4734 et
2887 4682 2953 4734 ad
2982 4680 3265 4737 Creatoris
3294 4685 3376 4738 sui
3408 4700 3613 4750 vocent,
3644 4693 3663 4717 ο
3694 4678 3818 4748 plana

2266 4774 2552 4829 confestim
2595 4773 2764 4842 iacuit
2812 4772 2983 4828 inflati
3030 4775 3259 4846 gurgitis
3286 4778 3484 4833 moles.
3514 4777 3612 4834 Sed
3641 4788 3701 4829 ne
3743 4769 3816 4823 hu-

2269 4935 2623 5013 unicersarum
2652 4935 2898 5013 Gentium
2924 4941 3065 5013 magi
3101 4942 3407 5011 suppliciter
3449 4946 3815 5013 adorantes,_ca-

2271 5008 2386 5062 festi
2420 5008 2547 5080 Regi
2580 5010 2802 5061 debitam
2824 5008 3301 5075 honoriﬁcentiam,
3336 5015 3592 5068 oblatione
3617 5009 3814 5081 mystico-

2269 5095 2384 5156 rum
2413 5095 2704 5156 munerum,
2747 5081 3064 5156 deferebant.
3083 5082 3419 5156 Quamquam
3461 5080 3810 5156 mysticeetiam

2272 5150 2515 5225 loqua_tur
2531 5148 2891 5225 Gaudentius;
2921 5153 3045 5206 limo
3082 5148 3357 5210 Barthius.
3513 5148 3536 5156 ⁷
3664 5223 3671 5225 Α
3799 5216 3807 5225 ,

2349 5220 2823 5299 b__Elegantissim_a
2854 5222 3197 5291 Evangelicae
3230 5225 3475 5282 historia:
3506 5223 3719 5299 syopsis.
3745 5220 3807 5272 συί

2271 5292 2506 5345 similem
2547 5295 2849 5357 contexuit,
2902 5309 3087 5361 supra.
3134 5306 3200 5349 tr.
3238 5302 3290 5358 ὅ,
3339 5309 3394 5352 et
3452 5292 3633 5353 trflt'.
3672 5293 3806 5360 Qui!“

2272 5361 2441 5416 fuerit
2481 5362 2820 5418 Gaudentius
2876 5365 3075 5430 ingenii
3124 5366 3285 5427 felix.
3320 5385 3382 5424 ac
3434 5368 3639 5425 dicendi
3687 5364 3807 5415 uber-

2272 5442 2381 5487 tate
2405 5444 2707 5499 prrestans,
2730 5435 3034 5504 frequentia
3068 5436 3183 5491 hazc
3210 5442 3513 5503 specitnina
3542 5436 3802 5491 ostendunt.

2344 5515 2365 5543 ε
2398 5505 2564 5559 Obvia
2583 5516 2708 5579 erat
2729 5507 3055 5567 emendatio.
3090 5523 3207 5576 qua!
3238 5518 3417 5566 tamen
3444 5530 3507 5567 ex
3532 5512 3683 5565 trilnts
3704 5515 3802 5579 mss.

2266 5574 2413 5630 Flor.
2470 5588 2523 5629 et
2583 5575 2723 5631 Valt.
2770 5579 2981 5633 duobus
3034 5574 3319 5649 deSutnpta
3377 5596 3481 5637 est.
3537 5580 3659 5637 Male
3683 5574 3801 5649 editi.

2264 5649 2415 5727 plena
2444 5649 2718 5727 confestim
2733 5666 2752 5714 ;
2779 5658 2835 5703 at
2862 5650 2915 5704 in
2939 5648 3067 5727 cod.
3096 5648 3437 5727 Pantagatlti.
3471 5648 3800 5727 planeconfef‘

2260 5720 2351 5771 tim
2372 5718 2541 5787 jacnit
2570 5718 2777 5787 inﬁnita
2801 5722 3019 5793 gurgitis
3048 5726 3208 5775 moles
3227 5761 3241 5786 ,
3268 5717 3366 5779 ubi
3421 5717 3517 5797 pro
3546 5720 3693 5791 iit/luti
3727 5717 3798 5767 hat

2263 5789 2420 5842 betur
2446 5787 2672 5854 inﬁnita.

2299 5800 2420 5842 01111·
2446 5800 2672 5842 munita.
