4096 6192
322 305 430 363 085

1178 307 1418 364 SERMO
1457 307 1599 379 XIX,
1643 309 1732 366 DE
1774 309 2094 369 DIVERSIS
2133 311 2496 370 CAPITULIS
2536 312 2782 372 NONUS.

3499 313 3606 371 986

309 421 550 495 jusmodi
571 422 785 493 singula
816 422 1157 480 recensendo
1177 423 1389 496 longius
1420 441 1450 480 a
1483 427 1762 498 proposito
1791 442 1908 484 ser-
1933 440 1986 501 Α
2011 430 2432 500 dubitationem,
2462 433 2739 503 dolorem,
2783 436 3051 499 esuriem,
3103 435 3275 501 sitim,
3334 434 3615 490 lassitudi-

314 531 477 571 mone
506 516 695 572 videar
723 516 963 588 evagari,
994 532 1159 586 pauca
1192 518 1368 574 adhuc
1387 535 1454 574 ex
1478 522 1662 576 verbis
1690 521 1907 579 Domini

312 609 485 664 uestri
536 609 666 666 Jesu
725 610 930 666 Christi
958 612 1212 680 adjiciam
1235 653 1250 680 ,
1283 629 1348 668 ex
1378 615 1574 684 quibus
1605 615 1657 670 in
1689 615 1806 684 ipso
1853 625 1908 672 et

310 703 562 758 humanae
591 713 797 760 naturae
824 706 1223 774 conditionem,
1257 717 1310 760 et
1339 708 1579 762 divinam
1609 711 1906 780 perspicias

309 805 697 866 potestatem.Ill
730 797 926 854 ludatis
968 799 1099 854 dicit
1131 818 1143 853 :
1180 799 1318 868 Quid
1345 817 1426 855 me
1451 803 1604 855 vultis
1633 802 1908 858 occidere?

305 889 589 956 hominem,
621 902 726 946 etc.
763 890 944 964 (Joan.
977 908 1107 956 vm,
1139 894 1254 963 40).
1298 894 1363 946 Εῐ
1384 892 1514 948 alibi
1543 895 1900 950 confitentem

304 984 549 1049 Petrum,
580 983 660 1038 Tu
689 1003 742 1039 es
771 985 1005 1040 Christus
1035 985 1211 1042 Filius
1254 986 1348 1042 Dei
1394 989 1494 1042 vivi
1537 987 1755 1057 (Matth.
1787 1005 1898 1056 XVI,

304 1079 416 1148 16),
451 1079 666 1134 beatum
701 1082 1038 1149 pronuntiat,
1067 1083 1212 1150 quod
1235 1082 1429 1152 dignus
1452 1082 1616 1149 fuerit
1644 1084 1727 1137 cui
1762 1083 1901 1140 hanc

291 1170 464 1227 ‘ﬁdem
500 1173 643 1228 Deus
671 1173 836 1229 Pater
861 1175 1218 1243 infunderet;
1252 1193 1441 1234 verum
1472 1180 1672 1249 quippe
1703 1179 1898 1234 Filium

303 1264 397 1320 Dei
456 1282 517 1322 se
570 1283 693 1342 esse
746 1269 853 1325 hac
907 1272 1218 1329 elocutione
1274 1276 1629 1332 confirmans.
1691 1278 1758 1333 Et
1806 1280 1898 1347 qui

299 1355 512 1412 dixerat
544 1377 556 1413 :
591 1358 907 1416 Potestatein
935 1363 1098 1418 habeo
1121 1368 1346 1435 ponendi
1373 1372 1605 1423 animam
1630 1387 1816 1436 meant,
1849 1381 1896 1424 et

299 1463 600 1525 potestatem
625 1455 786 1511 habeo
816 1459 1003 1512 iterum
1029 1463 1270 1514 sumendi
1313 1479 1426 1516 eam
1473 1463 1659 1532 (Joan.
1695 1481 1747 1530 ι,
1777 1465 1892 1534 l8),

300 1559 486 1600 rvrsus
515 1548 593 1600 ait
621 1563 634 1601 :
671 1547 856 1604 Tristis
878 1561 956 1604 est
985 1553 1160 1606 anima
1205 1570 1318 1608 mea
1345 1573 1504 1628 usque
1557 1557 1625 1609 ad
1679 1567 1895 1611 mortem

301 1637 515 1710 (Matth.
553 1640 732 1712 XXVI).
787 1643 854 1697 Et
893 1643 1039 1700 idem
1081 1648 1170 1716 qui
1215 1650 1336 1702 ait:
1393 1648 1594 1704 Solvite
1633 1651 1728 1704 Itoc
1766 1658 1894 1704 tem-

294 1730 460 1796 plum,
490 1745 538 1786 et
567 1749 660 1804 ego
689 1735 741 1788 in
771 1737 1005 1790 triduum
1027 1740 1286 1794 suscitabo
1306 1741 1440 1794 illud
1457 1741 1638 1812 (Joan.
1673 1759 1727 1809 tt,
1774 1743 1888 1815 19),

293 1822 491 1878 iterum
523 1825 654 1881 dicit
685 1845 698 1882 :
730 1827 913 1896 Pater,
943 1831 987 1883 si
1017 1831 1262 1900 possibile
1281 1845 1383 1899 est,
1416 1841 1643 1907 transfer
1677 1836 1890 1891 calicem
1923 1849 1966 1908 μ
1996 1827 2296 1880 secundum
2330 1825 2622 1895 Propheta:
2680 1826 2987 1881 doctrinam
3045 1823 3148 1896 (Is.
3179 1824 3304 1897 un)
3341 1843 3354 1880 ε

292 1914 431 1971 hunc
453 1935 487 1972 a
512 1936 591 1972 me
621 1919 772 1991 (Luc.
806 1924 962 1994 χλιι).
1001 1925 1072 1978 Ea
1105 1925 1272 1996 igitur
1301 1929 1510 1983 ratione
1544 1931 1658 1999 ipse
1685 1931 1776 2001 qui
1821 1946 1889 1985 ex

293 2024 527 2078 persona
561 2013 655 2068 Dei
711 2015 972 2071 dixerat:
1029 2017 1140 2090 Ego
1184 2029 1232 2073 et
1282 2019 1443 2075 Pater
1497 2039 1656 2075 unum
1711 2040 1890 2078 sumus

291 2100 470 2172 (Joan.
511 2106 568 2176 ι)
596 2123 610 2172 ;
639 2121 707 2161 ex
741 2122 976 2178 persona
1005 2115 1241 2180 suscepti
1275 2113 1512 2167 hominis
1541 2114 1672 2168 dicit
1705 2131 1717 2168 :
1754 2114 1891 2179 Quia

296 2195 455 2252 Pater
482 2202 654 2271 major
675 2216 755 2254 me
774 2211 848 2254 est
877 2200 1063 2274 (Joun.
1093 2204 1230 2274 xw).
1262 2204 1381 2258 .lam
1414 2221 1544 2260 vero
1566 2206 1889 2277 intelligeuti

291 2305 409 2360 qum
439 2290 586 2345 dicta
617 2301 766 2357 sunt,
798 2308 1038 2363 sequens
1077 2296 1388 2362 explanatio
1428 2298 1670 2366 apertius
1708 2298 1889 2353 decla-

290 2384 458 2455 rabit,
487 2402 587 2455 qua
618 2403 681 2442 ex
713 2403 875 2442 causa
909 2389 1122 2444 dicatur
1151 2389 1294 2444 ismd
1326 2391 1469 2459 quod
1501 2391 1768 2446 scribitur
1789 2433 1803 2456 ,
1834 2403 1890 2447 et

288 2481 546 2550 quidnam
595 2482 667 2536 sit
722 2481 865 2552 quod
915 2481 1032 2537 ait:
1069 2483 1205 2550 Quia
1255 2482 1415 2537 Pater
1464 2486 1632 2554 major
1658 2501 1736 2538 me
1764 2495 1886 2552 est;

288 2576 540 2643 quamvis
566 2573 847 2629 evidenter
877 2576 1080 2645 liqueat
1110 2574 1446 2630 testimoniis
1485 2576 1651 2647 360
1689 2591 1884 2644 supra-

287 2663 472 2732 dictis,
505 2666 700 2723 Filium
736 2669 828 2722 Dei
859 2669 980 2725 sine
1013 2669 1126 2723 ullo
1159 2669 1318 2724 initio
1345 2684 1376 2724 a
1418 2669 1578 2724 Patre
1615 2671 1881 2740 genitum,

287 2773 572 2832 postquam
594 2764 748 2818 nasci
770 2779 836 2819 ex
861 2764 1027 2819 Maria
1053 2765 1207 2820 beata
1231 2765 1483 2834 dignatus
1505 2774 1608 2830 est,
1635 2775 1691 2820 et
1714 2765 1880 2820 Deum

287 2869 411 2910 esse
441 2865 497 2910 et
540 2856 818 2914 hominem
849 2876 862 2924 ;
896 2869 951 2914 et
983 2874 1124 2914 nunc
1154 2859 1378 2914 humilia
1410 2875 1640 2929 quaeque
1687 2875 1882 2916 secun-

286 2946 413 3002 dum
445 2963 663 3004 carnem
705 2948 734 2989 δ
776 2953 860 3006 vel
891 2953 1102 3021 egisse,
1135 2955 1217 3009 vel
1250 2952 1489 3007 locutum
1551 2953 1736 3019 fuisse,
1797 2953 1882 3008 vel

288 3051 502 3107 passum
531 3056 543 3091 :
577 3055 722 3095 nunc
769 3041 1088 3097 immensam
1119 3043 1516 3099 sublimitatem
1546 3054 1756 3099 natura:
1788 3044 1882 3099 Dei

289 3137 393 3183 tam
426 3131 608 3186 verbis
637 3134 913 3202 docuisse,
945 3151 1106 3206 quam
1133 3136 1290 3191 tactis
1319 3137 1658 3192 mirabilibus
1689 3153 1878 3208 appro-

2011 541 2156 591 nem,
2187 539 2526 598 caeterasque
2575 527 2811 584 hominis
2860 529 3184 598 passiones;
3245 543 3380 599 quas
3434 527 3606 583 Filius

2009 620 2105 675 Dei
2136 621 2339 692 absque
2371 621 2704 678 detrimento
2737 621 3043 677 divinitatis
3073 637 3186 677 sua!
3238 623 3310 677 ita
3344 637 3470 676 cum
3503 621 3606 675 ho-

2009 715 2158 769 mine
2187 717 2451 784 suscepit.
2491 726 2654 784 atque
2695 717 2952 784 portavit,
2986 725 3046 772 ut
3085 715 3335 785 prolirias
3380 714 3600 784 quidem

2007 802 2032 841 (³
2064 815 2408 875 eoniputaret
2435 809 2794 863 contumelias
2831 824 2966 878 quas
2985 808 3298 879 patiebatur
3326 808 3378 862 in
3409 821 3601 874 carne,

2007 897 2104 953 sed
2137 907 2316 953 tamen
2346 898 2606 953 divinitas
2638 901 2778 968 ejus,
2810 901 2919 954 vim
2949 911 3158 956 naturae
3187 915 3302 955 sum
3331 901 3596 969 retinens,

2008 992 2359 1060 impassibilis
2407 1003 2780 1062 permaneret.
2834 993 2988 1050 Unde
3033 1006 3255 1050 sanctus
3303 993 3600 1063 Apostolus

2005 1082 2073 1154 (ll
2105 1081 2226 1138 Cor.
2263 1083 2412 1155 xm),
2445 1085 2597 1138 salvo
2625 1095 2772 1140 statu
2804 1085 3354 1155 incorruptibilitatis
3383 1086 3601 1153 divinar,

2005 1174 2292 1229 Dominum
2323 1177 2624 1246 majestatis
2645 1178 3272 1234 memoratcrucifisum.
3305 1179 3600 1233 Enimvero

2001 1267 2174 1336 ipsius
2205 1269 2396 1323 Passio
2424 1285 2532 1325 non
2563 1270 2617 1325 in
2649 1272 3016 1339 divinitatem,
3049 1289 3170 1342 quae
3209 1282 3292 1329 est
3345 1273 3598 1344 impassi~

2001 1359 2147 1426 bilis,
2205 1361 2301 1417 sed
2360 1362 2411 1416 in
2466 1363 2583 1432 ejus
2635 1363 2917 1420 hominem
2969 1365 3245 1420 celebrata
3279 1406 3295 1433 ,
3347 1365 3601 1434 pereuuti

2001 1452 2204 1507 mundo
2229 1453 2524 1521 subvenit;
2559 1456 2721 1526 lmjus
2751 1471 2985 1527 namque
3035 1457 3265 1514 vulnere
3307 1473 3407 1513 nos
3452 1457 3595 1513 salvi

1999 1543 2122 1599 facti
2157 1561 2370 1601 sumus.
2404 1546 2523 1602 Non
2562 1548 2709 1618 quod
2738 1549 3002 1604 divinitas
3042 1549 3160 1619 ejus
3194 1551 3471 1606 vulnerari
3504 1565 3601 1620 po-

1998 1637 2184 1704 tuerit,
2217 1639 2311 1694 sed
2340 1641 2466 1709 quia
2499 1640 2614 1709 ipse
2645 1639 2994 1696 infirmitates
3025 1651 3243 1697 nostras
3263 1644 3596 1714 susceperit,

1996 1741 2050 1788 et
2080 1747 2298 1802 peccata
2332 1745 2518 1788 nostra
2552 1735 2875 1804 portaverit,
2906 1750 2972 1789 ac
3004 1749 3102 1805 pro
3131 1736 3290 1792 nobis
3327 1735 3594 1802 doluerit,

3416 1841 3594 1896 neque

1994 1919 2138 1976 enim
2172 1920 2288 1988 ipse
2315 1918 2619 1974 infirmatus
2650 1930 2753 1983 est,
2789 1928 2811 1955 ο
2843 1919 2930 1974 vel
2950 1919 3215 1988 peccavit,
3238 1920 3325 1974 vel
3353 1918 3470 1988 ipse
3495 1918 3596 1973 do-

1991 2013 2139 2069 lores
2175 2012 2479 2068 crudelium
2527 2013 2819 2067 vulnerum
2873 2013 3067 2067 sensit.
3125 2011 3258 2066 Nam
3317 2011 3594 2082 quomodo

1992 2106 2110 2162 lleri
2145 2115 2460 2176 poterat,ut
2483 2107 2573 2176 qni
2599 2105 2932 2175 multiplices
2959 2103 3338 2175 aegritudinum
3372 2105 3595 2160 morbos

1991 2201 2252 2272 praecepti
2277 2202 2357 2254 sui
2385 2208 2656 2269 potestate
2677 2209 2985 2261 curaverat,
3007 2209 3062 2254 et
3085 2200 3314 2252 mortuis
3338 2198 3589 2253 iteratam

1989 2293 2154 2347 vitam
2205 2293 2434 2362 imperio
2465 2307 2567 2346 soo
2599 2291 2905 2356 tribuerat;
2940 2292 3056 2358 ipse
3090 2289 3109 2328 ί
3147 2289 3450 2346 secundum
3504 2305 3594 2344 ua-

1956 2367 2166 2439 Ituran]
2190 2383 2430 2438 divinam
2458 2383 2622 2439 fuerit
2648 2383 2902 2439 Passioni
2924 2383 3250 2454 subjectus?
3271 2383 3594 2439 Sustinebat

1990 2492 2122 2548 ergo
2149 2489 2204 2532 ut
2241 2481 2403 2530 homo
2433 2476 2802 2531 contumelias
2846 2476 3131 2530 Passionis
3180 2477 3235 2530 in
3289 2490 3457 2530 carne
3487 2519 3500 2542 ,
3536 2484 3594 2530 et

1989 2570 2318 2640 operabatur
2373 2579 2432 2623 ut
2488 2569 2634 2624 Deus
2687 2569 2906 2639 propria
2959 2569 3286 2624 auctoritate
3336 2569 3589 2624 virtutes.

1990 2663 2144 2720 Unde
2173 2662 2471 2730 Apostolus
2503 2664 2622 2717 ait:
2664 2660 2963 2730 Cruci/imus
3019 2672 3092 2716 est
3145 2678 3208 2715 ex
3255 2662 3583 2731 inﬁrmitate,

1986 2756 2078 2809 sed
2105 2755 2223 2808 vivit
2250 2771 2313 2808 ex
2341 2756 2524 2808 virtute
2559 2753 2655 2806 Dei
2687 2751 2753 2824 (ll
2783 2751 2906 2807 Cor.
2935 2752 3078 2820 xm).
3107 2753 3173 2807 Et
3208 2751 3336 2806 hinc
3355 2751 3588 2808 estillud

1987 2848 2147 2920 361
2177 2847 2320 2917 quod
2353 2861 2475 2901 cum
2501 2845 2570 2899 ad
2604 2845 2918 2899 Passioaem
2943 2843 3252 2908 deducitur,
3283 2853 3428 2899 tactu
3457 2845 3592 2900 dex-

1987 2948 2119 2995 tera:
2149 2954 2262 2993 suae
2301 2954 2496 2992 novam
2545 2937 2746 2991 format
2773 2951 2962 2991 aurem
2993 2936 3202 2990 Malcho
3243 2936 3398 3006 (Luc.
3429 2953 3540 2992 χχιι
3567 2979 3585 3006 ,

1985 3029 2101 3101 51),
2142 3041 2333 3085 eontra
2368 3029 2646 3099 patientiae
2701 3045 2814 3083 sua:
2874 3028 3242 3097 propositum,
3297 3027 3446 3083 Petri
3505 3029 3590 3083 ul-

1983 3125 2243 3181 ciscentis
2283 3123 2468 3194 gladio
2516 3132 2891 3194 amputatum:
2946 3132 3002 3176 et
3043 3123 3188 3191 quod
3233 3123 3480 3190 pendens
3531 3124 3584 3178 in

285 3220 465 3276 basse.
497 3222 701 3279 Tamen
730 3224 1100 3281 distinctionis
1132 3227 1295 3298 ltujus
1338 3227 1585 3299 regulam
1636 3245 1741 3282 non
1789 3244 1875 3284 se-
1907 3217 1951 3278 C
1985 3232 2149 3273 Cruce
2177 3217 2379 3271 latroni
2403 3213 2687 3270 confitenti
2709 3213 3210 3285 paradisumdonat
3237 3213 3585 3286 (Ludunt):

285 3328 527 3384 quttntur
556 3315 876 3386 nequissimi
913 3317 1125 3384 Ariani,
1159 3320 1254 3374 sed
1286 3335 1590 3390 cauponum
1621 3320 1747 3374 dolo
1782 3322 1879 3375 Ju-

285 3407 564 3463 daicorum
598 3421 619 3449 ο
653 3411 879 3466 miscent
919 3427 1112 3481 aquam
1147 3414 1294 3478 vino,
1327 3414 1378 3468 id
1411 3425 1494 3470 est
1526 3415 1758 3468 humana
1792 3413 1873 3466 di-

287 3501 473 3568 vinis;
503 3513 560 3557 et
596 3505 666 3558 ita
701 3505 850 3558 illam
885 3519 1090 3560 meram
1123 3514 1287 3575 atque
1316 3506 1678 3576 apostolicam
1712 3505 1874 3560 ﬁdem

283 3593 536 3650 adultera
564 3598 932 3667 permixtione
971 3598 1343 3666 confundunt,
1387 3600 1504 3654 Deo
1533 3599 1877 3654 ascribentes

282 3686 668 3758 ignorantiam,
686 3689 1080 3757 infirmitatem,
1099 3700 1326 3761 metum,
1356 3691 1876 3763 impossibilitatem,

351 3984 378 4012 ι
403 3974 641 4029 Immane
670 3988 828 4044 quam
859 3974 928 4028 ab
957 3975 1062 4029 hoc
1090 3989 1246 4029 versu
1280 3989 1445 4042 usque
1470 3972 1536 4027 ad
1575 3973 1737 4027 finem
1760 3972 1872 4044 bu-

275 4045 364 4115 jus
393 4056 652 4100 tractatus
689 4042 744 4099 in
792 4056 1024 4114 quatuor
1073 4060 1203 4100 mss.
1265 4045 1475 4100 turbata
1542 4054 1597 4098 et
1643 4042 1868 4098 confusa

278 4120 385 4171 sint
413 4117 620 4182 omnia;
649 4119 845 4171 desunt
869 4121 1014 4172 enim
1041 4116 1126 4170 hic
1152 4119 1261 4171 illic
1288 4117 1446 4170 linea:
1478 4116 1588 4170 fere
1615 4125 1864 4180 centum;

279 4189 480 4256 reliqua
516 4203 648 4243 vero
675 4204 794 4257 quae
825 4200 1114 4256 supersunt
1138 4229 1154 4253 ,
1204 4197 1464 4257 perpetuo
1511 4189 1728 4250 luxata,
1780 4187 1866 4240 vix

278 4259 567 4313 Ariadnzeo
595 4260 705 4322 filo,
736 4271 885 4314 recto
905 4259 1095 4313 oruiue
1123 4261 1318 4313 deduci
1367 4266 1422 4311 et
1465 4259 1719 4324 componi
1748 4273 1870 4323 pos-

278 4340 439 4397 sunt;
475 4330 775 4398 eodemque
820 4331 1043 4386 omnino
1084 4329 1214 4384 vitio
1268 4332 1473 4383 laborat
1519 4332 1682 4382 etiam
1741 4329 1864 4381 cod.

279 4400 612 4471 Pantagathi.
659 4401 848 4457 Merito
879 4403 1085 4456 monuit
1143 4401 1224 4455 vir
1275 4402 1485 4459 doctus.
1517 4399 1570 4452 in
1632 4407 1745 4471 not.
1773 4399 1864 4471 iad

1988 3321 2046 3368 et
2084 3312 2226 3382 quod
2274 3321 2298 3358 8
2343 3311 2398 3365 in
2439 3311 2696 3379 sepulcro
2738 3312 2946 3379 positus
2989 3324 3224 3380 corpora
3271 3321 3584 3366 sanctorum

1988 3406 2284 3459 resuscitat
2311 3402 2532 3475 (Matth.
2567 3404 2735 3472 xxvii)
2772 3418 2785 3454 :
2816 3411 2870 3456 et
2903 3401 3045 3472 quod
3087 3417 3383 3471 resurgens
3423 3407 3478 3456 in
3522 3417 3586 3457 ea

1987 3497 2204 3552 videtur
2225 3512 2329 3566 qua
2362 3510 2553 3564 passus
2582 3493 2758 3549 fuerat
2781 3495 3186 3563 compositione
3215 3495 3586 3550 membrorum

1981 3591 2138 3666 (Luc.
2170 3592 2347 3659 xxiv),
2379 3599 2430 3644 et
2455 3588 2521 3642 ad
2545 3587 2842 3656 Apostolos
2874 3588 3017 3642 intra
3049 3605 3213 3641 unuttt
3246 3587 3586 3643 domicilium

1985 3693 2368 3756 congregatos,
2397 3683 2587 3752 januis
2617 3681 2819 3736 clausis
2876 3681 3184 3750 ingreditur
3227 3679 3409 3752 (Joan.
3442 3683 3536 3753 x—x)
3571 3699 3586 3736 :

1983 3967 2202 4023 dentius
2232 3965 2559 4026 crucialium.
2584 3971 2854 4030 corruptae
2887 3961 3175 4018 latinitatis
3200 3975 3412 4026 vocem,
3442 3976 3578 4031 quo-

1977 4041 2139 4095 modo
2167 4038 2480 4090 crttciarium
2506 4036 2715 4089 Domini
2744 4033 3319 4089 dixitCommodiauus
3345 4035 3579 4087 instruc-

1978 4113 2125 4165 tione
2153 4111 2223 4165 3:2
2251 4127 2262 4162 :

2097 4203 2398 4254 Cruciarium
2421 4201 2615 4250 Domini
2638 4201 2680 4248 si
2703 4211 2799 4249 non
2823 4199 3054 4262 adorasti,
3082 4200 3290 4260 peristi;

1972 4347 2079 4403 quo
2108 4335 2172 4403 in_
2191 4332 2309 4403 loco
2331 4343 2578 4403 erucem,
2604 4328 2687 4382 vel
2720 4328 3018 4382 cruciatum
3049 4325 3274 4393 Christi,
3300 4326 3573 4399 interpreo

1973 4401 2116 4458 tatur
2145 4401 2433 4465 Rigaltitts.

277 4469 748 4555 Longiuunnedit.
771 4474 1026 4558 Salmurii
1046 4488 1165 4558 pag.
1192 4471 1318 4558 33:5,
1349 4474 1462 4524 fieri
1487 4470 1734 4558 selerein
1763 4470 1866 4558 fine
1897 4492 1949 4552 D
1975 4547 1988 4558 .
2051 4473 2068 4511 ί
2103 4471 2676 4558 [testia-uinus‘locntn'
2712 4469 2950 4558 h‘une‘ad
2983 4483 3228 4552 normam
3278 4484 3433 4558 m‘ssr
3480 4471 3570 4540 qui

275 4544 513 4598 omnium
539 4559 676 4614 pene
694 4559 823 4600 mss.
847 4545 1006 4598 codd.
1034 4556 1090 4599 ut
1117 4543 1863 4614 pluribusmendisscateaut,

275 4628 395 4669 cum
429 4611 670 4680 tardium,
695 4630 785 4670 aut
810 4611 1156 4684 negligentia,
1189 4624 1280 4669 aut
1321 4615 1542 4668 nimium
1576 4611 1868 4667 festinandi

274 4686 511 4758 studium
546 4688 750 4758 reliqua
780 4691 1104 4754 corrumpit.

346 4755 374 4795 δ
403 4757 493 4812 Sit:
523 4754 959 4827 mss—quatuor;
991 4769 1103 4812 tres
1148 4773 1280 4812 vero
1324 4755 1611 4820 editiones,
1658 4754 1864 4822 inepte,

274 4827 550 4903 delegisse.
569 4829 707 4884 Cod.
723 4902 726 4903 ν
743 4829 1086 4899 Pattlagalhi,
1117 4830 1193 4880 vel
1219 4828 1397 4903 egisse.

349 4900 482 4954 ("Ita
540 4901 828 4966 legendum
887 4915 1008 4953 esse
1059 4900 1353 4966 persuadet
1401 4912 1700 4951 consensus
1729 4911 1861 4951 mss.

271 4969 536 5041 Congruit
559 4971 727 5024 etiam
754 4971 894 5038 quod
927 4969 1190 5040 sequitur,
1224 4970 1277 5021 id
1297 4977 1369 5020 est
1399 4967 1628 5041 humana
1656 4967 1868 5041 diuinis.

273 5045 344 5096 At
395 5037 575 5095 iniuus
624 5037 779 5095 recte,
825 5041 979 5102 editi,
1011 5037 1250 5093 'miscent
1297 5055 1446 5105 aqum
1475 5039 1666 5089 rinam.
1724 5037 1864 5090 Infra

273 5114 435 5166 etiam
463 5113 563 5165 ltoc
585 5111 953 5166 eodeuttram.
982 5111 1370 5166 humanitatem
1400 5125 1575 5178 aqum,
1605 5107 1864 5162 Deitatetn

275 5182 398 5236 vino
446 5193 726 5247 comparat
760 5200 773 5234 :
807 5181 873 5236 Ut
899 5199 1023 5236 sane
1072 5181 1453 5236 Incarnationis
1507 5196 1640 5249 aqua
1694 5179 1867 5231 vinum

272 5253 418 5323 fieret
491 5250 748 5324 Deitatis,
803 5255 944 5324 quod
993 5255 1212 5308 haeretici
1253 5254 1609 5305 adulterantes
1660 5250 1867 5302 verbum

273 5324 392 5389 Dei,
423 5325 598 5378 adhuc
622 5323 758 5378 velut
781 5323 969 5396 aguam
991 5327 1107 5378 vino
1139 5327 1462 5396 permiscent.

342 5396 368 5433 ά
399 5396 636 5452 Verbum
669 5397 770 5450 iioc
797 5393 949 5450 deest
983 5395 1033 5448 in
1067 5395 1246 5460 editis,
1276 5395 1370 5448 sed
1399 5393 1626 5447 habetur
1649 5394 1698 5446 in
1732 5407 1862 5444 mss.

270 5478 525 5538 quatuor,
557 5481 611 5523 et
653 5470 704 5522 in
735 5468 860 5522 cod.
896 5467 1209 5538 Pantagathi
1235 5482 1250 5530 ;
1275 5464 1367 5535 qui
1395 5465 1592 5538 deinde
1621 5477 1744 5516 mox
1776 5478 1868 5515 vo-

272 5536 390 5592 cem
422 5542 511 5592 sed
538 5539 822 5609 expungit,
855 5539 1041 5608 legens
1069 5537 1315 5590 divinitas
1338 5548 1509 5588 tamen
1539 5536 1673 5609 ejus.

351 5620 373 5645 θ
403 5611 533 5663 M~s.
561 5605 793 5678 quatuor
821 5605 1003 5674 legunt
1036 5609 1114 5662 rel
1133 5610 1244 5669 ipse
1269 5612 1511 5676 portavit.
1536 5607 1612 5659 vel
1636 5607 1745 5678 ipse
1773 5605 1869 5659 do-

276 5682 410 5734 lores
439 5677 744 5735 crucialiunt
773 5683 1062 5741 vulnerum,
1085 5680 1135 5733 id
1161 5691 1244 5735 est
1267 5695 1452 5734 eorum
1482 5696 1600 5745 ψιευ
1622 5677 1869 5731 Christus

313 5752 500 5815 ertulit
530 5753 583 5805 in
610 5767 772 5822 cruce
804 5757 1008 5822 pusillis
1033 5768 1047 5816 ;
1077 5751 1406 5822 eteamdetn
1455 5749 1868 5822 lectionem_ha-

297 5830 365 5878 iet
394 5823 555 5878 etiam
582 5819 704 5878 cod.
739 5818 1075 5893 Pantagatlli.
1111 5821 1363 5878 Fortasse
1392 5821 1686 5892 seripserat
1725 5818 1866 5876 Gau-

1974 4547 2027 4601 in
2061 4545 2222 4599 editis
2250 4543 2434 4611 aliquo
2470 4540 2756 4595 laborabat
2801 4542 2964 4604 vitio;
3009 4542 3087 4594 sic
3131 4544 3276 4594 enim
3324 4540 3524 4596 habent
3556 4561 3569 4596 :

1973 4617 2252 4672 secundum
2281 4627 2518 4667 naturam
2546 4613 2772 4664 dit-inani
2799 4612 2952 4681 fuerit
2977 4612 3306 4678 pussionibus
3335 4613 3387 4663 in
3417 4627 3573 4664 carne

1974 4688 2236 4759 subjectus
2262 4686 2286 4738 ?
2315 4685 2473 4752 Atqui
2505 4682 2838 4759 Gaudentius
2860 4683 2972 4759 _hoc_
2995 4693 3151 4759 pacto
3180 4697 3440 4759 tionisttm,
3473 4682 3568 4735 sed

1974 4749 2295 4812 Arianorum
2329 4749 2506 4808 eausa:
2546 4753 2872 4820 patrocinari
2927 4753 3204 4805 videretur
3228 4792 3244 4814 ,
3293 4749 3568 4807 Christum

1973 4826 2270 4883 secundum
2302 4835 2545 4877 naturam
2577 4821 2838 4886 divinam,
2869 4821 3114 4875 PassiOni
3167 4823 3216 4874 iu
3247 4837 3409 4877 carne
3440 4823 3567 4876 sub-

1968 4901 2169 4966 jectum
2203 4895 2391 4954 fuisse.
2424 4895 2822 4966 quodammodo
2856 4891 3230 4960 pronuntians.
3256 4892 3423 4947 Error
3444 4893 3568 4966 inde

1972 4963 2148 5032 ortus,
2182 4967 2324 5036 quod
2354 4966 2523 5036 Verba
2549 4963 2634 5036 illa
2669 4963 2720 5014 in
2752 4979 2928 5028 carne,
2959 4979 3078 5036 quin
3129 4979 3250 5016 mox
3300 4979 3402 5019 Sno
3450 4965 3568 5020 loco

1972 5033 2349 5106 reposuimus,
2399 5034 2678 5087 sustinebat
2730 5051 2850 5106 ergo
2908 5045 2963 5086 ut
3015 5033 3166 5087 homo
3232 5038 3568 5092 contumelias

1973 5108 2248 5163 Passionis
2282 5109 2334 5159 in
2361 5123 2537 5172 carne,
2583 5107 2632 5158 iu
2666 5106 2808 5159 hunc
2840 5106 3016 5160 locum
3062 5107 3264 5160 incuria
3315 5107 3565 5162 librario-

1971 5196 2090 5235 rum
2125 5181 2366 5233 traducta
2399 5179 2629 5231 fuerant.

2045 5251 2525 5324 ‘_A’tlrtxpo_vta'(l.bc
2549 5263 2578 5324 ;_
2613 5264 2716 5301 ιιοιι
2751 5250 2894 5302 enim
2935 5249 3116 5324 statim
3163 5257 3290 5318 post
3330 5257 3559 5302 mortem

1970 5321 2169 5378 Christi
2196 5363 2212 5387 ,
2238 5319 2342 5374 'sT-d
2387 5319 2507 5386 post
2530 5319 2648 5386 ejus
2683 5321 3162 5379 resurrectionem.
3200 5329 3562 5372 surrexerunt

1971 5402 2280 5448 sanctorum
2328 5407 2555 5456 corpora
2577 5431 2590 5454 ,
2626 5400 2899 5462 tamquam
2929 5391 3240 5462 appendices
3272 5388 3560 5462 Dominij

1970 5463 2379 5528 resurrectionis,
2423 5474 2479 5514 Ill
2523 5463 2760 5532 loquitur
2789 5459 3026 5532 Tertull.
3052 5467 3102 5513 ιιι
3123 5459 3230 5532 lib.
3261 5460 3330 5532 tle
3364 5462 3557 5515 Anima

1970 5553 2022 5591 c.
2054 5537 2142 5591 55.
2195 5534 2339 5589 Sane
2382 5529 2772 5604 Hieronymus,
2821 5531 3080 5604 Epitaph.
3121 5529 3406 5598 Nepotiani
3441 5532 3557 5584 haec

1973 5609 2163 5662 habet:
2198 5605 2266 5658 ln
2298 5603 2665 5659 resurrectione
2692 5606 2825 5673 ejus,
2858 5607 3021 5657 multa
3049 5603 3416 5673 dormientium
3442 5617 3556 5654 cor--

1969 5695 2099 5750 pora
2137 5686 2511 5750 surrexerunt.
2541 5687 2599 5750 Aet
2623 5669 2748 5750 visa
2784 5685 2902 5728 sunt
2934 5675 2988 5725 in
3017 5674 3205 5750 caelesti
3231 5669 3558 5750 Jerusalem,

1968 5743 2036 5804 ad
2065 5765 2225 5820 quem
2260 5749 2437 5820 locum
2468 5747 2667 5820 vitlesjs
2695 5753 2950 5800 annotata
2979 5761 3006 5797 a
3040 5743 3352 5800 Martiali-£0
3379 5784 3398 5812 ,
3437 5754 3478 5798 t.
3504 5746 3558 5811 4,

1973 5815 2106 5876 edit.
2144 5819 2371 5883 Bened.,
2407 5831 2528 5884 pag.
2562 5815 2688 5869 267.
