4096 6192
289 315 392 375 989

1152 322 1384 379 SERMO
1426 311 1568 390 XIX,
1615 321 1701 379 DE
1747 322 2058 382 υιγειιδιε
2097 323 2465 382 CAPITULIS
2495 325 2746 384 NONUS.

3494 320 3603 384 990

289 437 394 488 cuti
442 446 558 490 runt
605 433 915 508 Propltetaz!
962 436 1152 491 Nonne
1195 437 1304 491 Iure
1349 439 1576 506 aportuit
1629 435 1890 496 Christum
1919 452 1969 512 Α
1999 442 2136 508 ejus,
2182 458 2245 497 ac
2297 441 2597 514 sanguinis,
2649 459 2746 514 pro
2776 443 3099 502 salubritate
3131 445 3257 502 vita:
3286 443 3595 502 communis

288 528 421 601 pati,
452 539 497 583 et
526 528 597 583 ita
622 530 839 583 introire
883 529 935 583 in
968 530 1188 602 gloriam
1213 547 1361 585 suum
1388 519 1542 603 (Luc.
1571 534 1744 606 xstv)?
1769 533 1884 589 Non

286 622 571 677 immerito
609 623 876 677 minorem
905 637 963 678 se
993 637 1114 678 esse
1149 633 1382 679 testatus
1422 635 1524 689 est,
1570 626 1664 679 sed
1717 626 1768 680 iu
1821 643 1888 682 eo

286 716 414 770 loco
464 716 557 770 ubi
605 717 869 770 rationem
903 714 1210 783 Passionis,
1247 729 1299 772 et
1343 721 1784 783 resurrectionis,
1834 729 1927 774 et.

286 809 629 863 ascensionis
657 815 768 863 sine
797 812 1034 881 propriis
1059 810 1374 867 insinuabat
1418 813 1715 883 Apostoiis.
1752 823 1776 850 η
1809 813 1887 870 Ne

285 913 366 970 tu,
396 904 622 969 Ariane,
671 907 971 959 sententias
1004 905 1120 974 ejus
1150 921 1287 975 quas
1317 905 1384 962 de
1416 908 1658 976 perlecta
1688 907 1888 962 divini-

283 995 412 1050 tatis
437 995 746 1050 Substantia
772 1003 899 1051 ante
921 995 1240 1051 Passiouem
1265 1001 1474 1053 locutus
1500 1009 1608 1065 est,
1633 1000 1884 1055 evacuari

282 1101 446 1160 posse
468 1087 750 1142 existimes
781 1087 1184 1142 incredulitatis
1205 1091 1516 1145 vernamtize
1539 1102 1882 1162 argumento,

285 1193 394 1251 quo
423 1181 624 1235 animae
656 1189 761 1235 tum
802 1183 1036 1237 salutem
1067 1184 1380 1252 perniciosa
1413 1185 1712 1240 calliditate
1742 1185 1885 1240 inte-

284 1273 459 1327 rimis.
498 1273 693 1329 Sermo
719 1273 924 1328 Christi
961 1273 1045 1330 vel
1077 1290 1198 1330 cum
1228 1279 1295 1332 de.
1326 1278 1613 1334 divinitate
1643 1293 1756 1332 sua.
1786 1279 1885 1334 do-

283 1374 393 1430 cet,
423 1364 508 1419 vel
535 1380 658 1420 cum
685 1366 752 1421 de
783 1367 1164 1423 incarnatione
1196 1367 1459 1439 loquitur,
1490 1379 1600 1424 tota
1634 1372 1883 1426 claritate

283 1459 571 1515 distinctus
603 1469 712 1514 est.
744 1457 874 1515 Nam
917 1469 968 1515 et
998 1477 1091 1529 per
1124 1457 1422 1533 Pr0pbetas
1451 1465 1612 1519 aliter
1635 1465 1883 1519 sublimi-

284 1555 451 1606 tatem
484 1550 709 1606 Deitatis
742 1567 854 1606 sua:
883 1553 1200 1619 annuntiat,
1235 1570 1353 1608 cum
1389 1555 1518 1608 dicit
1551 1572 1562 1606 :
1593 1555 1751 1619 Audi,
1785 1571 1879 1623 po-

282 1643 403 1716 pale
421 1657 582 1708 meus,
615 1653 665 1698 et
687 1643 904 1716 loquar:
935 1643 1130 1712 Israel,
1162 1657 1210 1701 et
1237 1647 1549 1716 testiﬁcabor
1589 1648 1700 1713 tibi,
1743 1643 1883 1718 quod

281 1743 540 1797 Dominus
569 1741 709 1797 Deus
741 1751 860 1797 tuus
879 1762 970 1816 ego
997 1760 1110 1798 sum
1136 1744 1257 1815 (Ps.
1284 1743 1473 1817 XLIX):
1504 1747 1663 1800 aliter
1686 1745 1879 1800 futura:

1993 534 2296 602 aﬁerimus,
2358 547 2415 592 et
2478 537 2718 606 agnitam
2791 537 3138 594 dulcedinem
3199 537 3592 608 mysteriorum

1994 640 2017 667 θ
2048 631 2273 685 conscio
2317 647 2414 684 ore
2445 640 2705 686 testamur
2740 650 2752 685 :
2785 629 3025 699 Gustate,
3058 642 3104 686 et
3134 632 3320 695 uidete.
3350 630 3597 702 quoniam

1989 726 2159 778 suavis
2189 733 2261 777 est
2309 721 2562 778 Dominus
2594 723 2712 795 (Ps.
2768 728 2983 794 xxxiii).
3021 724 3127 783 Sed
3178 741 3258 781 rte
3292 724 3590 792 hairetieis,

1989 817 2081 886 qui
2118 816 2166 870 id
2213 818 2356 887 quod
2397 818 2562 872 dulce
2590 828 2697 880 est,
2731 835 2975 873 auzaruni
3019 831 3290 874 conantur
3317 833 3594 886 asserere,

1990 911 2060 964 ibi
2097 911 2457 978 aiqttalitatem
2502 911 2828 969 subtrahere
2859 913 2924 967 de
2956 911 3097 968 Filio
3139 916 3463 984 gestientes,
3498 910 3593 970 tibi

1991 1015 2136 1060 totus
2168 1006 2218 1060 in
2249 1005 2422 1075 gloria
2459 1007 2551 1060 Dei
2597 1006 2776 1062 Patris
2805 1022 3030 1062 manere
3060 1006 3431 1078 cognoscitur,
3457 1019 3592 1063 cono

1988 1110 2257 1152 summato
2291 1098 2552 1172 mysterio
2584 1098 2878 1153 Passionis.
2913 1099 3046 1154 Nam
3079 1101 3158 1154 sic
3202 1101 3280 1154 ait
3303 1101 3367 1154 ad
3401 1099 3590 1164 beatos

1987 1191 2304 1262 Apostolus,
2336 1175 2696 1247 Ascensionis
2728 1193 2846 1264 ejus
2880 1193 3184 1263 maiestatis
3213 1193 3442 1262 gloriam
3490 1192 3587 1248 de—

1987 1285 2191 1339 siderio
2223 1285 2421 1340 mentis
2457 1285 2784 1340 audientes:
2823 1285 2883 1341 Si
2925 1286 3212 1357 diligeretis
3243 1302 3342 1348 me,
3392 1285 3593 1357 gaude-

1985 1381 2110 1431 retis
2140 1379 2332 1449 utique,
2361 1378 2481 1448 quia
2509 1378 2650 1439 ,rado
2675 1379 2743 1431 ad
2775 1377 2989 1432 Patrem
3016 1393 3034 1431 :
3073 1379 3197 1448 quia
3240 1375 3395 1433 Pater
3422 1380 3593 1450 major

1987 1486 2067 1523 nte
2109 1478 2180 1522 est
2245 1467 2424 1540 (Joan.
2482 1469 2616 1540 le).
2674 1469 2973 1524 Deelarans
3047 1467 3276 1540 quippe,
3344 1467 3470 1524 idco
3533 1484 3598 1532 se

1986 1560 2038 1615 in
2070 1570 2298 1631 utraque
2339 1561 2668 1626 Substantia,
2709 1561 2799 1614 Dei
2829 1568 2884 1614 et
2915 1560 3176 1634 hominis,
3223 1573 3342 1629 post
3375 1560 3590 1618 Passio-

1988 1669 2132 1718 nem,
2168 1654 2739 1722 resurrectionemque
2777 1668 2952 1716 suam,
2982 1652 3153 1708 C(BIOS
3195 1668 3576 1724 escensurum,

1988 1759 2044 1798 ut
2092 1746 2136 1799 is
2186 1745 2276 1817 qui
2324 1746 2396 1798 ob
2447 1745 2837 1800 incarnationis
2888 1743 3274 1810 humilitatem,
3320 1745 3494 1800 minor
3524 1759 3584 1806 se

281 1833 747 1906 lncorporationis
775 1850 892 1891 suze
920 1838 1284 1892 humilitatem
1333 1836 1600 1908 designat,
1633 1854 1756 1892 cum
1797 1839 1879 1892 di-
1913 1845 1958 1905 Β
1989 1839 2124 1908 ipso,
2155 1848 2208 1891 et
2242 1837 2444 1891 idcirco
2475 1836 2633 1890 Patre
2666 1853 2764 1889 suo
2795 1836 2970 1890 minor
3001 1836 3280 1892 videretur
3313 1836 3363 1890 iu
3398 1836 3580 1910 terris,

284 1931 387 1984 cit:
419 1927 533 2000 Ego
556 1941 726 1984 autem
757 1947 870 1984 sum
895 1933 1099 1997 vertitis,
1123 1941 1170 1985 et
1193 1949 1295 1984 non
1321 1929 1474 1984 homo
1500 1948 1516 1983 :
1541 1931 1877 2002 opprobrium

281 2024 568 2088 hominum,
599 2033 647 2079 et
673 2025 892 2092 abjectio
914 2026 1075 2096 plebis
1117 2024 1236 2097 (Ps.
1275 2027 1405 2094 XXI).
1447 2025 1514 2078 Et
1538 2036 1654 2094 post
1687 2024 1874 2090 multa,

284 2127 345 2173 ut
367 2118 533 2188 ipsius
557 2134 682 2174 esse
703 2135 918 2173 omnem
939 2128 1144 2173 textum
1170 2117 1473 2189 prophetite
1499 2134 1604 2171 non
1629 2117 1874 2172 dubites:

283 2209 602 2273 Diris-erunt,
637 2211 832 2280 inquit,
864 2212 961 2265 sibi
990 2211 1293 2264 t'estintenta
1337 2228 1470 2272 mea,
1503 2221 1549 2264 et
1588 2227 1744 2278 super
1771 2227 1878 2262 res-

285 2314 382 2357 tem
412 2321 577 2358 nteant
601 2305 846 2358 ntiserunt
872 2317 1062 2359 sortem
1086 2302 1302 2378 (Ibid);
1329 2305 1470 2372 quod
1495 2321 1523 2357 a
1556 2304 1880 2374 Cruciﬁgen-

282 2397 426 2452 tibus
456 2385 654 2451 factum
690 2397 758 2451 de
782 2398 1124 2452 vestimentis
1151 2395 1350 2451 Christi
1383 2396 1739 2468 evangelista:
1772 2406 1880 2450 tes-

283 2499 468 2544 tantur
499 2483 713 2561 (Jlatth.
746 2503 923 2554 xxv";
949 2489 1109 2542 Joan.
1147 2489 1283 2560 χιχ).
1314 2489 1486 2544 Nemo
1518 2492 1705 2560 itaque
1749 2488 1881 2543 ﬁde-

285 2584 413 2637 lium
442 2583 826 2651 conturbetur,
863 2585 1007 2661 quod
1039 2587 1328 2649 minorem,
1369 2600 1427 2640 se
1457 2585 1509 2638 in
1545 2585 1648 2640 hoc
1678 2585 1880 2640 mundo

284 2681 582 2732 secundum
614 2693 836 2733 carnem
870 2678 1102 2749 positus,
1136 2679 1294 2732 Patre
1320 2694 1417 2733 suo
1452 2679 1655 2733 dixerit
1685 2679 1878 2748 Filius,

284 2770 375 2838 qui
410 2773 575 2824 etiam
617 2771 787 2826 vermi
832 2771 1072 2841 seipsum
1099 2771 1210 2839 jam
1248 2782 1358 2824 tum
1409 2787 1506 2841 per
1548 2771 1880 2839 Proplietam

284 2878 609 2934 Comparare
656 2865 906 2935 dignatus
957 2875 1041 2919 cst
1079 2884 1092 2920 :
1127 2875 1182 2920 et
1214 2864 1315 2919 hoc
1357 2865 1578 2935 quidem
1627 2883 1730 2918 non
1764 2864 1884 2920 sine

286 2959 518 3028 ingentis
552 2963 768 3015 ratione
793 2960 1036 3030 u‘tysterii
1091 2962 1317 3014 Constat
1340 2963 1510 3026 enim,
1539 2959 1562 2997 δ
1592 2961 1713 3015 sine
1735 2961 1882 3014 coitu

289 3069 331 3122 gl
358 3053 620 3117 nerantis,
647 3053 843 3108 iulurm
873 3055 993 3124 apis
1020 3069 1264 3108 verment
1291 3054 1463 3121 nasci,
1500 3057 1652 3125 cujus
1687 3053 1884 3106 labores

288 3165 430 3218 reges
451 3147 616 3221 365
635 3157 680 3204 et
713 3149 995 3202 mediocres
1023 3160 1044 3187 ε
1075 3149 1142 3203 ad
1157 3150 1432 3202 sanitatem
1454 3146 1715 3215 a/I'erunt;
1742 3149 1882 3202 sicut

1983 1935 2191 1988 calcato
2221 1935 2411 1986 tnortis
2443 1932 2636 1985 aculeo
2658 1931 2827 1986 caelos
2851 1931 3024 1984 victor
3049 1929 3372 1994 ascendens,
3399 1944 3582 1995 atqua-

1985 2023 2052 2082 lis
2087 2027 2252 2094 Patri,
2285 2028 2424 2080 sicut
2454 2041 2672 2094 seraper
2707 2022 2902 2090 iuerat,
2937 2033 3319 2093 permaneret;
3351 2032 3407 2080 et
3437 2024 3579 2079 idem

1983 2122 2071 2190 qui
2119 2135 2339 2189 semper
2371 2120 2534 2182 Deus,
2569 2133 2714 2172 nunc
2759 2129 2812 2172 et
2856 2117 3041 2182 homo,
3085 2117 3196 2188 jam
3231 2115 3377 2172 Deus
3406 2116 3463 2170 in
3501 2132 3581 2174 ae-

1985 2224 2134 2270 terna
2195 2215 2370 2271 Patris
2419 2214 2591 2285 gloria
2625 2215 2956 2268 constitutus
2985 2213 3104 2268 sine
3150 2211 3256 2266 ﬁne
3305 2217 3581 2280 regnaret.-

1983 2310 2115 2364 Nam
2147 2310 2235 2380 qui
2269 2307 2422 2380 prius
2470 2308 2521 2362 in
2587 2307 2843 2378 imagine,
2888 2307 2957 2362 de
3008 2321 3144 2378 aqua
3197 2307 3378 2360 vinum
3429 2304 3583 2372 iecit,

1983 2418 2102 2458 cum
2159 2401 2369 2456 diceret
2419 2401 2750 2455 beatissima?
2781 2399 3016 2454 Marite':
3053 2399 3193 2465 Quid
3243 2399 3369 2454 milii
3415 2410 3462 2452 et
3493 2398 3587 2456 tibi

1981 2506 2078 2565 est,
2127 2496 2352 2548 mulier?
2378 2494 2612 2548 nondum
2643 2494 2776 2547 venit
2807 2491 2940 2546 hora
2986 2510 3097 2547 mea
3131 2492 3308 2563 (Joan.
3355 2492 3438 2564 tt);
3469 2494 3584 2564 ipse

1983 2600 2105 2658 post
2137 2590 2324 2644 horam
2371 2588 2650 2642 Passionis
2682 2603 2818 2653 sua),
2864 2589 3154 2642 veritatem
3190 2589 3458 2660 praemissi
3511 2603 3586 2643 ea

1985 2684 2238 2753 ttigtnalis
2283 2692 2512 2736 eatenus
2564 2679 2989 2747 consummavit,
3041 2691 3097 2734 ut
3146 2696 3280 2736 sane
3329 2682 3585 2736 incarna-

1986 2776 2145 2831 tionis
2167 2789 2302 2845 aqua
2324 2775 2506 2828 vinum
2536 2773 2690 2828 ﬁeret
2718 2773 2974 2839 Deitatis;
2997 2772 3140 2844 quod
3157 2771 3399 2829 ha'retici
3429 2773 3587 2830 adul-

1988 2876 2223 2922 teiautes
2249 2867 2497 2928 verbum,
2537 2865 2654 2931 Dei,
2689 2865 2869 2920 adhuc
2899 2865 3045 2919 velut
3079 2879 3270 2936 aquam
3307 2867 3430 2920 vino
3457 2881 3582 2936 per-

1987 2962 2238 3026 miscent,
2265 2976 2385 3012 cum
2417 2968 2564 3014 totus
2605 2959 2871 3014 Dominus
2908 2957 3087 3023 Jesus,
3114 2969 3170 3012 et
3199 2959 3341 3025 quod
3371 2976 3433 3012 ex
3474 2960 3584 3015 lteo

1987 3053 2146 3107 Patre
2163 3062 2268 3116 est,
2291 3061 2346 3106 et
2362 3052 2502 3119 quod
2529 3067 2590 3104 es
2627 3050 2848 3122 Virgine
2869 3061 3040 3106 matre
3063 3060 3165 3113 est,
3202 3051 3343 3105 Deus
3361 3051 3432 3106 sit
3462 3052 3583 3106 uni-

1984 3148 2198 3214 genitus
2420 3145 2474 3200 in
2499 3145 2668 3213 gloria
2698 3145 2794 3200 Dei
2830 3145 3005 3199 Patris
3030 3161 3043 3197 :
3074 3144 3326 3218 quoniam
3355 3145 3576 3216 quidem

289 3243 552 3313 scriptum
588 3252 692 3297 est.
728 3244 966 3297 Labores
996 3244 1140 3298 enim
1161 3242 1442 3298 Pa~siouis
1471 3241 1694 3307 Christi,
1721 3258 1880 3312 quem
1910 3227 1953 3287 Ε
1991 3241 2133 3296 Deus
2164 3240 2464 3294 diminutas
2518 3254 2624 3293 non
2658 3249 2741 3294 est
2773 3241 2822 3295 in
2857 3239 3109 3306 homine,
3140 3240 3234 3296 sed
3259 3239 3422 3294 homo
3455 3256 3582 3309 pro-

290 3335 440 3390 velut
484 3351 643 3407 apem
695 3337 955 3406 virginem
992 3353 1411 3402 permansurum
1461 3334 1486 3372 ά
1522 3336 1684 3406 Virgo
1713 3335 1884 3391 edidit

289 3439 486 3494 tuater,
524 3439 629 3479 tam
661 3443 810 3496 reges
843 3443 869 3479 a
895 3427 1136 3496 regendo
1161 3427 1380 3499 (summi
1415 3426 1670 3481 videlicet
1701 3442 1885 3480 sacer-

287 3519 470 3589 dotes)
500 3535 658 3589 quam
702 3519 1007 3575 mediocres
1037 3521 1242 3592 quique
1274 3522 1645 3591 sequentium,
1680 3522 1760 3571 γει
1795 3537 1885 3572 or-

289 3611 434 3666 dinis
462 3612 711 3677 Levitici,
747 3615 830 3668 vel
856 3613 1095 3669 ﬁdelium
1123 3614 1320 3684 plebis,
1347 3613 1399 3667 in
1434 3615 1597 3684 ﬁgura
1632 3615 1884 3684 cerporis

363 3784 387 3812 ⁸
418 3775 510 3832 Sit:
540 3791 668 3830 mss.
717 3784 978 3846 quatuor;
1024 3774 1152 3829 editi
1182 3789 1334 3840 vero,
1377 3791 1440 3828 ne
1486 3784 1615 3838 tttm,
1665 3773 1876 3828 Arione.

288 3846 424 3903 Cod.
480 3849 797 3918 Pautagathi
851 3865 862 3900 :
912 3848 992 3900 Ne
1043 3859 1118 3911 tu,
1160 3846 1372 3899 Arione.
1428 3847 1652 3899 Videtur
1697 3855 1878 3899 autem

289 3917 664 3990 scribendum
685 3919 986 3990 Apostolis;
1028 3934 1090 3971 ne
1135 3927 1189 3970 tu
1246 3917 1456 3984 Arione,
1513 3918 1748 3985 ideoque
1781 3919 1878 3990 de-

292 3990 448 4044 lenda
483 4001 606 4044 nota
633 3988 767 4042 ﬁniti
793 4004 1004 4060 sensus.
1039 3995 1254 4060 στιγμή,
1277 3997 1334 4040 ut
1359 4005 1424 4040 ne
1449 3998 1502 4041 tu
1523 3989 1712 4042 Arione
1743 3988 1879 4044 reie-

289 4070 442 4114 ratur
467 4061 533 4115 ad
565 4061 691 4114 illud
725 4059 867 4128 quod
897 4059 1106 4113 dixerat
1137 4059 1228 4112 sed
1254 4074 1310 4111 co
1338 4060 1390 4111 in
1420 4059 1552 4112 loco.

360 4130 386 4170 δ
418 4131 682 4199 Loquitur
711 4129 1051 4185 Gaudentius
1081 4146 1146 4185 ex
1190 4129 1347 4183 Plinii
1389 4131 1683 4195 sententia,
1727 4130 1882 4196 cujus

288 4203 476 4267 verba,
511 4204 602 4257 lib.
639 4218 716 4265 ιι,
748 4217 800 4256 c.
837 4203 925 4269 iii,
962 4201 1078 4255 luce
1108 4213 1231 4256 sunt
1280 4219 1292 4254 :
1339 4201 1508 4272 Apum
1552 4204 1715 4255 coitus
1745 4203 1883 4255 visus

291 4283 363 4327 est
393 4290 693 4342 numquam.
724 4272 909 4326 Plures
937 4274 1294 4326 existimavere
1316 4282 1552 4341 Oportere
1578 4273 1764 4341 conﬁci
1784 4274 1882 4338 ﬂo-

289 4345 432 4400 ribus
449 4345 747 4415 compositis
766 4357 904 4415 apte.
933 4355 1084 4413 atque
1113 4345 1328 4397 utiliter.
1356 4343 1533 4415 Aliqui
1545 4345 1681 4396 coitu
1705 4344 1878 4415 tutius,

289 4416 381 4485 qui
428 4431 518 4472 rex
545 4413 599 4469 in
639 4413 840 4484 quoque
885 4415 1183 4483 appellatur
1233 4414 1490 4470 examine.
1528 4413 1882 4485 Deindehae

293 4483 563 4541 sententia
617 4483 817 4556 rt-jecta
850 4487 1066 4541 subdit:
1098 4485 1250 4550 Quod
1292 4495 1492 4539 certum
1536 4496 1630 4553 est,
1662 4483 1884 4555 gallina-

293 4573 409 4610 rum
451 4560 601 4612 modo
642 4558 908 4612 incubant.
957 4558 1023 4611 Id
1061 4556 1201 4624 quod
1236 4557 1504 4610 exclusum
1531 4567 1626 4620 est,
1658 4557 1881 4626 priurum

292 4629 601 4683 vermiculus
618 4627 839 4692 videtur,
856 4627 1320 4700 caudidus,jacens
1344 4638 1684 4694 transversus,
1715 4627 1887 4700 adita;-

290 4713 508 4770 rensque
551 4700 622 4754 ita
656 4709 708 4756 ut
753 4717 961 4763 parcere
989 4699 1240 4754 videatur.
1271 4700 1590 4754 Aristoteles
1614 4716 1742 4753 vero
1772 4699 1888 4770 api-

295 4769 395 4830 bus
424 4769 642 4826 coitum
678 4772 867 4826 tribuit
899 4773 934 4824 l.
968 4787 1049 4837 ιιι,
1083 4771 1151 4824 de
1192 4770 1392 4824 Gener.
1427 4771 1674 4831 animal..
1712 4789 1761 4822 ι’.
1795 4769 1884 4833 10,

292 4839 582 4896 Theodoro
607 4841 748 4896 Gaza
785 4844 1119 4910 interprete:
1157 4841 1216 4896 Si
1246 4842 1358 4894 sine
1383 4841 1586 4912 regibus
1617 4843 1758 4910 gigni
1788 4846 1885 4910 [i3-

293 4921 550 4980 tusapnm
573 4914 846 4984 videretur,-
869 4929 989 4984 apes
1012 4913 1169 4984 etiam
1195 4913 1306 4964 sine
1334 4914 1470 4984 coitu
1488 4927 1558 4984 ex
1577 4929 1631 4964 se
1651 4913 1889 4982 generari

294 4999 495 5040 necesse
519 4994 645 5037 esset
683 4999 700 5036 :
729 4981 817 5036 scd
863 4981 980 5036 cum
1001 4981 1102 5036 ltoc
1134 4991 1318 5051 negent
1345 4982 1434 5050 qui
1477 4983 1530 5035 in
1557 4981 1736 5036 eorum
1764 4984 1884 5035 ani-

292 5055 508 5107 ntalium
530 5070 655 5105 cura
680 5063 973 5124 versantur.
1005 5055 1317 5124 relinquitur
1336 5062 1390 5106 ttt
1411 5069 1554 5120 reges
1580 5062 1628 5124 et
1655 5069 1706 5124 se
1734 5069 1888 5122 gerre-

291 5135 425 5188 rent,
472 5135 518 5176 et
546 5139 685 5193 apes.
737 5122 870 5178 Nota
905 5135 989 5179 est
1023 5122 1233 5193 Virgilii
1269 5124 1509 5178 narratio
1558 5123 1626 5176 de
1657 5123 1887 5178 Aristaeo

297 5207 515 5263 paStore
542 5197 740 5260 Georg.
769 5209 842 5258 tv,
877 5196 927 5248 in
952 5211 1053 5264 qua
1083 5211 1214 5249 sane
1244 5197 1460 5250 videtur
1487 5195 1699 5260 poetici:
1729 5195 1888 5257 genio

294 5266 622 5327 obsecutus;
656 5280 778 5318 nam
810 5264 999 5319 eadem
1032 5267 1241 5320 ratione
1271 5282 1378 5320 non
1409 5268 1588 5321 solum
1630 5282 1693 5318 ex
1728 5267 1883 5331 hove,

294 5335 391 5392 sed
423 5352 489 5392 ex
513 5339 668 5389 leone
689 5336 852 5390 etiam
879 5352 1011 5406 apes
1035 5338 1166 5390 oriri
1201 5352 1382 5405 passe,
1417 5349 1471 5389 ut
1501 5339 1730 5390 traditur
1757 5336 1885 5396 .lud.

296 5424 408 5475 xiv,
467 5408 615 5464 nullo
659 5408 878 5474 negotio
923 5408 1108 5461 docuit
1135 5407 1438 5462 Bocharttts
1475 5410 1524 5459 iu
1568 5408 1785 5462 Pi-a-fat.
1820 5408 1886 5462 ad

296 5477 511 5534 Hieroz.
562 5494 680 5548 pag.
734 5477 830 5544 48,
883 5493 1014 5546 apes
1049 5493 1243 5546 nempe
1277 5480 1346 5533 ibi
1401 5495 1648 5546 repertas
1696 5479 1884 5546 fuisse,

300 5565 404 5603 non
439 5565 612 5604 natas.
643 5551 882 5605 Consule
929 5551 1318 5619 Augustinum,
1354 5566 1422 5603 xv
1466 5551 1534 5604 de
1563 5552 1674 5604 Civ.
1711 5566 1760 5603 c.
1794 5551 1886 5617 27,

300 5619 481 5684 ibique
513 5620 772 5676 Ludovici
821 5619 982 5676 Vives
1026 5629 1218 5676 annot.
1253 5621 1320 5674 ad
1357 5623 1519 5676 verba
1556 5638 1569 5675 :
1609 5621 1728 5675 Alia
1769 5637 1888 5676 vero

298 5701 435 5763 sunt
463 5691 513 5742 in
552 5692 731 5760 quibus
773 5693 903 5746 nihil
933 5693 1000 5747 sit
1029 5693 1186 5746 nutris
1216 5701 1263 5744 et
1304 5693 1532 5762 fentinte,
1583 5695 1712 5746 sicut
1743 5709 1884 5763 opes.

297 5761 602 5834 (dardanus,
758 5779 812 5834 ιι
848 5764 918 5820 de
955 5764 1180 5830 Sttbtii.,
1218 5761 1349 5830 apes
1383 5782 1411 5816 e
1451 5765 1614 5819 melle
1640 5761 1785 5834 gigni
1811 5764 1890 5817 af-

301 5830 509 5899 ﬁrmat;
559 5841 614 5887 at
653 5833 956 5890 Cardanum
1008 5836 1198 5892 irridet
1238 5836 1482 5907 Scaliger
1532 5830 1726 5892 Exerc'.
1760 5835 1885 5902 i9i,

1911 4523 1962 4583 D

1990 3334 2099 3389 ﬁcit
2123 3336 2174 3389 in
2210 3335 2410 3400 Deum;
2466 3341 2526 3387 ut
2579 3334 2720 3387 sicut
2754 3332 2977 3388 Verbum
3003 3349 3126 3388 caro
3157 3334 3354 3400 factum
3395 3344 3500 3399 est,
3531 3343 3583 3390 et

1985 3427 2229 3481 habitavit
2260 3427 2312 3480 in
2336 3425 2482 3481 nobis
2508 3423 2702 3498 (Joan.
2730 3425 2777 3498 ι)
2805 3461 2820 3490 ,
2856 3427 2928 3482 ita
2959 3441 3090 3480 earo
3126 3426 3274 3481 Deus
3296 3426 3448 3480 ﬁeret
3470 3469 3484 3493 ,
3529 3434 3587 3490 et

1990 3520 2258 3574 habitaret
2287 3520 2340 3573 iu
2371 3519 2550 3576 ccelis.
2599 3518 2754 3574 Unde
2783 3528 3187 3588 consequenter
3228 3518 3433 3576 addidit
3463 3536 3476 3570 :
3511 3517 3578 3574 Et

1988 3628 2122 3667 nunc
2143 3655 2156 3676 ,
2191 3611 2392 3680 inquit,
2413 3611 2522 3664 dixi
2545 3611 2684 3666 vobis
2712 3620 2988 3683 antequam
3011 3613 3135 3681 ﬁat,
3161 3621 3221 3666 ut
3243 3628 3360 3666 cum
3389 3615 3583 3682 factum

1988 3789 2146 3842 quem
2172 3772 2322 3828 adire
2353 3773 2577 3827 omnino
2622 3789 2807 3840 operm
2839 3775 3073 3843 pretium
3109 3774 3232 3828 erit.
3294 3772 3367 3828 De
3417 3788 3578 3842 apum

1989 3845 2132 3899 coitu
2166 3844 2329 3899 hodie
2372 3853 2459 3898 res
2488 3843 2625 3898 adeo
2656 3857 2935 3912 comperta
2971 3857 3073 3909 εει,
3109 3853 3169 3898 ιιι
3217 3843 3366 3898 nullo
3415 3843 3583 3900 modo

1991 3917 2229 3980 amplius
2261 3916 2313 3970 in
2343 3916 2698 3984 qttmstionem
2733 3926 3043 3970 revocetur.

2063 3999 2083 4024 ο
2117 3987 2216 4043 Ubi
2249 3990 2514 4056 Scriptum
2561 3987 2682 4042 est?
2727 3987 2874 4042 Untts
2914 3995 2998 4041 est
3026 4001 3089 4041 es
3125 3987 3190 4041 iis
3232 3986 3363 4044 locis
3401 3985 3491 4054 qui
3524 3987 3579 4044 in

1988 4057 2253 4112 llebraico
2299 4067 2447 4113 textu
2497 4067 2553 4128 et
2604 4057 2829 4128 Vulgata
2859 4125 2862 4128 λ
2897 4059 3141 4128 editione
3189 4074 3296 4128 non
3337 4066 3581 4128 exstant.

1985 4143 2108 4182 cum
2157 4141 2334 4183 tamen
2366 4125 2506 4196 apud
2543 4127 2682 4183 LXX
2710 4125 2781 4182 ὀι
2817 4125 2997 4196 plures
3028 4145 3088 4182 ex
3124 4126 3372 4182 Patribus
3423 4127 3581 4184 inve-

1989 4203 2189 4254 niatur.
2222 4199 2375 4261 Nam,
2410 4212 2468 4253 ut
2501 4202 2708 4253 nnlnrit
2742 4200 2966 4256 Samuel
2997 4199 3296 4254 Bochartus
3331 4199 3380 4252 in
3417 4199 3574 4254 Prt‘cf.

1982 4272 2048 4324 ad
2081 4272 2466 4335 l-lierozoicon,
2498 4271 2658 4326 Prov.
2682 4287 2756 4335 vr,
2783 4272 2838 4337 8,
2872 4281 2993 4338 post
3023 4272 3198 4324 locum
3233 4272 3299 4324 de
3326 4271 3576 4335 formica,

1985 4343 2125 4410 apud
2154 4341 2379 4396 Grmcos
2408 4344 2477 4396 de
2519 4347 2622 4412 ape
2650 4344 2896 4410 quaedam
2931 4342 3230 4409 adduntur,
3260 4355 3382 4407 quae
3411 4346 3584 4397 citant

1987 4415 2138 4467 multi
2193 4414 2398 4477 Patres,
2446 4415 2721 4468 transtullt
2770 4414 2966 4480 Arabs,
3000 4421 3054 4466 et
3095 4413 3336 4467 Castalio
3365 4421 3586 4482 quoun

1989 4484 2072 4537 his
2100 4483 2315 4538 verbis:
2349 4487 2448 4538 Aut
2471 4495 2621 4554 apem
2652 4487 2762 4548 adi,
2788 4495 2838 4538 et
2861 4485 3024 4552 disce,
3050 4499 3202 4553 quam
3247 4499 3464 4555 operosa
3492 4486 3580 4549 sit,

1989 4570 2244 4628 quamque
2268 4567 2545 4628 augustum
2583 4569 2712 4628 opus
2740 4566 3010 4621 exerceat;
3038 4559 3201 4628 cujus
3233 4554 3494 4628 laboribus
3531 4554 3581 4610 el

1985 4626 2167 4696 νέρθε(
2202 4637 2250 4680 et
2296 4626 2484 4699 privati
2529 4626 2804 4680 vescttntnr
2829 4626 3137 4699 Esalttbriter.
3189 4626 3330 4699 LXX
3363 4637 3577 4678 autem:

1987 4700 2088 4751 Aut
2118 4699 2245 4751 vade
2273 4696 2340 4749 ad
2355 4715 2522 4769 apem,
2547 4709 2595 4751 et
2617 4699 2777 4762 disce,
2797 4696 3050 4769 quomodo
3065 4698 3304 4769 speraria
3327 4707 3398 4750 est
3414 4711 3583 4769 :_ope-'

1987 4766 2460 4841 rationemquoque
2479 4784 2632 4836 quam
2661 4767 3004 4841 uenerabilth
3031 4769 3189 4841 facit:
3209 4768 3358 4836 cujus
3383 4766 3580 4820 labores

1988 4857 2133 4912 reges
2163 4847 2209 4893 et
2249 4837 2432 4912 idiolte
2457 4841 2526 4912 ad
2555 4839 2828 4912 sanitatem
2855 4837 3128 4912 afferunt.
3172 4837 3228 4912 in
3279 4841 3411 4912 tn'ss.
3445 4851 3584 4908 quaé

1989 4907 2137 4974 tuor,
2168 4919 2223 4964 et
2247 4910 2297 4962 ln
2324 4911 2450 4964 cod.
2479 4909 2823 4978 Pantagatbi,
2854 4908 3083 4960 habetur
3113 4907 3181 4960 ad
3197 4907 3473 4960 sanitatem
3497 4912 3581 4977 of‘

1991 4985 2198 5051 ferunt;
2244 4991 2300 5034 et
2327 4981 2485 5049 paulo
2516 4979 2653 5034 infra
2683 4996 2777 5051 pro
2805 4980 3108 5033 salubritate
3136 4982 3252 5032 vita!
3287 4981 3578 5034 communis

1989 5051 2255 5119 offerimus
2278 5067 2295 5104 :
2322 5052 2418 5105 sed
2461 5063 2658 5105 neutro
2692 5054 2742 5104 in
2787 5051 2906 5104 loco
2937 5051 3260 5116 putavimus,
3308 5053 3581 5121 vulgatam

1991 5124 2284 5177 lectionem
2317 5137 2438 5176 esse
2479 5124 2902 5187 immutandant;
2934 5121 3134 5175 Judtris
3167 5124 3311 5176 enim
3345 5123 3448 5174 tnel
3497 5123 3580 5175 oi-

1990 5197 2133 5264 terre
2155 5193 2268 5264 (qui
2289 5209 2448 5260 apum
2475 5194 2627 5246 labor
2646 5196 2753 5264 est)
2769 5193 2910 5262 Lege
2927 5192 3276 5247 interdictum
3293 5205 3430 5247 erat.
3449 5192 3579 5250 Lev.

1991 5262 2239 5319 ttz0mnis
2269 5265 2462 5318 oblatio
2489 5277 2603 5333 quat
2617 5263 2832 5331 offertur
2866 5265 3313 5333 Domino.absque
3332 5264 3582 5334 fermento

1990 5338 2110 5405 ﬁet;
2143 5351 2232 5389 nec
2281 5339 2561 5402 quidquam
2588 5337 2886 5401 fermentati
2915 5353 2976 5389 ac
3016 5337 3182 5389 mellis
3210 5335 3502 5405 adolebitnr
3528 5335 3582 5405 lit

1989 5402 2250 5474 sacri/icio
2294 5405 2536 5461 Domino.
2585 5407 2718 5462 Vide
2767 5407 3119 5475 Saubertum,
3172 5407 3238 5460 de
3286 5402 3582 5464 Sacriﬁciis

1995 5479 2177 5532 Veter.
2208 5493 2330 5548 Cap.
2361 5478 2459 5532 Q5.

2060 5547 2088 5587 ά
2131 5550 2223 5605 Sic
2253 5546 2381 5603 mss.
2416 5555 2674 5618 quatuor,
2705 5561 2754 5604 et
2786 5549 2926 5604 liber
2955 5547 3305 5617 Pantagathi;
3339 5549 3390 5601 in
3419 5546 3582 5604 editi!

1996 5623 2192 5694 legitur
2229 5621 2386 5694 Virgo
2398 5633 2564 5694 mater
2584 5623 2747 5694 dedit.

2067 5705 2090 5733 ε
2131 5689 2366 5749 Grandis
2408 5691 2499 5750 hic
2526 5705 2612 5747 est
2660 5693 2714 5746 lu
2764 5707 2896 5746 mss.
2929 5690 3157 5754 lat-uua;
3191 5691 3393 5745 desttnt
3436 5689 3581 5745 enim

1994 5766 2191 5836 integri
2236 5781 2428 5820 versus
2475 5766 2716 5836 quinque
2763 5772 2818 5818 et
2845 5761 3142 5836 sexaginta,
3191 5762 3258 5817 ab
3288 5761 3375 5817 his
3403 5762 3588 5817 verbis

1999 5834 2166 5908 usque
2192 5836 2256 5892 ad
2290 5837 2382 5892 illa
2411 5852 2422 5889 :
2462 5834 2602 5889 Nam
2623 5852 2772 5906 quem
2793 5835 3118 5890 inclinatura.
