4120 6174
593 204 696 264 991

1675 207 1734 262 S.
1775 203 2155 262 GAUDENTII
2194 201 2455 260 BRIXIIE
2496 203 2812 262 EPISCOPI

3736 207 3822 265 992

593 322 773 393 fuerit,
792 322 1020 378 credatis
1038 321 1218 394 (Joan.
1243 335 1355 388 xw,
1380 319 1475 392 29)
1499 338 1512 376 :
1537 320 1589 376 id
1612 329 1715 384 est,
1737 320 1860 374 ideo
1880 318 2018 386 dixi,
2044 319 2091 374 si
2111 317 2192 373 di-
2219 320 2274 380 Α
2296 318 2452 387 quit,
2497 327 2542 371 et
2574 329 2867 384 peccatores
2905 319 3099 392 ιετνιε(
3127 318 3219 373 Ps.
3243 336 3406 376 Lutv
3428 319 3470 392 ).
3500 321 3677 391 {Recte
3697 321 3823 391 juxta

593 415 840 487 liget-etis
867 431 976 478 me.
1012 415 1187 470 ltetari
1233 429 1334 469 vos
1374 421 1656 483 oporteret
1691 414 1836 484 quod
1861 412 1928 466 ad
1973 412 2188 468 Patrem

603 524 909 580 pergerem,
935 507 1060 579 quia
1082 517 1237 578 pater
1262 507 1435 576 major
1457 522 1544 560 me
1572 515 1692 573 est,
1717 515 1741 542 ⁸
1765 516 1822 560 ut
1840 521 1962 560 cum
1997 505 2194 558 factum

600 603 795 667 fuerit,
827 601 1070 657 credatis
1091 601 1382 672 aequalem.
1415 601 1542 655 Cum
1589 601 1784 669 factum
1801 600 1998 671 fuerit:
2031 597 2196 668 quid?

601 695 738 750 illud
763 694 983 765 utique;
1007 710 1129 749 cum
1157 694 1601 764 postpassiouem
1624 693 1988 748 meanicaelus
2009 706 2198 746 ascen-

601 787 755 852 dero,
783 790 835 842 iu
863 789 953 842 illa
981 788 1153 858 gloria
1178 803 1338 857 quam
1369 803 1494 841 eum
1517 785 1702 852 Patre,
1733 796 1784 841 et
1808 786 1949 854 apud
1981 785 2196 840 Patrem

601 895 822 950 semper
839 881 999 935 habui
1019 895 1434 950 permansurus.
1454 879 1582 934 Ideo
1597 889 1883 950 postquam
1900 877 2202 933 resurrexit

602 989 635 1030 a
677 974 938 1038 mortuis,
973 972 1194 1043 quidam
1227 973 1545 1027 dubitantes
1575 972 1925 1038 increpantur
1951 970 2020 1023 ab
2052 970 2199 1040 ipso;

603 1076 660 1122 et
702 1067 960 1133 audiunt,
992 1067 1304 1135 oportuisse
1358 1065 1473 1119 hth
1523 1067 1704 1118 omnia
1735 1063 1845 1130 pati
1885 1062 2200 1124 Christum,

607 1168 659 1214 et
692 1159 763 1212 ita
800 1159 1033 1214 introire
1057 1160 1109 1213 in
1141 1158 1375 1228 gloriam
1408 1173 1560 1212 suam
1589 1199 1604 1223 ,
1638 1172 1798 1227 quam
1833 1171 1892 1210 se
1922 1165 2048 1210 aute
2075 1169 2207 1209 con-

608 1251 950 1307 stitutionem
981 1251 1166 1305 tnundi
1217 1265 1433 1320 semper
1463 1249 1775 1319 possedisse
1807 1255 2042 1301 testatus
2097 1254 2202 1301 est.

611 1344 956 1414 Quapropter
1010 1343 1306 1414 Apostolus
1353 1361 1366 1396 :
1424 1342 1534 1396 Etsi
1581 1341 1941 1414 cognorimus,
1999 1339 2206 1408 inquit,

612 1437 895 1491 secundum
923 1451 1132 1490 carnem
1159 1435 1423 1491 Christum
1456 1452 1470 1488 :
1510 1435 1602 1487 sed
1623 1437 1740 1507 jam
1771 1449 1906 1486 nunc
1931 1448 2033 1486 non
2063 1434 2213 1484 novi-

615 1546 728 1583 mus
753 1531 772 1600 (
794 1530 836 1585 1|
867 1527 988 1583 Cor.
1015 1545 1068 1594 v,
1101 1529 1224 1597 16).
1256 1529 1347 1582 Est
1370 1528 1515 1583 enim
1538 1527 1684 1582 Deus
1705 1513 1764 1580 ἰιι
1789 1525 1973 1588 Ιιοιιιο,
1995 1536 2208 1580 utrum-

615 1639 721 1694 que
743 1625 857 1692 jam
891 1624 1034 1678 Deus
1053 1626 1103 1678 in
1135 1623 1229 1678 Dei
1260 1622 1440 1676 Patris
1463 1621 1688 1675 dextera
1715 1623 2068 1680 constitutus,
2088 1635 2210 1688 quo.

2299 411 2444 467 hunc
2499 412 2834 468 intellectum
2893 414 3014 468 ait:
3049 413 3219 467 bibent
3272 424 3318 468 et
3368 423 3642 484 peccatores
3675 423 3824 484 terra;

2297 506 2422 577 quia
2452 519 2771 576 peccatores
2794 508 2916 564 caeli
2946 521 3012 562 ex
3045 507 3271 576 Angelis
3301 507 3576 563 da'moues
3601 508 3736 574 facti,
3761 524 3831 563 sa-

2299 599 2429 654 lutis
2472 601 2723 667 poculum
2755 601 2943 657 bibere
2971 616 3081 655 non
3130 613 3452 657 merentur:
3496 613 3641 657 teme
3681 612 3828 658 autem

2301 703 2618 762 peceatores
2674 705 2868 749 contra
2915 710 3124 749 venena
3171 696 3519 765 daemonum,
3551 697 3832 768 morbosque

2301 786 2556 841 vitiorum
2582 829 2597 853 ,
2630 788 2856 842 calicem
2894 788 3088 842 salutis
3120 789 3423 858 accipient,
3465 801 3517 843 et
3539 805 3713 844 nomen
3750 793 3834 847 Do-

2306 879 2436 932 tnini
2467 878 2801 933 invocabunt
2833 878 2963 950 (Ps.
2988 895 3093 935 cxv
3120 879 3161 951 ).
3209 881 3390 935 Omnis
3429 885 3557 935 enim
3585 885 3837 954 quicumque

2303 970 2612 1025 invocaverit
2647 989 2830 1026 nomen
2879 971 3135 1038 Domini,
3191 975 3364 1027 salt'us
3419 977 3510 1028 erit
3562 974 3834 1047 (Bonus).

2307 1064 2435 1119 Ideo
2463 1081 2595 1120 vero
2622 1067 2765 1121 calix
2791 1066 2894 1121 iSIe
2920 1067 3301 1135 peccatoribus
3332 1068 3590 1123 bibendus
3609 1069 3836 1135 tribuitur,

2308 1160 2430 1226 quia
2463 1174 2562 1211 non
2593 1167 2668 1213 est
2693 1176 2818 1230 opus
2845 1161 2987 1214 sanis
3007 1161 3209 1214 medico
3227 1200 3242 1224 ,
3291 1161 3379 1214 sed
3400 1161 3531 1214 male
3567 1161 3836 1216 habentibus.

2313 1251 2433 1306 Non
2483 1253 2628 1318 veni,
2684 1253 2890 1322 inquit,
2935 1257 3348 1326 uocarejustos,
3382 1254 3470 1307 sed
3512 1262 3761 1324 peccatores
3785 1253 3837 1306 arl

2310 1346 2660 1416 ptrnitentiam
2697 1345 2714 1414 (
2752 1344 2943 1398 Matth.
2976 1347 3074 1410 ιι)
3112 1362 3125 1398 :
3160 1346 3297 1399 tales
3326 1346 3472 1400 enim
3501 1346 3740 1413 sapientia
3765 1345 3840 1399 Dei

2314 1439 2380 1494 ad
2406 1441 2567 1494 istum
2597 1447 2810 1494 cratera
2845 1439 3142 1494 salutiferae
3189 1440 3475 1494 mixtionis
3504 1439 3709 1503 invitat,
3746 1454 3840 1493 cum

2315 1532 2533 1588 sublimi
2565 1546 2700 1586 voce
2729 1533 2980 1586 hortatur
3005 1573 3021 1597 ,
3054 1547 3119 1588 ac
3165 1530 3341 1585 dicit:
3378 1531 3614 1601 Quisquis
3641 1541 3702 1584 est
3741 1531 3840 1582 iusi-

2318 1627 2496 1693 piens,
2520 1623 2734 1677 divertat
2756 1624 2824 1676 ad
2850 1640 2945 1676 me.
2981 1622 3045 1676 Et
3067 1624 3333 1694 egentibus
3385 1639 3531 1676 sensu
3553 1623 3616 1675 ait
3641 1639 3657 1675 :
3684 1620 3841 1687 Venite,

618 1717 759 1768 niam
792 1714 930 1768 calix
957 1715 1011 1768 in
1042 1729 1199 1767 manu
1227 1712 1440 1767 Domini
1463 1713 1564 1766 vini
1580 1713 1708 1765 meri
1736 1712 1919 1783 plenus
1944 1721 2016 1766 est
2040 1711 2207 1765 mixti.
2244 1717 2289 1775 Β
2316 1715 2448 1768 edite
2479 1715 2541 1769 de
2567 1715 2694 1767 meis
2717 1714 3019 1782 panibus,et
3045 1715 3195 1768 bibite
3215 1715 3390 1768 vinum
3413 1714 3544 1784 quod
3572 1714 3726 1766 miscui
3743 1712 3843 1765 vobis

622 1809 690 1864 Et
709 1811 975 1864 inclinavit
996 1827 1060 1864 ex
1085 1811 1180 1862 hoc
1208 1809 1261 1862 in
1278 1807 1414 1862 illud
1439 1824 1456 1861 :
1481 1817 1825 1862 uerumtamen
1852 1807 1957 1876 {rex
1980 1809 2090 1869 ejus
2113 1821 2213 1858 non

623 1912 700 1956 est
748 1904 1012 1956 exinanita
1056 1900 1198 1972 (Ps.
1231 1916 1394 1955 Lntv
1424 1901 1466 1972 ).
1518 1900 1585 1954 Et
1639 1914 1966 1969 quamquam
2011 1899 2214 1963 sciam,

621 1992 991 2060 charissime,
1046 1993 1240 2062 psalmi
1304 1991 1466 2059 hujus
1516 2000 1720 2046 textum
1753 1993 1862 2046 alio
1901 2005 2106 2056 sensu,
2165 1998 2220 2044 et

624 2086 848 2159 quidem
875 2085 1216 2151 rationabili,
1247 2087 1415 2141 fuisse
1461 2104 1489 2137 a
1521 2085 1795 2154 prioribus
1826 2084 2175 2151 ertplauatum
2203 2098 2216 2149 ;

621 2179 651 2219 ι’
680 2195 784 2250 ego
839 2188 1020 2234 tamen
1076 2193 1175 2249 pro
1233 2179 1488 2234 libertate
1536 2177 1702 2242 ﬁdei,
1749 2175 2218 2246 opportunitatem

625 2275 896 2330 dictorum
928 2286 1175 2336 secutus,
1213 2272 1354 2327 traxi
1403 2272 1468 2326 ad
1501 2270 1895 2325 incarnationis
1928 2269 2222 2324 Dominicte

624 2376 1056 2424 sacramentum.
1087 2367 1218 2422 Nam
1242 2367 1319 2422 sic
1341 2365 1425 2422 vel
1459 2366 1772 2431 inclinatus,
1797 2366 1879 2420 vel
1906 2363 2224 2418 humiliatus

626 2473 710 2516 est
732 2461 877 2516 Detts
910 2462 962 2515 in
997 2459 1244 2525 homine,
1279 2468 1339 2514 ut
1368 2473 1697 2528 permanens
1730 2457 1874 2511 Deus
1901 2465 2049 2511 esset
2078 2455 2223 2526 quod

623 2553 826 2622 fuerat,
853 2553 1262 2623 hominemque.
1288 2559 1516 2622 pr0pter
1536 2565 1699 2621 quem
1727 2565 1786 2606 se
1817 2549 2222 2614 humiliaverat,

627 2649 939 2713 exaltaret;
973 2648 1097 2717 quia
1154 2649 1225 2701 ita
1263 2645 1488 2699 Verbum
1516 2661 1638 2698 caro
1682 2644 1876 2712 factum
1905 2653 2000 2708 est,
2035 2651 2092 2696 ttt
2122 2643 2220 2695 ha-

627 2738 825 2796 bitaret
855 2741 905 2793 in
956 2739 1100 2794 nobis
1127 2739 1143 2810 (
1174 2737 1332 2794 Joan.
1359 2754 1376 2792 ι
1409 2737 1426 2808 )
1455 2755 1468 2804 ;
1523 2748 1579 2794 et
1624 2739 1696 2791 ita
1731 2752 1918 2792 rursus
1950 2737 2111 2789 homo
2172 2738 2224 2789 in

633 2835 803 2890 Deum
853 2847 1153 2888 conversus
1206 2843 1315 2898 est,
1350 2840 1410 2885 ut
1441 2832 1496 2885 in
1545 2831 1709 2884 Deum
1753 2828 1965 2898 quidem
1999 2843 2226 2898 promo-

629 2938 764 2994 tam,
801 2936 1008 2981 uaturzc
1037 2937 1216 2980 tamen
1270 2939 1384 2979 suae
1414 2924 1779 2978 substantiam
1810 2922 2094 2977 retineret.
2129 2918 2223 2973 At-

630 3037 736 3093 que
767 3019 892 3075 ideo
925 3018 1194 3088 PrOpheta
1227 3019 1299 3069 ait
1329 3033 1342 3069 :
1389 3014 1646 3083 Quoniam
1677 3015 1814 3068 calix
1841 3015 1894 3066 in
1923 3029 2082 3067 manu
2120 3010 2229 3065 Do-

2319 1807 2504 1880 (Prov.
2525 1808 2624 1878 Ix).
2646 1807 2725 1862 Ob
2741 1810 2840 1862 hoc
2854 1819 3032 1863 autem
3048 1809 3309 1863 invitatur
3327 1808 3584 1878 insipiens
3598 1823 3623 1860 a
3641 1805 3846 1876 Sapientia

2323 1899 2440 1966 Dei,
2458 1911 2506 1954 ut
2529 1901 2616 1954 fiat
2631 1901 2868 1970 sapiens;
2882 1908 2938 1953 et
2951 1908 3222 1967 peccator,
3241 1910 3301 1954 ut
3315 1910 3708 1956 couvertaturac
3721 1899 3845 1950 vivit.

2391 1991 2472 2046 Ad
2509 1992 2648 2045 istud
2686 1992 2938 2061 poculum
2981 1992 3180 2046 divina:
3229 1991 3619 2047 misericordia:
3662 1985 3846 2043 universi

2320 2085 2652 2154 generaliter
2679 2099 3051 2140 convocamur
3087 2102 3099 2137 :
3134 2083 3328 2138 Omnes
3379 2085 3512 2137 enim
3537 2090 3847 2155 peccaverunt,

2323 2187 2381 2232 ut
2409 2178 2482 2230 ait
2513 2177 2810 2246 Apostolus
2831 2219 2846 2243 ,
2871 2188 2917 2232 et
2945 2187 3093 2249 egent
3122 2177 3296 2246 gloria
3335 2175 3451 2231 Dei.
3484 2174 3629 2243 Quod
3657 2173 3695 2228 si
3724 2187 3849 2226 onum

2324 2278 2694 2342 peccaverunt,
2731 2280 2753 2308 ο
2789 2279 2836 2322 et
2883 2280 3032 2343 egent
3076 2270 3248 2340 gloria
3308 2269 3408 2324 Dei
3462 2269 3481 2339 (
3510 2269 3648 2324 Rom.
3679 2264 3850 2332 ΝΛΞ)

2327 2363 2346 2436 (
2375 2363 2678 2433 majestatis
2705 2365 2905 2434 quippe
2937 2365 3052 2434 ejus
3087 2364 3300 2420 medela
3332 2364 3374 2434 ),
3409 2379 3544 2432 quos
3591 2361 3771 2416 tandem
3795 2358 3852 2411 di-

2325 2471 2512 2511 cemus
2530 2472 2712 2523 sanos,
2739 2459 2934 2527 quibus
2950 2459 3144 2513 medici
3161 2459 3403 2512 officium
3428 2456 3760 2512 necessarium
3774 2466 3852 2507 nou

2327 2548 2427 2615 sit,
2460 2549 2559 2603 nisi
2591 2548 2728 2605 forte
2761 2551 2884 2605 illos
2914 2552 3002 2620 qui
3035 2552 3103 2606 ab
3130 2552 3247 2621 ipso
3270 2551 3386 2621 jam
3410 2551 3617 2618 curati,
3645 2547 3850 2604 medicina

2329 2641 2467 2695 ultra
2493 2657 2598 2696 non
2625 2642 2904 2713 indigent?
2928 2644 3197 2699 Cteterum
3229 2659 3394 2698 nemo
3417 2654 3705 2698 sanctorum
3723 2637 3853 2693 medi-

2330 2733 2452 2786 cina
2502 2733 2707 2787 Christi
2749 2750 2854 2787 nou
2891 2734 3152 2805 indiguit,
3189 2751 3310 2790 cum
3346 2745 3562 2790 sanctos
3591 2747 3673 2788 eos
3694 2728 3857 2797 nonnisi

2332 2825 2468 2880 fides
2505 2826 2621 2896 ejus
2652 2828 2896 2883 effecerit
2925 2871 2940 2895 ,
2994 2832 3135 2886 sicut
3162 2831 3440 2900 scriptura
3473 2837 3683 2885 testatur
3708 2828 3750 2881 in
3775 2823 3858 2890 epi-

2331 2919 2466 2974 stola
2495 2920 2641 2974 Pauli
2667 2921 2967 2977 beatissimi
2993 2923 3058 2976 ad
3091 2922 3354 2978 Hebraeos
3388 2922 3573 2996 (Hebr.
3603 2927 3688 2989 XI).
3727 2917 3779 2972 Et
3801 2915 3860 2970 id-

2334 3014 2485 3069 circo
2518 3017 2720 3085 gratias
2763 3016 3013 3072 referens
3041 3015 3186 3073 idem
3219 3018 3551 3086 pra-dicabat
3579 3011 3858 3085 Aposmlus‘.

634 3116 763 3168 mini
792 3113 898 3166 vini
925 3113 1052 3165 meri
1083 3109 1267 3182 plenus
1295 3118 1368 3162 est
1408 3109 1557 3162 mixti
1591 3123 1608 3160 :
1641 3116 1686 3161 et
1719 3106 1990 3159 inclinavit
2021 3121 2086 3159 ex
2137 3105 2232 3157 hoc
2261 3099 2306 3161 ί]
2340 3106 2574 3174 Fidelis,
2630 3109 2803 3177 inquit
2825 3152 2838 3173 ,
2871 3127 3074 3175 sermo,
3122 3121 3168 3165 et
3199 3113 3341 3164 omni
3387 3110 3668 3182 acceptione
3692 3107 3858 3175 dignus.

634 3208 686 3260 in
712 3205 842 3259 illud
864 3220 884 3258 :
906 3212 1255 3256 verumtamen
1281 3205 1384 3269 {rex
1405 3203 1519 3271 ejus
1544 3215 1647 3251 non
1673 3206 1743 3251 est
1767 3197 2054 3251 exinanita.
2086 3195 2231 3262 Vini,

635 3298 851 3369 inquit,
884 3299 1012 3350 meri
1043 3295 1229 3366 plenus
1261 3304 1332 3349 est
1387 3291 1576 3364 mixti(
1612 3291 1699 3345 Ps.
1732 3307 1888 3347 Lxxtv
1911 3291 1954 3360 ).
1990 3290 2054 3344 Et
2086 3291 2228 3363 mix-

635 3399 748 3445 ttnn
784 3388 1035 3459 perhibet
1063 3388 1270 3453 vinum,
1301 3394 1356 3441 et
1377 3385 1514 3440 illud
1550 3386 1726 3454 ipsum
1757 3399 1966 3438 merum
2004 3391 2236 3438 testatur

635 3497 781 3547 esse,
811 3490 870 3534 ut
913 3481 1166 3535 eumdem
1191 3478 1482 3534 credamus
1516 3479 1708 3544 Deum,
1739 3493 1901 3547 quem
1938 3494 2032 3546 pro
2077 3476 2236 3531 nobis

639 3583 695 3630 et
725 3574 999 3628 hominem
1025 3570 1369 3627 confitemur.
1401 3569 1532 3626 Nam
1558 3586 1720 3639 quem
1748 3569 2070 3624 inclinatum
2100 3585 2237 3621 nun-

640 3666 762 3730 tiat,
794 3666 1002 3735 pariter
1054 3663 1186 3719 dicit
1234 3673 1289 3718 et
1319 3661 1572 3731 plenum;
1607 3669 1665 3715 ut
1695 3662 1741 3715 is
1769 3661 1859 3730 qui
1888 3675 2011 3716 sese
2041 3659 2232 3714 etiua-

636 3759 772 3814 nivit
802 3757 967 3830 366
985 3757 1210 3811 formam
1235 3756 1380 3812 servi
1401 3755 1702 3826 accipiens,
1729 3755 1924 3825 plenus
1947 3753 2091 3807 Deus
2112 3768 2234 3808 esse

614 3864 753 3920 _non
785 3851 1017 3903 desinat.
1076 3847 1341 3903 Habitavit
1371 3847 1518 3901 enim
1569 3847 1623 3900 iu
1657 3844 1881 3899 Christo
1910 3846 2078 3898 omnis
2127 3845 2239 3914 plr-

642 3942 829 3996 nitudo
876 3941 1160 3994 divinitatis
1209 3937 1554 4010 corporaliter
1606 3935 1856 4008 (Coloss.
1907 3934 2025 4007 ιι),
2069 3945 2124 3991 et
2174 3937 2237 3990 de

641 4033 966 4106 plenitudine
991 4037 1106 4106 ejus
1155 4051 1249 4088 nos
1293 4049 1470 4087 omnes
1509 4033 1803 4102 accepimus
1831 4073 1845 4093 ,
1879 4034 2104 4101 gratiam
2143 4047 2237 4104 pro

639 4127 811 4200 gratia
840 4124 1030 4197 (Joan.
1063 4142 1110 4190 ι,
1147 4125 1276 4195 t6).
1311 4126 1466 4180 llunc
1510 4139 1639 4178 vero
1669 4123 1898 4178 calicem
1921 4123 2131 4188 bibent,
2157 4125 2240 4179 in-

719 4280 745 4306 ιι
767 4268 1011 4323 Isidorus
1031 4267 1311 4323 Clariusiu
1339 4266 1576 4322 Scholiis
1597 4265 1660 4319 ad
1689 4263 1833 4318 hunc
1851 4263 2027 4318 locum
2047 4279 2060 4316 :
2081 4262 2234 4330 Quod

2335 3203 2470 3270 quod
2496 3199 2733 3255 Christus
2758 3199 2910 3256 Iesus
2941 3205 3075 3257 venit
3106 3205 3159 3256 in
3191 3203 3330 3256 hunc
3365 3205 3608 3256 mundum
3632 3208 3862 3272 peccatores

2335 3295 2502 3348 salvos
2557 3297 2768 3366 facere;
2812 3313 3032 3364 quorum
3059 3313 3152 3368 ego
3201 3315 3314 3352 sum
3365 3299 3559 3371 primus
3590 3286 3862 3367 (lTim.t).

2330 3386 2442 3442 Nec
2470 3385 2574 3441 sibi
2617 3390 2818 3456 aliquis
2845 3390 2912 3444 de
2952 3391 3130 3445 salute
3175 3395 3407 3460 propria
3447 3392 3562 3446 siue
3607 3389 3690 3443 Dei
3713 3380 3866 3439 Christi

2340 3494 2570 3545 munere
2592 3481 2924 3550 blandiatur,
2952 3483 3169 3553 quando
3197 3483 3303 3537 Vas
3329 3483 3612 3540 electionis
3635 3477 3657 3516 δ
3683 3478 3866 3548 priorem

2343 3585 2405 3626 se
2427 3574 2624 3626 fatetur
2652 3587 2772 3627 esse
2805 3575 3450 3645 omniumvpeccatorum.
3473 3575 3727 3642 Quotquot
3748 3567 3870 3633 igitur

2347 3679 2413 3719 ex
2471 3667 2849 3734 peccatoribus
2915 3667 3077 3740 367
3131 3671 3482 3740 congregati,
3539 3666 3711 3722 bibere
3752 3659 3870 3713 fidem

2341 3755 2544 3811 Christi
2575 3761 2874 3814 meruimus
2897 3799 2914 3825 ,
2966 3760 3260 3830 participes
3284 3762 3476 3815 altaris
3499 3758 3696 3821 effecti,
3727 3762 3774 3806 et
3807 3749 3875 3801 110'

2344 3864 2473 3902 num
2506 3849 2855 3904 charismatis
2897 3853 3212 3918 consecuti,
3244 3866 3369 3905 cum
3404 3865 3534 3905 voce
3561 3836 3876 3904 exsultationis

2345 3949 2399 3996 et
2427 3943 2812 4011 Confessionis,
2846 3944 2940 3998 Dei
2975 3960 3198 3998 munera
3246 3944 3607 4014 praedicemus
3653 3939 3876 3992 dicentes:

2349 4034 2559 4088 Parasti
2587 4038 2638 4088 in
2669 4046 2945 4108 conspectu
2965 4054 3078 4091 meo
3106 4054 3336 4092 mensam
3361 4037 3606 4090 adversus
3627 4048 3704 4086 eos
3724 4025 3795 4096 qui
3812 4021 3878 4073 tri-

2348 4128 2524 4181 bulant
2559 4145 2652 4183 me.
2688 4128 3036 4202 Impinguasti
3063 4131 3117 4183 in
3143 4130 3255 4183 oleo
3283 4137 3443 4200 caput
3474 4140 3671 4182 meum:
3698 4129 3741 4174 et
3765 4129 3881 4187 pocu-

2417 4277 2438 4304 ο
2470 4268 2511 4320 Α
2548 4265 2748 4336 Lapide
2772 4267 2824 4320 in
2849 4265 2992 4320 hunc
3015 4265 3263 4332 Apostoli
3283 4265 3468 4336 locum
3497 4270 3641 4336 recte
3661 4255 3882 4336 observa}.

648 4343 721 4397 ait
950 4319 1670 4411 eoquauderegquodieat‘ud
1688 4333 1917 4411 Patrem:
1949 4319 2151 4411 videtur
2172 4336 2244 4411 _ob
2275 4346 2322 4404 ι)
2347 4338 2505 4411 quod;
2541 4319 3194 4411 ait,;0mnes_e'gent
3221 4335 3410 4411 gloria
3438 4334 3552 4399 Dei,
3583 4319 3882 4411 juxlaleﬂr‘il‘:

650 4413 746 4466 hoc
777 4412 1000 4475 dictum,
1043 4405 1180 4479 quod
1211 4405 1562 4480 proﬁciscenle
1589 4408 1642 4480 in
1672 4405 2100 4480 calumDomino
2119 4446 2134 4469 ,
2167 4406 2246 4458 in-

653 4481 910 4539 tellecturi
941 4500 969 4534 a
1013 4475 1170 4534 ertius
1211 4475 1387 4533 essent
1419 4479 1664 4549 mysteria
1693 4475 1790 4532 illa
1836 4476 2122 4530 divinitatis
2145 4517 2160 4540 ,
2201 4487 2246 4528 et

653 4556 942 4604 nativitatis
965 4499 1098 4604 Filii
1118 4569 1150 4604 «ι
1177 4549 1355 4604 Patre.
1387 4561 1435 4603 et
1467 4551 1712 4604 unitatem
1741 4547 1869 4602 Filii
1895 4563 2010 4600 cum
2047 4544 2207 4600 Patre
2231 4588 2245 4604 .

653 4556 942 4608 nativitatis
965 4544 1098 4604 Filii
1118 4569 1150 4604 «ι
1177 4549 1355 4611 Patre.
1387 4561 1435 4603 et
1467 4544 1712 4604 unitatem
1741 4547 1869 4602 Filii
1895 4563 2010 4600 cum
2047 4544 2207 4600 Patre
2231 4588 2245 4611 ,

653 4635 702 4681 et
727 4635 912 4680 cwtera
942 4626 1097 4697 hujus
1151 4623 1372 4695 generis.

726 4697 754 4736 δ
784 4697 920 4751 Nota
948 4687 1031 4751 es't
1061 4687 1240 4765 regula
1269 4710 1430 4764 quam
1457 4689 1927 4765 proesponeudis
1954 4687 2250 4765 Sqipturis

657 4769 828 4823 tradit
880 4768 1020 4837 Aug.
1056 4767 1092 4820 Ι.
1124 4759 1146 4820 ῖ
1185 4767 1253 4820 de
1288 4759 1486 4819 'Doctr.
1519 4759 1726 4818 Christ.
1758 4778 1810 4818 ο.
1845 4760 1914 4815 56
1948 4778 1960 4812 :
2002 4759 2251 4837 Quisquis

658 4832 1188 4908 Scripturas'divinas
1216 4879 1230 4900 ,
1270 4837 1348 4890 uel
1373 4837 1657 4908 quamlibet
1691 4849 1868 4908 eorum
1901 4841 2127 4908 partem,
2148 4832 2251 4908 Ain-

662 4902 918 4964 tellexisse
944 4910 1038 4963 sibi
1071 4909 1272 4962 videtur
1298 4950 1312 4971 ,
1342 4902 1414 4961 ita
1435 4919 1490 4960 ut
1517 4923 1574 4958 eo
1605 4907 1868 4960 intellectu
1897 4919 1999 4955 non
2027 4902 2251 4970 rediﬁcet

659 4982 914 5051 geminam
938 4980 1242 5034 charitutem
1271 5021 1285 5044 ,
1314 4977 1447 5051 Dei,
1484 4989 1529 5032 et
1558 4979 1818 5051 proximi;
1842 4973 2072 5051 nondum
2090 4973 2252 5051 intel-

664 5045 808 5105 lexit.
841 5051 1081 5121 Quisquis
1111 5069 1226 5104 vero
1247 5050 1401 5104 talem
1428 5045 1887 5103 inde'sententinm
1916 5045 2121 5121 duxerit
2153 5084 2166 5107 ,
2194 5054 2254 5121 ut

664 5122 783 5175 huic
809 5113 1132 5189 ludiﬁcandi]:
1152 5122 1388 5176 churitati
1418 5126 1483 5175 sit
1515 5121 1661 5174 utilis
1680 5161 1694 5183 ,
1728 5135 1819 5172 nec
1849 5127 2015 5170 tamen
2043 5113 2140 5189 hoc
2170 5115 2251 5167 di-

668 5195 800 5248 xerit
833 5186 968 5262 quod
989 5194 1080 5248 ille
1099 5211 1249 5265 quem
1273 5196 1394 5265 legit
1420 5235 1432 5255 ,
1456 5210 1514 5246 eo
1558 5192 1672 5265 loco
1718 5190 1938 5244 sensisse
1970 5186 2254 5265 probatur;

664 5281 766 5318 non
800 5256 1085 5336 perniciose
1114 5256 1360 5334 fallitur",
1393 5281 1483 5316 nec
1520 5264 1727 5336 omnino
1749 5271 2037 5336 Amentttur.
2090 5256 2255 5336 [Lall-l0

664 5327 978 5392 aliteridem
999 5327 1360 5394 Gaudentius;
1387 5351 1548 5402 supra
1570 5335 1622 5386 in
1643 5343 1712 5386 tr.
1731 5332 1798 5386 de
1823 5331 2012 5384 VilliCu
2043 5343 2096 5402 p.
2117 5327 2251 5402 551:

675 5404 833 5461 Venio
862 5425 1000 5462 nunc
1025 5408 1094 5460 ad
1125 5405 1258 5461 illud
1286 5406 1424 5478 quod
1455 5399 1724 5478 tantonere
1750 5421 1783 5457 a
1817 5419 1895 5478 me
1925 5399 2174 5478 exegisti,
2208 5409 2255 5450 et

662 5479 790 5551 quid
821 5495 978 5548 super
1001 5496 1060 5551 co
1085 5469 1335 5542 sentiam,
1363 5485 1674 5551 qua_poter_o
1707 5475 1959 5551 brevitate
1992 5469 2256 5551 narrabo;

664 5537 798 5602 nulli
837 5537 1278 5622 prwjudicaturus
1301 5537 1574 5622 ,vq'ualiter
1601 5543 1961 5622 interpretari
1997 5537 2213 5622 voluerit
2240 5580 2254 5603 ,

665 5609 849 5693 modo'
873 5609 1258 5693 ut'exptanatio
1288 5609 1402 5693 ejus
1432 5609 1776 5673 traditionem
1808 5617 1932 5685 ﬁdei
1959 5609 2260 5679 apostolica:

665 5704 770 5742 non
794 5692 1069 5762 infringat.

2354 4400 2464 4462 lum
2499 4410 2549 4462 in
2575 4409 2669 4462 lib.
2701 4400 2972 4463 de'Recta
3008 4400 3139 4462 Fide
3169 4400 3540 4475 ad'uegtnas.
3579 4400 3884 4475 incretos“?

2356 4478 2616 4548 intelligit
2648 4478 2948 4540 Christum,
2993 4483 3084 4549 qui
3125 4489 3209 4533 est
3237 4471 3410 4549 gloria
3443 4474 3638 4536 Patris,
3689 4471 3777 4520 hoc
3802 4471 3886 4549 ipso

2352 4565 2462 4617 quo
2500 4544 2587 4605 est
2641 4550 2976 4620 Redemptor
3003 4544 3028 4614 ,’
3047 4563 3100 4604 et
3139 4544 3472 4620 jttsttflcatutr
3519 4553 3733 4620 uoster;
3771 4544 3886 4620 αυρζξξ

2353 4601 2786 4676 ε⁷
2801 4601 2991 4675 omnes
3003 4601 3166 4692 vegeat
3198 4601 3410 4692 Christo
3426 4601 3795 4692 Redentptotze-v
3813 4601 3888 4692 alii}

2355 4673 2798 4762 genuine
2821 4673 2890 4744 ad
2923 4673 3164 4746 iamiam
3190 4673 3461 4762 Apostoli,
3499 4703 3591 4756 per
3616 4673 3889 4762 gloriamini:

2355 4746 2630 4830 acciipiu‘itt
2655 4746 2899 4829 gratiam,
2923 4778 3025 4832 qua
3051 4746 3399 4832 glorificatur
3428 4746 3586 4814 Deus.
3616 4746 3888 4832 {itidemst-

2358 4835 2457 4890 Iib.
2481 4813 2540 4887 ’νε
2576 4836 2627 4887 in
2656 4813 2856 4888 isaiam
3392 4813 3434 4884 I.
3463 4847 3476 4884 I
3509 4831 3575 4883 de
3608 4829 3790 4890 peccat.
3817 4813 3890 4902 ME-

2355 4908 2448 4960 rit.
2487 4921 2534 4957 (ες
2567 4905 2658 4970 27,
2694 4909 2926 4960 citautes
2975 4896 3089 4958 uon'
3129 4913 3234 4956 tam
3281 4896 3468 4966 v'erba,
3517 4913 3680 4970 quam
3720 4896 3890 4970 sensum

2356 4961 2907 5045 Apostoli,'leguut:
2947 4974 3142 5028 Omnes
3188 4961 3549 5045 egentgratia'
3595 4968 3700 5045 Dei-
3743 4961 3892 5045 Qui"?

2357 5024 2518 5117 qtiam
2551 5024 2757 5101 οιιῖηιῖεῠ
2778 5049 2829 5100 hi
2863 5024 3308 5117 sensuse'otl'eatn
3331 5024 3447 5097 feare
3480 5041 3732 5117 tendunt:
3762 5024 3889 5117 Lugii:

2358 5103 2524 5173 έόίιίυ
2545 5121 2675 5187 Ιρείι
2698 5128 2912 5190 eteae"!
2932 5116 3250 5190 qra'ia,Deit
3279 5128 3335 5169 et
3368 5114 3531 5190 vim“)
3559 5120 3672 5190 ωδ)
3700 5103 3891 5190 ᾱᾳιᾞρξι

2357 5169 2505 5262 egent
2862 5169 3149 5262 ritttiestatis
3161 5169 3354 5262 quippe
3370 5169 3420 5262 i1
3423 5169 3713 5262 us_medelq:

2359 5238 2570 5317 cbdivét
2591 5238 3070 5325 Dayntagathi
3091 5238 3604 5325 fuitr'obiqtteJhabeut
3637 5238 3783 5325 gloria
3806 5238 3890 5325 Dii:

2431 5313 2456 5368 δ
2492 5313 2603 5386 Hoc
2637 5313 2720 5386 est
2765 5313 3096 5386 deteriorem.
3133 5313 3383 5401 pejorim,
3423 5343 3536 5401 noti
3555 5313 3894 5401 dignioratttLlnll

2361 5385 2568 5474 putavit
2594 5385 2852 5474 Barthius
2909 5404 2962 5474 in
2994 5385 3381 5474 Atitttiadvers.
3407 5398 3473 5451 ad
3497 5385 3714 5474 ‘Pttllittti

2360 5455 2494 5530 corii
2524 5455 2614 5529 lib.
2650 5473 2670 5526 l
2701 5455 2767 5528 de
2793 5474 2897 5527 vita
2936 5473 2994 5526 Β.
3029 5472 3282 5535 Martini;
3339 5472 3442 5522 hoc
3497 5469 3611 5520 loco
3655 5455 3890 5518 Gaudt‘lll"

2361 5562 2491 5602 usus
2523 5546 2590 5602 ad
2614 5545 2996 5600 illustrandum
3027 5543 3240 5597 Paulini
3276 5540 3408 5596 illud
3445 5557 3457 5594 :

2552 5689 2690 5752 Ipsos
2708 5688 2995 5740 subdiderat
3011 5688 3210 5742 ditectto
3226 5698 3344 5738 vera
3370 5682 3570 5749 priores.
