4096 6192
243 311 350 371 995

1052 313 1286 371 SERMO
1325 315 1446 385 XX,
1492 317 1582 373 DE
1624 315 1949 374 DlVERSlS
1990 314 2361 374 CAPITULIS
2402 315 2730 374 DECIMUS.

3445 317 3554 374 994

249 427 358 482 tum
396 435 541 480 tuum
585 428 843 482 inebrians
869 446 1024 500 quam
1060 432 1372 503 prwclaruin
1409 442 1480 486 est
1513 432 1634 502 (Ps.
1667 433 1840 503 xxii)!
1871 435 1920 493 A
1949 430 2182 486 carnalis
2223 440 2306 485 est
2349 431 2593 485 omnium
2627 448 2642 485 :
2676 429 2797 484 dua:
2825 426 3102 498 spiritales
3146 435 3271 482 sunt
3305 442 3403 499 pro
3435 443 3550 484 me-

247 527 308 574 ut
335 519 609 588 possimus
634 561 647 580 ,
706 521 1084 576 misericordia
1115 533 1141 561 τι
1173 525 1389 580 Domini
1435 525 1842 594 subsequente,

249 610 644 667 habitationem
667 611 694 650 ι)
725 613 918 668 dooms
950 617 1069 686 ejus
1098 628 1414 687 perpetuam
1446 621 1744 687 promereri
1777 619 1845 674 ab

247 701 368 772 ipso
395 702 490 757 [)ei
516 702 651 759 Filio
679 706 1040 775 sempiterno,
1065 709 1222 778 cujus
1250 710 1402 779 regni
1431 725 1536 764 non
1562 711 1671 764 erit
1699 709 1844 771 linis,

247 794 372 864 quia
430 795 560 848 vicit
608 805 836 851 mortem
869 839 883 864 ,
941 808 996 854 et
1041 810 1307 871 perpetuo
1340 810 1531 872 regnat
1560 801 1612 856 in
1645 802 1843 856 saecula

247 888 598 946 saeculorum.
629 889 828 946 Amen.

811 1051 1082 1114 SERMO
1126 1053 1276 1115 XX.

492 1193 576 1236 DE
619 1194 912 1238 DIVERSIS
943 1195 1270 1240 CAPITULIS
1299 1196 1604 1242 DECIMUS.

775 1302 854 1358 De
885 1302 1041 1359 Petro
1067 1314 1114 1358 et
1147 1303 1340 1361 Paulo.
1377 1317 1398 1344 ε

323 1438 350 1478 ά
384 1441 726 1497 Venerabilis
773 1443 1006 1496 antistes
1047 1440 1274 1508 Christi,
1324 1442 1635 1496 communis
1670 1449 1853 1496 autem

254 1543 442 1604 pater,
507 1546 529 1571 ε
573 1533 769 1590 affectu
819 1550 926 1604 quo
967 1550 1053 1589 me
1101 1535 1541 1604 proﬁciscentem
1586 1534 1854 1599 detinuit,

254 1642 398 1681 nunc
422 1627 583 1681 etiam
613 1628 875 1698 compulit
897 1636 1272 1694 excusantem,
1300 1639 1358 1683 ut
1383 1631 1578 1685 iterum
1604 1628 1855 1683 dilectio-

255 1733 380 1775 nem
414 1730 648 1774 vestram
699 1728 932 1775 tractatu
965 1718 1016 1758 -ί
1054 1721 1160 1774 mei
1215 1721 1483 1776 sermonis
1523 1722 1853 1791 alloquerer.

257 1811 328 1867 Et
361 1813 573 1868 idcirco
610 1813 812 1882 aliquid
841 1813 910 1867 de
941 1813 1190 1868 laudibus
1223 1813 1659 1869 beatissimorum
1714 1817 1857 1884 Apo—

257 1904 552 1973 stolorum,
612 1921 712 1974 pro
757 1905 1052 1974 pusillitate
1079 1920 1273 1960 sensus
1309 1906 1413 1960 mei
1447 1907 1810 1975 perstringam
1836 1947 1852 1971 ,

258 2003 504 2074 ipsorum
553 2013 732 2060 tamen
765 2021 996 2073 quorum
1026 2005 1222 2059 natalis
1242 2015 1346 2069 est,
1383 2002 1638 2075 praesidio
1671 2013 1695 2050 ις
1731 2003 1852 2057 atti-

260 2107 460 2150 matus.
523 2096 662 2152 Tres
735 2096 1089 2166 intelligimus
1138 2093 1166 2132 h
1237 2097 1545 2152 nativitates
1617 2095 1855 2150 humano

261 2189 452 2260 generi
500 2190 570 2246 ab
613 2200 816 2246 acterna
864 2191 1029 2262 368
1076 2190 1347 2246 Trinitate
1393 2204 1703 2246 concessas.
1739 2189 1855 2245 Una

263 2360 356 2417 Ait
385 2361 584 2431 quippe
609 2377 624 2415 :
649 2361 932 2430 digniores,
967 2359 1129 2414 abusa
1159 2359 1274 2431 teri.
1309 2357 1515 2431 Deinde
1546 2356 1754 2431 profert
1786 2356 1868 2431 lo-

266 2428 615 2489 cum'Alcimi
650 2428 788 2486 Aviti
820 2442 871 2486 et
895 2431 1203 2485 Gaudentii.
1230 2429 1451 2484 Poterat
1485 2428 1737 2482 Barthius
1759 2428 1868 2482 alio

267 2505 561 2560 Gaudontii
590 2505 708 2558 loco
736 2503 834 2566 uti,
870 2503 958 2555 ubi
1007 2503 1308 2570 digniorem
1341 2501 1563 2566 priorem
1591 2508 1749 2553 vocat
1792 2509 1862 2553 tr.

270 2576 360 2631 17.
395 2576 501 2632 Sed
531 2576 711 2629 merito
743 2576 908 2642 prior,
937 2582 984 2626 et
1013 2573 1265 2642 dignitate
1294 2571 1645 2635 prwstantior.

345 2657 371 2685 λ
413 2648 600 2718 Inepte
631 2639 854 2700 omnino
884 2655 996 2699 tres
1050 2639 1349 2718 editiones,
1393 2642 1610 2718 materia
1627 2639 1869 2718 _Domini

272 2710 606 2787 subsequente
629 2735 646 2784 ;
673 2720 765 2772 sed
796 2732 925 2770 mss.
960 2726 1213 2784 quatuor,
1243 2711 1596 2787 misericordia
1616 2710 1830 2787 Domini
1847 2729 1868 2777 ;

275 2792 398 2846 cod.
430 2781 562 2843 vero
592 2781 908 2857 Pantagatbi
939 2781 1038 2855 pro
1065 2788 1344 2857 possimus,
1374 2784 1728 2857 misericordia
1763 2781 1869 2837 Do-

275 2863 403 2916 mini
433 2854 782 2926 subsequente,
808 2854 1171 2926 habitationem
1198 2856 1381 2908 domus
1402 2858 1533 2926 ejus,
1562 2854 1722 2926 habet
1751 2870 1868 2926 pos-

277 2931 558 2999 sideamus,
589 2924 940 2984 misericordia
971 2925 1178 2981 Domini
1203 2924 1556 2999 subsequente,
1591 2924 1869 2999 habitatio-

278 3021 393 3059 nem
424 2997 608 3057 domus
649 3003 795 3072 ejus;
838 2999 981 3070 quod
1023 2999 1236 3072 videtur
1283 2997 1463 3072 sensui
1516 2997 1687 3065 magis
1739 3012 1869 3050 con-

280 3091 496 3146 gruere,
519 3075 615 3129 sed
638 3069 879 3146 syntattis
902 3070 1241 3146 sequentium
1265 3069 1557 3122 verborum
1582 3077 1864 3146 repugnat.

352 3147 381 3186 δ
418 3140 1076 3216 Reliqua'desiderantttr
1118 3145 1169 3193 in
1213 3155 1350 3216 mss.
1403 3150 1657 3216 quatuor,
1705 3140 1866 3216 et_in

281 3219 404 3274 cod.
439 3209 754 3281 Pauiagathi
776 3258 790 3281 ,
838 3215 925 3276 qui
959 3226 1083 3265 mox
1115 3210 1278 3264 verba
1313 3209 1728 3281 llmt‘ﬁppoltll:
1762 3209 1871 3263 Ea;-

281 3291 499 3362 plicinnt
547 3279 805 3362 sermones
978 3281 1256 3362 Gaudentii
1316 3285 1385 3362 ad_
1421 3279 1769 3362 benivolum;
1819 3290 1875 3362 at

283 3353 526 3416 clausula
555 3361 654 3411 ista
687 3355 922 3426 aptanda
949 3356 1127 3422 potius
1157 3363 1286 3426 erat
1321 3353 1385 3407 ad
1417 3353 1576 3426 linem
1603 3354 1876 3409 sermonis

283 3433 353 3488 de
373 3430 695 3487 Machabeeis
722 3425 1084 3497 martyribus;
1112 3425 1182 3478 ibi
1206 3425 1349 3497 enim
1376 3425 1568 3478 liuiunt
1591 3439 1876 3497 sermones

284 3521 317 3560 a
339 3503 640 3560 Gaudentio
667 3500 732 3553 ad
773 3494 1091 3553 Benivolum
1120 3497 1291 3560 missi,
1320 3495 1471 3562 juxta
1501 3510 1561 3548 ea
1587 3510 1708 3564 quae
1733 3494 1877 3550 Gau-

286 3577 502 3632 d3l|lills
535 3577 648 3642 ipse
678 3571 730 3626 in
758 3569 918 3642 Praef.
942 3567 1330 3642 scripsgratad
1352 3566 1647 3642 _ett_mdem,_
1668 3582 1719 3642 p‘.
1747 3565 1874 3642 ego.

363 3657 385 3686 ο
429 3636 626 3719 (liabet
648 3641 947 3719 Galeardus
971 3657 984 3691 :
1017 3637 1077 3694 S.
1103 3636 1383 3692 Gaudentii
1410 3636 1647 3719 Brimitmi
1676 3636 1877 3719 defe-

289 3730 368 3775 tro
394 3708 450 3774 el
477 3715 648 3770 Paulo
676 3715 878 3778 Sermo,
911 3727 1032 3765 cum
1077 3720 1201 3764 nota
1231 3708 1528 3779 sequenti.)
1564 3709 1714 3762 llunc
1745 3710 1877 3761 titu—

289 3792 398 3848 lum
431 3789 650 3858 prmlert
674 3786 902 3858 antiqua
923 3783 1092 3858 editio
1125 3781 1326 3858 Veneta
1355 3793 1664 3858 sermonum
1780 3779 1880 3833 Ze-

290 3849 451 3919 nonis
478 3849 1092 3925 Veronettsis'episcopi,
1128 3853 1180 3904 in
1205 3866 1307 3925 qua
1330 3865 1511 3905 sermo
1535 3849 1621 3904 hic
1649 3851 1878 3925 prinmm

291 3934 496 4006 prodiit
521 3945 666 4006 anno
695 3922 1610 4006 150_8_,'l_tabetur‘que_l:'nt,scrin.
1645 3923 1733 3976 48.
1769 3922 1878 4003 Εε-

293 3991 401 4061 Istat
426 4004 589 4059 etiam
621 4003 672 4054 in
702 3999 862 4054 codd.
892 3995 1026 4052 Urb.
1065 3991 1167 4049 150
1193 4003 1247 4048 et.
1273 3992 1396 4046 Vat.
1422 3992 1583 4052 ηδε,
1612 4006 1734 4045 cum
1760 3995 1883 4060 qui-

294 4078 398 4132 bus
443 4077 672 4130 collatus
710 4083 816 4131 eSI,
856 4071 1042 4135 sicque
1091 4065 1446 4120 inscribitur:
1504 4064 1564 4116 S.
1598 4063 1883 4135 Gaudentii

297 4146 536 4202 Brixiani
566 4147 629 4197 de
678 4141 836 4196 Petro
888 4134 1178 4192 et’Paulo.
1231 4136 1384 4190 Nulla
1436 4149 1567 4203 ergo
1614 4134 1884 4188 dubitatio

299 4220 426 4289 quin
455 4220 747 4289 genuinum
796 4213 870 4289 sit
897 4208 1185 4289 Gaudentii
1227 4221 1386 4289 opus.
1423 4206 1495 4259 De
1519 4207 1646 4289 “hoc
1690 4207 1880 4289 eodem

300 4277 553 4347 sermone
599 4283 966 4350 testimonium
994 4279 1280 4350 proferunt
1310 4277 1692 4350 ret-ognitores
1722 4288 1886 4346 atque

300 4363 538 4419 editores
585 4370 901 4413 sermonum
947 4347 1013 4407 SI
1055 4350 1288 4404 Zenonis
1336 4349 1574 4419 episcttpi
1608 4347 1888 4403 Veronen—

300 4434 412 4498 sis,
439 4432 528 4500 qui
576 4425 1005 4500 recusiAiuerunt
1049 4420 1290 4500 Veronae
1319 4419 1887 4500 apudiiierouyttium

302 4489 642 4570 Discipulum
678 4497 845 4559 1586,
875 4495 1030 4570 jussu
1063 4493 1349 4570 Augustini
1389 4489 1584 4570 Valerii
1631 4489 1886 4570 cardina-

1950 522 2057 579 rito
2085 524 2206 578 ﬁdei
2236 525 2599 594 singulorum.
2635 522 2839 586 Prima,
2877 537 2977 593 qua
3000 537 3250 577 creamur
3285 537 3354 576 ex
3379 522 3554 580 nihilo

1952 618 2006 672 in
2031 618 2394 673 substantiam
2418 619 2546 672 vita:
2575 616 2867 672 mundana:
2892 634 2906 671 :
2935 616 3202 684 secunda,
3243 632 3346 685 qua
3399 631 3552 685 rege-

1952 725 2215 766 neramur
2244 712 2296 765 in
2331 711 2611 781 Baptismo
2637 726 2708 765 ex
2752 710 3065 780 iniquitate,
3100 718 3157 765 et
3181 707 3458 764 erroribus
3486 707 3557 762 ad

1946 804 2171 874 justitiae
2203 805 2494 860 veritatem
2523 821 2536 858 :
2569 804 2748 872 tertia,
2779 819 2883 873 qua
2913 801 3214 858 beatissimi
3265 809 3555 872 martyres,

1952 898 2023 955 ob
2050 897 2455 954 confessionem
2487 897 2722 952 nominis
2750 895 2975 964 Christi,
3003 910 3103 966 per
3132 904 3403 950 tormenta
3432 908 3558 948 nas—

1951 997 2151 1045 cuntur
2176 989 2243 1043 ad
2277 1004 2525 1060 regnum.
2560 988 2707 1044 Talis
2733 988 2908 1044 forma
2950 988 3238 1058 praacessit
3279 988 3332 1043 in
3369 985 3560 1042 Clitis-

1953 1092 2031 1150 to,
2061 1083 2156 1153 qui
2191 1082 2206 1120 ί
2236 1099 2301 1138 ex
2331 1083 2554 1154 Virgine
2582 1091 2763 1146 natus,
2799 1085 2812 1133 l
2847 1083 2901 1137 in
2941 1081 3181 1138 Jordane
3226 1080 3556 1148 renascitur,

1952 1175 2008 1230 in
2040 1175 2220 1230 crucis
2252 1174 2498 1243 patibulo
2555 1175 2782 1244 pretiosi
2808 1173 2832 1211 ιι
2867 1175 3084 1229 cruoris
3130 1173 3396 1244 sanguine
3426 1177 3564 1244 bap-

1955 1267 2176 1322 tizatur.
2211 1268 2345 1322 Nam
2379 1278 2505 1339 post
2531 1267 2663 1322 illud
2691 1268 2959 1337 baptisma
2997 1267 3141 1338 quod
3184 1283 3281 1338 pro
3313 1267 3472 1323 nobis
3505 1269 3559 1322 in

1955 1358 2194 1415 Jordane
2225 1372 2567 1431 susceperat,
2603 1359 2620 1398 ι
2658 1361 2728 1416 de
2776 1361 3045 1416 Passione
3088 1376 3185 1415 sua
3235 1360 3370 1416 dicit
3415 1363 3566 1431 Apo-

1956 1451 2114 1506 stolis
2149 1468 2160 1504 :
2194 1450 2466 1521 Baptisma
2500 1452 2661 1506 habeo
2688 1451 2943 1524 baptizari
2974 1452 3128 1522 (Luc.
3163 1468 3257 1522 xu,
3306 1452 3419 1525 50).
3453 1451 3560 1508 Re-

1957 1547 2196 1598 surrexit
2223 1545 2367 1598 enim
2388 1553 2428 1580 αι
2459 1560 2524 1600 ex
2549 1544 2666 1614 ipso
2691 1544 2961 1614 baptismo
2986 1544 3266 1600 Passionis
3295 1544 3363 1599 ad
3394 1544 3560 1599 vitam

1959 1638 2196 1694 termino
2228 1637 2340 1709 jam
2388 1638 2540 1694 nullo
2585 1638 2944 1694 claudendum
3003 1657 3015 1692 :
3069 1638 3433 1694 remeavitad
3475 1653 3563 1693 re-

1959 1745 2148 1797 gnum,
2180 1732 2332 1800 cuius
2378 1730 2524 1800 regni
2568 1747 2671 1782 non
2718 1731 2813 1784 erit
2860 1730 2982 1799 linis
3015 1727 3168 1800 (Luc.
3197 1745 3235 1794 l,
3287 1729 3402 1800 55).
3459 1729 3564 1785 Per

1961 1819 2123 1891 hujus
2153 1821 2396 1892 magistri
2426 1821 2657 1890 vestigia
2703 1821 3030 1892 gradiuntur
3075 1820 3268 1876 ﬁdeles
3313 1820 3568 1890 discipuli

1963 1914 2183 1980 Petrus,
2212 1924 2268 1969 et
2295 1914 2524 1982 Paulus,
2557 1930 2784 1983 quorum
2817 1913 3088 1985 passionis
3123 1915 3360 1969 natalem
3403 1913 3570 1970 hodie

1962 2021 2062 2077 per
2093 2008 2405 2061 universum
2438 2006 2704 2062 mundum
2730 2023 2922 2062 omnes
2947 2007 3209 2063 Ecclesiae
3234 2008 3423 2063 debito
3467 2008 3568 2062 ho-

1965 2114 2102 2152 nore
2126 2106 2154 2133 ιι
2185 2097 2595 2153 concelebrant.
2631 2098 2688 2153 In
2721 2100 2824 2154 hoc
2848 2100 2994 2155 enim
3028 2108 3053 2134 ο
3080 2098 3170 2154 die
3199 2099 3340 2170 apud
3373 2099 3565 2156 urbem

1965 2188 2192 2243 Romam
2222 2189 2416 2244 ambos
2461 2204 2560 2260 pro
2615 2187 2816 2246 Christi
2859 2190 3083 2246 nomine
3125 2201 3152 2238 P
3180 2190 3414 2248 Neronis
3443 2205 3568 2246 cru-

1971 2362 2133 2423 atque
2165 2352 2454 2408 intermitti
2487 2366 2720 2407 cernens
2765 2362 2992 2423 sanctus
3035 2349 3346 2408 Cardinalis
3395 2353 3565 2410 Caro-

1972 2422 2057 2479 lus
2081 2425 2455 2487 Borrotnmus,
2489 2439 2608 2478 eam
2659 2425 2711 2476 in
2757 2422 3058 2478 Ecclesiam
3106 2424 3565 2480 Mediolanensem

1971 2506 2026 2550 et
2054 2498 2196 2567 iacto
2226 2505 2280 2548 et
2304 2495 2528 2567 decreto
2560 2495 2856 2567 revocavit,
2889 2505 2943 2548 ut
2975 2493 3026 2547 in
3051 2496 3326 2567 ejusacds
3351 2496 3568 2567 legitur.

2049 2565 2068 2602 ί
2115 2567 2189 2619 Ita
2216 2566 2336 2620 cod.
2368 2565 2502 2620 Urb.
2535 2577 2589 2620 et
2634 2565 2751 2618 Vat.
2798 2564 2853 2618 In
2903 2568 3078 2620 veteri
3129 2565 3370 2621 editione
3410 2564 3574 2623 deest

1973 2651 2074 2690 vox
2108 2638 2226 2701 mei,
2259 2653 2379 2698 quae
2408 2635 2754 2707 desideratur,
2776 2638 2943 2707 etiam
2976 2638 3029 2688 in
3082 2653 3183 2690 ms.
3216 2637 3568 2707 Pantagathi.

2046 2716 2072 2753 ε
2111 2707 2631 2762 Consentiuntmss.
2659 2706 2822 2762 codd.
2857 2706 2991 2762 Urb.
3023 2717 3078 2763 et
3098 2707 3223 2764 Vat.
3253 2706 3574 2765 Editi’men-

1971 2777 2105 2849 dose
2130 2777 2380 2847 legebant
2408 2778 2660 2849 precibus.

2046 2847 2072 2885 ιι
2112 2850 2188 2904 lta
2220 2851 2382 2903 etiam
2409 2847 2541 2903 'Vat.
2574 2849 2726 2914 cod.,
2761 2865 2883 2904 nam
2911 2849 3044 2905 Urb.
3081 2848 3244 2905 habet
3270 2852 3572 2906 humanita-

1972 2929 2079 2985 tis;
2110 2921 2293 2989 inquo
2319 2921 2636 2975 manifestus
2666 2931 2749 2976 est
2778 2921 2988 2976 librarii
3021 2921 3222 2990 lapsus.

2051 2990 2066 3026 ί
2115 2992 2204 3063 Sic
2231 2990 2382 3046 editi.
2413 2991 2550 3046 Cod.
2583 2990 2750 3061 Urb.,
2783 3009 2846 3047 ea:
2883 2991 3092 3063 Virgine
3139 2993 3194 3046 in
3236 2993 3444 3049 homine
3474 3011 3572 3049 na-

1973 3071 2076 3116 tus.
2107 3062 2227 3116 Vat.
2259 3079 2491 3132 quoque.

2048 3134 2061 3183 i
2114 3132 2538 3188 Emendavimus
2570 3150 2637 3189 ex
2672 3133 2807 3191 Urb.
2841 3145 2896 3190 et
2921 3133 3070 3199 Vat.;
3107 3150 3230 3190 nam
3268 3144 3428 3192 antea
3455 3137 3574 3193 cusi

1895 3178 1940 3240 C
1975 3204 2055 3260 sic
2082 3223 2092 3258 :
2125 3206 2177 3257 in
2207 3203 2440 3260 Iordane
2470 3210 2718 3259 nascitur.

2051 3275 2076 3313 ιι
2117 3275 2362 3349 Sumitur
2392 3278 2612 3340 sanguis
2643 3293 3046 3348 nonnumquam
3079 3293 3180 3349 pro
3218 3294 3380 3335 succo
3407 3289 3462 3337 et
3503 3280 3574 3335 li-

1978 3363 2183 3419 quore;
2217 3348 2358 3402 unde
2389 3349 2519 3402 illud
2549 3349 2749 3403 Manilii
2778 3350 2812 3402 I.
2847 3363 2919 3403 v:

2101 3418 2165 3469 Et
2190 3419 2359 3467 viridis
2383 3420 2573 3468 nemori
2602 3419 2796 3485 sanguis
2818 3419 3040 3483 decedit,
3067 3426 3118 3470 et
3141 3421 3328 3472 herbis.

1978 3501 2244 3558 Similiter
2261 3502 2399 3575 Gen.
2425 3520 2575 3570 xm,
2611 3505 2668 3558 11
2696 3523 2706 3557 :
2734 3503 2948 3558 Larabit
2975 3507 3026 3559 in
3057 3506 3176 3558 vino
3196 3505 3384 3559 stolam
3405 3523 3576 3575 suam,

1935 3611 1942 3619 .
1981 3582 2040 3649 et
2078 3574 2423 3649 in_sanguine
2451 3590 2559 3628 ut‘tB
2589 3575 2805 3649 pallium
2849 3592 3021 3629 suum.
3072 3576 3136 3649 Et
3189 3577 3349 3632 Deut.
3401 3574 3578 3649 xxxn,

1984 3645 2051 3699 H
2083 3663 2093 3697 :
2125 3644 2186 3697 Et
2221 3646 2542 3712 sanguinem
2577 3662 2685 3700 ut'w
2706 3645 2892 3700 biberet
2919 3647 3342 3702 meracissimum.
3372 3644 3578 3705 Eodeni

1984 3716 2145 3790 modo
2173 3732 2280 3784 quo
2304 3715 2666 3790 Gaudentius,
2720 3717 2966 3790 loquitur
2991 3717 3152 3790 etiam
3184 3722 3484 3790 Cyprianus
3513 3720 3582 3776 ad

1984 3788 2250 3856 Martyres
2276 3799 2330 3840 et
2355 3785 2717 3842 Conlcssores
2741 3803 2830 3856 ep.
2867 3788 2954 3856 10,
2980 3789 3110 3842 edit.
3141 3785 3371 3845 Anistel.
3403 3792 3542 3848 1700
3567 3809 3580 3844 :

1984 3803 2117 3841 mari
2145 3803 2250 3841 'res
2276 3803 2330 3840 et
2355 3803 2717 3842 bontcssores
2741 3803 2830 3856 ep.
2867 3803 2954 3856 τυ,
2980 3803 3110 3842 eatt.
3141 3803 3371 3845 Aﬂlslel.
3403 3803 3579 3848 nuo:

1983 3803 2209 3911 Fluelrat
2257 3861 2476 3928 sanguis
2514 3859 2603 3928 qui
2648 3858 2943 3912 incendium
2966 3859 3337 3926 persecutionis
3381 3863 3579 3916 exstin-

1987 3938 2183 4010 gueret,
2215 3930 2304 3998 qui
2332 3932 2572 3998 ﬂammas
2593 3938 2639 3984 et
2672 3931 2815 4000 ignes
2842 3929 3092 4000 geltenna:
3137 3930 3363 4002 glorioso
3390 3947 3588 3989 cruore

1983 4011 2190 4068 sopiret.

2063 4069 2080 4107 1
2117 4072 2198 4143 ita
2230 4070 2352 4125 cod.
2384 4070 2521 4128 Urb.
2548 4083 2602 4127 et
2635 4071 2784 4139 Vat.,
2821 4087 2944 4127 nam
2976 4073 3197 4143 antiqua
3226 4073 3393 4130 editio
3419 4073 3586 4132 habet

1989 4158 2080 4210 per
2111 4140 2417 4196 Passionem
2444 4160 2610 4197 suam.

2059 4223 2099 4249 ω
2138 4212 2223 4284 lia:
2252 4215 2349 4266 isto
2378 4214 2565 4284 legunt
2591 4229 2723 4268 mss.
2751 4214 2914 4268 codd.
2950 4213 3084 4270 Urb.
3117 4224 3173 4271 et
3203 4216 3323 4272 Vat.

2059 4293 2086 4360 ξι
2125 4281 2376 4338 Concinit
2397 4281 2625 4360 uierque
2646 4284 2850 4360 code};
2878 4296 2933 4360 et
2958 4289 3028 4340 ita
3050 4289 3275 4342 omnino
3305 4289 3589 4360 legendum

1989 4353 2226 4419 videtur,
2283 4365 2340 4410 ut
2372 4353 2640 4410 referatur
2668 4357 2734 4410 ad
2768 4355 2898 4410 illud
2954 4374 3045 4426 per
3092 4353 3388 4414 universum
3437 4377 3591 4415 mun-

1991 4427 2134 4493 dum,
2169 4435 2225 4480 et
2251 4441 2424 4481 omnes
2455 4426 2720 4482 Ecclesiae.
2754 4426 2922 4493 Editi,
2951 4429 3229 4484 celebrant.

2067 4507 2090 4533 ο
2127 4497 2217 4552 Sic
2249 4513 2378 4551 mss.
2410 4498 2589 4552 Ediiio
2617 4507 2800 4553 autem
2836 4509 3001 4553 vetus
3031 4516 3135 4554 non
3166 4500 3328 4557 habet
3356 4503 3462 4566 die,
3493 4519 3593 4558 nec

304 4576 398 4643 lis,
434 4562 659 4627 Verane:
684 4562 946 4638 episeopi.
986 4567 1182 4643 Eorum
1203 4564 1378 4643 yerba
1410 4562 1526 4643 hate
1564 4571 1694 4643 sunt
1722 4581 1746 4643 :_
1769 4562 1891 4643 blo—
1919 4569 1974 4630 Ι)
2001 4569 2136 4624 liber
2157 4567 2497 4643 Pantagatlti.
2531 4569 2856 4638 Suppeditat
2876 4569 2961 4624 hic
2981 4569 3322 4628 Gaudentius
3340 4562 3595 4642 qtto'sen—

306 4633 481 4700 ueritus
508 4633 908 4717 praetermissum
931 4654 1060 4717 Aesse
1101 4637 1161 4717 S_.
1194 4635 1474 4717 Gaudentii
1519 4636 1746 4717 epfgcolﬁ
1775 4633 1895 4717 Bm}

303 4704 822 4777 atiensis'sermonem,
853 4712 942 4773 qui
985 4710 1183 4764 excusis
1211 4706 1527 4762 sermonibus
1577 4705 1638 4760 S.
1669 4704 1896 4759 Zenonis

305 4789 476 4858 fuerat
502 4789 733 4858 additus,
762 4783 898 4858 quod
926 4784 1348 4858 in_t'etusto_ms.
1383 4777 1702 4858 codice__tton
1747 4793 1893 4858 repe-

305 4847 458 4913 ritur.
505 4847 784 4913 Invenitur
806 4855 966 4905 etiam
988 4852 1128 4904 inter
1157 4847 1606 4904 schedasOctavii
1637 4847 1897 4914 Pantaga-

309 4931 386 4985 thi
419 4935 519 4983 hoc
549 4925 790 4982 titulozs
827 4922 1101 4977 Gaudenlii
1123 4919 1436 4972 Brixianide
1465 4917 1615 4970 Petro
1635 4929 1682 4971 et
1707 4917 1893 4972 Paulo.

382 5000 409 5040 d
450 5002 676 5057 Videtur
733 4995 1074 5050 Ambrosium
1129 4989 1450 5053 desianare;
1510 4992 1588 5041 sic
1645 4992 1790 5044 enim
1843 4991 1896 5043 in

312 5090 480 5130 serm.
515 5075 583 5126 de
608 5068 856 5124 Ordinat.
893 5065 974 5118 soi
1004 5083 1014 5116 :
1052 5061 1238 5116 Beatus
1275 5072 1421 5128 pater
1445 5059 1766 5123 Ambrosius,
1795 5076 1898 5114 cce-

312 5148 505 5212 terique
546 5138 820 5194 venerandi
843 5135 1116 5190 antistites.
1150 5133 1215 5212 Et
1244 5131 1422 5212 intra,
1460 5131 1650 5186 eodem
1683 5146 1851 5190 serm.
1886 5149 1899 5185 :

317 5204 537 5271 Obsecro
566 5225 884 5265 communem
915 5219 1111 5274 patrem
1141 5204 1481 5256 Ambrosium.

390 5296 413 5327 ε
458 5285 708 5339 llabitum
738 5272 1212 5332 fuisse'Metliol-ani
1247 5289 1558 5328 sermonem
1586 5272 1752 5340 hunc,
1783 5290 1903 5329 ver-

314 5362 382 5417 ba
415 5360 516 5414 ista
546 5357 679 5408 satis
709 5350 985 5414 iudicant;
1020 5362 1121 5415 qua
1163 5348 1214 5399 in
1260 5346 1408 5417 urbe
1443 5361 1548 5417 non
1580 5346 1758 5417 semel
1781 5360 1902 5400 ser—

317 5415 647 5488 ίιιυεξιιιιιυηι
673 5422 1031 5480 Gaudentium
1055 5436 1118 5472 ex
1141 5416 1497 5486 sequentibus
1521 5415 1708 5484 liquet.
1735 5415 1906 5488 Porro

319 5487 638 5574 heremum,
685 5495 973 5574 episcopos
1023 5489 1449 5574 antiquitus-ad.
1471 5487 1905 5574 conpionandnm

320 5557 538 5630 invitari
571 5557 762 5624 solitos
805 5564 970 5620 fuisse
998 5562 1069 5614 ab
1101 5557 1218 5629 ejus
1250 5557 1482 5630 civitatis
1507 5559 1592 5630 3d
1626 5574 1786 5627 quam
1818 5575 1914 5614 ve-

325 5627 536 5700 nissent
565 5644 842 5710 episcopo,
875 5627 1463 5710 plttribus'observavit
1503 5627 1732 5710 Ferrar._
1852 5646 1913 5699 tt,

331 5718 400 5771 de
430 5715 541 5770 Rit.
571 5701 713 5767 sacr.
755 5701 904 5765 Eccl.
937 5709 1107 5764 Cone.
1134 5719 1257 5769 cap.
1283 5701 1339 5768 5,
1361 5716 1520 5772 quam
1556 5701 1880 5759 laudabilem
1903 5749 1915 5770 ,

236 5823 258 5862 ι
333 5804 398 5846 ac
447 5787 588 5860 piam
622 5781 814 5854 prisca:
855 5779 1135 5850 religionis
1187 5771 1634 5831 consuetudinem
1680 5774 1916 5846 negligi,

2000 4643 2224 4694 tentiam
2252 4656 2439 4694 eorum
2473 4639 2666 4694 fulcias
2693 4645 2781 4709 qui
2801 4649 3076 4705 asserunt,
3108 4657 3211 4696 una
3233 4639 3596 4703 die.'eodem-

1997 4710 2626 4798 qitenatttto.'Apostoltis
2654 4724 2843 4798 passos
2863 4724 3006 4798 esse,
3039 4713 3106 4793 de
3131 4727 3236 4782 qua
3280 4714 3492 4798 Bay-Lati

1998 4779 2061 4906 ἶ).
2093 4781 2183 4844 69,
2214 4782 2348 4902 τιέξ.
2375 4781 2555 4836 Aliter
2585 4781 2757 4836 sensit
2791 4779 3038 4834 Valesius
3069 4781 3124 4835 in
3151 4779 3265 4838 not.
3297 4785 3365 4839 ad
3393 4785 3594 4841 Euseb.

2025 4891 2039 4905 .
2065 4867 2126 4906 ll.
2156 4869 2204 4903 (ι.
2274 4886 2288 4903 ._
2313 4889 2326 4904 .

2025 4891 2039 4905 .
2065 4867 2126 4913 ll,
2156 4869 2204 4903 (‘.
2235 4867 2326 4904 εξ).

2076 4933 2103 4970 ρ
2144 4921 2358 4976 Nerone
2404 4922 2618 4978 scilicet
2647 4921 2832 4976 Romae
2861 4931 3100 4991 agente;
3133 4939 3202 4979 an
3230 4940 3297 4981 eo
3347 4927 3400 4982 in
3439 4927 3596 4983 Gras-

2003 4994 2144 5066 ciam
2168 4992 2446 5066 profecto?
2473 4993 2649 5066 Si_hoe
2674 5006 3028 5066 postremum;
3058 4996 3344 5052 tiandentii
3365 4999 3597 5066 dictum,

2003 5063 2146 5134 quod
2177 5065 2469 5132 Apostolos
2497 5063 2724 5119 Neronis
2749 5063 3030 5118 crudelitas
3051 5066 3383 5135 interfecerit,
3401 5074 3481 5124 ita
3505 5063 3602 5126 deé

2006 5151 2151 5189 mum
2182 5135 2713 5209 accipiendumerit,
2748 5137 2878 5209 quia
2908 5139 3188 5202 proposito
3212 5144 3430 5209 capitali
3456 5144 3604 5197 edic-

2006 5214 2090 5267 to,
2123 5220 2217 5260 eos
2259 5221 2356 5278 per
2397 5206 2662 5261 satellites
2691 5221 2822 5278 suos
2861 5206 3088 5274 jusserit
3127 5206 3321 5264 occidi.
3354 5213 3422 5266 At
3453 5213 3604 5278 prior

2006 5279 2190 5351 opinio
2217 5277 2390 5351 multo
2417 5279 2599 5345 plures
2641 5277 3158 5351 liabet_assert_ores.
3193 5277 3606 5351 Baroniusqui-

2008 5345 2131 5420 detn
2161 5345 2455 5420 Apostolus
2488 5363 2679 5418 passos
2711 5348 2873 5420 tradit
2994 5347 3224 5404 Fonteio
3246 5345 3531 5420 Capitone,
3551 5362 3608 5408 et

2009 5417 2140 5473 Caio
2164 5419 2311 5474 Julio
2358 5418 2495 5473 Rufo
2523 5434 2672 5474 coss.
2716 5423 2780 5473 Α.
2815 5417 2875 5474 C.
2910 5418 2981 5474 69
3008 5425 3086 5487 (at
3115 5422 3296 5476 verius
3319 5417 3438 5487 67).
3481 5438 3605 5479 cum

2012 5489 2298 5564 jammNero
2340 5506 2410 5544 ex
2449 5491 2651 5546 Achaia
2686 5490 2915 5564 Romam
2950 5491 3239 5564 rediisset;
3278 5505 3334 5549 at
3382 5489 3606 5564 Pagius,

2017 5558 2085 5617 eo
2117 5562 2307 5616 Romae
2337 5573 2532 5632 agente
2561 5572 2849 5628 antequam
2903 5562 2958 5633 in
3002 5558 3267 5633 Grieciam
3303 5558 3614 5633 proﬁc-isce-
3679 5567 3682 5569 Α

2020 5641 2205 5698 retur,
2265 5631 2478 5689 occisos
2521 5650 2639 5689 esse
2688 5631 3008 5696 c0ntendit,
3066 5631 3240 5688 Nerva
3286 5631 3341 5690 et
3389 5636 3615 5692 Vestino

2022 5704 2201 5767 Coss.,
2227 5704 2603 5776 nempeA:C.
2633 5705 2724 5776 65.
2755 5700 2956 5776 Confer
2978 5701 3417 5776 Tillemontium,
3442 5711 3496 5766 in
3520 5722 3623 5766 no-

2027 5777 2092 5832 tis
2123 5777 2191 5831 ad
2219 5771 2388 5830 vitam
2417 5775 2475 5831 S.
2504 5774 2674 5842 Petti,
2704 5782 2816 5829 not.
2845 5771 2935 5826 40.

3421 5971 3446 5977 ι.
3459 5973 3464 5976 .
3501 5965 3534 5979 -ο
