4120 6174
657 202 766 263 999

1731 211 1789 268 S.
1831 210 2215 270 GAUDENTII
2255 211 2519 270 BRIXIJE
2562 213 2872 272 EPISCOPI

3736 224 3833 286 i000

661 327 721 375 et
764 320 833 375 de
890 321 1216 390 cognatione
1258 335 1387 389 sua,
1434 332 1489 378 et
1538 323 1609 379 de
1640 323 1806 380 domo
1836 326 2009 397 patris
2049 328 2161 393 sui;
2208 336 2259 383 et
2289 335 2340 394 Α
2370 329 2569 384 latione
2597 329 2836 384 lucratus
2862 329 2917 383 in
2961 328 3068 385 fide
3097 337 3203 384 est.
3235 327 3339 385 Sed
3364 330 3540 401 neque
3562 347 3644 402 per
3666 337 3781 393 vicos
3802 353 3840 397 et

662 412 993 482 sequebatur
1012 415 1233 467 verbum
1258 414 1376 478 Dei,
1393 415 1463 468 ab
1482 416 1644 489 372
1672 418 1924 473 omnibus
1946 422 2130 475 saeculi
2158 423 2257 475 im-

661 506 985 576 pedimentis
1007 518 1224 562 exutus.
1252 510 1329 562 Ac
1360 521 1651 579 propterea
1680 512 1790 565 cito
1813 514 2031 583 assequi
2058 516 2259 569 meruit

657 598 802 669 quod
833 599 986 668 sequi
1008 600 1215 654 studuit
1234 602 1541 671 expeditus.
1572 604 1850 659 Exercens
1875 621 2107 676 namque
2128 622 2259 661 con-

654 690 941 745 tinentiam
972 693 1330 762 singularem,
1358 695 1587 766 pervigil
1620 698 1671 750 in
1702 698 2005 769 Scripturis
2028 701 2255 764 sanctis,

656 780 754 839 Dei
782 784 1106 853 sapientiam
1140 786 1486 855 concupivit,
1524 791 1835 857 portionem
1884 806 2036 844 suam
2070 790 2258 846 Chris-

638 883 767 960 ‘tum
800 886 1064 946 reputans
1092 878 1388 935 Dominum
1421 898 1435 934 :
1466 882 1521 934 in
1548 899 1649 953 quo
1676 892 1795 936 sunt
1824 899 1997 938 omnes
2025 882 2259 937 thesauri

653 971 926 1039 sapientia:
982 972 1197 1027 cmlestis
1261 972 1556 1028 absconditi
1602 975 1838 1045 (Coloss.
1891 978 1991 1044 ιι).
2050 976 2259 1043 Quibus

652 1076 776 1118 cum
825 1064 1152 1133 replevisset
1210 1066 1547 1121 desiderium
1604 1082 1800 1133 suum,
1860 1067 2256 1123 desideriorum

652 1154 958 1211 caelestium
1006 1157 1109 1224 vir,
1151 1166 1207 1212 et
1247 1167 1271 1194 ⁸
1307 1173 1404 1229 per
1435 1159 1844 1229 impositionem
1877 1175 2068 1215 manus
2108 1176 2260 1231 pres-

654 1245 854 1319 byterii
883 1290 898 1312 ,
957 1248 1301 1318 dispensator
1355 1250 1549 1306 fuisset
1587 1252 1755 1307 divini
1796 1255 2067 1308 sermonis
2108 1255 2257 1309 elec-

656 1352 742 1398 tus
777 1385 791 1409 ,
849 1345 1130 1416 negligere
1182 1348 1410 1416 gratiam
1469 1345 1563 1401 Dei
1628 1348 1850 1402 omnino
1903 1363 2095 1417 passus
2152 1363 2259 1403 non

654 1446 756 1492 est.
792 1436 897 1493 Sed
949 1440 1285 1495 circumiens
1315 1442 1633 1495 universum
1678 1457 1814 1509 pene
1853 1443 2113 1497 ambitum
2146 1442 2256 1497 Ro-

654 1529 802 1585 mani
852 1531 1025 1598 orbis,
1068 1531 1412 1587 Dominicum
1462 1533 1775 1602 praedicavit
1815 1535 2061 1599 verbum,
2106 1534 2260 1589 Pauli

651 1625 889 1694 apostoli
936 1626 1167 1681 idoneus
1216 1626 1463 1682 imitator
1504 1628 1803 1683 exsistens.
1862 1628 2064 1683 Sancto
2111 1630 2257 1683 enim

2362 421 2580 475 castella
2603 421 2940 477 diversarum
2970 424 3288 493 praeteriens
3313 426 3593 494 regionum,
3616 432 3838 498 prtcdicarc

2362 516 2582 570 verbum
2630 517 2721 571 Dei
2766 532 3022 586 umquam
3069 517 3281 573 destitit
3312 517 3479 573 fidelis
3510 519 3684 577 Christi
3720 524 3841 578 disci-

2363 609 2543 678 pulus.
2574 610 2703 665 Post
2734 610 2859 665 illos
2884 611 3069 683 itaque
3097 613 3358 669 circuitus
3376 613 3640 670 animarum
3670 618 3843 686 plurium

2335 692 2338 696 λ
2361 702 2657 768 salutares,
2680 703 2861 758 Brixia
2877 719 3000 759 eum
3026 707 3175 759 rudis
3190 706 3569 776 quondam,sed
3590 710 3848 780 cupidadoc-

2362 795 2543 860 trime,
2574 796 2871 864 promeruit
2900 814 2912 849 :
2939 798 3181 853 scientia:
3206 798 3419 868 quidem
3444 800 3674 867 spiritalis
3692 803 3846 872 ignara,

2357 885 2517 957 373
2539 887 2720 943 Studio
2748 898 2928 943 tamen
2961 889 3203 944 discendi
3232 890 3527 947 laudabilis.
3552 893 3848 953 Exciditcon-

2363 977 2512 1031 tinuo
2542 979 2666 1032 imis
2695 980 2763 1034 ab
2793 981 3061 1049 stirpibus
3102 991 3123 1018 ο
3161 981 3468 1038 horrentem
3498 984 3663 1040 silvam
3698 988 3850 1042 diversi

2360 1071 2568 1125 erroris
2618 1072 2795 1126 bonus
2838 1074 3105 1142 agricola,
3139 1083 3196 1129 et
3226 1086 3405 1131 aratro
3443 1077 3678 1132 doctrina:
3703 1094 3857 1147 pronus

2362 1161 2683 1218 incumbens
2709 1208 2724 1231 ,
2760 1164 2979 1221 invertit
3029 1167 3256 1222 crudam
3292 1170 3415 1223 totis
3458 1169 3646 1224 viribus
3675 1182 3853 1237 terram,

2360 1254 2813 1323 squalentemque
2856 1256 3080 1310 humum
3142 1258 3310 1313 sulcis
3360 1258 3577 1314 assiduis
3613 1261 3657 1313 in
3700 1262 3857 1315 novalia

2360 1346 2613 1402 fcecunda
2644 1350 2935 1414 convertit,
2967 1351 3170 1406 affatim
3206 1355 3412 1407 semina
3441 1353 3659 1408 vitalium
3688 1355 3857 1409 manda-

2361 1448 2542 1495 torum
2571 1442 2780 1512 gremio
2804 1443 2923 1513 ejus
2963 1444 3270 1499 insinuans.
3318 1445 3572 1499 Plantavit
3594 1461 3773 1516 quoque
3798 1448 3857 1499 vi-

2362 1550 2543 1602 neam,
2566 1537 2722 1603 cujus
2754 1537 3037 1591 laetaretur
3070 1553 3137 1592 ex
3189 1536 3367 1592 fructu
3406 1555 3419 1590 :
3474 1540 3698 1605 quoniam
3736 1540 3857 1590 vinum

2362 1628 2591 1699 lwtiﬁcat
2646 1646 2733 1682 cor
2783 1629 3005 1683 hominis
3053 1630 3173 1700 (Ps.
3204 1631 3346 1699 cui).
3395 1630 3548 1685 Oleas
3591 1630 3728 1685 etiam
3752 1630 3859 1699 pacis

654 1717 861 1787 Spiritu
892 1718 1109 1788 plenus,
1139 1734 1247 1773 non
1278 1720 1451 1774 solum
1480 1729 1671 1775 contra
1696 1720 1941 1775 Gentiles
1966 1729 2133 1788 atque
2152 1720 2249 1775 Ju-
2287 1738 2326 1796 η
2355 1723 2667 1792 agrestibus
2697 1722 2897 1776 indidit
2919 1722 3193 1788 oleastris,
3246 1731 3303 1778 et
3343 1724 3607 1793 aSperitati
3646 1736 3858 1792 pomorum

650 1812 840 1879 dmos,
876 1810 903 1849 ι)
949 1827 1135 1867 verum
1184 1813 1348 1868 etiam
1396 1824 1585 1868 contra
1634 1812 1875 1868 hmrcses
1916 1828 2146 1881 onmes,
2200 1825 2254 1868 et

648 1905 887 1961 maxime
916 1916 1107 1960 contra
1140 1905 1412 1961 furentem
1448 1922 1514 1961 eo
1564 1917 1815 1975 tempore
1843 1908 2098 1961 Arianatn
2129 1922 2251 1976 per-

648 1996 833 2054 ﬁdiam
869 2009 890 2035 ε
925 2008 1079 2054 tanto
1107 2000 1229 2055 ﬁdei
1274 2001 1461 2070 vigore
1491 2001 1781 2071 pugnavit,
1823 2011 1879 2054 ut
1920 2004 2085 2056 etiam
2125 2017 2249 2056 ver—

644 2092 868 2150 beribus
896 2095 1251 2161 subderetur,
1279 2105 1333 2150 et
1366 2098 1421 2151 iu
1462 2112 1695 2166 corpore
1726 2112 1826 2151 suo
1854 2098 2102 2168 stigmata
2140 2098 2248 2153 Do-

643 2190 778 2245 mini
807 2190 978 2244 nostri
1008 2189 1139 2245 Jesu
1169 2190 1376 2245 Christi
1409 2201 1674 2260 portaret.
1707 2190 1839 2245 Nam
1868 2201 1922 2246 et
1952 2190 2006 2245 in
2038 2191 2249 2245 medio—

647 2282 858 2338 lanensi
903 2284 1041 2338 urbe
1083 2285 1312 2339 idoneus
1345 2283 1475 2337 olim
1520 2292 1712 2338 custos
1750 2283 2025 2338 Dominiei
2068 2283 2251 2354 gregis

642 2374 770 2443 fuit;
799 2378 1003 2432 Ariano
1035 2392 1347 2448 repugnans
1374 2377 1673 2439 Auxentio,
1706 2378 2021 2446 priusquam
2051 2376 2248 2431 beatus

644 2468 945 2539 eligeretur
976 2469 1323 2526 Ambrosius.
1356 2468 1546 2523 Romae
1572 2469 1736 2523 etiam
1762 2483 1868 2522 non
1893 2469 2088 2540 exiguo
2112 2478 2249 2523 tem-

644 2576 780 2633 pore
806 2571 1073 2628 moratus,
1106 2558 1135 2597 ἀ
1166 2562 1370 2618 multos
1400 2571 1456 2618 et
1488 2560 1703 2631 publiczi
1729 2569 1785 2617 et
1812 2560 2022 2631 privata
2055 2560 2245 2631 dispu-

642 2759 775 2800 veus
799 2785 814 2805 .
844 2744 938 2799 sed
966 2744 1108 2799 nulla
1134 2744 1405 2813 probabili
1432 2744 1749 2814 conjectura
1778 2742 1923 2798 freti.
1959 2742 2094 2798 Vide
2117 2760 2237 2813 qua:

648 2816 884 2870 diximus
914 2817 967 2870 in
993 2817 1437 2871 annomtionibus
1465 2821 1530 2869 ad
1566 2814 1854 2880 Ugltellum
1888 2816 1937 2867 in
1963 2814 2237 2881 episcopis

646 2887 1019 2943 Brixiensibus
1045 2929 1059 2951 ,
1091 2898 1224 2942 tom.
1257 2902 1332 2951 tv,
1365 2887 1472 2941 col.
1518 2886 1645 2952 5‘25,
1684 2886 1905 2939 Venetae
1936 2886 2195 2940 editionis
2222 2930 2235 2952 ,

644 2957 887 3027 itemque
918 2974 979 3013 ea
1010 2974 1130 3028 quae
1176 2959 1527 3028 apposuimus
1574 2958 1628 3011 in
1660 2955 1880 3011 Praefat.
1914 2956 1981 3010 ad
2027 2956 2242 3011 Philas-

653 3030 813 3084 trium
844 3031 1104 3084 eilitiopis
1138 3030 1295 3094 hujus
1327 3045 1475 3082 num.
1509 3030 1562 3082 5.

723 3111 746 3137 ³
773 3100 1348 3156 VideturGandentius
1372 3098 1682 3169 respexisse
1699 3098 1766 3152 ad
1793 3096 1925 3150 illud
1952 3096 1970 3148 l
1993 3096 2135 3151 Tim.
2161 3114 2239 3163 iv,

653 3173 722 3227 i4
752 3188 764 3223 :
802 3170 926 3224 Noli
959 3172 1216 3240 negligere
1250 3168 1477 3240 gratiam
1499 3186 1616 3240 qum
1642 3171 1694 3222 in
1736 3179 1782 3221 te
1825 3178 1936 3230 est,
1965 3184 2081 3237 qua:
2124 3168 2248 3223 data

652 3252 725 3296 est
751 3242 842 3295 tibi
859 3258 951 3312 per
980 3243 1321 3311 prophetiam,
1348 3257 1461 3312 cum
1482 3241 1815 3312 impositione
1836 3255 2079 3312 manuum
2103 3256 2247 3308 pres-

652 3309 876 3381 byterii}
908 3321 964 3365 ut
995 3309 1201 3367 scilicet
1240 3314 1343 3366 hac
1385 3311 1641 3381 loquendi
1672 3309 1900 3364 formula
1935 3310 2248 3377 designaret

652 3382 1000 3438 Philastrium
1033 3392 1158 3437 tunc
1201 3382 1506 3436 ordinatum
1555 3382 1722 3436 fuisse
1766 3382 2083 3449 episc0pum
2116 3384 2247 3451 μετά

654 3455 929 3531 amotam;
975 3461 1076 3531 ςιςῶν
1137 3461 1331 3531 χειρῷν
1381 3460 1471 3531 ’πρ-ἣ
1520 3453 1921 3531 πρεσϐυτεᾳρίριέ,
1951 3452 2245 3531 __quemad-

652 3525 872 3580 modum
892 3521 1197 3579 ordinatum
1226 3521 1389 3578 fuisse
1411 3521 1751 3579 Timotheum
1778 3521 1849 3577 ibi
1875 3521 2078 3577 indicat
2099 3522 2249 3592 Apo-

653 3597 846 3651 stolus.
880 3596 995 3651 Mos
1020 3592 1164 3653 cnim
1185 3606 1301 3651 erat
1328 3606 1383 3648 ut
1404 3595 1497 3666 qui
1529 3596 1786 3650 adessent
1815 3595 2114 3663 presbyteri
2142 3610 2246 3648 una

653 3682 776 3722 cum
808 3676 983 3723 caelus
1008 3668 1094 3722 sui
1123 3666 1369 3735 principe
1400 3682 1593 3723 manus
1620 3666 1991 3732 imponerent,
2024 3673 2246 3720 notante

654 3738 846 3796 Grotio
867 3740 933 3793 ad
960 3738 1103 3793 hunc
1129 3740 1276 3793 Pauli
1302 3740 1499 3793 locum.
1526 3740 1629 3793 Sed
1657 3738 1888 3791 fortasse
1913 3740 2090 3804 potius
2112 3751 2243 3790 con-

655 3810 799 3873 gruit
827 3808 1119 3879 siguificari
1165 3827 1193 3863 a
1232 3809 1538 3866 Gaudentio
1569 3808 1884 3875 deputatum
1932 3808 2095 3861 luisse
2126 3807 2248 3861 Plii-

656 3878 903 3936 lastrium
922 3881 987 3935 ad
1010 3896 1206 3936 munus
1230 3880 1655 3947 praedicationis,
1670 3880 1821 3948 juxta
1840 3878 1967 3933 illud
1986 3882 2102 3932 Act.
2128 3894 2242 3942 xui,

656 3952 692 4007 5
720 3972 730 4001 :
763 3953 1102 4018 Jejunantes,
1144 3962 1189 4005 et
1221 3963 1459 4013 orantes,
1505 3952 1927 4021 imponentcsque
1964 3952 2035 4021 eis
2067 3966 2249 4021 manus

657 4023 966 4077 dimiserunt
1007 4023 1161 4085 illos;
1208 4022 1260 4077 id
1296 4037 1491 4091 nempe
1523 4019 1691 4090 magis
1732 4019 1917 4075 ferunt
1959 4019 2247 4074 Gaudentii

655 4094 820 4148 verba
858 4113 870 4147 :
904 4110 1019 4146 cum
1050 4111 1139 4164 per
1174 4094 1555 4158 impositionem
1596 4108 1775 4164 manus
1808 4092 2112 4163 presbyterii
2138 4091 2248 4144 dis-

657 4173 902 4234 pensator
930 4163 1108 4234 fuisse:
1138 4163 1298 4234 divini
1326 4164 1577 4217 sermonis
1603 4163 1814 4216 electus.

726 4234 754 4273 δ
785 4235 979 4290 Exstat
1010 4237 1149 4290 liber
1172 4233 1444 4288 l’hilastrii
1477 4235 1546 4289 de
1584 4234 1884 4287 lneresibus
1912 4272 1927 4295 ,
1971 4247 2094 4287 cum
2127 4245 2244 4286 Stu-

658 4304 814 4361 diose
838 4346 854 4371 ,
888 4316 998 4359 tum
1031 4308 1117 4370 pie
1153 4307 1495 4371 conscriptus
1529 4322 1541 4355 :
1576 4304 1699 4358 huic
1730 4314 1907 4358 tamen
1951 4305 2128 4358 minus
2160 4320 2249 4357 ac-

658 4375 832 4447 curati
857 4374 1043 4447 judicii
1078 4385 1256 4429 notam
1289 4376 1531 4447 nonnulli
1562 4377 1784 4430 inurunt
1811 4416 1825 4441 ,
1857 4389 1921 4428 co
1944 4376 2092 4447 quod
2120 4374 2246 4447 Plii-

657 4446 879 4501 lastrius
912 4448 1057 4501 ineo
1094 4450 1249 4516 plura
1294 4446 1560 4501 ha’resuui
1606 4448 1851 4516 catalogo
1892 4446 2247 4511 adseripserit

655 4534 777 4587 quae
806 4518 1028 4572 minime
1056 4529 1212 4571 erant
1237 4533 1304 4573 eo
1332 4519 1551 4572 nomine
1575 4517 1868 4573 censenda.
1903 4517 2039 4572 Tres
2065 4528 2244 4572 autem

654 4592 858 4646 classes
903 4589 1174 4643 hmresum
1228 4602 1323 4645 seu
1376 4589 1599 4644 ordines
1653 4590 1981 4643 consuluit:
2017 4589 2245 4657 primam

655 4677 841 4717 earttm
868 4676 991 4731 quae
1016 4663 1233 4715 luerunt
1256 4670 1382 4713 ante
1414 4663 1705 4716 adventum
1738 4660 1937 4715 Christi
1972 4677 1984 4712 :
2020 4658 2244 4713 alteram

654 4747 842 4788 earum
886 4730 1009 4802 qua:
1040 4740 1163 4799 post
1190 4732 1395 4786 Christi
1436 4732 1779 4795 Passiouem;
1812 4730 2026 4802 tertiam
2058 4745 2244 4784 earum

655 4820 777 4874 quin
809 4804 910 4858 sub
940 4804 1215 4872 Apostolis
1240 4805 1588 4857 exstiterunt.
1631 4802 1820 4874 Hitjns
1844 4801 2010 4854 libelli
2054 4817 2245 4874 novam

650 4872 950 4930 editionem
996 4880 1217 4937 parabat
1244 4874 1400 4928 Joan.
1432 4874 1641 4928 Albert.
1671 4872 1951 4927 Fabricius
1973 4914 1987 4935 ,
2024 4882 2078 4926 ut
2108 4872 2247 4941 ipse-

656 4959 765 5001 met
800 4946 1085 5016 profitetur
1118 4945 1254 4999 Bibl.
1284 4945 1398 4998 Lat.
1431 4960 1550 5013 pag.
1580 4944 1686 4999 752
1714 4986 1725 5003 .
1759 4943 1853 4998 sed
1887 4943 2115 4997 fortasse
2142 4943 2247 4999 huc

653 5033 827 5088 usijue
858 5032 1075 5088 manum
1109 5018 1368 5070 abstinuit
1400 5026 1624 5088 propter
1668 5016 2249 5088 raritatemexempla-

654 5085 794 5146 riuin
824 5105 955 5144 mss.
985 5087 1112 5142 Haec
1137 5103 1305 5156 porro
1326 5086 1539 5156 vulgata
1564 5088 1778 5140 fuerant
1806 5087 1857 5139 in
1882 5085 2119 5139 editione
2150 5086 2247 5139 Pa-

658 5161 833 5216 tavina
859 5159 989 5215 anni
1022 5159 1182 5222 1710,
1206 5173 1328 5211 cum
1357 5159 1560 5213 emisso
1584 5172 1705 5211 tuitx
1734 5158 1782 5209 in
1809 5156 2079 5225 pttblit'tlm
2110 5159 2248 5226 typis

656 5229 1185 5301 Hamburgensibus,
1233 5243 1377 5301 anno
1431 5230 1588 5296 t721,
1632 5227 1927 5301 Philastiio
1974 5226 2244 5301 Fabricii,

653 5298 922 5369 nobisque
943 5302 1117 5370 magis
1130 5300 1410 5369 magisque
1433 5299 1648 5363 aliquod
1678 5298 1950 5353 Philastrii
1971 5298 2248 5364 exemplar

654 5392 758 5431 ms.
792 5372 1139 5428 naucisrendi
1172 5372 1452 5426 desiderio
1479 5370 1744 5435 lnCt’ltSlS,
1777 5370 1980 5425 eximio
2022 5370 2246 5436 amplis-

655 5447 781 5503 simi
811 5443 1108 5501 cardinalis
1135 5441 1344 5511 Quirini
1378 5440 1622 5496 Brixiani
1656 5440 1901 5509 episcopi
1948 5441 2242 5506 beneficio,

651 5518 905 5574 invenire
943 5516 1175 5584 contigit
1206 5530 1309 5569 ms.
1342 5512 1620 5584 Pliilastrii
1661 5512 1903 5567 codicem
1936 5512 2245 5584 monasterii

651 5588 993 5645 corbeiensis
1033 5581 1237 5655 de'quo
1265 5585 1416 5655 plura
1448 5581 1686 5655 diximus
1709 5654 1715 5655 ί
1735 5585 1789 5638 in
1827 5583 2151 5655 Przelatione
2178 5582 2245 5655 ad

654 5659 1004 5715 Philastrium
1049 5653 1211 5725 hujus
1264 5653 1537 5725 Brixiana:
1590 5654 1880 5717 editionis;
1932 5653 2133 5725 quique
2180 5653 2244 5709 ad

649 5726 1096 5792 emendandum,
1124 5722 1193 5781 ’et
1240 5724 1639 5783 restituendum
1691 5722 1967 5781 Philastrii
2014 5724 2241 5793 librum,

2358 1814 2693 1869 silvestrium
2721 1816 2972 1884 germina
3004 1815 3370 1885 pinguedinis,
3404 1830 3467 1870 ac
3490 1814 3859 1868 suavitatisinse-

2358 1908 2464 1963 ruit
2488 1924 2502 1973 ;
2530 1917 2586 1961 ut
2614 1909 2839 1963 haberet
2871 1906 2890 1944 τ
2918 1909 3257 1977 apostolicus
3285 1910 3369 1964 vir
3388 1909 3613 1977 aliquem
3633 1908 3735 1962 etin
3754 1905 3864 1959 vobis

2357 2002 2618 2063 fructum,
2652 2002 2796 2057 sicut
2825 2010 2881 2056 et
2926 2003 2978 2056 in
3009 2002 3222 2057 caeteris
3272 2002 3547 2073 gentibus.
3578 2000 3638 2055 Et
3674 1999 3759 2053 iste
3782 1996 3864 2066 qui-

2354 2096 2477 2150 dem
2510 2096 2878 2151 consummati
2910 2096 3092 2163 operis
3114 2111 3257 2150 nunc
3287 2095 3428 2165 apud
3459 2094 3619 2149 Deum
3648 2090 3864 2151 fructibus,

2354 2188 2702 2258 gratulatur;
2743 2203 2869 2242 nam
2898 2187 3086 2258 dignus
3130 2196 3207 2241 est
3251 2189 3521 2258 operarius
3573 2185 3764 2238 mercede
3802 2196 3865 2234 sita

2354 2282 2511 2352 (Luc.
2545 2284 2602 2351 ιι)
2631 2299 2643 2336 :
2676 2290 2731 2337 et
2763 2282 3082 2335 laborantem
3127 2282 3417 2353 agricolam
3444 2291 3631 2350 oportet
3667 2280 3798 2346 primo
3826 2275 3869 2328 de

2352 2374 2608 2445 fructibus
2637 2389 2835 2428 sumere
2857 2373 2926 2444 (ll
2949 2373 3085 2427 Tim.
3111 2372 3194 2444 ιι).
3227 2373 3343 2444 Ego
3365 2384 3547 2428 autem
3581 2372 3766 2425 minima
3787 2367 3866 2436 ejus

2344 2483 2493 2538 pars,
2521 2469 2775 2523 omnibus
2794 2468 2936 2521 votis
2970 2478 3173 2535 exopto
3204 2476 3304 2520 uts
3334 2482 3529 2536 agrum
3559 2466 3685 2519 bene
3711 2478 3733 2513 a
3760 2470 3871 2529 patre

2349 2562 2643 2627 consitum,
2660 2569 2842 2615 etnon
2866 2561 2998 2614 satis
3018 2558 3213 2615 idonea
3233 2559 3585 2615 successione
3604 2562 3869 2624 susceptum,

2347 2744 2546 2816 insigni
2595 2743 2749 2799 uobis
2794 2742 3039 2798 subsidio
3085 2743 3214 2816 fuit,
3249 2743 3692 2811 quemadmodum
3718 2736 3876 2816 unicui-

2346 2810 2828 2886 que'Spicili-ginm
2864 2826 3111 2886 nostrum
3153 2810 3355 2883 legenti
3392 2816 3673 2871 manifeste
3704 2810 3877 2881 patebit.

2424 2898 2445 2926 ε
2483 2888 2636 2941 llunc
2681 2883 2967 2940 Gattdetttii
3018 2887 3194 2939 locum
3245 2886 3315 2940 de
3364 2886 3649 2941 Pliilastrio
3694 2887 3882 2936 recenset

2350 2959 2547 3012 Baron.
2580 2958 2645 3011 ad
2681 2960 2744 3009 A.
2779 2955 2842 3009 C.
2889 2957 3017 3018 569.
3052 2973 3105 3010 ιι.
3146 2958 3241 3025 ‘27,
3270 2973 3455 3027 eoque
3497 2957 3575 3011 usi
3625 2964 3737 3011 sunt
3759 2952 3882 3027 Rim-

2271 3029 2317 3092 C
2350 3038 2536 3098 pertus
2568 3030 2620 3080 in
2655 3042 2822 3081 serm.
2864 3027 2931 3082 de
2959 3023 3345 3083 Translatione
3367 3023 3691 3093 'Philastrii,
3719 3023 3885 3098 et_Fer-

2353 3095 2528 3154 rarius
2555 3100 2606 3153 iu
2635 3098 2809 3152 Catal.
2840 3099 2937 3154 SS.
2972 3098 3092 3151 Ital.
3113 3142 3128 3163 ,
3161 3100 3229 3154 18
3253 3098 3411 3154 Julii.
3442 3100 3593 3154 Putat
3627 3112 3743 3152 vero
3767 3095 3887 3148 Bard

2353 3172 2476 3225 nius
2530 3173 2632 3223 hoc
2681 3170 2803 3223 loco
2851 3186 2881 3223 a
2930 3168 3237 3240 Gaudentio
3276 3169 3582 3240 significari
3621 3163 3890 3240 remansisse

2353 3252 2477 3311 post
2506 3241 2901 3295 discessionem
2935 3239 3120 3311 Hilarii
3157 3238 3517 3295 Philas'trium
3553 3238 3826 3311 Mediolani,
3852 3243 3891 3311 ttt

2350 3306 2566 3383 quoipio
2595 3312 2756 3365 modo
2784 3321 2997 3387 posset,
3022 3309 3372 3365 Catholicum
3403 3314 3657 3387 populum
3681 3311 3728 3363 in
3751 3306 3889 3387 ofﬁcio

2350 3387 2693 3444 contineret;
2744 3398 2903 3450 quam
2950 3384 3019 3436 ob
3058 3396 3277 3437 causam
3337 3383 3578 3437 verbera
3622 3383 3891 3452 passus_sit.

2352 3454 2637 3527 Videquae
2668 3453 2906 3527 diximus
2936 3453 3189 3527 in‘Praef.
3210 3452 3279 3507 ad
3316 3450 3781 3527 Philastriuiu,_n._
3801 3450 3870 3527 5."

2420 3523 2448 3563 ἀ
2486 3518 2582 3579 Hic
2606 3524 2838 3579 fortasse
2859 3523 3147 3580 Gaudentii
3178 3525 3336 3579 locus
3366 3539 3561 3580 ansam
3595 3518 3892 3591 prmbuitali—

2350 3598 2545 3665 quibus
2566 3640 2580 3663 ,
2612 3595 2759 3649 inter
2784 3610 2879 3650 eos
2923 3611 3062 3664 quos
3099 3594 3432 3650 Philastrius
3464 3596 3518 3651 in
3570 3595 3673 3650 fide
3711 3596 3897 3665 lucratus

2350 3660 2428 3722 est
2460 3710 2473 3730 ,
2506 3660 2866 3737 Augustinum
2903 3660 3116 3735 quoque
3149 3668 3465 3722 liberaliter
3496 3660 3894 3738 connumerandi.

2350 3738 2420 3793 At
2448 3738 2564 3793 haec
2605 3747 2727 3792 sunt
2761 3739 3062 3792 otiosorum
3106 3738 3454 3807 ingeniorum
3497 3738 3745 3792 vaticinia
3769 3746 3899 3811 magis

2349 3825 2511 3880 quam
2543 3811 2915 3882 conjecturae;
2959 3824 3098 3882 quas
3130 3805 3379 3882 profecto
3430 3824 3545 3864 non
3592 3810 3718 3863 tanti
3757 3805 3901 3882 pendi

2349 3896 2469 3935 mus
2492 3922 2504 3942 ,
2542 3889 2601 3934 ut
2629 3882 2695 3933 iis
2726 3880 3037 3934 refellendis
3067 3880 3296 3934 multum
3327 3896 3482 3935 curse
3510 3924 3524 3947 ,
3573 3891 3663 3934 aut
3690 3880 3901 3947 temporis

2349 3951 2761 4021 impendamus.
2788 3950 2921 4005 Vide
2954 3951 3338 4005 annotatiOues
3375 3945 3601 4007 nostras
3642 3950 3706 4005 ad
3744 3945 3902 4017 Ughel-

2350 4020 2460 4076 lum
2488 4032 2589 4096 ,ct
2622 4020 2778 4076 Prmf.
2806 4022 2879 4096 ad
2908 4021 3268 4096 l’liilastriutn
3292 4038 3352 4076 ιι.
3390 4025 3447 4076 7.
3643 4094 3650 4096 Α
3725 4092 3735 4096 Α
3785 4089 3816 4096 _
3849 4087 3857 4096 .

2424 4102 2445 4128 θ
2480 4094 2570 4150 Sic
2598 4093 2946 4157 reposoimus
2982 4108 3053 4146 ex
3108 4093 3273 4159 priori
3331 4105 3389 4147 et
3451 4092 3737 4148 vetustiori
3785 4089 3901 4143 Brit.

2349 4162 2473 4218 cod.
2504 4164 2653 4217 Alter
2702 4177 2869 4232 porro
2901 4164 3096 4227 codex,
3153 4162 3401 4232 itemque
3451 4164 3610 4234 editi,
3669 4169 3908 4217 horrentem

2349 4235 2489 4289 silvis
2510 4235 2693 4289 diversi
2716 4236 2943 4300 erroris;
2976 4250 3095 4298 quze
3122 4237 3252 4288 item
3279 4236 3459 4291 lectio
3493 4236 3715 4302 probari
3747 4238 3908 4301 potesh

2351 4305 2691 4375 habeturque
2713 4308 2877 4359 etiam
2910 4308 2961 4356 iu
3006 4304 3143 4359 libro
3168 4306 3522 4374 Pantagathi.

2273 4413 2327 4473 Β
2429 4371 2653 4447 fSupra
2704 4377 2755 4430 in
2800 4375 2953 4444 pra'f.
2994 4379 3059 4428 ad
3111 4371 3441 4431 Benivolum
3497 4397 3511 4431 :
3558 4371 3913 4452 Admirabilibur

2352 4447 2600 4499 doctrinis
2628 4446 2900 4499 apostolici
2926 4463 3011 4499 uer
3031 4448 3207 4499 omnia
3235 4448 3354 4499 viri.
3383 4452 3557 4499 patris
3577 4449 3738 4499 nostri
3768 4442 3909 4497 Phila-

2423 4442 2600 4518 ctrinis
2628 4442 2900 4518 apostolici
2925 4463 3011 4514 per
3031 4448 3207 4500 omnia
3235 4448 3354 4515 viri,
3383 4452 3557 4517 patris
3577 4449 3738 4504 nostri
3763 4442 3909 4518 Phila-

2350 4520 2484 4572 strii.
2524 4517 2839 4572 Communis
2879 4522 2992 4570 hare
3020 4530 3138 4572 erat
3176 4520 3467 4587 episcopis
3519 4517 3839 4588 appellatio,
3872 4518 3912 4564 ut

2353 4596 2503 4644 notat
2540 4589 2790 4643 Baluzius
2823 4590 2887 4659 ad
2914 4588 3150 4643 Salvian.
3188 4604 3310 4659 pag.
3346 4586 3488 4645 522.
3525 4586 3622 4648 Sic
3651 4591 3785 4645 idem
3808 4586 3915 4641 Gau-

2351 4660 2588 4720 dentius.
2623 4670 2782 4714 tract.
2817 4658 2849 4713 5
2875 4677 2887 4710 :
2912 4658 2975 4729 Si
3002 4662 3117 4727 quis
3141 4658 3273 4713 vero
3296 4670 3377 4714 est
3415 4661 3777 4729 Apostolicus.
3798 4667 3837 4711 et
3858 4667 3917 4724 per

2349 4731 2531 4784 Jesum
2555 4740 2811 4798 prostrato
2856 4727 3111 4801 Egyptio
3145 4747 3370 4801 mognus
3400 4727 3608 4801 factus,
3632 4749 3696 4786 ac
3747 4740 3919 4788 petens;

2351 4813 2404 4857 et
2435 4804 2485 4855 in
2522 4815 2678 4856 trart.
2709 4803 2776 4855 de
2799 4800 2990 4854 Ordiu.
3019 4803 3104 4854 sui
3138 4819 3151 4855 :
3186 4800 3489 4857 Precentur
3519 4804 3680 4858 modo
3709 4804 3760 4854 hi
3788 4810 3920 4852 ornus

2350 4873 2633 4939 Apostolici
2661 4872 2966 4926 sacerdotes.
2995 4870 3130 4926 item
3180 4881 3345 4926 tract.
3407 4876 3483 4929 de
3532 4873 3729 4930 Dedic.
3758 4869 3919 4925 liasil.:

2349 4943 2703 5017 Conuenerunt
2729 4943 2893 5017 sancti
2914 4945 3188 5008 antistites,
3220 4952 3265 4996 et
3305 4946 3608 5013 apostolici
3634 4948 3752 5000 viri.
3890 5009 3897 5017 _

2424 5025 2447 5062 ις
2481 5016 2552 5070 Ita
2580 5016 2731 5070 Brix.
2756 5015 2877 5087 cod.
2908 5023 3157 5085 uterque,
3189 5025 3242 5068 et
3267 5017 3507 5084 quidem
3537 5029 3715 5077 recte.
3744 5027 3851 5068 cum
3888 5015 3921 5087 in

2349 5088 2516 5141 editis
2543 5098 2799 5158 corrupte
2825 5085 3095 5158 legeretur
3133 5103 3312 5158 agrum
3348 5089 3489 5142 bene
3542 5107 3575 5144 a
3626 5098 3774 5155 patre
3803 5085 3925 5158 centi-

2351 5168 2480 5220 tum,
2523 5157 2616 5211 sed
2646 5152 2898 5211 consitum
2928 5157 3134 5211 retinet
3167 5152 3340 5211 etiam
3406 5160 3566 5215 liber
3624 5152 3924 5218 Pantagathi.

2351 5227 2506 5295 Quod
2547 5228 2734 5282 subdit
2760 5226 3118 5289 Gaudentius,
3143 5239 3311 5281 etnon
3346 5232 3490 5284 satis
3524 5230 3719 5284 idonea
3763 5237 3923 5281 succes-

2350 5300 2493 5351 sione
2533 5307 2849 5367 susceptum,
2874 5298 3156 5367 eleganter
3193 5301 3495 5367 exprimit,
3558 5317 3727 5371 quam
3758 5299 3929 5371 doleret

2350 5371 2510 5424 etiam
2570 5364 2696 5440 post
2746 5364 3191 5440 exactos1a-nuos
3230 5364 3701 5435 quattuordecim,
3755 5364 3929 5440 quando

2351 5455 2545 5509 nempe
2571 5437 2888 5512 sermoiste
2912 5455 2939 5491 a
2964 5437 3265 5512 Gaudentio
3298 5441 3544 5512 habitus
3578 5452 3670 5498 est
3710 5437 3793 5512 (ut
3817 5441 3927 5512 ipss-

2350 5522 2459 5565 met
2484 5507 2659 5580 paulo
2691 5510 2921 5567 inferius
2950 5511 3128 5583 dicit),
3169 5510 3310 5584 quod
3370 5507 3753 5584 episcopatus
3796 5507 3929 5584 8:259“

2350 5597 2474 5637 nam
2502 5578 2709 5637 invitus
2732 5598 2793 5636 ac
2834 5578 3114 5655 reluctans
3137 5582 3321 5655 subire
3354 5578 3609 5640 coactus
3635 5578 3929 5655 fuerit.\’itle

2349 5669 2470 5726 quae
2502 5655 2880 5709 atmotavimus
2918 5653 2984 5708 ad
3013 5669 3181 5726 scrin.
3208 5653 3296 5726 16,
3322 5667 3464 5726 pag.
3497 5657 3642 5725 3‘52,
3676 5656 3803 5721 333,
3829 5662 3873 5708 et
3897 5653 3932 5700 in

2348 5724 2511 5784 Prazf.
2538 5726 2605 5783 ad
2636 5725 3021 5794 Gaudentium,
3056 5743 3110 5780 n.
3138 5725 3162 5778 1
3198 5723 3331 5780 eti.
