4120 6174
278 205 410 266 1001

1212 204 1585 269 ADMONITIO
1624 206 1690 268 IN
1729 207 2149 284 SEQUENTEM
2191 211 2605 273 RHYTHMUM.

3410 218 3551 277 1002

274 336 491 393 quoquo
519 323 683 380 modo
711 324 853 380 tueri
884 322 1228 394 prmvaleam.
1262 324 1449 381 Zelum
1483 324 1610 381 fidei
1632 325 1771 396 ejus,
1804 334 1860 383 et
1888 342 1942 400 Α
1969 329 2263 385 humilibus
2295 329 2725 401 quibuscumque
2774 327 3136 397 coujunctior.
3188 328 3309 401 ipse
3335 344 3554 402 quoque

275 418 700 489 magnitudinem
730 418 977 476 laborum
1007 418 1168 489 paulo
1206 427 1333 475 ante
1390 420 1833 490 perstrinximus.

1962 421 2016 476 in
2044 421 2142 477 illo
2175 421 2357 476 habitu
2382 422 2641 488 vestium,
2678 428 2789 476 tota
2821 432 2943 476 erat
2993 422 3201 477 vilitate
3251 423 3549 480 mundissi-

275 511 391 568 Jam
424 511 1673 582 reminiscamur,0charissimi,vehemensille
1696 514 1862 570 ardor
1963 532 2124 572 mus:
2171 525 2358 588 gratus
2408 516 2531 572 sine
2572 515 2867 583 industria,
2900 515 2919 553 ί
2966 518 3398 588 contemptibilis
3435 519 3553 574 sine

276 605 438 660 animi
457 613 712 677 quantam
737 605 1047 676 possederit
1071 606 1126 661 in
1155 604 1361 662 sanctis
1390 607 1639 663 moribus
1667 606 1861 661 lenita-

1959 607 2112 672 fuco;
2143 619 2197 664 et
2228 609 2388 680 plane
2416 610 2507 679 qui
2544 655 2557 678 ,
2589 609 2711 680 ipso
2740 609 2817 666 nil
2877 620 3129 679 curante,
3176 613 3377 668 mentis
3429 613 3547 683 ejus

275 708 418 756 tem:
450 700 540 755 illa
569 700 839 757 celsitudo
868 699 1112 757 scientiae
1130 708 1331 772 quanta
1361 699 1526 756 fuerit
1558 699 1863 755 humilitate
1962 702 2226 772 panderet
2250 704 2568 774 puritatem.

276 794 528 851 sublimis
561 812 575 851 :
607 795 699 851 illa
730 794 1038 852 caelestium
1066 810 1254 851 rerum
1281 795 1478 867 peritia
1504 809 1666 866 quam
1700 793 1868 850 fuerit

276 887 465 961 ignara
496 892 860 946 terrestrium.
883 889 1016 945 Erat
1038 889 1183 945 enim
1215 889 1467 946 humanae
1514 875 1704 960 gloriz'e
1764 903 1863 945 ne-

2036 795 2217 851 Pauca
2244 796 2364 852 haec
2388 796 2457 852 de
2477 796 2771 853 virtutibus
2812 805 2837 845 8
2878 796 3113 853 hominis
3154 797 3290 865 Dei,
3342 798 3557 855 brevis-

1963 890 2103 946 simo
2131 905 2385 947 sermone
2423 890 2728 947 memoravi
2753 907 2768 956 ;
2791 887 2821 927 ιι
2853 906 2921 946 ne
2954 891 3071 947 dies
3100 892 3203 946 iste
3224 906 3334 963 quo
3361 892 3427 946 ad
3462 908 3557 947 su-

274 984 442 1053 scius,
466 992 523 1040 et
549 999 679 1041 acer
706 984 877 1040 divini
898 983 1129 1042 honoris
1155 992 1381 1041 exactor
1415 1001 1428 1037 :
1458 998 1565 1040 non
1613 996 1864 1054 quarens
1963 1001 2135 1057 perna
2166 986 2419 1057 migravit
2444 986 2639 1042 beatus
2666 986 2999 1043 Pbilastrius
3043 994 3304 1056 patronus
3343 995 3556 1055 noster,

273 1094 394 1151 qua:
424 1092 521 1133 sua
560 1087 770 1146 essent,
803 1077 899 1135 sed
921 1094 1043 1150 qua:
1072 1078 1201 1135 Jesu
1232 1078 1437 1134 Christi
1468 1076 1731 1150 (Philipp.
1776 1075 1858 1149 ιι).

275 1171 561 1229 Amicitias
602 1172 817 1241 szeculi,
851 1182 907 1228 et
930 1171 1111 1229 officia
1160 1173 1437 1228 mundana
1478 1179 1859 1241 contemnens,

274 1263 301 1304 δ
330 1268 554 1323 servitio
594 1266 693 1324 Dei
717 1267 924 1339 jugiter
944 1267 1257 1332 adltmrens,
1277 1268 1422 1324 inter
1436 1267 1671 1322 humana
1694 1268 1864 1322 collo-

274 1359 397 1431 quia
420 1359 624 1431 jugiter
653 1370 954 1431 occupatus
983 1378 996 1414 :
1031 1362 1295 1417 nimirum
1327 1361 1403 1416 ibi
1454 1377 1551 1417 cor
1572 1360 1690 1431 ejus
1721 1368 1862 1425 erat,

272 1452 364 1509 ubi
389 1454 678 1511 thesaurus
709 1454 928 1528 (Matth.
952 1456 1046 1527 vr).
1069 1456 1201 1512 Illud
1213 1457 1381 1513 etiam
1410 1457 1573 1528 quale
1594 1463 1699 1522 est,
1723 1452 1867 1525 quod

272 1560 396 1601 cum
425 1560 657 1617 operosa
690 1562 919 1619 quaeque
961 1548 1119 1620 hujus
1166 1549 1371 1617 surculi,
1404 1565 1465 1605 ac
1496 1548 1738 1622 pretiosa
1766 1546 1863 1603 de—

271 1639 731 1710 spiceret,vilium
764 1656 950 1698 rerum
976 1643 1354 1714 pauperrimos
1381 1642 1723 1709 venditores,
1755 1639 1862 1696 mi-

1966 1081 2121 1151 cujus
2153 1080 2315 1137 hodie
2346 1079 2480 1137 festa
2522 1081 2897 1147 celebramus,
2933 1081 3082 1136 tristi
3130 1081 3351 1137 silentio
3382 1080 3556 1152 inglo-

1967 1178 2080 1234 rius
2120 1176 2453 1248 prazteriret.
2500 1176 2634 1231 Nam
2693 1192 2815 1233 cum
2859 1176 3026 1231 multa
3068 1177 3387 1231 meritorum
3442 1175 3559 1246 cjus

1968 1270 2307 1342 praeconia,i
2341 1270 2755 1344 quatuordecim
2780 1270 2892 1342 jam
2919 1286 3014 1341 per
3039 1286 3213 1326 annos
3245 1271 3561 1326 solemnita-

1969 1368 2036 1422 tis
2067 1368 2227 1439 hujus
2255 1367 2463 1423 cultum
2490 1381 2784 1434 renovans,
2818 1365 3021 1421 auditui
3048 1377 3231 1421 vestro
3253 1363 3556 1428 intulerint,

1969 1461 2121 1530 plura
2170 1461 2183 1510 i
2240 1476 2359 1531 quas
2436 1459 2721 1530 praedicari
2769 1458 2945 1514 adhuc
3017 1467 3290 1529 possunt,
3360 1459 3558 1513 intacta

1969 1552 2266 1624 perspicio.
2296 1552 2323 1589 ιι
2355 1552 2782 1620 Quintodccimo
2820 1562 3003 1607 autem
3050 1550 3411 1605 Calendarum
3453 1548 3564 1603 Au-

1968 1656 2247 1718 gustarum
2269 1645 2419 1701 exuit
2459 1644 2757 1711 hominem,
2784 1642 3116 1715 ctmigravit
3144 1643 3210 1698 ad
3243 1657 3365 1697 eum
3397 1656 3556 1712 quem

272 1733 544 1790 sericordi
571 1732 876 1791 ambitione
907 1736 1166 1807 profusus
1195 1744 1414 1808 emptor
1441 1735 1713 1808 augebat?
1765 1749 1863 1806 pa-
1894 1736 1943 1798 B
1971 1740 2180 1795 dilexit.
2212 1739 2347 1795 Tam
2389 1738 2537 1809 digni
2568 1739 2739 1809 igitur
2769 1737 3091 1794 memoriam
3124 1736 3428 1793 sacerdotis
3459 1737 3557 1793 de-

272 1840 389 1882 rum
415 1826 627 1883 scilicet
654 1838 983 1900 computans
1033 1833 1056 1861 °
1098 1832 1243 1903 quod
1277 1832 1535 1904 professis
1574 1830 1860 1903 egentibus

271 1917 736 1991 largireturJErat
760 1922 904 1979 idem
927 1935 1151 1981 sanctus
1182 1926 1258 1980 ira
1284 1925 1498 1993 brevis,
1531 1923 1871 1997 indulgentia

272 2013 437 2087 374
466 2015 663 2083 facilis,
687 2017 949 2088 patientia
971 2017 1656 2095 superansﬁﬁhumanitate
1677 2021 1865 2077 devin-

271 2124 401 2167 cens
432 2128 446 2165 :
481 2112 537 2167 in
565 2112 915 2185 corripiendo
944 2114 1254 2185 districtus,
1286 2118 1341 2173 in
1374 2116 1678 2173 relaxando
1708 2116 1870 2172 abso-

270 2203 441 2274 lutus,
475 2206 616 2265 liber
645 2207 700 2264 in
735 2211 950 2281 agendo
980 2229 993 2264 :
1027 2210 1178 2267 omni
1208 2212 1378 2279 aetati,
1412 2221 1468 2268 et
1521 2208 1867 2278 conditioni,

270 2306 328 2354 et
363 2299 545 2365 sexui,
587 2302 855 2371 stupenda
889 2301 1231 2374 benignitate
1246 2304 1580 2373 communis,
1608 2318 1671 2359 ac
1699 2312 1723 2341 θ
1753 2312 1867 2359 tum

344 2468 372 2497 ι
402 2458 793 2533 lterumBrix.
825 2470 1057 2533 uterque
1112 2460 1412 2518 Karissimi.
1468 2463 1552 2519 Ab
1600 2462 1707 2520 hoc
1746 2463 1873 2517 loco

272 2547 443 2615 usque
471 2530 536 2615 ad
550 2531 653 2615 illa
684 2535 845 2615 verba
870 2550 888 2615 ε
922 2530 1105 2615 Pauca
1125 2533 1235 2589 haec
1262 2535 1326 2615 de
1346 2535 1619 2615 virtutibus
1647 2534 1873 2615 hominis

273 2602 392 2673 Dei,
423 2602 611 2659 retulit
637 2618 704 2660 ex
734 2603 1025 2661 Gaudentii
1055 2620 1158 2661 ms.
1184 2606 1309 2661 cod.
1330 2608 1463 2662 satis
1494 2615 1750 2662 accurate
1770 2604 1872 2660 Ca-

312 2675 513 2742 reolus,
545 2675 639 2731 lib.
663 2691 720 2731 nt
754 2676 895 2732 llist.
922 2675 1096 2744 Brix.,
1134 2676 1223 2733 ubi
1257 2679 1326 2734 de
1363 2678 1656 2734 Philastrio
1699 2677 1869 2734 verba

299 2747 440 2821 ’acit,
482 2747 718 2818 ideoque
747 2747 962 2804 videtur
1001 2749 1215 2819 primus
1238 2748 1409 2806 fuisse
1453 2753 1545 2821 qui
1592 2752 1869 2821 specimen

272 2817 775 2876 Gaudentianbrum
798 2817 1123 2877 sermonum
1159 2821 1213 2876 in
1237 2822 1418 2878 lucem
1450 2817 1705 2878 ediderit.

1968 1833 2081 1889 bito
2121 1830 2323 1888 aﬁ‘ectu
2347 1845 2691 1896 veneremur,
2724 1842 2782 1885 ut
2809 1831 2981 1902 ipsius
3033 1846 3249 1901 quoque
3303 1829 3562 1900 suffragio

1967 1925 2111 1983 bona
2136 1940 2259 1997 qua:
2298 1925 2598 1995 poscimus,
2626 1922 2840 1978 facilius
2862 1924 3218 1995 impetremus
3251 1940 3265 1989 ,
3298 1923 3561 1995 largiente

1970 2018 2069 2074 Dei
2098 2016 2243 2073 Filio
2279 2018 2637 2089 sempiterno,
2664 2017 2753 2072 cui
2791 2024 2877 2072 est
2905 2018 3084 2072 omnis
3112 2017 3311 2084 honor,
3343 2017 3520 2072 virtus
3542 2060 3558 2085 ,

1970 2121 2026 2168 et
2051 2111 2246 2184 gloria,
2276 2126 2400 2167 cum
2430 2111 2612 2181 Patre,
2661 2118 2716 2166 et
2754 2110 2959 2181 Spiritu
2997 2120 3209 2178 sancto,
3267 2112 3320 2168 in
3376 2112 3558 2169 omnia

1966 2206 2167 2261 saecula
2195 2203 2547 2261 saeculorum.
2580 2205 2777 2260 Amen.

1975 2459 2063 2514 hic
2084 2457 2378 2515 Philastrio
2413 2456 2665 2529 tribuitur
2693 2471 2723 2511 a
2774 2458 3067 2513 recentiori
3115 2459 3306 2515 codice
3328 2504 3341 2527 ,
3398 2474 3562 2529 supra

1974 2546 2107 2587 vero
2127 2547 2155 2584 a
2181 2530 2353 2600 priori
2380 2537 2437 2584 et
2466 2528 2774 2600 vetustiori,
2799 2529 3026 2585 minime
3056 2545 3087 2585 a
3115 2530 3427 2587 Gaudentio
3446 2528 3563 2587 ma-

1975 2617 2142 2667 nare;
2171 2599 2267 2657 Sed
2294 2601 2347 2656 in
2390 2608 2626 2673 utroque
2655 2599 2812 2673 cod.“
2839 2615 2975 2669 Opus
3017 2616 3150 2673 esse
3196 2602 3560 2673 posteriorum

1977 2683 2307 2744 temporum,
2343 2674 2398 2727 in
2426 2671 2625 2743 quibus
2660 2671 2985 2744 Apollonius
3012 2682 3066 2728 et
3096 2671 3418 2729 Philastrius
3443 2675 3565 2730 Bri-

1974 2743 2150 2817 ;ian’a:
2171 2745 2410 2801 civitatis
2435 2743 2891 2817 patronifuerunt
2910 2744 3173 2817 appellati
3198 2761 3213 2809 ;
3234 2750 3323 2817 qui
3342 2747 3561 2816 quidem

1974 2816 2202 2873 honoris
2234 2817 2420 2871 titulus
2437 2815 2549 2887 jam
2578 2815 2790 2887 pridem
2832 2815 3025 2871 iisdem
3049 2817 3215 2871 tribui
3237 2815 3456 2873 desivit.
3483 2819 3560 2874 De

342 2890 371 2929 ι)
412 2892 567 2968 Prior
587 2907 655 2947 ex
689 2890 961 2968 Brixianis
996 2892 1200 2968 c_o_dd._:
1227 2892 1563 2968 servitioDei
1594 2894 1683 2968 sed
1715 2893 1867 2968 jugi-
1896 2901 1942 2965 ο
1975 2889 2081 2968 hoc
2096 2898 2312 2968 autem,
2328 2888 2460 2968 _Deo
2481 2885 2842 2968 dan'te,.plura
2864 2887 3206 2968 proferemus
3256 2891 3310 2945 in
3341 2900 3567 2945 annota-

276 2972 349 3039 ιρι·
371 2962 641 3039 adhaerens
673 2963 875 3039 :_alter,
898 2963 1108 3039 servitio
1130 2963 1237 3039 ‘Dei
1259 2983 1313 3039 se
1327 2967 1528 3039 jugiter
1573 2962 1866 3021 adhtirens.

277 3034 578 3109 Capreolus
601 3034 735 3105 legit
746 3053 777 3109 _:
808 3036 1016 3109 servitio
1038 3033 1141 3109 Dei
1160 3033 1361 3109 jugiter
1385 3033 1703 3093 adhwrebat.

351 3118 372 3144 ο
406 3106 498 3179 Sic
530 3107 714 3179 legunt
746 3105 988 3162 Brixiani
1035 3105 1175 3175 duo,
1208 3105 1407 3179 quibus
1448 3118 1722 3166 consonat
1761 3110 1867 3167 Ca-

278 3178 518 3250 preolus.
554 3176 702 3250 Editi
727 3193 884 3245 vero,
906 3179 1046 3249 quod
1078 3176 1366 3250 professus.

346 3246 373 3286 ά
405 3249 647 3304 Brixiaui
674 3250 780 3306 duo
826 3260 881 3305 et
909 3246 1234 3321 Cspréoltis.
1274 3252 1332 3307 ln
1385 3252 1567 3321 editis,
1618 3254 1871 3327 patientia

273 3333 567 3392 supremus.

284 3465 315 3469 _
351 3402 375 3429 °
420 3392 658 3469 Uterque
697 3392 847 3449 Brix.
893 3393 1027 3469 legit
1070 3403 1174 3469 tam
1230 3394 1511 3469 humilibus
1560 3399 1866 3469 quibusque.

274 3465 347 3520 Ca
357 3464 575 3541 p_reolus
600 3473 781 3541 autem
814 3465 1111 3541 pariterque
1138 3465 1442 3541 humillimis
1464 3464 1870 3541 quibuscumque

275 3537 579 3612 conjunctus
600 3554 619 3603 ;
642 3537 882 3612 fortasse
906 3552 1033 3592 vera
1051 3538 1220 3612 lectio
1241 3549 1325 3593 est
1353 3541 1406 3594 in
1440 3555 1571 3595 mss.
1600 3537 1868 3612 Pantaga-

277 3608 383 3684 thi_,
398 3625 459 3684 ac
484 3616 652 3684 tamen
677 3608 957 3684 humilibus
973 3607 1257 3684 quibusque
1278 3612 1626 3684 conjunctior.

354 3680 374 3717 τ
418 3680 573 3751 Apud
597 3680 922 3755 Capreolum
947 3680 1026 3755 sic
1056 3698 1069 3734 :
1101 3680 1450 3755 contemptum
1470 3684 1581 3737 sine
1603 3684 1720 3752 fuco
1740 3701 1875 3755 qua:-

277 3768 420 3828 reus,
453 3763 510 3805 ut
536 3752 721 3828 mentis
741 3767 851 3806 sua:
873 3752 1121 3828 panderet
1145 3752 1423 3828 puritatem
1443 3772 1461 3821 ;
1481 3771 1608 3828 qua:
1653 3752 1872 3828 quidem

280 3822 446 3898 [tactio
468 3825 665 3898 melior
694 3832 749 3879 et
776 3822 1410 3881 commodior'videtur.
1466 3822 1687 3883 Caetera
1729 3829 1871 3898 apud

280 3893 608 3965 Capreolum
637 3911 748 3951 non
780 3905 1023 3951 exstant.

356 3979 378 4014 Β
412 3968 570 4022 Prior
596 3978 650 4023 et
671 3967 941 4022 vetustior
972 3967 1126 4023 Brix.
1159 3968 1283 4025 cod.
1313 3971 1393 4026 sic
1420 3969 1621 4026 habet:
1654 3971 1875 4027 hominis

281 4034 399 4114 Dei,
430 4037 963 4114 beatissimiaidelicet
992 4038 1251 4114 Filustrii,
1292 4043 1483 4114 egregii
1518 4047 1747 4112 :patront‘
1775 4062 1874 4099 no-

1974 2961 2215 3017 tionibus
2239 2961 2306 3015 ad
2328 2959 2773 3031 Martyrologium
2798 2959 3135 3014 Brixianum.

2050 3032 2222 3088 iHinc
2244 3032 2405 3087 facile
2425 3031 2599 3100 liquet
2630 3045 2940 3086 sermonem
2968 3031 3115 3087 hunc
3129 3031 3371 3087 habitum
3400 3032 3565 3090 fuisse

1972 3121 2003 3161 a
2034 3105 2347 3162 Gaudentio
2370 3105 2529 3176 paulo
2553 3111 2679 3172 post
2721 3118 2923 3157 annum
2964 3102 3091 3169 400,
3117 3119 3238 3158 cum
3279 3106 3566 3176 episcopa-

1975 3189 2089 3233 tum
2120 3175 2403 3247 accepisse
2428 3173 2677 3247 videatur
2706 3175 2853 3229 circa
2887 3190 3086 3230 annum
3136 3176 3261 3240 387,
3311 3173 3482 3246 juxta
3504 3193 3568 3234 ea

1972 3245 2357 3321 quzediximus
2396 3246 2450 3300 in
2477 3245 2823 3321 Przefatione.

2048 3321 2062 3371 i
2104 3320 2261 3375 Prior
2311 3328 2364 3375 et
2410 3318 2680 3374 vetustior
2733 3318 2880 3386 cod.,
2910 3323 3039 3391 'qua:
3077 3320 3349 3391 preedicari
3397 3320 3567 3374 adhuc

1975 3402 2231 3532 mugiit}
2261 3476 2456 3533 nempe
2494 3461 2583 3516 die
2619 3460 2899 3517 Philastrii
2955 3464 3277 3521 memoriam
3317 3464 3569 3521 recolunt

1973 3534 2416 3606 Martyrologium
2440 3533 2770 3601 Romanum,
2812 3534 3159 3606 Maurolycus
3183 3537 3334 3602 item,
3369 3552 3433 3592 ac
3456 3538 3564 3592 Ga-

1975 3605 2228 3675 lesinius,
2255 3605 2458 3675 aliique
2496 3606 2835 3677 recentiores
2864 3605 3238 3677 Martyrologi,
3279 3607 3570 3663 Gaudentii

1978 3679 2294 3735 testimonio
2314 3677 2459 3732 freti.
2493 3676 2549 3730 lu
2574 3685 2807 3746 utroque
2835 3692 2939 3731 ms.
2970 3676 3098 3733 cad.
3131 3678 3397 3733 Brixiano
3453 3680 3571 3733 hiI'C

1977 3751 2248 3807 habentur
2278 3749 2344 3804 de
2373 3746 2668 3803 Philasuio
2696 3756 2825 3803 ante
2846 3763 3157 3804 sermonem
3180 3749 3467 3819 Ramperti
3500 3752 3570 3805 de

1977 3822 2261 3879 Philastrii
2305 3819 2724 3892 Translatione:
2773 3835 2895 3889 qua:
2943 3820 3126 3892 denuo
3188 3821 3569 3892 proferimus,

1977 3894 2143 3958 infra,
2166 3896 2226 3950 in
2260 3901 2375 3947 not.
2406 3891 2855 3966 adRampertum
2886 3909 2896 3943 :
2932 3890 3000 3966 In
3055 3890 3434 3966 Martyrologio
3479 3911 3573 3947 no-

1978 3978 2102 4022 stra:
2124 3965 2409 4021 Bri-:ciensis
2437 3961 2687 4017 Ecclesia:
2731 3965 2804 4016 ita
2853 3964 3099 4033 scriptum
3142 3961 3427 4018 inuenimus
3458 3980 3477 4020 :
3504 3981 3573 4019 xv

1980 4037 2099 4110 KL.
2132 4041 2268 4110 Aug.
2309 4035 2508 4090 Brixia:
2528 4037 2818 4110 assumptio
2842 4034 3123 4110 beatissimi
3148 4034 3269 4091 PP.
3304 4033 3570 4091 Filastrii.

1979 4109 2129 4165 Iacet
2156 4106 2479 4164 arisanctum
2503 4106 2762 4160 Andream
2790 4124 2808 4171 ;
2838 4107 2931 4161 ubi
2964 4106 3155 4162 titulus
3189 4116 3418 4163 vetusta:
3468 4110 3575 4164 Ca-

1981 4182 2247 4239 thedralis
2274 4180 2511 4250 antiquis
2543 4178 2883 4251 temporibus
2922 4179 3243 4251 exsistebat.
3284 4179 3342 4234 In
3375 4180 3569 4251 Marty-

358 4252 384 4289 ιι
423 4255 567 4330 idem
596 4254 719 4330 cod.
753 4272 766 4309 :
801 4253 886 4330 Ne
915 4255 1026 4330 dies
1058 4256 1151 4330 iste
1174 4258 1520 4330 celebrabitis,
1553 4276 1657 4330 quo
1703 4259 1770 4313 ad
1790 4275 1877 4313 su—
1907 4327 1934 4330 _
1984 4256 2199 4330 rologio
2220 4270 2324 4306 ms.
2350 4249 2706 4307 Bibliotheca:
2735 4250 3011 4330 saibatitis
3035 4249 3304 4330 __Veron:2,
3339 4249 3576 4330 (μή-ςρ-

324 4341 442 4402 erm:
464 4327 724 4402 migravit,
751 4327 885 4402 tristi
907 4328 1136 4402 silentio.
1161 4328 1422 4396 Quamvis
1449 4321 1629 4386 autem
1658 4330 1875 4402 vulgata
1902 4327 1960 4389 Ι)
1981 4321 2334 4402 dex_videtur
2364 4337 2486 4402 esse
2513 4337 2605 4402 stu
2636 4321 2843 4402 saeculi,
2885 4322 3313 4402 inscribiturque
3438 4322 3546 4402 241
3563 4364 3579 4388 ,

308 4397 452 4454 ectio
482 4392 745 4455 habeatur
776 4400 832 4474 in
870 4400 1143 4474 alteroex
1185 4392 1349 4474 codd.
1384 4402 1691 4470 Brixianis,
1728 4392 1873 4474 qvuod
1982 4399 2233 4474 sicilegi;
2273 4393 2499 4474 _xv_Kal,
2522 4392 2868 4474 Aug,....._1n
2890 4394 3077 4474 Brixia
3105 4392 3311 4451 civitate
3327 4396 3581 4467 depositio

284 4484 512 4544 monere
559 4472 1017 4541 praetermiseram
1048 4472 1320 4544 inipriori
1373 4474 1639 4542 editione,
1679 4466 1873 4530 tamen
1981 4466 2225 4527 Filasfrii
2266 4470 2429 4542 ipsius
2456 4466 2677 4523 civitatis
2707 4467 2957 4537 episcopi.

282 4543 599 4613 suspicione
626 4559 734 4599 non
755 4552 934 4613 vacat,
977 4543 1399 4615 appellationem
1454 4546 1703 4618 patroni,
1752 4562 1874 4619 qua:

280 4111 397 4175 stri,
428 4114 577 4184 cujus
622 4110 776 4165 hodie
820 4111 970 4182 'festa
1023 4110 1365 4182 celebrantur,
1412 4110 1712 4171 brevissimo
1765 4133 1874 4171 ser-

282 4197 453 4238 mone.

742 4878 1376 4955 ADMONITIO
1447 4879 1562 4954 IN
1640 4879 2296 4967 SEQUENTEM
2384 4879 3085 4955 RHYTHMUM.

370 5150 629 5220 Quoniam
659 5150 929 5223 rhythmus
963 5149 1059 5205 iste
1108 5149 1215 5219 fere
1243 5147 1422 5203 eadem
1460 5154 1622 5201 metro
1650 5146 1875 5199 continet
1904 5161 2018 5217 qua:
2046 5143 2299 5215 superiori
2336 5160 2571 5199 sermone
2602 5160 2635 5197 a
2659 5141 2955 5199 Gaudentio
2983 5144 3035 5200 in
3065 5143 3273 5199 laudem
3310 5144 3585 5205 Philastrii

292 5244 462 5301 soluta
487 5245 717 5300 oratione
744 5242 886 5297 dicta
914 5251 1139 5307 sunt;ac
1160 5249 1405 5310 praeterea
1429 5236 1713 5309 aliquando
1734 5234 2087 5291 Gaudentium
2116 5244 2382 5290 auctorem
2410 5251 2517 5307 pra:
2538 5233 2746 5302 setulit,
2774 5234 2889 5290 ideo
2914 5251 2977 5290 ne
3008 5232 3290 5290 Gaudentii
3317 5238 3580 5296 studiosus

294 5337 455 5395 lector
478 5338 677 5413 aliquid
701 5355 732 5392 a
762 5337 910 5392 nobis
940 5334 1232 5389 desiderare
1252 5340 1443 5405 posset,
1478 5348 1593 5386 eum
1616 5328 1715 5384 hoc
1745 5328 1860 5384 loco
1885 5328 2220 5401 subjecimus.
2251 5327 2379 5396 Quis
2412 5328 2566 5399 fuerit
2601 5337 2802 5395 auctor,
2835 5325 2980 5384 latet.
3018 5326 3141 5381 Non
3170 5327 3381 5382 dubium
3408 5339 3584 5385 tamen

294 5433 418 5503 quin
451 5434 516 5487 sit
547 5449 680 5487 nono
708 5429 898 5485 stcculo
928 5425 1223 5497 antiquior;
1253 5422 1482 5495 rhythmi
1505 5422 1645 5476 enim
1675 5421 1833 5487 huius
1862 5418 2174 5492 Rampertus
2204 5419 2438 5473 meminit
2475 5419 2530 5472 in
2559 5434 2794 5473 sermone
2821 5417 2885 5473 de
2915 5415 3223 5485 Philastrio,
3251 5434 3403 5489 quem
3429 5421 3584 5475 habes

296 5521 471 5591 infra;
500 5526 650 5594 cujus
680 5518 949 5591 Ramperti
979 5516 1291 5571 auctoritate
1317 5530 1433 5568 eum
1459 5510 1756 5567 Gaudentio
1794 5511 2009 5566 libenter
2033 5510 2471 5584 abjudicaaimus.
2501 5508 2650 5565 Certe
2679 5526 2843 5581 neque
2864 5508 3048 5579 stylus,
3092 5524 3256 5579 neque
3284 5512 3447 5566 saliva
3494 5512 3586 5585 (ut

300 5613 609 5686 Hieronymi
634 5614 795 5669 verbis
821 5614 977 5684 utar)
1006 5610 1353 5667 Gaudentium
1381 5617 1641 5663 auctorem
1674 5606 1902 5678 sapiunt.
1946 5603 2026 5661 De
2050 5605 2291 5678 rhythmo
2323 5606 2418 5660 hoc
2460 5605 2813 5660 testimonium
2842 5602 3112 5673 Ramperti
3139 5612 3213 5658 est
3239 5603 3542 5677 hujusmodi
3565 5621 3586 5658 :

300 5708 410 5765 Sed
439 5718 494 5764 et
532 5706 898 5779 rhythmicum
935 5706 1219 5778 hymnum,
1261 5717 1424 5771 quem
1475 5715 1605 5775 ergo
1638 5698 1983 5757 auctoritatis
2020 5698 2384 5755 Gaudentium
2418 5696 2734 5769 episcopum
2769 5694 2965 5749 fecisse
3012 5694 3215 5764 ferunt,
3248 5706 3475 5755 cantare
3521 5695 3595 5754 de

301 5801 422 5873 ipso
452 5800 645 5859 sedule
670 5808 1054 5855 consueverat.
1085 5794 1447 5855 Gaudentium
1480 5806 1661 5857 autem
1694 5795 1875 5868 ipsum
1901 5790 2274 5864 composuisse
2305 5800 2460 5858 nuto,
2490 5804 2615 5845 cum
2649 5789 2832 5858 longe,
2866 5787 3142 5860 aliterque
3176 5804 3377 5853 sensus
3409 5791 3603 5863 primae

552 5895 824 5957 PATIOL.
878 5892 1022 5955 XX.
3052 5883 3132 5944 39.
