4120 6174
573 153 580 161 ’
623 173 763 256 suos
1693 179 1754 238 s.
1793 179 2177 246 GAUDENTII
2219 180 2482 246 omne:
2527 178 2837 238 EPISGOH
3713 185 3823 242 root

614 293 779 349 linea:
805 293 898 363 sit,
926 303 980 349 et
1009 294 1123 364 ipse
1138 291 1434 364 rhythmus
1465 294 1734 350 elementa
1764 296 1998 352 nominis
2021 296 2401 368 compusitoris
2429 295 2537 360 sui,
2564 309 2658 366 per
2682 293 2882 364 capita,
2909 299 2967 348 ut
2993 292 3067 347 ita
3086 290 3352 357 dixerim,
3379 306 3635 362 versuum,
3665 297 3701 352 si
3729 301 3828 366 quis

612 384 887 455 intendat,
917 385 1132 460 habeat.
1162 385 1441 441 Videbatur
1470 388 1696 462 profecto
1728 404 1790 442 ea:
1815 388 1911 443 hoc
1941 389 2208 461 Ramperti
2236 387 2530 448 testimonio
2558 385 2732 456 aliqua
2751 383 3000 455 aﬂulgere
3020 386 3317 455 conjectura
3336 383 3396 436 de
3411 385 3600 439 nomine
3622 391 3831 460 auctoris,

615 499 739 540 eum
759 483 896 537 dicat
922 498 940 537 :
967 492 1024 537 et
1053 481 1169 554 ipse
1199 481 1483 555 rhythmus
1500 482 1770 540 elementa
1792 483 2028 542 nominis
2057 482 2441 554 compositoris
2469 481 2552 536 sui
2578 489 2681 536 run
2707 493 2919 544 curm,
2944 483 3003 532 ut
3033 475 3103 534 ita
3129 475 3384 540 dixerim,
3415 492 3654 543 vuuscuu,
3675 481 3714 534 si
3736 484 3834 550 quis

615 575 882 644 intendat,
917 575 1157 644 habeat;
1187 593 1362 642 verum
1390 593 1452 639 ex
1479 575 1764 640 initialibus
1795 577 1978 634 litteris
2005 575 2277 648 cujuslibet
2317 573 2638 644 quaternarii
2663 570 2796 626 nihil
2818 569 2972 632 aliud
2998 569 3247 640 efficitur,
3281 569 3382 626 nisi
3409 585 3688 628 rtusrtuus
3712 589 3833 628 antc-

612 683 818 727 Sll-JNSIS
846 683 1108 725 PBAESL‘L.
1139 667 1372 724 Proinde
1395 671 1439 723 si
1466 671 1580 742 quis
1620 667 1758 726 hunc
1787 670 1983 732 nodum
2010 671 2195 732 solvat,
2227 669 2321 724 erit
2364 668 2490 722 mihi
2529 683 2748 738 magnus
2795 661 3005 733 Apollo.
3053 661 3182 720 Non
3223 663 3358 716 etaim
3395 664 3697 729 crediderim,
3730 665 3834 720 Phi-

609 761 855 819 lastrium
879 765 1052 831 ipsum
1081 763 1378 842 rhythmum
1407 763 1542 820 hunc
1569 763 1622 824 in
1648 764 1835 827 suimet
1867 763 2074 820 laudem
2101 762 2321 818 condere
2343 762 2592 831 potuisse.
2624 757 2871 816 Fortasse
2900 755 3218 828 Rempertus
3240 755 3511 823 intellexit,
3538 762 3737 814 auctoris
3756 778 3837 816 no-

614 876 731 914 men
757 859 1009 914 contineri
1034 859 1136 913 alio
1165 859 1414 926 carmine,
1438 857 1578 928 quod
1604 857 1671 910 ad
1699 857 1894 916 calcem
1921 856 2063 918 illius
2093 855 2323 928 rhythmi
2353 855 2414 909 ab
2439 855 2552 925 ipto
2577 863 2787 908 auctore
2813 850 3080 921 adjectum
3101 859 3194 914 est,
3227 847 3603 918 habeturqusin
3628 852 3764 921 priori
3787 871 3839 906 ac

613 953 883 1010 vetustiori
899 969 964 1019 ea:
987 953 1185 1009 duobus
1215 952 1369 1014 codd.
1397 969 1520 1014 mss.
1546 950 1814 1008 Brixiana:
1833 950 2105 1018 Ecclesia},
2129 952 2191 1005 de
2213 951 2394 1021 quibus
2418 948 2578 1020 paulo
2596 965 2777 1020 supra,
2802 949 2857 1002 in
2886 947 3044 1014 notis,
3068 945 3218 1012 initio
3239 945 3485 1003 sermonis
3511 949 3838 1018 pfwcedentis;

616 1047 716 1104 hoc.
741 1046 928 1102 modo:

1573 1138 1849 1200 Pmnc'rus
1869 1136 2110 1200 quondam
2136 1135 2321 1198 fueras,
2344 1140 2486 1198 pater
2507 1136 2636 1200 alme
2663 1134 2880 1197 Filastri,

1664 1198 1898 1265 Ingenio,
1920 1199 2035 1265 vita,
2063 1200 2308 1265 sensibus,
2345 1205 2493 1262 atque
2515 1198 2628 1246 ﬁde.

1572 1261 1803 1316 Ρκιιηῐπι
1835 1264 1976 1312 nervi
2007 1261 2170 1312 studui
2203 1262 2290 1312 tibi
2328 1261 2514 1322 ponere
2549 1271 2746 1310 carmen

1663 1327 1903 1389 Devotus,
1930 1325 2144 1386 humilis,
2168 1322 2395 1374 servulus
2411 1333 2559 1389 atque
2583 1331 2714 1389 tuus.

1575 1389 1838 1439 Intercede
1859 1386 1960 1437 tuis
1982 1390 2174 1438 meritis
2199 1398 2287 1449 pro
2312 1400 2389 1435 me
2412 1386 2673 1449 rogitando

1662 1453 1910 1504 Purser:
1933 1463 2146 1514 semper,
2175 1446 2261 1512 per
2279 1446 2642 1510 Dominamque
2668 1446 2848 1498 Deum.

611 1603 674 1662 Si
703 1604 816 1679 quis
847 1605 1065 1677 fortasse
1097 1603 1314 1678 probare
1343 1614 1538 1674 posset,
1570 1601 1797 1676 rhythmi
1825 1603 1965 1662 illius
1993 1612 2255 1660 auctorem
2282 1603 2450 1672 fuisse
2486 1601 2711 1673 aliquem
2743 1604 2981 1669 nomine,
3014 1613 3107 1658 aut
3134 1604 3491 1676 appellatione
3547 1602 3846 1666 Ριξιηςτυι,

606 1695 823 1763 ideoque
853 1711 1024 1750 vocem
1051 1695 1195 1749 illam
1223 1694 1437 1750 alternis
1481 1712 1718 1751 versuum
1767 1695 2021 1766 capitibus
2067 1696 2163 1750 hoc
2193 1697 2418 1750 carmine
2446 1697 2738 1765 repetitam,
2788 1712 2890 1750 non
2921 1693 3069 1750 valde
3112 1712 3496 1769 repugnarem;
3526 1711 3686 1750 rerum
3709 1703 3849 1764 aperte

610 1787 880 1858 proﬁteor,
912 1789 1088 1841 omnia
1109 1787 1234 1841 mihi
1256 1786 1353 1842 hoc
1381 1785 1482 1840 loci
1504 1785 1742 1854 obscura,
1776 1796 1822 1840 et
1845 1787 2044 1846 incerta
2065 1803 2173 1840 esse
2192 1805 2209 1840 :
2241 1786 2474 1856 nihilque
2491 1786 2636 1840 aliud
2659 1795 2955 1858 promptum
2984 1787 3164 1853 videri,
3190 1789 3292 1844 nisi
3320 1791 3466 1859 pium
3485 1787 3699 1859 aliquem
3719 1789 3850 1841 virum

611 1879 903 1934 Gaudentio
924 1882 1211 1954 juniorem,
1245 1878 1547 1952 rhythmum
1573 1878 1710 1932 hunc
1750 1879 1803 1932 in
1834 1877 2039 1932 laudent
2070 1875 2369 1943 Philastrii,
2415 1893 2478 1931 ea:
2516 1875 2871 1932 Gaudentiani
2906 1880 3161 1933 sermonis
3190 1881 3461 1940 sententiis
3496 1881 3849 1935 consarcinasse.

613 1972 716 2039 Qui
741 1972 894 2043 primi
921 1971 1189 2042 Ramperti
1215 1986 1500 2025 sermonem
1518 1970 1570 2023 in
1593 1971 1755 2022 lucem
1779 1969 2076 2033 ediderunt,
2102 1969 2242 2024 mala
2263 1969 2366 2037 ﬁde
2387 1969 2485 2038 usi,
2511 1967 2861 2026 Gaudentium
2884 1970 3110 2041 rhythmi
3129 1981 3396 2028 auctorem
3429 1974 3593 2044 facere
3620 1974 3860 2042 cupientes,

606 2065 758 2120 verba
785 2067 900 2133 illa,
927 2066 1111 2137 quibus
1134 2067 1187 2120 id
1210 2083 1241 2120 a
1272 2065 1552 2138 Ramperto
1583 2067 1635 2119 in
1662 2064 1878 2120 dubium
1905 2075 2196 2130 revocatur,
2221 2063 2318 2116 tuti
2347 2075 2715 2118 resecuerunt:
2747 2076 2797 2116 at
2831 2082 2925 2120 nos
2955 2067 3211 2136 integrum
3252 2066 3524 2138 Ramperti
3563 2067 3862 2121 testimonium

606 2161 952 2232 repasuimus,
983 2163 1058 2216 uti
1088 2161 1256 2232 fusius
1278 2161 1420 2230 infra
1440 2175 1534 2214 suo
1559 2159 1670 2214 loco
1697 2158 1985 2213 indicamus
2012 2157 2074 2210 in'
2092 2159 2230 2211 notis
2257 2157 2324 2211 ad
2366 2157 2720 2228 Rampertum.
2757 2158 2993 2214 [labetur
3023 2170 3194 2218 autem
3229 2161 3505 2231 rhythmus
3531 2162 3624 2218 iste
3648 2161 3698 2215 in
3718 2160 3864 2212 iisdem

604 2253 803 2307 duobus
831 2253 983 2305 cadit.
1015 2268 1137 2307 mss.
1181 2249 1448 2305 Brixiana:
1477 2247 1724 2304 Ecclesia:
1768 2249 1818 2301 in
1846 2248 2028 2318 quibus
2057 2257 2220 2302 exstat
2247 2250 2398 2302 etiam
2433 2250 2728 2318 praecedens
2768 2267 2935 2308 sermo
2966 2249 3251 2308 Gaudentii
3277 2251 3345 2308 de
3376 2251 3697 2318 Philastrio;
3745 2265 3864 2319 atque

609 2360 673 2400 ea:
699 2346 784 2412 iis,
811 2344 886 2399 vel
909 2360 972 2399 ea;
1009 2344 1194 2398 horum
1215 2342 1492 2409 alterutro,
1520 2353 1638 2397 tunc
1669 2341 2106 2413 deprompsimus,
2140 2358 2256 2394 cum
2289 2359 2406 2396 eum
2447 2342 2707 2397 edidimus
2735 2346 2788 2398 in
2817 2345 3174 2400 additionibus
3212 2349 3278 2400 ad
3327 2346 3608 2418 Ugltellum
3638 2348 3728 2418 (a).
3760 2347 3867 2414 Quo-

609 2443 753 2496 niam
777 2456 892 2498 vero
914 2440 967 2496 in
993 2438 1086 2493 illa
1111 2438 1341 2494 editione
1361 2439 1537 2504 aliqua
1561 2438 1774 2500 mutatio
1799 2436 2165 2506 festinantibus
2188 2436 2441 2506 obrepsit,
2469 2438 2552 2492 hic
2573 2438 2745 2492 denuo
2767 2455 2879 2492 cuiu
2904 2441 3278 2512 exemplaribus
3304 2458 3434 2496 mss.
3457 2441 3720 2512 diligenter
3737 2439 3869 2494 colla-

615 2542 726 2592 tum
746 2541 793 2590 et
821 2531 1149 2588 emendatum
1169 2529 1372 2584 damus.
1408 2527 1492 2583 Ne
1519 2528 1644 2599 quid
1667 2544 1822 2598 porro
1851 2527 2134 2581 candidum
2163 2526 2402 2581 lectorem
2419 2539 2470 2582 et
2495 2530 2724 2583 ueritatis
2754 2541 3012 2586 amantem
3037 2531 3218 2600 lateat,
3249 2550 3557 2600 monemus,
3575 2535 3716 2589 alteri
3739 2549 3790 2588 ex
3809 2531 3872 2586 his

611 2626 879 2682 Brixianis
909 2624 1190 2691 codicibus,
1238 2623 1511 2695 posteriori
1547 2621 1743 2676 scilicet
1773 2638 1832 2674 ac
1855 2621 2146 2689 recentiori,
2195 2623 2371 2676 ritium
2401 2637 2508 2678 esse
2551 2623 2774 2694 illatum,
2810 2625 2897 2679 ubi
2943 2627 2993 2680 in
3024 2627 3119 2688 hac
3158 2625 3406 2699 rhythmo
3438 2629 3629 2700 legitur
3658 2640 3876 2684 subrutis

616 2719 775 2790 fuisse
800 2715 1122 2772 Philastrius
1154 2711 1348 2770 Brixia:
1379 2713 1691 2785 episcopus;
1720 2729 1843 2770 nam
1878 2731 1973 2785 pro

1703 2847 1936 2906 Smmus
1959 2848 2094 2900 sedis
2117 2851 2242 2904 solio
2263 2853 2480 2914 resedit,

619 2939 946 3011 suppositum
971 2939 1066 3009 fuit
1094 2954 1112 2992 :

1712 3007 1929 3060 Daunius
1950 3007 2086 3060 sedis
2105 3007 2228 3064 solio
2251 3009 2455 3062 resedit.

620 3137 687 3196 At
714 3149 839 3197 nota
864 3139 975 3196 htcc
1003 3147 1173 3213 aperte
1205 3137 1487 3210 falsitatem
1518 3153 1662 3191 suam
1699 3137 1869 3207 prodit
1895 3154 1913 3202 ;
1942 3137 1995 3190 in
2027 3138 2189 3208 priori
2219 3138 2405 3191 etenim
2421 3153 2480 3190 ac
2505 3140 2852 3206 prtcstantiori
2875 3138 3064 3195 Codice
3084 3141 3288 3200 sincere
3320 3143 3519 3216 legitur
3544 3159 3560 3195 :

1715 3273 1950 3321 Summus
1976 3271 2110 3322 sedis
2133 3270 2259 3322 solio
2283 3274 2496 3335 resedit;

632 3403 819 3458 deinde
852 3403 932 3456 lex
973 3399 1218 3455 carminis
1259 3408 1538 3470 repugnat,
1580 3409 1627 3452 et
1655 3398 1928 3453 FILASTRII
1961 3415 2169 3466 nomen,
2199 3403 2337 3470 quod
2381 3403 2664 3457 initialibns
2707 3403 2890 3459 litteris
2941 3407 3216 3479 cujuslibet
3257 3411 3598 3480 quaternarii
3643 3407 3902 3482 exprimitur

629 3496 711 3570 (si
743 3505 910 3550 tamen
952 3495 1250 3566 conjectura
1295 3492 1402 3546 hazc
1442 3501 1619 3544 nostra
1665 3491 1820 3545 ullius
1854 3502 1928 3547 est
1974 3493 2242 3566 ponderis)
2287 3497 2512 3566 amplius
2547 3514 2644 3552 non
2669 3497 2942 3552 haberetur
2972 3517 2987 3552 :
3012 3512 3266 3571 postremo
3298 3507 3352 3558 in
3380 3523 3625 3561 sermone
3655 3504 3902 3577 Ramperti,

631 3591 723 3661 qui
753 3591 805 3648 in
828 3589 917 3644 illo
939 3586 1121 3650 eodem
1153 3584 1425 3657 posteriori
1451 3582 1628 3637 codice
1651 3583 1738 3636 cui
1765 3586 1946 3638 uitium
1979 3584 2185 3638 illatum
2227 3599 2330 3652 est,
2355 3585 2594 3657 rhythmo
2625 3591 2961 3660 praponitur,
2988 3592 3176 3646 diserte
3197 3597 3450 3649 scribitur
3483 3595 3794 3650 Phi/astrius
3820 3611 3907 3654 ser-

634 3681 789 3740 tirnus;
835 3681 1104 3749 episcopus
1133 3675 1420 3731 Briaiensis
1450 3673 1532 3730 his
1562 3673 1723 3727 verbis
1754 3692 1768 3725 :
1814 3674 2034 3729 Etenim
2071 3678 2155 3730 hic
2185 3693 2441 3733 SEPTIMUS
2494 3695 2770 3736 Episcopus
2815 3681 3154 3744 Brixiensem
3205 3686 3528 3747 Ecclesium
3572 3689 3783 3746 Clu‘iSIo
3816 3700 3912 3742 tunc

632 3773 981 3845 pradicando
1009 3785 1372 3841 congregans,
1419 3778 1666 3823 sanctum
1699 3771 1896 3838 dogma
1929 3770 2243 3824 custodivit.
2279 3773 2539 3839 Quorsum
2571 3787 2745 3828 autem
2774 3779 2918 3846 fraus
2961 3777 3092 3842 lucc,
3135 3790 3227 3836 aut
3270 3800 3376 3852 ᾳιιο
3410 3786 3672 3853 gauderet,
3727 3783 3912 3837 ﬁrm-bu,

638 3871 827 3926 dicant.
855 3867 1083 3941 Coeperat
1111 3881 1287 3936 nempe
1302 3867 1419 3932 jam
1450 3871 1558 3920 tum
1582 3862 1723 3934 apud
1747 3864 2027 3917 nonnullos
2052 3881 2113 3917 ea:
2145 3867 2332 3919 nostris
2363 3867 2496 3920 male
2519 3869 2731 3937 feriatos
2761 3868 2992 3924 homines
3025 3873 3251 3927 inralere
3283 3879 3564 3931 recentior
3585 3878 3782 3947 opinio,
3802 3875 3911 3928 deci-

638 3978 787 4019 mum
819 3962 978 4031 fuisse
1011 3956 1358 4011 I’hilastrium
1411 3953 1678 4008 Briatiame
1707 3954 1848 4006 urbis
1870 3959 2188 4026 episcopum,
2220 3959 2308 4027 qui
2354 3969 2508 4011 antea
2533 3960 2802 4028 septimus
2830 3961 3032 4015 habitus
3074 3967 3243 4032 fuerat
3270 3983 3287 4032 ;
3319 3984 3452 4022 cum.
3493 3969 3690 4028 sciulus
3744 3970 3919 4038 fortasse

641 4055 832 4123 aliquis
850 4051 1177 4118 conspicatus
1207 4057 1383 4101 notam
1411 4046 1656 4100 carminis
1686 4045 1842 4108 huius
1885 4049 2152 4100 sententiae
2183 4065 2288 4108 sua:
2317 4049 2464 4104 valde
2489 4051 2865 4105 incommodam
2895 4054 3098 4122 delevit,
3131 4074 3189 4110 ac
3213 4061 3508 4114 recentiori
3531 4070 3818 4117 atrarrtento
3852 4060 3922 4110 mi-

645 4145 830 4214 nioque
859 4143 1110 4208 obliniuit,
1142 4138 1349 4192 intactis
1373 4139 1566 4191 relictis
1595 4151 1825 4190 sermone
1853 4134 2119 4208 Rampcrti
2147 4156 2206 4192 ac
2247 4141 2511 4195 vetustiori
2549 4143 2745 4211 codice,
2787 4147 2876 4215 qui
2902 4147 3222 4202 riolatricem
3249 4169 3476 4206 manum
3509 4154 3818 4228 effugerunt.
3845 4151 3922 4205 Sed

642 4244 758 4312 jam
787 4238 854 4292 ad
885 4237 1185 4310 rhythmum
1210 4238 1380 4305 ipsum
1408 4239 1728 4294 accedamus.

729 4371 825 4445 (a)
863 4371 1019 4434 Tom.
1056 4386 1130 4438 Iv,
1163 4369 1271 4430 col.
1307 4367 1434 4436 526,
1467 4369 1598 4424 edit.
1636 4369 1827 4430 Venet.

670 4513 3922 4548 ww

2113 4645 2201 4694 AD
2236 4644 2499 4696 LAUDEM

1336 4875 1342 4884 ⁸
1495 4768 1833 4851 ΒΕΑΤΙ
1907 4768 2482 4855 FILASTRII
2553 4773 3094 4866 EPISCOPI

1234 4921 1693 4995 CARMEN
1771 4919 2339 4994 SAPHICUM
2415 4925 3308 5003 PENTAMETRUM.

814 5229 972 5302 377
996 5226 1259 5286 Fertilem
1287 5232 1508 5284 cantum
1547 5224 1819 5282 habitator
1847 5222 2048 5289 omnis,
2369 5227 2422 5280 5.
2624 5227 2801 5295 istius,
2829 5239 3022 5285 cantus
3047 5231 3362 5288 modulator
3390 5237 3558 5293 adsit

743 5322 862 5397 Quo
884 5322 1007 5382 linit
1030 5330 1054 5357 ιι
1085 5319 1306 5386 Cleosa,
1330 5317 1452 5378 ﬂuit
1477 5328 1639 5389 atque
1663 5318 1844 5382 Mella,
2444 5317 2466 5354 ι’
2498 5317 2690 5374 Nostra
2714 5319 2912 5375 Benaci
2949 5322 3203 5379 habitans
3228 5334 3284 5380 et
3313 5343 3424 5382 ora
3464 5347 3480 5383 :

745 5416 952 5478 Circuit
980 5427 1208 5474 currens
1236 5411 1444 5470 Ollium
1470 5427 1776 5478 recurvum,
2442 5414 2629 5482 Liber,
2660 5424 2717 5472 et
2741 5432 2974 5485 servus;
3000 5420 3368 5492 recinantque
3403 5429 3642 5485 cunctis

1031 5508 1532 5570 Concinemecum.
2733 5509 2969 5566 Vocibus
2999 5511 3150 5569 odas.

751 5684 775 5712 ι
834 5674 1086 5738 Fortasse
1115 5670 1302 5744 Clytie,
1335 5681 1428 5730 aut
1450 5671 1633 5742 Clesis,
1669 5673 1806 5734 utin
1841 5689 1970 5734 mss.

1190 5675 1302 5743 usis,
1335 5681 1428 5730 aut
1450 5671 1633 5742 Clesis,
1669 5673 1806 5734 utin
1841 5689 1970 5734 mss.
2442 5677 2466 5716 ιι
2508 5680 2594 5737 At.
2626 5694 2817 5742 num.
