4074 6204
617 244 753 306 too-1
782 197 784 200 ’

1552 249 1609 308 S.
1656 247 1939 309 AURELII
1976 248 2569 313 CARTHAGINENSIS
2608 247 2919 313 EPISCOPI

3722 255 3831 315 £008

629 388 3816 451 Μ

3499 444 3810 455 ..ξ-

1880 608 2047 654 ANNO
2082 610 2313 656 DOMINI
2353 612 2620 658 CCCCXX.

1047 757 2119 925 SANCTUS
2252 759 3451 927 AURELIUS

1354 1020 1999 1108 EPISCOPUS
2076 1016 3129 1112 CARTHAGINENSIS.

1833 1298 2672 1376 PROLEGOMENA.

1682 1434 1939 1499 (Biblioth.
1963 1437 2077 1490 Vet.
2099 1438 2237 1490 Patr.
2257 1438 2475 1491 Galland.
2497 1449 2611 1493 tom.
2640 1441 2797 1506 VIII.)

674 1668 726 1724 l.
761 1666 1035 1731 Aurelius,
1070 1666 1237 1722 totius
1266 1663 1470 1721 Africae
1500 1664 1736 1735 primas,
1769 1667 1913 1721 inter
1954 1663 2193 1720 illustres
2218 1690 2273 1752 Α
2296 1664 2470 1721 relius
2501 1666 2875 1739 episcopatum
2921 1667 3155 1738 adeptus
3190 1686 3204 1723 :
3247 1685 3369 1741 quae
3408 1680 3494 1727 est
3547 1669 3835 1728 Tillemontii

601 1761 865 1818 Ecclesiae
894 1760 1088 1816 Patres
1128 1769 1183 1816 et
1214 1759 1479 1815 Doctores
1511 1773 1541 1813 a
1566 1769 1754 1815 sancto
1783 1757 2077 1829 Fulgentio
2101 1773 2188 1813 re-

615 1865 868 1913 censetur
896 1854 982 1910 his
1031 1855 1213 1910 verbis
1242 1855 1321 1926 (a)
1356 1872 1368 1908 :
1407 1873 1425 1907 ι
1471 1854 1602 1922 Quis
1630 1862 1794 1925 neget
1841 1853 2033 1909 beatos
2084 1852 2198 1922 epi-

600 1967 800 2024 scopos
822 1950 1195 2008 Innocentium
1219 1949 1548 2017 Romanum,
1580 1947 1941 2003 Athanasium
1963 1947 2198 2002 Alexan-

597 2048 861 2114 drinum,
931 2045 1275 2101 Eustathium
1339 2042 1739 2099 Antiochenum
1775 2084 1788 2108 ,
1866 2039 2194 2112 Gregorium

598 2140 1028 2203 Nazianzenum,
1064 2138 1321 2193 Basilium
1354 2136 1752 2192 Caesariensem
1780 2181 1793 2199 ,
1846 2134 2193 2190 Ambrosium

599 2233 1086 2299 Mediolanensem,
1134 2231 1395 2286 Hilarium
1438 2229 1835 2284 Pictaviensem
1862 2270 1876 2295 ,
1929 2226 2197 2283 Constan-

599 2326 1024 2397 tinopolitanum
1044 2326 1331 2389 Joannem,
1356 2322 1640 2378 Aunnuun
1662 2320 2189 2387 CARTBAGINIENSEM,

601 2421 968 2493 Augustinum
1018 2420 1458 2490 Hipponensem,
1516 2425 1853 2487 caaterosque
1908 2414 2194 2486 pontiﬁces

598 2514 691 2586 qui
714 2513 989 2570 Ecclesias
1005 2512 1101 2568 Dei
1127 2511 1544 2581 vigilantissime
1566 2509 1959 2579 gubernantes,
1984 2516 2077 2562 aut
2105 2522 2195 2562 na-

596 2607 878 2664 scentibus
930 2613 1023 2661 aut
1066 2604 1178 2674 jam
1207 2603 1353 2658 natis
1411 2601 1686 2658 haereticis
1733 2601 2011 2658 habitante
2042 2600 2096 2655 in
2130 2616 2193 2655 se

596 2707 792 2757 sancto
818 2698 1028 2770 Spiritu
1054 2696 1406 2765 restiterunt,
1436 2710 1539 2751 nec
1566 2703 1782 2751 veteres
1812 2695 1974 2765 lupos
2004 2693 2192 2750 eccle‘

601 2793 823 2849 siastico
853 2792 1003 2863 gregi
1034 2790 1415 2862 permittentes
1436 2790 1705 2860 irrepere,
1740 2803 1840 2845 nec
1868 2802 2043 2843 novos
2069 2801 2192 2857 pcr-

597 2886 807 2941 niciose
825 2885 969 2940 intra
985 2885 1127 2940 ovile
1143 2882 1476 2939 dominicum
1496 2883 1751 2948 latitare;
1777 2882 1921 2953 quis,
1942 2883 2186 2953 inquam,

600 2982 738 3037 istos
758 2988 924 3052 neget
954 2993 1085 3034 vasa
1111 2976 1531 3042 misericordiae,
1559 2991 1680 3047 qua:
1706 2976 1854 3031 Deus
1912 2988 2186 3045 praepara-

2302 1761 2573 1815 sententia
2608 1760 2712 1835 (tl).
2747 1761 2947 1817 Verum
2992 1777 3100 1833 quo
3130 1778 3276 1818 anno
3315 1763 3537 1819 demum
3588 1764 3837 1822 decesserit

2299 1850 2447 1905 idem
2480 1851 2767 1923 Aurelius,
2806 1869 2914 1909 non
2946 1863 3031 1910 est
3057 1855 3196 1911 adeo
3227 1857 3605 1928 exploratum,
3654 1871 3705 1914 ut
3745 1874 3837 1914 cer-

2301 1953 2416 1998 tum
2451 1945 2747 2017 quidquam
2779 1948 2945 2003 statui
2979 1949 3171 2018 possit.
3214 1949 3271 2005 In
3312 1950 3455 2007 vivis
3505 1952 3685 2024 agebat
3723 1966 3836 2007 anno

2298 2035 2426 2102 427,
2462 2053 2570 2107 quo
2597 2050 2822 2095 sanctus
2854 2039 3190 2112 Augustinus
3224 2043 3424 2099 librum
3450 2061 3601 2101 xxxn
3637 2047 3692 2101 de
3726 2044 3836 2100 Ciri-

2298 2138 2403 2184 tate
2430 2130 2529 2184 Dei
2558 2131 2754 2188 litteris
2784 2135 3159 2205 consignabat.
3192 2135 3274 2191 lbi
3299 2139 3447 2192 enim
3480 2140 3642 2195 verba
3671 2138 3836 2193 iaciens

2296 2223 2365 2277 de
2393 2223 2639 2280 diaconis
2668 2227 3133 2300 Carthaginiensis
3164 2230 3434 2288 Ecclesia:
3462 2234 3537 2307 (e)
3569 2254 3580 2289 :
3613 2234 3675 2288 In
3693 2234 3836 2305 quibus

2299 2326 2431 2382 erat,
2466 2317 2667 2388 inquit,
2693 2330 2739 2373 et
2768 2338 2829 2375 ea:
2856 2322 3042 2393 quibus
3070 2324 3215 2405 solus
3249 2335 3322 2380 est
3361 2343 3499 2382 nunc
3525 2329 3581 2383 in
3602 2328 3737 2383 rebus
3760 2328 3836 2381 ltu-

2298 2412 2487 2478 manis,
2507 2414 2625 2483 jam
2648 2416 2924 2485 episcopus
2946 2434 3064 2471 cum
3091 2418 3291 2475 honore
3327 2438 3360 2474 a
3398 2422 3547 2477 nobis
3586 2424 3737 2478 debito
3769 2438 3838 2476 no-

2295 2505 2597 2574 minandus,
2625 2508 2888 2565 Aurelius.
2923 2510 3073 2567 Idem
3110 2514 3385 2570 evincitur
3437 2532 3502 2572 ex
3537 2516 3757 2587 ejusdem
3787 2516 3835 2570 li~

2294 2597 2395 2653 bro
2426 2616 2463 2654 ιι
2519 2600 2976 2658 Retractationum
2998 2647 3012 2673 ,
3046 2622 3112 2661 eo
3146 2607 3263 2677 ipso
3295 2623 3446 2664 anno
3499 2619 3743 2677 exarata,
3769 2608 3837 2663 ubi

2293 2689 2412 2747 haec
2443 2692 2605 2749 habet
2633 2694 2701 2768 (f)
2738 2714 2751 2749 :
2780 2694 3009 2767 Propter
3031 2698 3143 2754 lucc
3164 2702 3476 2757 uenerabilis
3520 2720 3670 2759 senex
3707 2702 3836 2756 Aure-

2294 2786 2419 2854 lius,
2450 2787 2703 2845 Ecclesia:
2724 2793 2891 2863 ipsius
2916 2794 3139 2851 civitatis
3166 2798 3471 2870 episcOpus,
3514 2809 3571 2853 ut
3614 2799 3721 2853 hinc
3761 2796 3837 2849 ali-

2292 2882 2417 2951 quid
2476 2885 2751 2939 scriberem
2803 2888 3009 2959 jussit,
3052 2899 3099 2943 et
3145 2891 3268 2959 feci.
3318 2892 3598 2949 Praeterea
3663 2890 3835 2946 vivebat

2290 2973 2469 3031 adhuc
2495 2991 2641 3033 anno
2660 2977 2789 3047 429,
2819 2995 2930 3050 quo
2954 2981 3155 3051 scripta
3187 2982 3359 3039 fuisse
3393 2984 3707 3055 perhibetur
3728 2982 3838 3053 ejus-

593 3075 673 3130 vit
700 3075 755 3130 in
785 3073 1060 3145 gloriam?
1094 3091 1112 3125 ι
1165 3072 1292 3128 Hazc
1316 3080 1537 3127 sanctus
1582 3070 1675 3126 ille
1722 3071 2025 3141 Ruspensis
2070 3067 2185 3138 epi-
2214 3090 2264 3151 Β
2290 3066 2413 3122 dem
2443 3071 2728 3141 Augustini
2758 3074 2990 3144 epistola
3021 3075 3149 3143 251,
3178 3077 3275 3133 ubi
3302 3078 3537 3135 Darium
3563 3094 3767 3135 monens
3788 3076 3837 3130 dc

593 3183 812 3241 scapus.
859 3168 933 3223 Et
970 3168 1094 3239 jure
1143 3165 1362 3236 quidem
1410 3164 1665 3220 Aurelius
1714 3162 2181 3235 Carthaginiensis

593 3270 745 3317 tanto
768 3260 1044 3331 praeconio
1089 3257 1361 3328 dignatur.
1396 3273 1416 3308 ι
1447 3255 1661 3310 Primus
1694 3257 1837 3310 enim
1894 3255 2141 3309 omnium
2162 3296 2179 3323 ,

590 3352 770 3423 inquit
795 3353 878 3407 vir
904 3351 1263 3407 doctissimus
1289 3348 1393 3420 (b),
1424 3349 1605 3404 adhuc
1626 3349 1824 3404 silente
1849 3350 2179 3420 Augustino,

590 3444 907 3500 leestium
940 3450 1267 3500 renuentem
1295 3452 1583 3512 peccatum
1632 3441 1862 3511 originis
1892 3441 2181 3499 admittere

590 3537 994 3604 condemnavit,
1030 3536 1260 3606 ejusque
1290 3541 1595 3589 sectatores
1624 3533 1876 3605 pluribus
1912 3534 2180 3606 deinceps

590 3631 817 3706 synodis
872 3631 1078 3686 coactis
1118 3643 1278 3685 sacro
1306 3627 1656 3685 anathemate
1692 3624 1990 3698 percussit.
2042 3630 2181 3685 Hinc

588 3736 811 3784 sanctus
838 3726 1078 3793 Prosper
1105 3724 1161 3779 in
1189 3721 1443 3779 Carmine
1474 3731 1655 3777 contra
1690 3722 1937 3797 Ingratos
1982 3724 2182 3780 cecinit

588 3822 657 3879 de
676 3819 982 3892 Pelagianis
1013 3818 1071 3873 in
1101 3816 1312 3889 synodo
1340 3817 1410 3872 ab
1436 3816 1629 3871 eodem
1654 3815 1926 3871 damnatis
1957 3816 2067 3889 (e):

710 3936 785 3985 An
807 3933 955 3983 alium
980 3931 1032 3979 in
1050 3930 1200 3981 linem
1224 3930 1385 3993 potuit
1406 3930 1681 3991 procedere
1708 3936 1928 3979 sanctum

707 3997 996 4058 Concilium,
1015 3994 1095 4043 cui
1116 3993 1214 4058 dnx
1228 3992 1495 4052 Aurelius,
1519 3993 1879 4056 ingeniumque

710 4055 1015 4122 Augustinus
1039 4055 1178 4107 erat?

585 4190 895 4247 Donatistas
936 4196 1203 4259 praeterea
1234 4186 1493 4242 universa
1524 4186 1641 4243 fere
1691 4185 1875 4243 Africa
1896 4187 2167 4255 exclusit;

584 4297 928 4355 paganorum
967 4281 1133 4336 etiam
1179 4278 1379 4348 templa
1431 4279 1483 4334 in
1533 4278 1849 4335 christiana:
1886 4281 2175 4353 religionis

580 4390 740 4432 usum
770 4374 1013 4444 redegit;
1046 4387 1108 4427 ac
1141 4372 1194 4425 in
1225 4371 1418 4427 decem
1461 4381 1518 4427 et
1545 4382 1757 4443 septem
1808 4375 2067 4444 plenariis
2106 4392 2172 4432 ex

2291 3160 2473 3215 missis
2504 3162 2658 3218 libris
2683 3179 2823 3234 quos
2852 3181 2960 3221 non
2993 3168 3227 3237 petierat
3257 3168 3339 3241 (g)
3373 3188 3387 3223 :
3428 3169 3543 3225 Hos
3568 3187 3747 3237 omnes,
3770 3169 3834 3223 in-

2283 3254 2422 3323 quit,
2455 3254 2500 3307 si
2529 3254 2652 3309 dum
2680 3273 2733 3312 es
2760 3259 2900 3313 intra
2931 3259 3168 3330 Africam
3212 3261 3423 3337 legeris,
3447 3266 3701 3338 judicium
3724 3273 3834 3316 tuum

2284 3346 2426 3400 mitte
2454 3348 2519 3401 de
2544 3346 2677 3416 illis,
2707 3360 2799 3405 aut
2824 3354 2971 3406 mitte
3002 3354 3168 3423 nobis,
3196 3366 3289 3411 aut
3314 3375 3419 3428 quo
3448 3359 3596 3415 nobis
3616 3376 3645 3412 ιι
3668 3357 3834 3412 domino

2283 3441 2445 3510 fratre
2464 3442 2677 3499 Aurelio
2695 3448 2949 3517 mittatur,
2982 3450 3205 3505 dimitte.
3240 3452 3320 3508 Ad
3355 3452 3477 3509 haec
3503 3496 3519 3522 ,
3563 3464 3618 3510 ut
3644 3449 3836 3509 advertit

2282 3531 2533 3590 Norisius
2564 3535 2719 3608 (Ii)et
2758 3548 2885 3608 post
2910 3539 3087 3611 ipsum
3132 3542 3330 3615 Pagius
3367 3546 3432 3618 (ἰ)
3483 3562 3548 3601 ac
3582 3546 3834 3602 Tillemona

2285 3628 2389 3682 tius
2427 3627 2524 3702 (j),
2558 3645 2622 3685 ex
2656 3632 2809 3687 Marii
2850 3634 3169 3691 Mercatoris
3216 3638 3655 3695 Commonitorio
3691 3638 3832 3693 Theo-

2281 3719 2437 3776 dosio
2468 3737 2611 3779 anno
2640 3725 2747 3782 429
2774 3727 2963 3784 oblato
3009 3730 3311 3801 erudimur,
3345 3734 3627 3791 Aurelium
3650 3750 3708 3790 eo
3731 3734 3822 3803 ipso

2279 3828 2425 3870 anno
2451 3815 2617 3872 vitam
2662 3818 2839 3875 adhuc
2873 3821 3074 3892 egisse.
3113 3822 3191 3879 lbi
3237 3827 3383 3881 enim
3421 3827 3564 3893 dum
3619 3824 3825 3883 meminit

2280 3907 2368 3964 hic
2398 3909 2631 3981 scriptor
2656 3912 2952 3981 Ambrosii,
2986 3915 3303 3984 Innocentii,
3332 3919 3582 3987 ,Zosimi,
3614 3918 3825 3975 Theodo-

2277 4003 2350 4070 ri,
2407 4004 2608 4075 Prayli,
2663 4021 2758 4061 eos
2814 4007 2977 4062 beatte
3025 4010 3409 4067 recordationis
3460 4008 3825 4085 appellat:ubi

2277 4112 2411 4153 vero
2440 4099 2717 4154 Aurelium
2751 4101 3021 4171 nominat,
3055 4121 3163 4160 non
3194 4107 3290 4162 ita.
3336 4109 3620 4181 Siquidem
3647 4108 3707 4164 de
3729 4106 3824 4162 Cm-

2276 4189 2439 4248 lestio
2460 4192 2786 4267 Carthagine
2814 4208 3075 4255 accusato
3111 4218 3123 4254 :
3152 4200 3228 4255 De
3256 4202 3399 4275 infra
3419 4207 3623 4278 scriptis
3659 4204 3823 4275 capill-

2279 4283 2366 4353 lis,
2401 4284 2594 4357 inquit,
2628 4289 2769 4361 apud
2795 4290 3067 4347 Aurelium
3087 4293 3386 4365 episcopum
3430 4306 3713 4352 memorata:
3750 4309 3823 4346 ω’-

2276 4375 2371 4444 bis,
2404 4396 2497 4447 per
2542 4379 2776 4435 libellum
2803 4400 2835 4438 a
2859 4385 3084 4456 quodam
3135 4386 3362 4443 Paulino
3407 4391 3622 4446 diacono
3664 4395 3821 4444 sancte

583 4479 698 4525 tota
728 4465 913 4523 Africa
942 4463 1189 4520 conciliis
1216 4463 1586 4518 orthodoxam
1632 4463 1937 4521 doctrinam
1985 4483 2048 4523 ac
2088 4468 2171 4523 di-

2282 4472 2815 4545 memoriwﬂmbrosii
2858 4476 3265 4535 Mediolanensis
3294 4483 3527 4557 episcOpi
3553 4494 3623 4538 est
3644 4495 3822 4536 accusa-

581 4561 867 4634 sciplinam
898 4558 1134 4631 egregiis
1164 4557 1377 4629 legibus
1410 4559 1775 4615 conﬁrmavit.
1826 4579 1843 4613 ›

648 4657 705 4711 ‘2.
738 4655 913 4710 Porro
942 4652 1011 4709 de
1034 4661 1282 4725 tempore
1338 4667 1442 4723 quo
1492 4652 1634 4709 sedit
1680 4652 1971 4723 Aurelius,
2034 4655 2168 4713 illud

579 4751 820 4821 primum
849 4758 1064 4805 constat
1094 4764 1221 4805 eum
1259 4761 1404 4802 anno
1433 4746 1541 4802 590
1583 4747 1826 4803 nondum
1876 4748 2047 4805 fuisse
2099 4750 2167 4805 ad

576 4842 893 4899 cathedram
940 4841 1307 4913 episcopalem
1364 4848 1611 4897 evectum
1646 4858 1659 4894 :
1692 4856 1757 4897 eo
1803 4842 1945 4897 enim
1995 4857 2160 4910 anno,

574 4936 808 4993 concilio
838 4952 875 4990 ιι
928 4935 1371 5007 Carthaginiensi
1430 4950 1525 4989 xw
1579 4933 1690 4989 kal.
1756 4936 1902 4991 Junii
1970 4948 2160 4993 coacto

571 5028 792 5101 praefuit
818 5028 1142 5083 Genethlius
1163 5030 1284 5099 ejus
1314 5028 1602 5096 decessor,
1649 5029 1739 5100 qui
1781 5039 1962 5085 tamen
2013 5042 2160 5100 post-

569 5124 792 5181 modum
843 5122 1009 5177 vitam
1038 5122 1307 5179 clausisse
1362 5122 1701 5195 comperitur
1734 5142 1745 5177 :
1781 5134 1839 5179 ut
1868 5135 2160 5195 propterea

575 5217 903 5290 insequente
928 5229 1073 5270 anno
1102 5214 1203 5270 591
1237 5216 1324 5272 vel
1354 5227 1414 5272 ut
1442 5218 1679 5273 maxime
1717 5218 1822 5274 599.
1849 5218 2015 5274 fuerit
2041 5218 2154 5273 Au-

636 5357 716 5430 (a)
752 5353 1008 5430 _F_ulgent.
1034 5352 1103 5409 tle
1132 5351 1364 5407 Veritat.
1402 5353 1655 5423 praedest.
1686 5362 1741 5410 et
1769 5363 1909 5425 grat.
1955 5355 2047 5412 lib.
2098 5374 2158 5425 ιι,

557 5427 711 5489 num.
738 5427 830 5483 Η.

634 5501 712 5571 (b)
736 5499 919 5557 Noris.
944 5499 1083 5554 llist.
1112 5496 1296 5571 Pelag.
1327 5496 1422 5553 lib.
1453 5512 1513 5565 ιι,
1544 5511 1592 5551 c.
1627 5496 1697 5571 8,;
1715 5499 1816 5554 sub
1845 5499 1940 5554 lin.

655 5569 703 5643 c)
738 5574 929 5643 Prosp.
958 5586 1129 5626 carm.
1156 5569 1226 5626 de
1259 5571 1456 5641 lngrat.
1498 5584 1639 5624 vers.
1676 5569 1765 5625 90.

656 5645 713 5715 d)
743 5643 959 5699 Tillem.
993 5644 1150 5699 Mem.
1178 5643 1325 5699 Eccl.
1360 5652 1490 5699 tom.
1530 5639 1618 5709 Vl,
1654 5654 1706 5712 p.
1741 5643 1841 5700 159
1863 5685 1878 5711 ,
1925 5652 1979 5700 et
2008 5651 2030 5700 t

560 5654 713 5769 Χιὶα)
993 5654 1150 5699 Mem.
1178 5654 1325 5699 L‘cct.
1360 5654 1490 5699 tom.
1539 5654 1618 5709 VI,
1654 5654 1706 5712 p.
1741 5654 1841 5700 159
1863 5685 1878 5711 ,
1925 5654 1979 5700 et
2008 5654 2139 5701 tom.

662 5757 675 5780 ,
703 5730 757 5784 p.
824 5737 856 5769 ι)
899 5754 910 5766 .

632 5786 704 5858 (e)
736 5784 964 5854 August.
988 5785 1083 5841 lib.
1110 5802 1221 5841 χχιι
1240 5786 1311 5843 de
1334 5786 1450 5843 Civ.
1486 5787 1579 5844 Dei
1611 5802 1731 5859 cap.
1766 5788 1819 5856 8,
1852 5804 1907 5845 n.
1938 5790 1991 5846 5.

2274 4571 2377 4618 tus.
2409 4564 2774 4632 Quamobrem
2800 4584 2865 4625 eo
2892 4586 3040 4628 anno
3084 4575 3380 4631 etiamnum
3422 4588 3693 4650 superstes
3730 4582 3822 4631 erat

2271 4657 2528 4714 Aurelius
2559 4677 2572 4713 :
2603 4662 2697 4732 qui
2731 4674 2908 4719 tamen
2940 4666 3103 4736 paulo
3146 4678 3268 4740 post
3298 4685 3328 4725 e
3362 4672 3497 4727 vivis
3526 4667 3816 4729 excesserit;

2268 4759 2324 4806 et
2350 4751 2588 4821 quidem,
2625 4764 2683 4808 ut
2707 4756 2947 4828 videtur,
2984 4759 3309 4832 insequente
3350 4780 3497 4819 anno
3544 4766 3664 4821 450.
3708 4760 3814 4816 Nam

2267 4856 2395 4903 ante
2425 4848 2624 4918 pascha
2650 4851 2780 4907 anni
2804 4852 2905 4908 451
2937 4854 3163 4911 sedebat
3189 4857 3520 4930 Carthagine
3534 4856 3813 4929 Caprcolus.

2265 4950 2326 4995 ut
2354 4957 2422 4997 ex
2451 4942 2569 5014 ejus
2592 4944 2783 5001 litteris
2818 4948 2871 5002 in
2903 4951 3137 5006 concilio
3166 4951 3447 5022 Ephesino
3474 4950 3707 5009 recitatis
3723 4945 3812 5004 col-

2262 5034 2482 5107 ligimus
2531 5036 2626 5111 (Ις).
2674 5036 2881 5105 Quibus
2932 5050 3238 5113 temporum
3290 5046 3593 5102 rationibus
3643 5040 3810 5099 subdu-

2261 5132 2704 5220 ctis,_postquam
2733 5150 2908 5190 annos
2951 5136 3123 5194 ferme
3172 5156 3243 5195 XL
3302 5141 3588 5211 primatum
3641 5136 3807 5195 Africa:

2261 5226 2527 5283 tenuisset
2552 5229 2886 5286 venerabilis
2916 5246 3109 5303 senex,
3138 5248 3452 5306 supremum
3473 5235 3617 5291 diem
3641 5226 3806 5289 abierit

2340 5360 2415 5449 ςῙξ
2446 5361 2595 5449 idem
2617 5364 2712 5449 lib.
2746 5382 2784 5449 ιι
2810 5367 3207 5449 lte_tract._cap.
3234 5372 3321 5430 l6.

2340 5435 2419 5558 (ἕ)
2448 5434 2593 5517 Idem
2622 5440 2783 5507 epist.
2809 5438 2936 5509 251,
2964 5458 3018 5498 ιι.
3048 5443 3100 5497 7.

2340 5507 2357 5574 (
2395 5505 2615 5574 )Noris.
2643 5508 2746 5565 loc.
2777 5513 2871 5566 cit.

2360 5507 2414 5574 Ii)
2440 5507 2615 5562 Noris.
2643 5508 2746 5565 loc.
2777 5513 2871 5566 cit.
2921 5507 2928 5509 ’
3226 5570 3235 5581 ,

2355 5574 2398 5649 i)
2427 5577 2555 5643 Pagi
2578 5579 2643 5634 ad
2666 5597 2793 5637 ann.
2826 5582 2953 5651 450,
2982 5586 3009 5657 §
3035 5587 3125 5643 26.

2427 5649 2641 5705 Tillcm.
2670 5653 2832 5710 Mem.
2865 5656 3012 5713 Eccl.
3040 5669 3171 5716 tom.
3199 5661 3235 5717 Χ

2424 5721 2631 5779 Concil.
2656 5723 2859 5792 Ephes.
2885 5741 3025 5792 part.
3057 5747 3116 5792 ιι.
3143 5744 3230 5791 act

2381 5651 2402 5793 ᾖ
2427 5649 2641 5734 Tillem.
2670 5653 2832 5710 Mem.
2865 5649 3012 5713 Eccl".
3040 5669 3171 5716 tom.
3199 5661 3313 5731 ΧΠ,
3350 5679 3403 5735 p.
3433 5663 3553 5721 559.

2416 5721 2631 5793 Concil.
2656 5723 2859 5793 Ephes.
2885 5741 3025 5793 part.
3057 5747 3116 5793 ιι.
3143 5744 3250 5791 act.
3268 5737 3321 5793 l.
3348 5752 3400 5793 ι).
3428 5734 3553 5793 1074

2321 5721 2402 5803 ,(k)
2424 5721 2631 5779 Concil-
2656 5723 2859 5796 Ephes.
2884 5741 3025 5800 pan.
3057 5747 3116 5802 ιι,
3143 5744 3250 5791 act.
3268 5721 3321 5804 ιζ
3346 5721 3400 5809 ἱ).
3428 5734 3565 5793 ton
3600 5741 3717 5791 tom.
3736 5727 3788 5785 ιιι

2248 5790 2377 5848 edit.
2415 5792 2569 5848 Vers.
2603 5794 2765 5854 Labb.
