  <div class='ocr_page' id='page_1' title='image "/cluster/home/n/w/nwhite01/storage/ocr_20150623/20/hvd.32044096580469/510.png"; bbox 0 0 4074 6204; ppageno 0'>
   <div class='ocr_carea' id='block_1_1' title="bbox 276 358 411 417">
    <p class='ocr_par' dir='ltr' id='par_1_1' title="bbox 276 358 411 417">
     <span class='ocr_line' id='line_1_1' title="bbox 276 358 411 417; baseline 0 0"><span class='ocrx_word' id='word_1_1' title='bbox 276 358 411 417; x_wconf 82' lang='grc'>1009</span> 
     </span>
    </p>
   </div>
   <div class='ocr_carea' id='block_1_2' title="bbox 596 355 3199 445">
    <p class='ocr_par' dir='ltr' id='par_1_2' title="bbox 596 355 3199 445">
     <span class='ocr_line' id='line_1_2' title="bbox 596 355 3199 445; baseline 0.007 -27"><span class='ocrx_word' id='word_1_2' title='bbox 596 355 966 418; x_wconf 63' lang='grc' dir='ltr'><strong>ἘΡΙδΤΟῙιΑ</strong></span> <span class='ocrx_word' id='word_1_3' title='bbox 1004 360 1097 417; x_wconf 83' lang='lat' dir='ltr'><strong>AD</strong></span> <span class='ocrx_word' id='word_1_4' title='bbox 1134 362 1365 423; x_wconf 82' lang='lat' dir='ltr'><strong>OMNES</strong></span> <span class='ocrx_word' id='word_1_5' title='bbox 1403 365 1778 427; x_wconf 86' lang='lat' dir='ltr'><strong>EPISCOPOS</strong></span> <span class='ocrx_word' id='word_1_6' title='bbox 1815 369 1953 430; x_wconf 80' lang='lat' dir='ltr'><strong>PER</strong></span> <span class='ocrx_word' id='word_1_7' title='bbox 1990 370 2427 443; x_wconf 79' lang='lat' dir='ltr'><strong>BYZACENAM,</strong></span> <span class='ocrx_word' id='word_1_8' title='bbox 2472 371 2655 445; x_wconf 75' lang='lat' dir='ltr'><strong>ETC.,</strong></span> <span class='ocrx_word' id='word_1_9' title='bbox 2697 373 3199 437; x_wconf 79' lang='lat' dir='ltr'><strong>CONSTITUTOS.</strong></span> 
     </span>
    </p>
   </div>
   <div class='ocr_carea' id='block_1_3' title="bbox 3386 381 3554 441">
    <p class='ocr_par' dir='ltr' id='par_1_3' title="bbox 3386 381 3554 441">
     <span class='ocr_line' id='line_1_3' title="bbox 3386 381 3554 441; baseline 0.024 -4"><span class='ocrx_word' id='word_1_10' title='bbox 3386 384 3389 413; x_wconf 70' lang='grc' dir='ltr'>λ</span> <span class='ocrx_word' id='word_1_11' title='bbox 3416 381 3554 441; x_wconf 92' lang='grc'>1010</span> 
     </span>
    </p>
   </div>
   <div class='ocr_carea' id='block_1_4' title="bbox 270 478 3552 559">
    <p class='ocr_par' dir='ltr' id='par_1_4' title="bbox 270 478 3552 559">
     <span class='ocr_line' id='line_1_4' title="bbox 270 478 3552 559; baseline 0.005 -26"><span class='ocrx_word' id='word_1_12' title='bbox 270 493 413 535; x_wconf 92' lang='lat' dir='ltr'><strong>anno</strong></span> <span class='ocrx_word' id='word_1_13' title='bbox 439 478 573 547; x_wconf 74' lang='grc'>450,</span> <span class='ocrx_word' id='word_1_14' title='bbox 624 494 736 550; x_wconf 87' lang='lat' dir='ltr'><strong>quo</strong></span> <span class='ocrx_word' id='word_1_15' title='bbox 771 479 899 535; x_wconf 90' lang='lat' dir='ltr'><strong>item</strong></span> <span class='ocrx_word' id='word_1_16' title='bbox 937 489 1158 535; x_wconf 89' lang='lat' dir='ltr'><strong>sanctus</strong></span> <span class='ocrx_word' id='word_1_17' title='bbox 1206 480 1542 554; x_wconf 75' lang='lat' dir='ltr'><strong>Augustinus</strong></span> <span class='ocrx_word' id='word_1_18' title='bbox 1590 484 1844 555; x_wconf 81' lang='lat' dir='ltr'><strong>spiritum</strong></span> <span class='ocrx_word' id='word_1_19' title='bbox 1872 490 1928 549; x_wconf 75' lang='grc' dir='ltr'><strong>Α</strong></span> <span class='ocrx_word' id='word_1_20' title='bbox 1953 486 2210 543; x_wconf 74' lang='lat' dir='ltr'><strong>observat</strong></span> <span class='ocrx_word' id='word_1_21' title='bbox 2256 486 2510 542; x_wconf 89' lang='lat' dir='ltr'><strong>laudatus</strong></span> <span class='ocrx_word' id='word_1_22' title='bbox 2547 486 2848 543; x_wconf 86' lang='lat' dir='ltr'><strong>Garnerius</strong></span> <span class='ocrx_word' id='word_1_23' title='bbox 2890 488 3001 559; x_wconf 86' lang='lat' dir='ltr'><strong>(d),</strong></span> <span class='ocrx_word' id='word_1_24' title='bbox 3051 507 3070 541; x_wconf 76' lang='grc' dir='ltr'><strong>ι</strong></span> <span class='ocrx_word' id='word_1_25' title='bbox 3117 488 3260 545; x_wconf 90' lang='lat' dir='ltr'><strong>hanc</strong></span> <span class='ocrx_word' id='word_1_26' title='bbox 3298 490 3552 548; x_wconf 83' lang='lat' dir='ltr'><strong>nimirum</strong></span> 
     </span>
    </p>
   </div>
   <div class='ocr_carea' id='block_1_5' title="bbox 276 570 1856 641">
    <p class='ocr_par' dir='ltr' id='par_1_5' title="bbox 276 570 1856 641">
     <span class='ocr_line' id='line_1_5' title="bbox 276 570 1856 641; baseline 0.006 -16"><span class='ocrx_word' id='word_1_27' title='bbox 276 570 385 628; x_wconf 89' lang='lat' dir='ltr'><strong>Deo</strong></span> <span class='ocrx_word' id='word_1_28' title='bbox 415 570 652 627; x_wconf 84' lang='lat' dir='ltr'><strong>reddidit</strong></span> <span class='ocrx_word' id='word_1_29' title='bbox 681 590 692 624; x_wconf 91' lang='lat'>:</span> <span class='ocrx_word' id='word_1_30' title='bbox 726 570 821 628; x_wconf 92' lang='lat' dir='ltr'><strong>sed</strong></span> <span class='ocrx_word' id='word_1_31' title='bbox 856 572 1015 641; x_wconf 87' lang='lat' dir='ltr'><strong>paulo</strong></span> <span class='ocrx_word' id='word_1_32' title='bbox 1043 582 1192 641; x_wconf 89' lang='lat' dir='ltr'><strong>ante,</strong></span> <span class='ocrx_word' id='word_1_33' title='bbox 1225 574 1440 631; x_wconf 87' lang='lat' dir='ltr'><strong>scilicet</strong></span> <span class='ocrx_word' id='word_1_34' title='bbox 1469 575 1557 631; x_wconf 89' lang='lat' dir='ltr'><strong>die</strong></span> <span class='ocrx_word' id='word_1_35' title='bbox 1593 575 1664 632; x_wconf 76' lang='grc'>20</span> <span class='ocrx_word' id='word_1_36' title='bbox 1704 592 1856 634; x_wconf 89' lang='lat' dir='ltr'><strong>men-</strong></span> 
     </span>
    </p>
   </div>
   <div class='ocr_carea' id='block_1_6' title="bbox 272 666 1855 737">
    <p class='ocr_par' dir='ltr' id='par_1_6' title="bbox 272 666 1855 737">
     <span class='ocr_line' id='line_1_6' title="bbox 272 666 1855 737; baseline 0.004 -15"><span class='ocrx_word' id='word_1_37' title='bbox 272 666 349 722; x_wconf 85' lang='lat' dir='ltr'><strong>sis</strong></span> <span class='ocrx_word' id='word_1_38' title='bbox 377 666 526 733; x_wconf 89' lang='lat' dir='ltr'><strong>Julii,</strong></span> <span class='ocrx_word' id='word_1_39' title='bbox 558 681 662 737; x_wconf 90' lang='lat' dir='ltr'><strong>qua</strong></span> <span class='ocrx_word' id='word_1_40' title='bbox 692 667 890 722; x_wconf 79' lang='lat' dir='ltr'><strong>colitur</strong></span> <span class='ocrx_word' id='word_1_41' title='bbox 933 666 1054 737; x_wconf 89' lang='lat' dir='ltr'><strong>ejus</strong></span> <span class='ocrx_word' id='word_1_42' title='bbox 1082 670 1345 724; x_wconf 79' lang='lat' dir='ltr'><strong>memoria</strong></span> <span class='ocrx_word' id='word_1_43' title='bbox 1390 669 1444 725; x_wconf 90' lang='lat' dir='ltr'><strong>in</strong></span> <span class='ocrx_word' id='word_1_44' title='bbox 1486 672 1855 728; x_wconf 88' lang='lat' dir='ltr'><strong>vetustissimo</strong></span> 
     </span>
    </p>
   </div>
   <div class='ocr_carea' id='block_1_7' title="bbox 272 760 1853 833">
    <p class='ocr_par' dir='ltr' id='par_1_7' title="bbox 272 760 1853 833">
     <span class='ocr_line' id='line_1_7' title="bbox 272 760 1853 833; baseline 0.004 -17"><span class='ocrx_word' id='word_1_45' title='bbox 272 760 737 833; x_wconf 80' lang='lat' dir='ltr'><strong>Carthaginiensis</strong></span> <span class='ocrx_word' id='word_1_46' title='bbox 784 761 1049 818; x_wconf 89' lang='lat' dir='ltr'><strong>Ecclesiae</strong></span> <span class='ocrx_word' id='word_1_47' title='bbox 1088 762 1417 820; x_wconf 85' lang='lat' dir='ltr'><strong>Kalendario</strong></span> <span class='ocrx_word' id='word_1_48' title='bbox 1465 780 1495 819; x_wconf 91' lang='lat' dir='ltr'><strong>a</strong></span> <span class='ocrx_word' id='word_1_49' title='bbox 1542 764 1853 822; x_wconf 84' lang='lat' dir='ltr'><strong>Mabillonio</strong></span> 
     </span>
    </p>
   </div>
   <div class='ocr_carea' id='block_1_8' title="bbox 268 855 1849 934">
    <p class='ocr_par' dir='ltr' id='par_1_8' title="bbox 268 855 1849 934">
     <span class='ocr_line' id='line_1_8' title="bbox 268 855 1849 934; baseline 0.002 -22"><span class='ocrx_word' id='word_1_50' title='bbox 268 855 433 923; x_wconf 90' lang='lat' dir='ltr'><strong>edito,</strong></span> <span class='ocrx_word' id='word_1_51' title='bbox 486 864 648 926; x_wconf 89' lang='lat' dir='ltr'><strong>atque</strong></span> <span class='ocrx_word' id='word_1_52' title='bbox 698 855 784 912; x_wconf 89' lang='lat' dir='ltr'><strong>his</strong></span> <span class='ocrx_word' id='word_1_53' title='bbox 821 856 1006 913; x_wconf 79' lang='lat' dir='ltr'><strong>verbis</strong></span> <span class='ocrx_word' id='word_1_54' title='bbox 1053 864 1274 913; x_wconf 91' lang='lat' dir='ltr'><strong>notatur</strong></span> <span class='ocrx_word' id='word_1_55' title='bbox 1317 857 1393 929; x_wconf 81' lang='grc' dir='ltr'><strong>(α)</strong></span> <span class='ocrx_word' id='word_1_56' title='bbox 1428 876 1441 912; x_wconf 91' lang='lat'><strong>:</strong></span> <span class='ocrx_word' id='word_1_57' title='bbox 1474 874 1567 914; x_wconf 81' lang='lat' dir='ltr'><strong>xui</strong></span> <span class='ocrx_word' id='word_1_58' title='bbox 1609 858 1712 914; x_wconf 81' lang='lat' dir='ltr'><strong>kal.</strong></span> <span class='ocrx_word' id='word_1_59' title='bbox 1747 860 1849 934; x_wconf 85' lang='lat' dir='ltr'><strong>Ag.</strong></span> 
     </span>
    </p>
   </div>
   <div class='ocr_carea' id='block_1_9' title="bbox 264 947 1363 1025">
    <p class='ocr_par' dir='ltr' id='par_1_9' title="bbox 264 947 1363 1025">
     <span class='ocr_line' id='line_1_9' title="bbox 264 947 1363 1025; baseline 0.001 -19"><span class='ocrx_word' id='word_1_60' title='bbox 264 949 314 1006; x_wconf 73' lang='grc' dir='ltr'><strong><em>(ς</em></strong></span> <span class='ocrx_word' id='word_1_61' title='bbox 340 949 394 1020; x_wconf 88' lang='lat' dir='ltr'><strong>c)</strong></span> <span class='ocrx_word' id='word_1_62' title='bbox 424 947 696 1021; x_wconf 77' lang='lat' dir='ltr'><strong>Depositio</strong></span> <span class='ocrx_word' id='word_1_63' title='bbox 722 952 887 1006; x_wconf 78' lang='lat' dir='ltr'><strong>sancti</strong></span> <span class='ocrx_word' id='word_1_64' title='bbox 917 952 1087 1007; x_wconf 83' lang='lat' dir='ltr'><strong>Aurili</strong></span> <span class='ocrx_word' id='word_1_65' title='bbox 1110 953 1363 1025; x_wconf 81' lang='lat' dir='ltr'><strong>episcopi.</strong></span> 
     </span>
    </p>
   </div>
   <div class='ocr_carea' id='block_1_10' title="bbox 334 1045 1850 1118">
    <p class='ocr_par' dir='ltr' id='par_1_10' title="bbox 334 1045 1850 1118">
     <span class='ocr_line' id='line_1_10' title="bbox 334 1045 1850 1118; baseline 0.003 -18"><span class='ocrx_word' id='word_1_66' title='bbox 334 1045 389 1101; x_wconf 83' lang='grc'><strong>5.</strong></span> <span class='ocrx_word' id='word_1_67' title='bbox 422 1045 634 1102; x_wconf 84' lang='lat' dir='ltr'><strong>Praeter</strong></span> <span class='ocrx_word' id='word_1_68' title='bbox 659 1046 1024 1104; x_wconf 87' lang='lat' dir='ltr'><strong>allocutiones</strong></span> <span class='ocrx_word' id='word_1_69' title='bbox 1045 1048 1112 1103; x_wconf 91' lang='lat' dir='ltr'><strong>ad</strong></span> <span class='ocrx_word' id='word_1_70' title='bbox 1139 1057 1323 1118; x_wconf 86' lang='lat' dir='ltr'><strong>patres</strong></span> <span class='ocrx_word' id='word_1_71' title='bbox 1341 1047 1633 1105; x_wconf 82' lang='lat' dir='ltr'><strong>Africanos</strong></span> <span class='ocrx_word' id='word_1_72' title='bbox 1665 1050 1718 1105; x_wconf 92' lang='lat' dir='ltr'><strong>in</strong></span> <span class='ocrx_word' id='word_1_73' title='bbox 1747 1048 1850 1105; x_wconf 86' lang='lat' dir='ltr'><strong>Co-</strong></span> 
     </span>
    </p>
   </div>
   <div class='ocr_carea' id='block_1_11' title="bbox 265 1140 1846 1217">
    <p class='ocr_par' dir='ltr' id='par_1_11' title="bbox 265 1140 1846 1217">
     <span class='ocr_line' id='line_1_11' title="bbox 265 1140 1846 1217; baseline 0.003 -21"><span class='ocrx_word' id='word_1_74' title='bbox 265 1140 384 1196; x_wconf 90' lang='lat' dir='ltr'><strong>dice</strong></span> <span class='ocrx_word' id='word_1_75' title='bbox 428 1141 673 1198; x_wconf 84' lang='lat' dir='ltr'><strong>ecclesiae</strong></span> <span class='ocrx_word' id='word_1_76' title='bbox 703 1144 974 1200; x_wconf 79' lang='lat' dir='ltr'><strong>Africanae</strong></span> <span class='ocrx_word' id='word_1_77' title='bbox 1002 1145 1235 1211; x_wconf 87' lang='lat' dir='ltr'><strong>relatas,</strong></span> <span class='ocrx_word' id='word_1_78' title='bbox 1268 1144 1447 1200; x_wconf 89' lang='lat' dir='ltr'><strong>varias</strong></span> <span class='ocrx_word' id='word_1_79' title='bbox 1478 1145 1697 1215; x_wconf 87' lang='lat' dir='ltr'><strong>scripsit</strong></span> <span class='ocrx_word' id='word_1_80' title='bbox 1728 1145 1846 1217; x_wconf 85' lang='lat' dir='ltr'><strong>epi—</strong></span> 
     </span>
    </p>
   </div>
   <div class='ocr_carea' id='block_1_12' title="bbox 261 1235 1846 1313">
    <p class='ocr_par' dir='ltr' id='par_1_12' title="bbox 261 1235 1846 1313">
     <span class='ocr_line' id='line_1_12' title="bbox 261 1235 1846 1313; baseline 0.003 -23"><span class='ocrx_word' id='word_1_81' title='bbox 261 1235 430 1291; x_wconf 85' lang='lat' dir='ltr'><strong>stolas</strong></span> <span class='ocrx_word' id='word_1_82' title='bbox 461 1246 648 1293; x_wconf 88' lang='lat' dir='ltr'><strong>noster</strong></span> <span class='ocrx_word' id='word_1_83' title='bbox 668 1238 1139 1311; x_wconf 80' lang='lat' dir='ltr'><strong>Carthaginiensis</strong></span> <span class='ocrx_word' id='word_1_84' title='bbox 1170 1241 1421 1307; x_wconf 86' lang='lat' dir='ltr'><strong>antistes,</strong></span> <span class='ocrx_word' id='word_1_85' title='bbox 1453 1255 1585 1312; x_wconf 91' lang='lat' dir='ltr'><strong>quas</strong></span> <span class='ocrx_word' id='word_1_86' title='bbox 1615 1239 1846 1313; x_wconf 83' lang='lat' dir='ltr'><strong>diligen-</strong></span> 
     </span>
    </p>
   </div>
   <div class='ocr_carea' id='block_1_13' title="bbox 262 1332 1845 1406">
    <p class='ocr_par' dir='ltr' id='par_1_13' title="bbox 262 1332 1845 1406">
     <span class='ocr_line' id='line_1_13' title="bbox 262 1332 1845 1406; baseline 0.001 -19"><span class='ocrx_word' id='word_1_87' title='bbox 262 1340 344 1387; x_wconf 86' lang='lat' dir='ltr'><strong>ter</strong></span> <span class='ocrx_word' id='word_1_88' title='bbox 373 1342 628 1389; x_wconf 87' lang='lat' dir='ltr'><strong>recenset</strong></span> <span class='ocrx_word' id='word_1_89' title='bbox 658 1332 1037 1390; x_wconf 90' lang='lat' dir='ltr'><strong>Tillemoutius</strong></span> <span class='ocrx_word' id='word_1_90' title='bbox 1087 1334 1204 1406; x_wconf 77' lang='grc' dir='ltr'>(ὁ).</span> <span class='ocrx_word' id='word_1_91' title='bbox 1255 1335 1334 1389; x_wconf 87' lang='lat' dir='ltr'><strong>Ex</strong></span> <span class='ocrx_word' id='word_1_92' title='bbox 1388 1334 1471 1389; x_wconf 88' lang='lat' dir='ltr'><strong>his</strong></span> <span class='ocrx_word' id='word_1_93' title='bbox 1516 1349 1621 1389; x_wconf 91' lang='lat' dir='ltr'><strong>una</strong></span> <span class='ocrx_word' id='word_1_94' title='bbox 1666 1342 1845 1390; x_wconf 80' lang='lat' dir='ltr'><strong>exstat</strong></span> 
     </span>
    </p>
   </div>
   <div class='ocr_carea' id='block_1_14' title="bbox 260 1427 1844 1501">
    <p class='ocr_par' dir='ltr' id='par_1_14' title="bbox 260 1427 1844 1501">
     <span class='ocr_line' id='line_1_14' title="bbox 260 1427 1844 1501; baseline 0.001 -19"><span class='ocrx_word' id='word_1_95' title='bbox 260 1427 530 1499; x_wconf 84' lang='lat' dir='ltr'><strong>encyclica</strong></span> <span class='ocrx_word' id='word_1_96' title='bbox 555 1427 621 1484; x_wconf 91' lang='lat' dir='ltr'><strong>ad</strong></span> <span class='ocrx_word' id='word_1_97' title='bbox 652 1442 842 1485; x_wconf 88' lang='lat' dir='ltr'><strong>omnes</strong></span> <span class='ocrx_word' id='word_1_98' title='bbox 859 1430 1147 1501; x_wconf 88' lang='lat' dir='ltr'><strong>episcopos</strong></span> <span class='ocrx_word' id='word_1_99' title='bbox 1182 1444 1278 1499; x_wconf 89' lang='lat' dir='ltr'><strong>per</strong></span> <span class='ocrx_word' id='word_1_100' title='bbox 1298 1429 1637 1501; x_wconf 85' lang='lat' dir='ltr'><strong>Byzacenam</strong></span> <span class='ocrx_word' id='word_1_101' title='bbox 1666 1437 1721 1483; x_wconf 88' lang='lat' dir='ltr'><strong>et</strong></span> <span class='ocrx_word' id='word_1_102' title='bbox 1744 1428 1844 1483; x_wconf 85' lang='lat' dir='ltr'><strong>Ar-</strong></span> 
     </span>
    </p>
   </div>
   <div class='ocr_carea' id='block_1_15' title="bbox 258 1520 1843 1591">
    <p class='ocr_par' dir='ltr' id='par_1_15' title="bbox 258 1520 1843 1591">
     <span class='ocr_line' id='line_1_15' title="bbox 258 1520 1843 1591; baseline 0.002 -18"><span class='ocrx_word' id='word_1_103' title='bbox 258 1520 560 1590; x_wconf 86' lang='lat' dir='ltr'><strong>zugitanam</strong></span> <span class='ocrx_word' id='word_1_104' title='bbox 615 1521 953 1591; x_wconf 84' lang='lat' dir='ltr'><strong>provinciam</strong></span> <span class='ocrx_word' id='word_1_105' title='bbox 1006 1522 1377 1587; x_wconf 90' lang='lat' dir='ltr'><strong>constitutos,</strong></span> <span class='ocrx_word' id='word_1_106' title='bbox 1423 1524 1485 1575; x_wconf 83' lang='lat' dir='ltr'><strong>de</strong></span> <span class='ocrx_word' id='word_1_107' title='bbox 1514 1521 1843 1576; x_wconf 82' lang='lat' dir='ltr'><strong>damnatione</strong></span> 
     </span>
    </p>
   </div>
   <div class='ocr_carea' id='block_1_16' title="bbox 257 1610 1841 1685">
    <p class='ocr_par' dir='ltr' id='par_1_16' title="bbox 257 1610 1841 1685">
     <span class='ocr_line' id='line_1_16' title="bbox 257 1610 1841 1685; baseline 0.002 -19"><span class='ocrx_word' id='word_1_108' title='bbox 257 1610 464 1684; x_wconf 83' lang='lat' dir='ltr'><strong>Pelagii</strong></span> <span class='ocrx_word' id='word_1_109' title='bbox 489 1621 641 1683; x_wconf 86' lang='lat' dir='ltr'><strong>atque</strong></span> <span class='ocrx_word' id='word_1_110' title='bbox 680 1611 903 1669; x_wconf 75' lang='lat' dir='ltr'><strong>Cwlestii</strong></span> <span class='ocrx_word' id='word_1_111' title='bbox 947 1614 1343 1679; x_wconf 78' lang='lat' dir='ltr'><strong>hwreticorum;</strong></span> <span class='ocrx_word' id='word_1_112' title='bbox 1384 1630 1544 1685; x_wconf 90' lang='lat' dir='ltr'><strong>quam</strong></span> <span class='ocrx_word' id='word_1_113' title='bbox 1575 1629 1642 1669; x_wconf 80' lang='lat' dir='ltr'><strong>ex</strong></span> <span class='ocrx_word' id='word_1_114' title='bbox 1675 1614 1841 1669; x_wconf 86' lang='lat' dir='ltr'><strong>colle-</strong></span> 
     </span>
    </p>
   </div>
   <div class='ocr_carea' id='block_1_17' title="bbox 253 1708 1843 1766">
    <p class='ocr_par' dir='ltr' id='par_1_17' title="bbox 253 1708 1843 1766">
     <span class='ocr_line' id='line_1_17' title="bbox 253 1708 1843 1766; baseline 0.001 -3"><span class='ocrx_word' id='word_1_115' title='bbox 253 1708 436 1764; x_wconf 90' lang='lat' dir='ltr'><strong>ctione</strong></span> <span class='ocrx_word' id='word_1_116' title='bbox 472 1709 838 1765; x_wconf 86' lang='lat' dir='ltr'><strong>Cresconiana</strong></span> <span class='ocrx_word' id='word_1_117' title='bbox 872 1709 1160 1766; x_wconf 88' lang='lat' dir='ltr'><strong>annalibus</strong></span> <span class='ocrx_word' id='word_1_118' title='bbox 1186 1710 1577 1765; x_wconf 83' lang='lat' dir='ltr'><strong>ecclesiasticis</strong></span> <span class='ocrx_word' id='word_1_119' title='bbox 1608 1711 1843 1766; x_wconf 81' lang='lat' dir='ltr'><strong>intexuit</strong></span> 
     </span>
    </p>
   </div>
   <div class='ocr_carea' id='block_1_18' title="bbox 255 1802 1840 1875">
    <p class='ocr_par' dir='ltr' id='par_1_18' title="bbox 255 1802 1840 1875">
     <span class='ocr_line' id='line_1_18' title="bbox 255 1802 1840 1875; baseline 0.002 -19"><span class='ocrx_word' id='word_1_120' title='bbox 255 1815 481 1871; x_wconf 87' lang='lat' dir='ltr'><strong>magnus</strong></span> <span class='ocrx_word' id='word_1_121' title='bbox 509 1802 773 1859; x_wconf 88' lang='lat' dir='ltr'><strong>Baronius</strong></span> <span class='ocrx_word' id='word_1_122' title='bbox 806 1802 905 1875; x_wconf 88' lang='lat' dir='ltr'><strong>(c).</strong></span> <span class='ocrx_word' id='word_1_123' title='bbox 941 1802 1052 1859; x_wconf 89' lang='lat' dir='ltr'><strong>Nos</strong></span> <span class='ocrx_word' id='word_1_124' title='bbox 1078 1819 1209 1859; x_wconf 88' lang='lat' dir='ltr'><strong>vero</strong></span> <span class='ocrx_word' id='word_1_125' title='bbox 1245 1805 1527 1874; x_wconf 81' lang='lat' dir='ltr'><strong>exemplar</strong></span> <span class='ocrx_word' id='word_1_126' title='bbox 1549 1804 1720 1860; x_wconf 90' lang='lat' dir='ltr'><strong>secuti</strong></span> <span class='ocrx_word' id='word_1_127' title='bbox 1749 1820 1840 1859; x_wconf 90' lang='lat' dir='ltr'><strong>su-</strong></span> 
     </span>
    </p>
   </div>
   <div class='ocr_carea' id='block_1_19' title="bbox 254 1896 1842 1954">
    <p class='ocr_par' dir='ltr' id='par_1_19' title="bbox 254 1896 1842 1954">
     <span class='ocr_line' id='line_1_19' title="bbox 254 1896 1842 1954; baseline 0.003 -5"><span class='ocrx_word' id='word_1_128' title='bbox 254 1909 377 1949; x_wconf 92' lang='lat' dir='ltr'><strong>mus</strong></span> <span class='ocrx_word' id='word_1_129' title='bbox 401 1896 468 1951; x_wconf 93' lang='lat' dir='ltr'><strong>ab</strong></span> <span class='ocrx_word' id='word_1_130' title='bbox 489 1896 863 1953; x_wconf 89' lang='lat' dir='ltr'><strong>eruditissimo</strong></span> <span class='ocrx_word' id='word_1_131' title='bbox 892 1897 1013 1951; x_wconf 92' lang='lat' dir='ltr'><strong>viro</strong></span> <span class='ocrx_word' id='word_1_132' title='bbox 1034 1897 1245 1953; x_wconf 85' lang='lat' dir='ltr'><strong>Joanne</strong></span> <span class='ocrx_word' id='word_1_133' title='bbox 1275 1896 1545 1953; x_wconf 88' lang='lat' dir='ltr'><strong>Garnerio</strong></span> <span class='ocrx_word' id='word_1_134' title='bbox 1573 1898 1735 1953; x_wconf 82' lang='lat' dir='ltr'><strong>variis</strong></span> <span class='ocrx_word' id='word_1_135' title='bbox 1761 1898 1842 1954; x_wconf 89' lang='lat' dir='ltr'><strong>le-</strong></span> 
     </span>
    </p>
   </div>
   <div class='ocr_carea' id='block_1_20' title="bbox 254 1989 1837 2062">
    <p class='ocr_par' dir='ltr' id='par_1_20' title="bbox 254 1989 1837 2062">
     <span class='ocr_line' id='line_1_20' title="bbox 254 1989 1837 2062; baseline 0.002 -18"><span class='ocrx_word' id='word_1_136' title='bbox 254 1989 529 2046; x_wconf 87' lang='lat' dir='ltr'><strong>ctionibus</strong></span> <span class='ocrx_word' id='word_1_137' title='bbox 546 1999 602 2046; x_wconf 90' lang='lat' dir='ltr'><strong>et</strong></span> <span class='ocrx_word' id='word_1_138' title='bbox 620 1990 765 2046; x_wconf 89' lang='lat' dir='ltr'><strong>notis</strong></span> <span class='ocrx_word' id='word_1_139' title='bbox 780 1991 1128 2059; x_wconf 84' lang='lat' dir='ltr'><strong>illustratum,</strong></span> <span class='ocrx_word' id='word_1_140' title='bbox 1148 2007 1217 2047; x_wconf 87' lang='lat' dir='ltr'><strong>ex</strong></span> <span class='ocrx_word' id='word_1_141' title='bbox 1238 1992 1355 2062; x_wconf 91' lang='lat' dir='ltr'><strong>ejus</strong></span> <span class='ocrx_word' id='word_1_142' title='bbox 1378 1992 1769 2047; x_wconf 87' lang='lat' dir='ltr'><strong>Dissertatione</strong></span> <span class='ocrx_word' id='word_1_143' title='bbox 1783 1992 1837 2060; x_wconf 80' lang='grc'>5,</span> 
     </span>
    </p>
   </div>
   <div class='ocr_carea' id='block_1_21' title="bbox 1957 581 3550 655">
    <p class='ocr_par' dir='ltr' id='par_1_21' title="bbox 1957 581 3550 655">
     <span class='ocr_line' id='line_1_21' title="bbox 1957 581 3550 655; baseline 0.007 -19"><span class='ocrx_word' id='word_1_144' title='bbox 1957 581 2123 637; x_wconf 80' lang='lat' dir='ltr'><strong>fuisse</strong></span> <span class='ocrx_word' id='word_1_145' title='bbox 2148 582 2216 637; x_wconf 90' lang='lat' dir='ltr'><strong>ad</strong></span> <span class='ocrx_word' id='word_1_146' title='bbox 2238 584 2528 653; x_wconf 90' lang='lat' dir='ltr'><strong>episcopos</strong></span> <span class='ocrx_word' id='word_1_147' title='bbox 2557 583 2818 653; x_wconf 84' lang='lat' dir='ltr'><strong>scriptam</strong></span> <span class='ocrx_word' id='word_1_148' title='bbox 2848 583 2918 639; x_wconf 90' lang='lat' dir='ltr'><strong>ab</strong></span> <span class='ocrx_word' id='word_1_149' title='bbox 2945 599 3012 641; x_wconf 91' lang='lat' dir='ltr'><strong>eo</strong></span> <span class='ocrx_word' id='word_1_150' title='bbox 3034 586 3128 655; x_wconf 91' lang='lat' dir='ltr'><strong>qui</strong></span> <span class='ocrx_word' id='word_1_151' title='bbox 3155 586 3550 647; x_wconf 87' lang='lat' dir='ltr'><strong>scientissimus</strong></span> 
     </span>
    </p>
   </div>
   <div class='ocr_carea' id='block_1_22' title="bbox 1957 675 3551 748">
    <p class='ocr_par' dir='ltr' id='par_1_22' title="bbox 1957 675 3551 748">
     <span class='ocr_line' id='line_1_22' title="bbox 1957 675 3551 748; baseline 0.008 -17"><span class='ocrx_word' id='word_1_152' title='bbox 1957 675 2096 734; x_wconf 84' lang='lat' dir='ltr'><strong>foret</strong></span> <span class='ocrx_word' id='word_1_153' title='bbox 2125 692 2396 733; x_wconf 89' lang='lat' dir='ltr'><strong>canonum</strong></span> <span class='ocrx_word' id='word_1_154' title='bbox 2415 720 2430 744; x_wconf 98' lang='lat'><strong>,</strong></span> <span class='ocrx_word' id='word_1_155' title='bbox 2462 680 2752 735; x_wconf 85' lang='lat' dir='ltr'><strong>sanctitate</strong></span> <span class='ocrx_word' id='word_1_156' title='bbox 2780 680 3042 748; x_wconf 88' lang='lat' dir='ltr'><strong>eximius,</strong></span> <span class='ocrx_word' id='word_1_157' title='bbox 3088 682 3551 743; x_wconf 89' lang='lat' dir='ltr'><strong>retinentissimus</strong></span> 
     </span>
    </p>
   </div>
   <div class='ocr_carea' id='block_1_23' title="bbox 1954 770 3552 849">
    <p class='ocr_par' dir='ltr' id='par_1_23' title="bbox 1954 770 3552 849">
     <span class='ocr_line' id='line_1_23' title="bbox 1954 770 3552 849; baseline 0.006 -25"><span class='ocrx_word' id='word_1_158' title='bbox 1954 771 2281 840; x_wconf 87' lang='lat' dir='ltr'><strong>episcopalis</strong></span> <span class='ocrx_word' id='word_1_159' title='bbox 2327 770 2603 842; x_wconf 88' lang='lat' dir='ltr'><strong>dignitatis</strong></span> <span class='ocrx_word' id='word_1_160' title='bbox 2629 815 2643 837; x_wconf 93' lang='lat'><strong>,</strong></span> <span class='ocrx_word' id='word_1_161' title='bbox 2694 773 2997 843; x_wconf 88' lang='lat' dir='ltr'><strong>Augustino</strong></span> <span class='ocrx_word' id='word_1_162' title='bbox 3026 774 3081 829; x_wconf 90' lang='lat' dir='ltr'><strong>in</strong></span> <span class='ocrx_word' id='word_1_163' title='bbox 3111 774 3278 831; x_wconf 90' lang='lat' dir='ltr'><strong>rebus</strong></span> <span class='ocrx_word' id='word_1_164' title='bbox 3323 777 3552 849; x_wconf 88' lang='lat' dir='ltr'><strong>agendis</strong></span> 
     </span>
    </p>
   </div>
   <div class='ocr_carea' id='block_1_24' title="bbox 1955 864 3550 938">
    <p class='ocr_par' dir='ltr' id='par_1_24' title="bbox 1955 864 3550 938">
     <span class='ocr_line' id='line_1_24' title="bbox 1955 864 3550 938; baseline 0.005 -20"><span class='ocrx_word' id='word_1_165' title='bbox 1955 864 2463 933; x_wconf 88' lang='lat' dir='ltr'><strong>conjunctissimus,</strong></span> <span class='ocrx_word' id='word_1_166' title='bbox 2498 874 2552 921; x_wconf 90' lang='lat' dir='ltr'><strong>et</strong></span> <span class='ocrx_word' id='word_1_167' title='bbox 2587 864 2709 921; x_wconf 80' lang='lat' dir='ltr'><strong>fere</strong></span> <span class='ocrx_word' id='word_1_168' title='bbox 2740 880 2881 922; x_wconf 92' lang='lat' dir='ltr'><strong>unus</strong></span> <span class='ocrx_word' id='word_1_169' title='bbox 2914 885 2925 919; x_wconf 89' lang='lat'><em>:</em></span> <span class='ocrx_word' id='word_1_170' title='bbox 2956 876 3017 921; x_wconf 92' lang='lat' dir='ltr'><strong>ut</strong></span> <span class='ocrx_word' id='word_1_171' title='bbox 3044 867 3305 938; x_wconf 87' lang='lat' dir='ltr'><strong>scientia,</strong></span> <span class='ocrx_word' id='word_1_172' title='bbox 3339 870 3550 926; x_wconf 85' lang='lat' dir='ltr'><strong>sancti-</strong></span> 
     </span>
    </p>
   </div>
   <div class='ocr_carea' id='block_1_25' title="bbox 1954 958 3545 1031">
    <p class='ocr_par' dir='ltr' id='par_1_25' title="bbox 1954 958 3545 1031">
     <span class='ocr_line' id='line_1_25' title="bbox 1954 958 3545 1031; baseline 0.006 -20"><span class='ocrx_word' id='word_1_173' title='bbox 1954 966 2057 1023; x_wconf 89' lang='lat' dir='ltr'><strong>tas,</strong></span> <span class='ocrx_word' id='word_1_174' title='bbox 2091 958 2371 1028; x_wconf 88' lang='lat' dir='ltr'><strong>dignitatis</strong></span> <span class='ocrx_word' id='word_1_175' title='bbox 2413 958 2678 1025; x_wconf 90' lang='lat' dir='ltr'><strong>studium,</strong></span> <span class='ocrx_word' id='word_1_176' title='bbox 2712 958 3006 1031; x_wconf 81' lang='lat' dir='ltr'><strong>Augustini</strong></span> <span class='ocrx_word' id='word_1_177' title='bbox 3037 961 3292 1029; x_wconf 90' lang='lat' dir='ltr'><strong>societas,</strong></span> <span class='ocrx_word' id='word_1_178' title='bbox 3341 970 3545 1020; x_wconf 85' lang='lat' dir='ltr'><strong>tantam</strong></span> 
     </span>
    </p>
   </div>
   <div class='ocr_carea' id='block_1_26' title="bbox 1953 1051 3553 1128">
    <p class='ocr_par' dir='ltr' id='par_1_26' title="bbox 1953 1051 3553 1128">
     <span class='ocr_line' id='line_1_26' title="bbox 1953 1051 3553 1128; baseline 0.006 -23"><span class='ocrx_word' id='word_1_179' title='bbox 1953 1051 2158 1107; x_wconf 82' lang='lat' dir='ltr'><strong>Aurelii</strong></span> <span class='ocrx_word' id='word_1_180' title='bbox 2188 1053 2571 1108; x_wconf 85' lang='lat' dir='ltr'><strong>auctoritatem</strong></span> <span class='ocrx_word' id='word_1_181' title='bbox 2620 1052 2866 1108; x_wconf 87' lang='lat' dir='ltr'><strong>tribuant</strong></span> <span class='ocrx_word' id='word_1_182' title='bbox 2896 1052 3001 1109; x_wconf 88' lang='lat' dir='ltr'><strong>hac</strong></span> <span class='ocrx_word' id='word_1_183' title='bbox 3030 1053 3086 1109; x_wconf 90' lang='lat' dir='ltr'><strong>in</strong></span> <span class='ocrx_word' id='word_1_184' title='bbox 3116 1064 3278 1126; x_wconf 88' lang='lat' dir='ltr'><strong>parte</strong></span> <span class='ocrx_word' id='word_1_185' title='bbox 3304 1098 3318 1123; x_wconf 91' lang='lat'><strong>,</strong></span> <span class='ocrx_word' id='word_1_186' title='bbox 3349 1068 3553 1128; x_wconf 88' lang='lat' dir='ltr'><strong>quanta</strong></span> 
     </span>
    </p>
   </div>
   <div class='ocr_carea' id='block_1_27' title="bbox 1952 1143 3540 1220">
    <p class='ocr_par' dir='ltr' id='par_1_27' title="bbox 1952 1143 3540 1220">
     <span class='ocr_line' id='line_1_27' title="bbox 1952 1143 3540 1220; baseline 0.004 -21"><span class='ocrx_word' id='word_1_187' title='bbox 1952 1152 2131 1214; x_wconf 87' lang='lat' dir='ltr'><strong>potest</strong></span> <span class='ocrx_word' id='word_1_188' title='bbox 2150 1158 2273 1200; x_wconf 88' lang='lat' dir='ltr'><strong>esse</strong></span> <span class='ocrx_word' id='word_1_189' title='bbox 2298 1145 2556 1213; x_wconf 77' lang='lat' dir='ltr'><strong>maxima,</strong></span> <span class='ocrx_word' id='word_1_190' title='bbox 2582 1144 2744 1200; x_wconf 91' lang='lat' dir='ltr'><strong>etiam</strong></span> <span class='ocrx_word' id='word_1_191' title='bbox 2769 1143 2838 1201; x_wconf 89' lang='lat' dir='ltr'><strong>ad</strong></span> <span class='ocrx_word' id='word_1_192' title='bbox 2858 1145 3156 1217; x_wconf 89' lang='lat' dir='ltr'><strong>praesulum</strong></span> <span class='ocrx_word' id='word_1_193' title='bbox 3174 1148 3540 1220; x_wconf 63' lang='lat' dir='ltr'><strong>exemplum.)</strong></span> 
     </span>
    </p>
   </div>
   <div class='ocr_carea' id='block_1_28' title="bbox 1953 1237 2617 1306">
    <p class='ocr_par' dir='ltr' id='par_1_28' title="bbox 1953 1237 2617 1306">
     <span class='ocr_line' id='line_1_28' title="bbox 1953 1237 2617 1306; baseline 0.003 -14"><span class='ocrx_word' id='word_1_194' title='bbox 1953 1237 2068 1294; x_wconf 87' lang='lat' dir='ltr'><strong>liuc</strong></span> <span class='ocrx_word' id='word_1_195' title='bbox 2097 1254 2267 1306; x_wconf 85' lang='lat' dir='ltr'><strong>usque</strong></span> <span class='ocrx_word' id='word_1_196' title='bbox 2291 1238 2373 1294; x_wconf 88' lang='lat' dir='ltr'><strong>vir</strong></span> <span class='ocrx_word' id='word_1_197' title='bbox 2399 1238 2617 1294; x_wconf 91' lang='lat' dir='ltr'><strong>doctus.</strong></span> 
     </span>
    </p>
   </div>
   <div class='ocr_carea' id='block_1_29' title="bbox 2021 1328 3545 1404">
    <p class='ocr_par' dir='ltr' id='par_1_29' title="bbox 2021 1328 3545 1404">
     <span class='ocr_line' id='line_1_29' title="bbox 2021 1328 3545 1404; baseline 0.003 -20"><span class='ocrx_word' id='word_1_198' title='bbox 2021 1330 2075 1384; x_wconf 73' lang='grc' dir='ltr'>Δ.</span> <span class='ocrx_word' id='word_1_199' title='bbox 2104 1328 2292 1400; x_wconf 87' lang='lat' dir='ltr'><strong>Neque</strong></span> <span class='ocrx_word' id='word_1_200' title='bbox 2321 1330 2411 1385; x_wconf 91' lang='lat' dir='ltr'><strong>hic</strong></span> <span class='ocrx_word' id='word_1_201' title='bbox 2448 1329 2667 1385; x_wconf 88' lang='lat' dir='ltr'><strong>demum</strong></span> <span class='ocrx_word' id='word_1_202' title='bbox 2699 1330 3145 1400; x_wconf 76' lang='lat' dir='ltr'><strong>przetereundum</strong></span> <span class='ocrx_word' id='word_1_203' title='bbox 3172 1373 3188 1400; x_wconf 91' lang='lat'><strong>,</strong></span> <span class='ocrx_word' id='word_1_204' title='bbox 3233 1332 3545 1404; x_wconf 86' lang='lat' dir='ltr'><strong>complures</strong></span> 
     </span>
    </p>
   </div>
   <div class='ocr_carea' id='block_1_30' title="bbox 1948 1426 3543 1499">
    <p class='ocr_par' dir='ltr' id='par_1_30' title="bbox 1948 1426 3543 1499">
     <span class='ocr_line' id='line_1_30' title="bbox 1948 1426 3543 1499; baseline 0.004 -20"><span class='ocrx_word' id='word_1_205' title='bbox 1948 1426 2077 1480; x_wconf 88' lang='lat' dir='ltr'><strong>item</strong></span> <span class='ocrx_word' id='word_1_206' title='bbox 2106 1426 2371 1495; x_wconf 90' lang='lat' dir='ltr'><strong>epistolas</strong></span> <span class='ocrx_word' id='word_1_207' title='bbox 2396 1426 2465 1481; x_wconf 88' lang='lat' dir='ltr'><strong>ad</strong></span> <span class='ocrx_word' id='word_1_208' title='bbox 2496 1426 2747 1484; x_wconf 92' lang='lat' dir='ltr'><strong>eumdem</strong></span> <span class='ocrx_word' id='word_1_209' title='bbox 2779 1428 3062 1484; x_wconf 82' lang='lat' dir='ltr'><strong>Aurelium</strong></span> <span class='ocrx_word' id='word_1_210' title='bbox 3086 1428 3373 1499; x_wconf 89' lang='lat' dir='ltr'><strong>scripsisse</strong></span> <span class='ocrx_word' id='word_1_211' title='bbox 3396 1430 3543 1486; x_wconf 87' lang='lat' dir='ltr'><strong>viros</strong></span> 
     </span>
    </p>
   </div>
   <div class='ocr_carea' id='block_1_31' title="bbox 1947 1519 3541 1591">
    <p class='ocr_par' dir='ltr' id='par_1_31' title="bbox 1947 1519 3541 1591">
     <span class='ocr_line' id='line_1_31' title="bbox 1947 1519 3541 1591; baseline 0.003 -18"><span class='ocrx_word' id='word_1_212' title='bbox 1947 1519 2238 1574; x_wconf 85' lang='lat' dir='ltr'><strong>sanctitate</strong></span> <span class='ocrx_word' id='word_1_213' title='bbox 2281 1534 2346 1575; x_wconf 92' lang='lat' dir='ltr'><strong>ac</strong></span> <span class='ocrx_word' id='word_1_214' title='bbox 2374 1519 2623 1575; x_wconf 89' lang='lat' dir='ltr'><strong>doctrina</strong></span> <span class='ocrx_word' id='word_1_215' title='bbox 2670 1531 2999 1591; x_wconf 69' lang='lat' dir='ltr'><strong>praestantes</strong></span> <span class='ocrx_word' id='word_1_216' title='bbox 3029 1566 3043 1589; x_wconf 92' lang='lat'><strong>,</strong></span> <span class='ocrx_word' id='word_1_217' title='bbox 3075 1521 3453 1578; x_wconf 84' lang='lat' dir='ltr'><strong>Innocentium</strong></span> <span class='ocrx_word' id='word_1_218' title='bbox 3500 1524 3541 1591; x_wconf 90' lang='grc' dir='ltr'><strong>Ι,</strong></span> 
     </span>
    </p>
   </div>
   <div class='ocr_carea' id='block_1_32' title="bbox 1945 1614 3541 1685">
    <p class='ocr_par' dir='ltr' id='par_1_32' title="bbox 1945 1614 3541 1685">
     <span class='ocr_line' id='line_1_32' title="bbox 1945 1614 3541 1685; baseline 0.003 -16"><span class='ocrx_word' id='word_1_219' title='bbox 1945 1614 2172 1684; x_wconf 91' lang='lat' dir='ltr'><strong>ejusque</strong></span> <span class='ocrx_word' id='word_1_220' title='bbox 2201 1629 2580 1671; x_wconf 88' lang='lat' dir='ltr'><strong>successorem</strong></span> <span class='ocrx_word' id='word_1_221' title='bbox 2609 1615 2905 1684; x_wconf 90' lang='lat' dir='ltr'><strong>Zosimum,</strong></span> <span class='ocrx_word' id='word_1_222' title='bbox 2941 1616 3223 1672; x_wconf 88' lang='lat' dir='ltr'><strong>Paulinum</strong></span> <span class='ocrx_word' id='word_1_223' title='bbox 3249 1615 3541 1685; x_wconf 88' lang='lat' dir='ltr'><strong>Nolanum,</strong></span> 
     </span>
    </p>
   </div>
   <div class='ocr_carea' id='block_1_33' title="bbox 1942 1705 3540 1781">
    <p class='ocr_par' dir='ltr' id='par_1_33' title="bbox 1942 1705 3540 1781">
     <span class='ocr_line' id='line_1_33' title="bbox 1942 1705 3540 1781; baseline 0.003 -20"><span class='ocrx_word' id='word_1_224' title='bbox 1942 1705 2298 1777; x_wconf 83' lang='lat' dir='ltr'><strong>Augustinum</strong></span> <span class='ocrx_word' id='word_1_225' title='bbox 2323 1749 2338 1774; x_wconf 96' lang='lat'><strong>,</strong></span> <span class='ocrx_word' id='word_1_226' title='bbox 2378 1708 2629 1779; x_wconf 86' lang='lat' dir='ltr'><strong>Alypium</strong></span> <span class='ocrx_word' id='word_1_227' title='bbox 2651 1749 2667 1776; x_wconf 90' lang='lat'><strong>,</strong></span> <span class='ocrx_word' id='word_1_228' title='bbox 2724 1708 2991 1764; x_wconf 89' lang='lat' dir='ltr'><strong>Joannem</strong></span> <span class='ocrx_word' id='word_1_229' title='bbox 3046 1708 3497 1781; x_wconf 87' lang='lat' dir='ltr'><strong>Chrysustomum</strong></span> <span class='ocrx_word' id='word_1_230' title='bbox 3525 1754 3540 1777; x_wconf 94' lang='lat'><strong>,</strong></span> 
     </span>
    </p>
   </div>
   <div class='ocr_carea' id='block_1_34' title="bbox 1942 1800 3540 1874">
    <p class='ocr_par' dir='ltr' id='par_1_34' title="bbox 1942 1800 3540 1874">
     <span class='ocr_line' id='line_1_34' title="bbox 1942 1800 3540 1874; baseline 0.001 -18"><span class='ocrx_word' id='word_1_231' title='bbox 1942 1801 2080 1857; x_wconf 92' lang='lat' dir='ltr'><strong>alios</strong></span> <span class='ocrx_word' id='word_1_232' title='bbox 2110 1800 2204 1874; x_wconf 82' lang='grc' dir='ltr'>(ε).</span> <span class='ocrx_word' id='word_1_233' title='bbox 2237 1800 2437 1856; x_wconf 92' lang='lat' dir='ltr'><strong>Nostro</strong></span> <span class='ocrx_word' id='word_1_234' title='bbox 2467 1816 2695 1872; x_wconf 89' lang='lat' dir='ltr'><strong>quoque</strong></span> <span class='ocrx_word' id='word_1_235' title='bbox 2734 1801 2960 1857; x_wconf 87' lang='lat' dir='ltr'><strong>Aurelio</strong></span> <span class='ocrx_word' id='word_1_236' title='bbox 2988 1801 3129 1858; x_wconf 90' lang='lat' dir='ltr'><strong>idem</strong></span> <span class='ocrx_word' id='word_1_237' title='bbox 3171 1800 3236 1858; x_wconf 90' lang='lat' dir='ltr'><strong>S.</strong></span> <span class='ocrx_word' id='word_1_238' title='bbox 3281 1802 3540 1874; x_wconf 79' lang='lat' dir='ltr'><strong>Augusti-</strong></span> 
     </span>
    </p>
   </div>
   <div class='ocr_carea' id='block_1_35' title="bbox 1946 1896 3541 1968">
    <p class='ocr_par' dir='ltr' id='par_1_35' title="bbox 1946 1896 3541 1968">
     <span class='ocr_line' id='line_1_35' title="bbox 1946 1896 3541 1968; baseline 0.001 -16"><span class='ocrx_word' id='word_1_239' title='bbox 1946 1912 2049 1953; x_wconf 90' lang='lat' dir='ltr'><strong>nus</strong></span> <span class='ocrx_word' id='word_1_240' title='bbox 2073 1913 2324 1968; x_wconf 85' lang='lat' dir='ltr'><strong>maguum</strong></span> <span class='ocrx_word' id='word_1_241' title='bbox 2351 1897 2484 1952; x_wconf 93' lang='lat' dir='ltr'><strong>illud</strong></span> <span class='ocrx_word' id='word_1_242' title='bbox 2515 1912 2651 1967; x_wconf 90' lang='lat' dir='ltr'><strong>opus</strong></span> <span class='ocrx_word' id='word_1_243' title='bbox 2678 1899 2741 1950; x_wconf 87' lang='lat' dir='ltr'><strong>de</strong></span> <span class='ocrx_word' id='word_1_244' title='bbox 2768 1896 3052 1963; x_wconf 81' lang='lat' dir='ltr'><strong>Trinitate,</strong></span> <span class='ocrx_word' id='word_1_245' title='bbox 3080 1912 3182 1953; x_wconf 91' lang='lat' dir='ltr'><strong>nec</strong></span> <span class='ocrx_word' id='word_1_246' title='bbox 3210 1912 3320 1953; x_wconf 91' lang='lat' dir='ltr'><strong>non</strong></span> <span class='ocrx_word' id='word_1_247' title='bbox 3346 1897 3541 1953; x_wconf 89' lang='lat' dir='ltr'><strong>librum</strong></span> 
     </span>
    </p>
   </div>
   <div class='ocr_carea' id='block_1_36' title="bbox 1946 1989 3536 2062">
    <p class='ocr_par' dir='ltr' id='par_1_36' title="bbox 1946 1989 3536 2062">
     <span class='ocr_line' id='line_1_36' title="bbox 1946 1989 3536 2062; baseline -0.001 -17"><span class='ocrx_word' id='word_1_248' title='bbox 1946 1991 2008 2045; x_wconf 88' lang='lat' dir='ltr'><strong>de</strong></span> <span class='ocrx_word' id='word_1_249' title='bbox 2038 1990 2202 2045; x_wconf 81' lang='lat' dir='ltr'><strong>Gestis</strong></span> <span class='ocrx_word' id='word_1_250' title='bbox 2246 1990 2451 2061; x_wconf 80' lang='lat' dir='ltr'><strong>Pelagii</strong></span> <span class='ocrx_word' id='word_1_251' title='bbox 2476 2031 2491 2055; x_wconf 96' lang='lat'><strong>,</strong></span> <span class='ocrx_word' id='word_1_252' title='bbox 2544 1990 2819 2059; x_wconf 90' lang='lat' dir='ltr'><strong>aliumque</strong></span> <span class='ocrx_word' id='word_1_253' title='bbox 2849 1991 2912 2044; x_wconf 85' lang='lat' dir='ltr'><strong>de</strong></span> <span class='ocrx_word' id='word_1_254' title='bbox 2944 1989 3113 2062; x_wconf 83' lang='lat' dir='ltr'><strong>Opere</strong></span> <span class='ocrx_word' id='word_1_255' title='bbox 3138 1989 3536 2058; x_wconf 82' lang='lat' dir='ltr'><strong>monachorum,</strong></span> 
     </span>
    </p>
   </div>
   <div class='ocr_carea' id='block_1_37' title="bbox 250 2084 3539 2164">
    <p class='ocr_par' dir='ltr' id='par_1_37' title="bbox 250 2084 3539 2164">
     <span class='ocr_line' id='line_1_37' title="bbox 250 2084 3539 2164; baseline 0.001 -25"><span class='ocrx_word' id='word_1_256' title='bbox 250 2085 317 2140; x_wconf 94' lang='lat' dir='ltr'><strong>ad</strong></span> <span class='ocrx_word' id='word_1_257' title='bbox 374 2086 601 2141; x_wconf 89' lang='lat' dir='ltr'><strong>Marium</strong></span> <span class='ocrx_word' id='word_1_258' title='bbox 654 2087 1021 2142; x_wconf 84' lang='lat' dir='ltr'><strong>Mercatorem</strong></span> <span class='ocrx_word' id='word_1_259' title='bbox 1072 2087 1137 2141; x_wconf 86' lang='lat' dir='ltr'><strong>de</strong></span> <span class='ocrx_word' id='word_1_260' title='bbox 1183 2086 1647 2142; x_wconf 76' lang='lat' dir='ltr'><strong>Constitutionibus</strong></span> <span class='ocrx_word' id='word_1_261' title='bbox 1696 2085 1835 2158; x_wconf 89' lang='lat' dir='ltr'><strong>Imp.</strong></span> <span class='ocrx_word' id='word_1_262' title='bbox 1868 2103 1917 2164; x_wconf 81' lang='grc' dir='ltr'><strong>Β</strong></span> <span class='ocrx_word' id='word_1_263' title='bbox 1944 2085 2166 2141; x_wconf 91' lang='lat' dir='ltr'><strong>honoris</strong></span> <span class='ocrx_word' id='word_1_264' title='bbox 2193 2087 2366 2157; x_wconf 85' lang='lat' dir='ltr'><strong>gratia</strong></span> <span class='ocrx_word' id='word_1_265' title='bbox 2395 2085 2688 2155; x_wconf 90' lang='lat' dir='ltr'><strong>inscripsit.</strong></span> <span class='ocrx_word' id='word_1_266' title='bbox 2721 2084 2863 2153; x_wconf 88' lang='lat' dir='ltr'><strong>Quid</strong></span> <span class='ocrx_word' id='word_1_267' title='bbox 2896 2086 3089 2155; x_wconf 90' lang='lat' dir='ltr'><strong>plura?</strong></span> <span class='ocrx_word' id='word_1_268' title='bbox 3116 2095 3176 2140; x_wconf 88' lang='lat' dir='ltr'><strong>ut</strong></span> <span class='ocrx_word' id='word_1_269' title='bbox 3202 2084 3385 2143; x_wconf 83' lang='lat' dir='ltr'><strong>verbis</strong></span> <span class='ocrx_word' id='word_1_270' title='bbox 3416 2096 3539 2143; x_wconf 89' lang='lat' dir='ltr'><strong>tan-</strong></span> 
     </span>
    </p>
   </div>
   <div class='ocr_carea' id='block_1_38' title="bbox 252 2179 1837 2251">
    <p class='ocr_par' dir='ltr' id='par_1_38' title="bbox 252 2179 1837 2251">
     <span class='ocr_line' id='line_1_38' title="bbox 252 2179 1837 2251; baseline 0.001 -19"><span class='ocrx_word' id='word_1_271' title='bbox 252 2179 402 2233; x_wconf 82' lang='lat' dir='ltr'><strong>editis</strong></span> <span class='ocrx_word' id='word_1_272' title='bbox 429 2181 482 2234; x_wconf 85' lang='lat' dir='ltr'><strong>in</strong></span> <span class='ocrx_word' id='word_1_273' title='bbox 504 2196 664 2234; x_wconf 87' lang='lat' dir='ltr'><strong>causa</strong></span> <span class='ocrx_word' id='word_1_274' title='bbox 686 2179 1093 2251; x_wconf 82' lang='lat' dir='ltr'><strong>Pelagianorum</strong></span> <span class='ocrx_word' id='word_1_275' title='bbox 1138 2180 1495 2250; x_wconf 88' lang='lat' dir='ltr'><strong>descriptum.</strong></span> <span class='ocrx_word' id='word_1_276' title='bbox 1528 2179 1626 2235; x_wconf 89' lang='lat' dir='ltr'><strong>Est</strong></span> <span class='ocrx_word' id='word_1_277' title='bbox 1657 2189 1837 2234; x_wconf 85' lang='lat' dir='ltr'><strong>autem</strong></span> 
     </span>
    </p>
   </div>
   <div class='ocr_carea' id='block_1_39' title="bbox 249 2270 1839 2345">
    <p class='ocr_par' dir='ltr' id='par_1_39' title="bbox 249 2270 1839 2345">
     <span class='ocr_line' id='line_1_39' title="bbox 249 2270 1839 2345; baseline -0.001 -18"><span class='ocrx_word' id='word_1_278' title='bbox 249 2272 496 2342; x_wconf 70' lang='lat' dir='ltr'><strong>epistolae</strong></span> <span class='ocrx_word' id='word_1_279' title='bbox 537 2272 864 2342; x_wconf 91' lang='lat' dir='ltr'><strong>subscriptio</strong></span> <span class='ocrx_word' id='word_1_280' title='bbox 894 2272 1207 2342; x_wconf 78' lang='lat' dir='ltr'><strong>huiusmodi</strong></span> <span class='ocrx_word' id='word_1_281' title='bbox 1243 2290 1255 2327; x_wconf 89' lang='lat'><strong>:</strong></span> <span class='ocrx_word' id='word_1_282' title='bbox 1290 2270 1417 2327; x_wconf 86' lang='lat' dir='ltr'><strong>Dat.</strong></span> <span class='ocrx_word' id='word_1_283' title='bbox 1465 2272 1568 2326; x_wconf 76' lang='lat' dir='ltr'><strong>kal.</strong></span> <span class='ocrx_word' id='word_1_284' title='bbox 1616 2274 1839 2345; x_wconf 76' lang='lat' dir='ltr'><strong>Augusti</strong></span> 
     </span>
    </p>
   </div>
   <div class='ocr_carea' id='block_1_40' title="bbox 250 2365 1832 2438">
    <p class='ocr_par' dir='ltr' id='par_1_40' title="bbox 250 2365 1832 2438">
     <span class='ocr_line' id='line_1_40' title="bbox 250 2365 1832 2438; baseline -0.001 -17"><span class='ocrx_word' id='word_1_285' title='bbox 250 2367 577 2438; x_wconf 83' lang='lat' dir='ltr'><strong>Carthagine,</strong></span> <span class='ocrx_word' id='word_1_286' title='bbox 609 2367 863 2422; x_wconf 70' lang='lat' dir='ltr'><strong>Monamio</strong></span> <span class='ocrx_word' id='word_1_287' title='bbox 884 2377 932 2422; x_wconf 87' lang='lat' dir='ltr'><strong>et</strong></span> <span class='ocrx_word' id='word_1_288' title='bbox 963 2367 1141 2422; x_wconf 86' lang='lat' dir='ltr'><strong>Plinta</strong></span> <span class='ocrx_word' id='word_1_289' title='bbox 1170 2384 1301 2422; x_wconf 78' lang='lat' dir='ltr'><strong>coss.</strong></span> <span class='ocrx_word' id='word_1_290' title='bbox 1333 2367 1386 2422; x_wconf 89' lang='lat' dir='ltr'><strong>id</strong></span> <span class='ocrx_word' id='word_1_291' title='bbox 1404 2377 1507 2433; x_wconf 90' lang='lat' dir='ltr'><strong>est,</strong></span> <span class='ocrx_word' id='word_1_292' title='bbox 1537 2382 1681 2422; x_wconf 88' lang='lat' dir='ltr'><strong>anno</strong></span> <span class='ocrx_word' id='word_1_293' title='bbox 1707 2365 1832 2422; x_wconf 75' lang='grc'>419.</span> 
     </span>
    </p>
   </div>
   <div class='ocr_carea' id='block_1_41' title="bbox 248 2459 1837 2533">
    <p class='ocr_par' dir='ltr' id='par_1_41' title="bbox 248 2459 1837 2533">
     <span class='ocr_line' id='line_1_41' title="bbox 248 2459 1837 2533; baseline 0.001 -18"><span class='ocrx_word' id='word_1_294' title='bbox 248 2459 388 2515; x_wconf 83' lang='lat' dir='ltr'><strong>Hinc</strong></span> <span class='ocrx_word' id='word_1_295' title='bbox 430 2475 559 2533; x_wconf 86' lang='lat' dir='ltr'><strong>ergo</strong></span> <span class='ocrx_word' id='word_1_296' title='bbox 607 2461 659 2516; x_wconf 92' lang='lat' dir='ltr'><strong>in</strong></span> <span class='ocrx_word' id='word_1_297' title='bbox 698 2471 886 2517; x_wconf 88' lang='lat' dir='ltr'><strong>nostro</strong></span> <span class='ocrx_word' id='word_1_298' title='bbox 934 2461 1081 2517; x_wconf 88' lang='lat' dir='ltr'><strong>edito</strong></span> <span class='ocrx_word' id='word_1_299' title='bbox 1127 2478 1197 2517; x_wconf 81' lang='lat' dir='ltr'><strong>ex</strong></span> <span class='ocrx_word' id='word_1_300' title='bbox 1226 2478 1292 2516; x_wconf 90' lang='lat' dir='ltr'><strong>eo</strong></span> <span class='ocrx_word' id='word_1_301' title='bbox 1324 2477 1467 2517; x_wconf 90' lang='lat' dir='ltr'><strong>anno</strong></span> <span class='ocrx_word' id='word_1_302' title='bbox 1493 2462 1837 2519; x_wconf 86' lang='lat' dir='ltr'><strong>&#39;retrahenda</strong></span> 
     </span>
    </p>
   </div>
   <div class='ocr_carea' id='block_1_42' title="bbox 246 2553 1838 2625">
    <p class='ocr_par' dir='ltr' id='par_1_42' title="bbox 246 2553 1838 2625">
     <span class='ocr_line' id='line_1_42' title="bbox 246 2553 1838 2625; baseline 0.001 -16"><span class='ocrx_word' id='word_1_303' title='bbox 246 2553 476 2624; x_wconf 90' lang='lat' dir='ltr'><strong>epistola</strong></span> <span class='ocrx_word' id='word_1_304' title='bbox 505 2554 591 2610; x_wconf 88' lang='lat' dir='ltr'><strong>cui</strong></span> <span class='ocrx_word' id='word_1_305' title='bbox 621 2564 705 2609; x_wconf 90' lang='lat' dir='ltr'><strong>est</strong></span> <span class='ocrx_word' id='word_1_306' title='bbox 733 2554 961 2625; x_wconf 87' lang='lat' dir='ltr'><strong>illigata,</strong></span> <span class='ocrx_word' id='word_1_307' title='bbox 990 2564 1045 2610; x_wconf 92' lang='lat' dir='ltr'><strong>et</strong></span> <span class='ocrx_word' id='word_1_308' title='bbox 1075 2557 1256 2611; x_wconf 89' lang='lat' dir='ltr'><strong>serius</strong></span> <span class='ocrx_word' id='word_1_309' title='bbox 1287 2556 1636 2621; x_wconf 87' lang='lat' dir='ltr'><strong>collocanda;</strong></span> <span class='ocrx_word' id='word_1_310' title='bbox 1662 2556 1727 2610; x_wconf 92' lang='lat' dir='ltr'><strong>iis</strong></span> <span class='ocrx_word' id='word_1_311' title='bbox 1753 2557 1838 2611; x_wconf 89' lang='lat' dir='ltr'><strong>vel</strong></span> 
     </span>
    </p>
   </div>
   <div class='ocr_carea' id='block_1_43' title="bbox 243 2646 1835 2719">
    <p class='ocr_par' dir='ltr' id='par_1_43' title="bbox 243 2646 1835 2719">
     <span class='ocr_line' id='line_1_43' title="bbox 243 2646 1835 2719; baseline 0.001 -18"><span class='ocrx_word' id='word_1_312' title='bbox 243 2646 479 2702; x_wconf 88' lang='lat' dir='ltr'><strong>maxime</strong></span> <span class='ocrx_word' id='word_1_313' title='bbox 508 2646 555 2701; x_wconf 93' lang='lat' dir='ltr'><strong>si</strong></span> <span class='ocrx_word' id='word_1_314' title='bbox 581 2648 821 2702; x_wconf 88' lang='lat' dir='ltr'><strong>animum</strong></span> <span class='ocrx_word' id='word_1_315' title='bbox 853 2648 1100 2719; x_wconf 89' lang='lat' dir='ltr'><strong>adjicias,</strong></span> <span class='ocrx_word' id='word_1_316' title='bbox 1131 2664 1251 2718; x_wconf 62' lang='lat' dir='ltr'><strong>quae</strong></span> <span class='ocrx_word' id='word_1_317' title='bbox 1281 2649 1444 2704; x_wconf 92' lang='lat' dir='ltr'><strong>modo</strong></span> <span class='ocrx_word' id='word_1_318' title='bbox 1471 2648 1539 2705; x_wconf 91' lang='lat' dir='ltr'><strong>de</strong></span> <span class='ocrx_word' id='word_1_319' title='bbox 1567 2649 1698 2703; x_wconf 89' lang='lat' dir='ltr'><strong>sede</strong></span> <span class='ocrx_word' id='word_1_320' title='bbox 1723 2654 1835 2704; x_wconf 84' lang='lat' dir='ltr'><strong>Au-</strong></span> 
     </span>
    </p>
   </div>
   <div class='ocr_carea' id='block_1_44' title="bbox 246 2739 1834 2817">
    <p class='ocr_par' dir='ltr' id='par_1_44' title="bbox 246 2739 1834 2817">
     <span class='ocr_line' id='line_1_44' title="bbox 246 2739 1834 2817; baseline 0.006 -24"><span class='ocrx_word' id='word_1_321' title='bbox 246 2739 364 2794; x_wconf 88' lang='lat' dir='ltr'><strong>relii</strong></span> <span class='ocrx_word' id='word_1_322' title='bbox 394 2740 699 2811; x_wconf 87' lang='lat' dir='ltr'><strong>episcopali</strong></span> <span class='ocrx_word' id='word_1_323' title='bbox 735 2741 1145 2799; x_wconf 87' lang='lat' dir='ltr'><strong>edisseruimus.</strong></span> <span class='ocrx_word' id='word_1_324' title='bbox 1188 2741 1455 2799; x_wconf 84' lang='lat' dir='ltr'><strong>Caeterum</strong></span> <span class='ocrx_word' id='word_1_325' title='bbox 1488 2745 1555 2799; x_wconf 90' lang='lat' dir='ltr'><strong>ad</strong></span> <span class='ocrx_word' id='word_1_326' title='bbox 1586 2745 1834 2817; x_wconf 89' lang='lat' dir='ltr'><strong>ejusdem</strong></span> 
     </span>
    </p>
   </div>
   <div class='ocr_carea' id='block_1_45' title="bbox 243 2833 1829 2910">
    <p class='ocr_par' dir='ltr' id='par_1_45' title="bbox 243 2833 1829 2910">
     <span class='ocr_line' id='line_1_45' title="bbox 243 2833 1829 2910; baseline 0.006 -24"><span class='ocrx_word' id='word_1_327' title='bbox 243 2833 489 2903; x_wconf 85' lang='lat' dir='ltr'><strong>epistolae</strong></span> <span class='ocrx_word' id='word_1_328' title='bbox 540 2833 1073 2891; x_wconf 86' lang='lat' dir='ltr'><strong>commendationem</strong></span> <span class='ocrx_word' id='word_1_329' title='bbox 1122 2836 1421 2906; x_wconf 88' lang='lat' dir='ltr'><strong>plurimum</strong></span> <span class='ocrx_word' id='word_1_330' title='bbox 1470 2837 1635 2904; x_wconf 83' lang='lat' dir='ltr'><strong>facit,</strong></span> <span class='ocrx_word' id='word_1_331' title='bbox 1683 2841 1829 2910; x_wconf 92' lang='lat' dir='ltr'><strong>quod</strong></span> 
     </span>
    </p>
   </div>
   <div class='ocr_carea' id='block_1_46' title="bbox 311 2949 1431 3099">
    <p class='ocr_par' dir='ltr' id='par_1_46' title="bbox 311 2949 1431 3099">
     <span class='ocr_line' id='line_1_46' title="bbox 337 2949 1431 3021; baseline 0.004 -19"><span class='ocrx_word' id='word_1_332' title='bbox 337 2949 389 3017; x_wconf 91' lang='lat' dir='ltr'><strong>a)</strong></span> <span class='ocrx_word' id='word_1_333' title='bbox 421 2949 620 3005; x_wconf 83' lang='lat' dir='ltr'><strong>Mabill.</strong></span> <span class='ocrx_word' id='word_1_334' title='bbox 649 2950 897 3005; x_wconf 83' lang='lat' dir='ltr'><strong>Analect.</strong></span> <span class='ocrx_word' id='word_1_335' title='bbox 927 2966 980 3021; x_wconf 93' lang='lat' dir='ltr'><strong>p.</strong></span> <span class='ocrx_word' id='word_1_336' title='bbox 1009 2949 1113 3006; x_wconf 75' lang='grc'><strong>161</strong></span> <span class='ocrx_word' id='word_1_337' title='bbox 1139 2952 1269 3007; x_wconf 88' lang='lat' dir='ltr'><strong>edit.</strong></span> <span class='ocrx_word' id='word_1_338' title='bbox 1303 2968 1431 3007; x_wconf 90' lang='lat' dir='ltr'><strong>nov.</strong></span> 
     </span>
     <span class='ocr_line' id='line_1_47' title="bbox 311 2950 1421 3099; baseline 0.005 -25"><span class='ocrx_word' id='word_1_339' title='bbox 311 2950 388 3099; x_wconf 45' lang='lat' dir='ltr'><strong>Eb)</strong></span> <span class='ocrx_word' id='word_1_340' title='bbox 414 3022 652 3099; x_wconf 79' lang='lat' dir='ltr'><strong>_Tillem.</strong></span> <span class='ocrx_word' id='word_1_341' title='bbox 684 3021 844 3099; x_wconf 63' lang='lat' dir='ltr'><strong>hiem.</strong></span> <span class='ocrx_word' id='word_1_342' title='bbox 874 3024 1024 3099; x_wconf 73' lang='lat' dir='ltr'><strong>Eccl.</strong></span> <span class='ocrx_word' id='word_1_343' title='bbox 1057 3035 1191 3099; x_wconf 71' lang='lat' dir='ltr'><strong>tom.</strong></span> <span class='ocrx_word' id='word_1_344' title='bbox 1226 3023 1343 3094; x_wconf 83' lang='grc' dir='ltr'><strong>ΧΠ,</strong></span> <span class='ocrx_word' id='word_1_345' title='bbox 1368 3041 1421 3096; x_wconf 91' lang='lat' dir='ltr'><strong>p.</strong></span> 
     </span>
    </p>
   </div>
   <div class='ocr_carea' id='block_1_47' title="bbox 336 3021 1708 3165">
    <p class='ocr_par' dir='ltr' id='par_1_47' title="bbox 336 3021 1708 3165">
     <span class='ocr_line' id='line_1_48' title="bbox 336 3021 1708 3165; baseline 0.003 -91"><span class='ocrx_word' id='word_1_346' title='bbox 336 3021 388 3165; x_wconf 43' lang='grc' dir='ltr'><strong>ὑὲ</strong></span> <span class='ocrx_word' id='word_1_347' title='bbox 438 3022 652 3077; x_wconf 89' lang='lat' dir='ltr'><strong>Tillem.</strong></span> <span class='ocrx_word' id='word_1_348' title='bbox 684 3021 844 3077; x_wconf 86' lang='lat' dir='ltr'><strong>Mem.</strong></span> <span class='ocrx_word' id='word_1_349' title='bbox 874 3024 1024 3078; x_wconf 83' lang='lat' dir='ltr'><strong>Eccl.</strong></span> <span class='ocrx_word' id='word_1_350' title='bbox 1057 3035 1191 3078; x_wconf 92' lang='lat' dir='ltr'><strong>tom.</strong></span> <span class='ocrx_word' id='word_1_351' title='bbox 1226 3023 1343 3094; x_wconf 83' lang='grc' dir='ltr'><strong>ΧΠ,</strong></span> <span class='ocrx_word' id='word_1_352' title='bbox 1368 3041 1421 3096; x_wconf 91' lang='lat' dir='ltr'><strong>p.</strong></span> <span class='ocrx_word' id='word_1_353' title='bbox 1454 3024 1562 3081; x_wconf 83' lang='lat'><strong>556</strong></span> <span class='ocrx_word' id='word_1_354' title='bbox 1592 3039 1708 3097; x_wconf 88' lang='lat' dir='ltr'><strong>seq.</strong></span> 
     </span>
     <span class='ocr_line' id='line_1_49' title="bbox 336 3093 1208 3165; baseline 0.006 -18"><span class='ocrx_word' id='word_1_355' title='bbox 336 3111 361 3147; x_wconf 89' lang='lat' dir='ltr'><strong>c</strong></span> <span class='ocrx_word' id='word_1_356' title='bbox 412 3094 609 3149; x_wconf 88' lang='lat' dir='ltr'><strong>Baron.</strong></span> <span class='ocrx_word' id='word_1_357' title='bbox 643 3093 711 3149; x_wconf 87' lang='lat' dir='ltr'><strong>ad</strong></span> <span class='ocrx_word' id='word_1_358' title='bbox 736 3108 865 3149; x_wconf 89' lang='lat' dir='ltr'><strong>ann.</strong></span> <span class='ocrx_word' id='word_1_359' title='bbox 900 3094 1029 3165; x_wconf 78' lang='lat' dir='ltr'><strong>M9,</strong></span> <span class='ocrx_word' id='word_1_360' title='bbox 1059 3094 1087 3165; x_wconf 56' lang='grc' dir='ltr'>ᾗ</span> <span class='ocrx_word' id='word_1_361' title='bbox 1118 3097 1208 3152; x_wconf 88' lang='grc'><strong>58.</strong></span> 
     </span>
    </p>
   </div>
   <div class='ocr_carea' id='block_1_48' title="bbox 314 3093 1208 3167">
    <p class='ocr_par' dir='ltr' id='par_1_48' title="bbox 314 3093 1208 3167">
     <span class='ocr_line' id='line_1_50' title="bbox 314 3093 1208 3167; baseline 0.006 -20"><span class='ocrx_word' id='word_1_362' title='bbox 314 3093 382 3165; x_wconf 89' lang='lat' dir='ltr'><strong>(c)</strong></span> <span class='ocrx_word' id='word_1_363' title='bbox 412 3094 609 3149; x_wconf 88' lang='lat' dir='ltr'><strong>Baron.</strong></span> <span class='ocrx_word' id='word_1_364' title='bbox 643 3093 711 3149; x_wconf 87' lang='lat' dir='ltr'><strong>ad</strong></span> <span class='ocrx_word' id='word_1_365' title='bbox 736 3108 865 3149; x_wconf 89' lang='lat' dir='ltr'><strong>ann.</strong></span> <span class='ocrx_word' id='word_1_366' title='bbox 900 3094 1029 3165; x_wconf 78' lang='lat' dir='ltr'><strong>M9,</strong></span> <span class='ocrx_word' id='word_1_367' title='bbox 1059 3094 1087 3167; x_wconf 82' lang='lat'>§</span> <span class='ocrx_word' id='word_1_368' title='bbox 1118 3097 1208 3152; x_wconf 85' lang='lat'><strong>58.</strong></span> 
     </span>
    </p>
   </div>
   <div class='ocr_carea' id='block_1_49' title="bbox 1946 2176 3538 2249">
    <p class='ocr_par' dir='ltr' id='par_1_49' title="bbox 1946 2176 3538 2249">
     <span class='ocr_line' id='line_1_51' title="bbox 1946 2176 3538 2249; baseline 0 -13"><span class='ocrx_word' id='word_1_369' title='bbox 1946 2179 2069 2236; x_wconf 89' lang='lat' dir='ltr'><strong>dem</strong></span> <span class='ocrx_word' id='word_1_370' title='bbox 2100 2178 2389 2249; x_wconf 88' lang='lat' dir='ltr'><strong>scriptoris</strong></span> <span class='ocrx_word' id='word_1_371' title='bbox 2419 2176 2848 2233; x_wconf 89' lang='lat' dir='ltr'><strong>eminentissimi</strong></span> <span class='ocrx_word' id='word_1_372' title='bbox 2874 2177 3182 2233; x_wconf 89' lang='lat' dir='ltr'><strong>orationem</strong></span> <span class='ocrx_word' id='word_1_373' title='bbox 3214 2178 3538 2236; x_wconf 91' lang='lat' dir='ltr'><strong>concludam</strong></span> 
     </span>
    </p>
   </div>
   <div class='ocr_carea' id='block_1_50' title="bbox 1945 2269 3537 2345">
    <p class='ocr_par' dir='ltr' id='par_1_50' title="bbox 1945 2269 3537 2345">
     <span class='ocr_line' id='line_1_52' title="bbox 1945 2269 3537 2345; baseline -0.001 -18"><span class='ocrx_word' id='word_1_374' title='bbox 1945 2272 2024 2345; x_wconf 81' lang='lat' dir='ltr'><strong>(f)</strong></span> <span class='ocrx_word' id='word_1_375' title='bbox 2059 2291 2071 2327; x_wconf 93' lang='lat'>:</span> <span class='ocrx_word' id='word_1_376' title='bbox 2112 2290 2130 2322; x_wconf 87' lang='grc'><strong><em>‹</em></strong></span> <span class='ocrx_word' id='word_1_377' title='bbox 2177 2273 2410 2326; x_wconf 90' lang='lat' dir='ltr'><strong>Tantum</strong></span> <span class='ocrx_word' id='word_1_378' title='bbox 2455 2270 2523 2325; x_wconf 91' lang='lat' dir='ltr'><strong>ab</strong></span> <span class='ocrx_word' id='word_1_379' title='bbox 2553 2269 2824 2325; x_wconf 88' lang='lat' dir='ltr'><strong>universis</strong></span> <span class='ocrx_word' id='word_1_380' title='bbox 2856 2270 3073 2325; x_wconf 88' lang='lat' dir='ltr'><strong>illarum</strong></span> <span class='ocrx_word' id='word_1_381' title='bbox 3124 2270 3537 2340; x_wconf 86' lang='lat' dir='ltr'><strong>provinciarum</strong></span> 
     </span>
    </p>
   </div>
   <div class='ocr_carea' id='block_1_51' title="bbox 1945 2364 3534 2438">
    <p class='ocr_par' dir='ltr' id='par_1_51' title="bbox 1945 2364 3534 2438">
     <span class='ocr_line' id='line_1_53' title="bbox 1945 2364 3534 2438; baseline -0.003 -14"><span class='ocrx_word' id='word_1_382' title='bbox 1945 2368 2218 2438; x_wconf 91' lang='lat' dir='ltr'><strong>episcopis</strong></span> <span class='ocrx_word' id='word_1_383' title='bbox 2246 2368 2341 2423; x_wconf 91' lang='lat' dir='ltr'><strong>uni</strong></span> <span class='ocrx_word' id='word_1_384' title='bbox 2371 2365 2596 2420; x_wconf 84' lang='lat' dir='ltr'><strong>Aurelio</strong></span> <span class='ocrx_word' id='word_1_385' title='bbox 2630 2365 2896 2420; x_wconf 89' lang='lat' dir='ltr'><strong>tributum</strong></span> <span class='ocrx_word' id='word_1_386' title='bbox 2930 2374 3011 2419; x_wconf 90' lang='lat' dir='ltr'><strong>est</strong></span> <span class='ocrx_word' id='word_1_387' title='bbox 3042 2407 3058 2431; x_wconf 96' lang='lat'><strong>,</strong></span> <span class='ocrx_word' id='word_1_388' title='bbox 3111 2374 3171 2418; x_wconf 90' lang='lat' dir='ltr'><strong>ut</strong></span> <span class='ocrx_word' id='word_1_389' title='bbox 3217 2365 3271 2418; x_wconf 94' lang='lat' dir='ltr'><strong>in</strong></span> <span class='ocrx_word' id='word_1_390' title='bbox 3298 2364 3534 2420; x_wconf 89' lang='lat' dir='ltr'><strong>concilio</strong></span> 
     </span>
    </p>
   </div>
   <div class='ocr_carea' id='block_1_52' title="bbox 1939 2458 3536 2533">
    <p class='ocr_par' dir='ltr' id='par_1_52' title="bbox 1939 2458 3536 2533">
     <span class='ocr_line' id='line_1_54' title="bbox 1939 2458 3536 2533; baseline -0.002 -16"><span class='ocrx_word' id='word_1_391' title='bbox 1939 2460 2399 2533; x_wconf 85' lang='lat' dir='ltr'><strong>Carthaginiensi,</strong></span> <span class='ocrx_word' id='word_1_392' title='bbox 2434 2459 2677 2515; x_wconf 86' lang='lat' dir='ltr'><strong>Honorio</strong></span> <span class='ocrx_word' id='word_1_393' title='bbox 2706 2470 2851 2515; x_wconf 88' lang='lat' dir='ltr'><strong>vuet</strong></span> <span class='ocrx_word' id='word_1_394' title='bbox 2879 2458 3188 2515; x_wconf 90' lang='lat' dir='ltr'><strong>Theodosio</strong></span> <span class='ocrx_word' id='word_1_395' title='bbox 3217 2474 3255 2514; x_wconf 87' lang='grc' dir='ltr'><strong>ιι</strong></span> <span class='ocrx_word' id='word_1_396' title='bbox 3286 2459 3536 2515; x_wconf 86' lang='lat' dir='ltr'><strong>celebra-</strong></span> 
     </span>
    </p>
   </div>
   <div class='ocr_carea' id='block_1_53' title="bbox 1942 2550 3536 2623">
    <p class='ocr_par' dir='ltr' id='par_1_53' title="bbox 1942 2550 3536 2623">
     <span class='ocr_line' id='line_1_55' title="bbox 1942 2550 3536 2623; baseline -0.003 -12"><span class='ocrx_word' id='word_1_397' title='bbox 1942 2567 2017 2622; x_wconf 90' lang='lat' dir='ltr'><strong>to,</strong></span> <span class='ocrx_word' id='word_1_398' title='bbox 2054 2556 2244 2611; x_wconf 87' lang='lat' dir='ltr'><strong>Patres</strong></span> <span class='ocrx_word' id='word_1_399' title='bbox 2280 2556 2395 2609; x_wconf 65' lang='lat' dir='ltr'><strong>haec</strong></span> <span class='ocrx_word' id='word_1_400' title='bbox 2430 2554 2609 2609; x_wconf 93' lang='lat' dir='ltr'><strong>eidem</strong></span> <span class='ocrx_word' id='word_1_401' title='bbox 2641 2552 2880 2608; x_wconf 89' lang='lat' dir='ltr'><strong>dixerint</strong></span> <span class='ocrx_word' id='word_1_402' title='bbox 2921 2568 2935 2606; x_wconf 89' lang='lat'><strong>:</strong></span> <span class='ocrx_word' id='word_1_403' title='bbox 2979 2550 3190 2606; x_wconf 86' lang='lat' dir='ltr'><strong>Placuit</strong></span> <span class='ocrx_word' id='word_1_404' title='bbox 3237 2552 3395 2605; x_wconf 86' lang='lat' dir='ltr'><strong>etiam</strong></span> <span class='ocrx_word' id='word_1_405' title='bbox 3446 2569 3536 2623; x_wconf 82' lang='lat' dir='ltr'><strong>pe-</strong></span> 
     </span>
    </p>
   </div>
   <div class='ocr_carea' id='block_1_54' title="bbox 1936 2645 3534 2717">
    <p class='ocr_par' dir='ltr' id='par_1_54' title="bbox 1936 2645 3534 2717">
     <span class='ocr_line' id='line_1_56' title="bbox 1936 2645 3534 2717; baseline -0.002 -13"><span class='ocrx_word' id='word_1_406' title='bbox 1936 2652 2033 2705; x_wconf 86' lang='lat' dir='ltr'><strong>titu</strong></span> <span class='ocrx_word' id='word_1_407' title='bbox 2057 2650 2317 2717; x_wconf 84' lang='lat' dir='ltr'><strong>omnium,</strong></span> <span class='ocrx_word' id='word_1_408' title='bbox 2353 2656 2410 2701; x_wconf 88' lang='lat' dir='ltr'><strong>ut</strong></span> <span class='ocrx_word' id='word_1_409' title='bbox 2451 2648 2679 2717; x_wconf 78' lang='lat' dir='ltr'><strong>epistolis</strong></span> <span class='ocrx_word' id='word_1_410' title='bbox 2721 2645 2950 2701; x_wconf 80' lang='lat' dir='ltr'><strong>omnibus</strong></span> <span class='ocrx_word' id='word_1_411' title='bbox 2993 2646 3056 2700; x_wconf 88' lang='lat' dir='ltr'><strong>de</strong></span> <span class='ocrx_word' id='word_1_412' title='bbox 3085 2647 3305 2701; x_wconf 85' lang='lat' dir='ltr'><strong>concilio</strong></span> <span class='ocrx_word' id='word_1_413' title='bbox 3346 2646 3534 2701; x_wconf 79' lang='lat' dir='ltr'><strong>dandis</strong></span> 
     </span>
    </p>
   </div>
   <div class='ocr_carea' id='block_1_55' title="bbox 1935 2739 2915 2801">
    <p class='ocr_par' dir='ltr' id='par_1_55' title="bbox 1935 2739 2915 2801">
     <span class='ocr_line' id='line_1_57' title="bbox 1935 2739 2915 2801; baseline -0.01 0"><span class='ocrx_word' id='word_1_414' title='bbox 1935 2740 2218 2801; x_wconf 62' lang='lat' dir='ltr'><strong>saucrms</strong></span> <span class='ocrx_word' id='word_1_415' title='bbox 2243 2758 2346 2798; x_wconf 59' lang='lat' dir='ltr'><strong>rus</strong></span> <span class='ocrx_word' id='word_1_416' title='bbox 2376 2756 2512 2797; x_wconf 65' lang='lat' dir='ltr'><strong>sou</strong></span> <span class='ocrx_word' id='word_1_417' title='bbox 2541 2739 2847 2795; x_wconf 82' lang='lat' dir='ltr'><strong>subscribat.</strong></span> <span class='ocrx_word' id='word_1_418' title='bbox 2895 2758 2915 2791; x_wconf 72' lang='grc' dir='ltr'><strong><em>ι</em></strong></span> 
     </span>
    </p>
   </div>
   <div class='ocr_carea' id='block_1_56' title="bbox 2028 3027 2606 3083">
    <p class='ocr_par' dir='ltr' id='par_1_56' title="bbox 2028 3027 2606 3083">
     <span class='ocr_line' id='line_1_58' title="bbox 2028 3027 2606 3083; baseline -0.002 -2"><span class='ocrx_word' id='word_1_419' title='bbox 2028 3027 2076 3083; x_wconf 83' lang='lat' dir='ltr'><strong>el</strong></span> <span class='ocrx_word' id='word_1_420' title='bbox 2114 3029 2334 3083; x_wconf 85' lang='lat' dir='ltr'><strong>Tillem.</strong></span> <span class='ocrx_word' id='word_1_421' title='bbox 2379 3027 2487 3083; x_wconf 93' lang='lat' dir='ltr'><strong>loc.</strong></span> <span class='ocrx_word' id='word_1_422' title='bbox 2514 3027 2606 3082; x_wconf 90' lang='lat' dir='ltr'><strong>cit.</strong></span> 
     </span>
    </p>
   </div>
   <div class='ocr_carea' id='block_1_57' title="bbox 2025 2950 3241 3025">
    <p class='ocr_par' dir='ltr' id='par_1_57' title="bbox 2025 2950 3241 3025">
     <span class='ocr_line' id='line_1_59' title="bbox 2025 2950 3241 3025; baseline -0.003 -15"><span class='ocrx_word' id='word_1_423' title='bbox 2025 2955 2082 3025; x_wconf 79' lang='grc' dir='ltr'><strong>ά)</strong></span> <span class='ocrx_word' id='word_1_424' title='bbox 2109 2958 2337 3014; x_wconf 88' lang='lat' dir='ltr'><strong>Garner.</strong></span> <span class='ocrx_word' id='word_1_425' title='bbox 2369 2956 2424 3010; x_wconf 90' lang='lat' dir='ltr'><strong>in</strong></span> <span class='ocrx_word' id='word_1_426' title='bbox 2444 2963 2553 3011; x_wconf 92' lang='lat' dir='ltr'><strong>not.</strong></span> <span class='ocrx_word' id='word_1_427' title='bbox 2577 2952 2736 3021; x_wconf 78' lang='lat' dir='ltr'><strong>infra,</strong></span> <span class='ocrx_word' id='word_1_428' title='bbox 2770 2970 2823 3025; x_wconf 88' lang='lat' dir='ltr'><strong>p.</strong></span> <span class='ocrx_word' id='word_1_429' title='bbox 2860 2950 2984 3019; x_wconf 73' lang='grc'>150,</span> <span class='ocrx_word' id='word_1_430' title='bbox 3012 2950 3114 3009; x_wconf 91' lang='lat' dir='ltr'><strong>sub</strong></span> <span class='ocrx_word' id='word_1_431' title='bbox 3148 2950 3241 3006; x_wconf 86' lang='lat' dir='ltr'><strong>lin.</strong></span> 
     </span>
    </p>
   </div>
   <div class='ocr_carea' id='block_1_58' title="bbox 2000 2955 2527 3174">
    <p class='ocr_par' dir='ltr' id='par_1_58' title="bbox 2000 2955 2527 3174">
     <span class='ocr_line' id='line_1_60' title="bbox 2025 2956 2527 3014; baseline 0.002 -4"><span class='ocrx_word' id='word_1_432' title='bbox 2025 2958 2058 3010; x_wconf 78' lang='grc' dir='ltr'>ά</span> <span class='ocrx_word' id='word_1_433' title='bbox 2109 2958 2337 3014; x_wconf 88' lang='lat' dir='ltr'><strong>Garner.</strong></span> <span class='ocrx_word' id='word_1_434' title='bbox 2369 2956 2527 3011; x_wconf 90' lang='lat' dir='ltr'><strong>innol</strong></span> 
     </span>
     <span class='ocr_line' id='line_1_61' title="bbox 2000 2955 2527 3174; baseline -0.002 -92"><span class='ocrx_word' id='word_1_435' title='bbox 2000 2955 2082 3174; x_wconf 45' lang='grc' dir='ltr'><strong>ἒῗξ</strong></span> <span class='ocrx_word' id='word_1_436' title='bbox 2114 3029 2334 3083; x_wconf 85' lang='lat' dir='ltr'><strong>Tillem.</strong></span> <span class='ocrx_word' id='word_1_437' title='bbox 2379 3027 2527 3083; x_wconf 79' lang='lat' dir='ltr'><strong>loc.t</strong></span> 
     </span>
     <span class='ocr_line' id='line_1_62' title="bbox 2000 3100 2527 3171; baseline -0.004 -14"><span class='ocrx_word' id='word_1_438' title='bbox 2000 3110 2017 3171; x_wconf 87' lang='lat'><strong>(</strong></span> <span class='ocrx_word' id='word_1_439' title='bbox 2108 3100 2397 3157; x_wconf 91' lang='lat' dir='ltr'><strong>Norisloc.</strong></span> <span class='ocrx_word' id='word_1_440' title='bbox 2432 3100 2527 3155; x_wconf 91' lang='lat' dir='ltr'><strong>cit.</strong></span> 
     </span>
    </p>
   </div>
   <div class='ocr_carea' id='block_1_59' title="bbox 1115 3279 2638 3402">
    <p class='ocr_par' dir='ltr' id='par_1_59' title="bbox 1115 3279 2638 3402">
     <span class='ocr_line' id='line_1_63' title="bbox 1115 3279 2638 3402; baseline 0.005 -9"><span class='ocrx_word' id='word_1_441' title='bbox 1115 3279 1785 3398; x_wconf 75' lang='lat' dir='ltr'><strong>SANGTI</strong></span> <span class='ocrx_word' id='word_1_442' title='bbox 1859 3289 2638 3402; x_wconf 75' lang='lat' dir='ltr'><strong>AURELII</strong></span> 
     </span>
    </p>
   </div>
   <div class='ocr_carea' id='block_1_60' title="bbox 1453 3434 2372 3501">
    <p class='ocr_par' dir='ltr' id='par_1_60' title="bbox 1453 3434 2372 3501">
     <span class='ocr_line' id='line_1_64' title="bbox 1453 3434 2372 3501; baseline 0.008 -19"><span class='ocrx_word' id='word_1_443' title='bbox 1453 3434 1997 3489; x_wconf 78' lang='lat' dir='ltr'><strong>CARTHAGINENSIS</strong></span> <span class='ocrx_word' id='word_1_444' title='bbox 2040 3438 2328 3490; x_wconf 80' lang='lat' dir='ltr'><strong>EPISCOPI</strong></span> <span class='ocrx_word' id='word_1_445' title='bbox 2354 3443 2372 3501; x_wconf 61' lang='grc' dir='ltr'>ἐξ</span> 
     </span>
    </p>
   </div>
   <div class='ocr_carea' id='block_1_61' title="bbox 353 3528 3432 3626">
    <p class='ocr_par' dir='ltr' id='par_1_61' title="bbox 353 3528 3432 3626">
     <span class='ocr_line' id='line_1_65' title="bbox 353 3528 3432 3626; baseline 0.005 -14"><span class='ocrx_word' id='word_1_446' title='bbox 353 3528 916 3615; x_wconf 88' lang='lat' dir='ltr'><strong>EPISTOLA</strong></span> <span class='ocrx_word' id='word_1_447' title='bbox 992 3532 1150 3616; x_wconf 89' lang='lat' dir='ltr'><strong>AD</strong></span> <span class='ocrx_word' id='word_1_448' title='bbox 1229 3532 1625 3618; x_wconf 88' lang='lat' dir='ltr'><strong>OMNES</strong></span> <span class='ocrx_word' id='word_1_449' title='bbox 1701 3536 2340 3621; x_wconf 87' lang='lat' dir='ltr'><strong>EPISCOPOS</strong></span> <span class='ocrx_word' id='word_1_450' title='bbox 2418 3540 2653 3622; x_wconf 80' lang='lat' dir='ltr'><strong>PER</strong></span> <span class='ocrx_word' id='word_1_451' title='bbox 2730 3539 3432 3626; x_wconf 84' lang='lat' dir='ltr'><strong>BYZACENAM</strong></span> 
     </span>
    </p>
   </div>
   <div class='ocr_carea' id='block_1_62' title="bbox 936 3651 2847 3720">
    <p class='ocr_par' dir='ltr' id='par_1_62' title="bbox 936 3651 2847 3720">
     <span class='ocr_line' id='line_1_66' title="bbox 936 3651 2847 3720; baseline 0.003 -8"><span class='ocrx_word' id='word_1_452' title='bbox 936 3651 1039 3712; x_wconf 91' lang='lat' dir='ltr'><strong>ET</strong></span> <span class='ocrx_word' id='word_1_453' title='bbox 1086 3652 1698 3717; x_wconf 79' lang='lat' dir='ltr'><strong>ARZUGYTANAM</strong></span> <span class='ocrx_word' id='word_1_454' title='bbox 1739 3653 2243 3718; x_wconf 81' lang='lat' dir='ltr'><strong>PROVINCIAM</strong></span> <span class='ocrx_word' id='word_1_455' title='bbox 2278 3656 2847 3720; x_wconf 83' lang='lat' dir='ltr'><strong>CONSTITUTOS.</strong></span> 
     </span>
    </p>
   </div>
   <div class='ocr_carea' id='block_1_63' title="bbox 1610 3752 2153 3820">
    <p class='ocr_par' dir='ltr' id='par_1_63' title="bbox 1610 3752 2153 3820">
     <span class='ocr_line' id='line_1_67' title="bbox 1610 3752 2153 3820; baseline 0.004 -16"><span class='ocrx_word' id='word_1_456' title='bbox 1610 3752 1853 3816; x_wconf 83' lang='lat' dir='ltr'><strong>(Indidem</strong></span> <span class='ocrx_word' id='word_1_457' title='bbox 1876 3769 1991 3819; x_wconf 79' lang='lat' dir='ltr'><strong>pag.</strong></span> <span class='ocrx_word' id='word_1_458' title='bbox 2022 3759 2153 3820; x_wconf 79' lang='grc'>129).</span> 
     </span>
    </p>
   </div>
   <div class='ocr_carea' id='block_1_64' title="bbox 1673 3862 2059 3877">
    <p class='ocr_par' dir='ltr' id='par_1_64' title="bbox 1673 3862 2059 3877">
     <span class='ocr_line' id='line_1_68' title="bbox 1673 3862 2059 3877; baseline 0.005 -3"><span class='ocrx_word' id='word_1_459' title='bbox 1673 3862 2059 3877; x_wconf 39' lang='grc' dir='ltr'><strong>ἡ</strong></span> 
     </span>
    </p>
   </div>
   <div class='ocr_carea' id='block_1_65' title="bbox 1080 3936 2654 4009">
    <p class='ocr_par' dir='ltr' id='par_1_65' title="bbox 1080 3936 2654 4009">
     <span class='ocr_line' id='line_1_69' title="bbox 1080 3936 2654 4009; baseline 0.001 -17"><span class='ocrx_word' id='word_1_460' title='bbox 1080 3937 1159 3993; x_wconf 90' lang='lat' dir='ltr'><strong>De</strong></span> <span class='ocrx_word' id='word_1_461' title='bbox 1202 3938 1527 3992; x_wconf 72' lang='lat' dir='ltr'><strong>damnatione</strong></span> <span class='ocrx_word' id='word_1_462' title='bbox 1558 3936 1760 4008; x_wconf 76' lang='lat' dir='ltr'><strong>Pelagii</strong></span> <span class='ocrx_word' id='word_1_463' title='bbox 1804 3948 1957 4009; x_wconf 88' lang='lat' dir='ltr'><strong>atque</strong></span> <span class='ocrx_word' id='word_1_464' title='bbox 2002 3936 2226 3993; x_wconf 73' lang='lat' dir='ltr'><strong>Caelestii</strong></span> <span class='ocrx_word' id='word_1_465' title='bbox 2276 3940 2654 3996; x_wconf 78' lang='lat' dir='ltr'><strong>Iuereticorum.</strong></span> 
     </span>
    </p>
   </div>
   <div class='ocr_carea' id='block_1_66' title="bbox 230 4056 1819 4122">
    <p class='ocr_par' dir='ltr' id='par_1_66' title="bbox 230 4056 1819 4122">
     <span class='ocr_line' id='line_1_70' title="bbox 230 4056 1819 4122; baseline -0.007 -2"><span class='ocrx_word' id='word_1_466' title='bbox 230 4064 603 4122; x_wconf 78' lang='lat' dir='ltr'><strong>Dilectissimis</strong></span> <span class='ocrx_word' id='word_1_467' title='bbox 633 4078 695 4120; x_wconf 90' lang='lat' dir='ltr'><strong>ac</strong></span> <span class='ocrx_word' id='word_1_468' title='bbox 724 4058 1184 4119; x_wconf 89' lang='lat' dir='ltr'><strong>desiderabilibus</strong></span> <span class='ocrx_word' id='word_1_469' title='bbox 1222 4056 1480 4112; x_wconf 84' lang='lat' dir='ltr'><strong>fratribus</strong></span> <span class='ocrx_word' id='word_1_470' title='bbox 1521 4072 1585 4112; x_wconf 88' lang='lat' dir='ltr'><strong>ac</strong></span> <span class='ocrx_word' id='word_1_471' title='bbox 1622 4071 1819 4111; x_wconf 83' lang='lat' dir='ltr'><strong>consa-</strong></span> 
     </span>
    </p>
   </div>
   <div class='ocr_carea' id='block_1_67' title="bbox 296 4149 1823 4227">
    <p class='ocr_par' dir='ltr' id='par_1_67' title="bbox 296 4149 1823 4227">
     <span class='ocr_line' id='line_1_71' title="bbox 296 4149 1823 4227; baseline -0.005 -14"><span class='ocrx_word' id='word_1_472' title='bbox 296 4159 645 4227; x_wconf 90' lang='lat' dir='ltr'><strong>cerdotihus,</strong></span> <span class='ocrx_word' id='word_1_473' title='bbox 681 4167 707 4195; x_wconf 79' lang='grc' dir='ltr'>ει</span> <span class='ocrx_word' id='word_1_474' title='bbox 740 4158 1051 4212; x_wconf 63' lang='grc' dir='ltr'><strong>ῡοΝΑτιΑΝο</strong></span> <span class='ocrx_word' id='word_1_475' title='bbox 1094 4153 1287 4225; x_wconf 65' lang='lat' dir='ltr'><strong>prima:</strong></span> <span class='ocrx_word' id='word_1_476' title='bbox 1336 4150 1511 4217; x_wconf 87' lang='lat' dir='ltr'><strong>sedis,</strong></span> <span class='ocrx_word' id='word_1_477' title='bbox 1556 4149 1583 4188; x_wconf 73' lang='grc' dir='ltr'>δ</span> <span class='ocrx_word' id='word_1_478' title='bbox 1626 4150 1823 4206; x_wconf 76' lang='lat' dir='ltr'><strong>JANUA-</strong></span> 
     </span>
    </p>
   </div>
   <div class='ocr_carea' id='block_1_68' title="bbox 2002 4057 3559 4136">
    <p class='ocr_par' dir='ltr' id='par_1_68' title="bbox 2002 4057 3559 4136">
     <span class='ocr_line' id='line_1_72' title="bbox 2002 4057 3559 4136; baseline 0.009 -24"><span class='ocrx_word' id='word_1_479' title='bbox 2002 4074 2159 4114; x_wconf 79' lang='lat' dir='ltr'><strong>RlANO</strong></span> <span class='ocrx_word' id='word_1_480' title='bbox 2181 4101 2194 4123; x_wconf 89' lang='lat'><strong>,</strong></span> <span class='ocrx_word' id='word_1_481' title='bbox 2241 4057 2423 4115; x_wconf 77' lang='lat' dir='ltr'><strong>FELICI</strong></span> <span class='ocrx_word' id='word_1_482' title='bbox 2450 4105 2464 4127; x_wconf 91' lang='lat'><strong>,</strong></span> <span class='ocrx_word' id='word_1_483' title='bbox 2512 4060 2803 4131; x_wconf 58' lang='lat' dir='ltr'><strong>Paruum,</strong></span> <span class='ocrx_word' id='word_1_484' title='bbox 2840 4063 2856 4093; x_wconf 84' lang='grc'>¹</span> <span class='ocrx_word' id='word_1_485' title='bbox 2892 4062 3173 4133; x_wconf 72' lang='grc' dir='ltr'>ΡιιιιιιΑΝο,</span> <span class='ocrx_word' id='word_1_486' title='bbox 3206 4063 3436 4136; x_wconf 65' lang='lat' dir='ltr'><strong>Cauno,</strong></span> <span class='ocrx_word' id='word_1_487' title='bbox 3468 4078 3525 4125; x_wconf 89' lang='lat' dir='ltr'><strong>et</strong></span> <span class='ocrx_word' id='word_1_488' title='bbox 3556 4114 3559 4117; x_wconf 79' lang='lat'><strong>.</strong></span> 
     </span>
    </p>
   </div>
   <div class='ocr_carea' id='block_1_69' title="bbox 2002 4151 3526 4233">
    <p class='ocr_par' dir='ltr' id='par_1_69' title="bbox 2002 4151 3526 4233">
     <span class='ocr_line' id='line_1_73' title="bbox 2002 4151 3526 4233; baseline 0.008 -28"><span class='ocrx_word' id='word_1_489' title='bbox 2002 4152 2095 4205; x_wconf 91' lang='lat' dir='ltr'><strong>alii</strong></span> <span class='ocrx_word' id='word_1_490' title='bbox 2140 4151 2343 4208; x_wconf 62' lang='lat' dir='ltr'><strong>Cauno</strong></span> <span class='ocrx_word' id='word_1_491' title='bbox 2367 4196 2381 4221; x_wconf 93' lang='lat'><strong>,</strong></span> <span class='ocrx_word' id='word_1_492' title='bbox 2413 4152 2678 4210; x_wconf 74' lang='lat' dir='ltr'><strong>JANUABIO</strong></span> <span class='ocrx_word' id='word_1_493' title='bbox 2700 4198 2714 4223; x_wconf 94' lang='lat'><strong>,</strong></span> <span class='ocrx_word' id='word_1_494' title='bbox 2745 4154 3067 4226; x_wconf 74' lang='lat' dir='ltr'><strong>Vicronmo,</strong></span> <span class='ocrx_word' id='word_1_495' title='bbox 3102 4166 3159 4213; x_wconf 91' lang='lat' dir='ltr'><strong>et</strong></span> <span class='ocrx_word' id='word_1_496' title='bbox 3184 4159 3400 4217; x_wconf 60' lang='lat' dir='ltr'><strong>ceteris</strong></span> <span class='ocrx_word' id='word_1_497' title='bbox 3426 4174 3526 4233; x_wconf 90' lang='lat' dir='ltr'><strong>per</strong></span> 
     </span>
    </p>
   </div>
   <div class='ocr_carea' id='block_1_70' title="bbox 297 4287 2395 4366">
    <p class='ocr_par' dir='ltr' id='par_1_70' title="bbox 297 4287 2395 4366">
     <span class='ocr_line' id='line_1_74' title="bbox 297 4287 2395 4366; baseline -0.003 -15"><span class='ocrx_word' id='word_1_498' title='bbox 297 4298 311 4327; x_wconf 86' lang='grc'>¹</span> <span class='ocrx_word' id='word_1_499' title='bbox 340 4296 464 4351; x_wconf 87' lang='lat' dir='ltr'><strong>Mss.</strong></span> <span class='ocrx_word' id='word_1_500' title='bbox 491 4295 691 4366; x_wconf 80' lang='lat' dir='ltr'><strong>Magd.,</strong></span> <span class='ocrx_word' id='word_1_501' title='bbox 726 4293 986 4359; x_wconf 85' lang='lat' dir='ltr'><strong>Primino,</strong></span> <span class='ocrx_word' id='word_1_502' title='bbox 1014 4290 1242 4364; x_wconf 82' lang='lat' dir='ltr'><strong>Gajano,</strong></span> <span class='ocrx_word' id='word_1_503' title='bbox 1271 4299 1377 4344; x_wconf 90' lang='lat' dir='ltr'><strong>etc.</strong></span> <span class='ocrx_word' id='word_1_504' title='bbox 1410 4288 1557 4354; x_wconf 88' lang='lat' dir='ltr'><strong>Uss.,</strong></span> <span class='ocrx_word' id='word_1_505' title='bbox 1584 4287 1808 4342; x_wconf 83' lang='lat' dir='ltr'><strong>Gatano.</strong></span> <span class='ocrx_word' id='word_1_506' title='bbox 1852 4288 1993 4357; x_wconf 88' lang='lat' dir='ltr'><strong>Bal.,</strong></span> <span class='ocrx_word' id='word_1_507' title='bbox 2026 4288 2251 4354; x_wconf 85' lang='lat' dir='ltr'><strong>Galano,</strong></span> <span class='ocrx_word' id='word_1_508' title='bbox 2284 4300 2395 4345; x_wconf 90' lang='lat' dir='ltr'><strong>etc.</strong></span> 
     </span>
    </p>
   </div>
   <div class='ocr_carea' id='block_1_71' title="bbox 296 4407 3524 4483">
    <p class='ocr_par' dir='ltr' id='par_1_71' title="bbox 296 4407 3524 4483">
     <span class='ocr_line' id='line_1_75' title="bbox 296 4407 3524 4483; baseline 0.002 -15"><span class='ocrx_word' id='word_1_509' title='bbox 296 4425 322 4450; x_wconf 75' lang='grc' dir='ltr'><strong>ιι</strong></span> <span class='ocrx_word' id='word_1_510' title='bbox 354 4414 573 4469; x_wconf 74' lang='lat' dir='ltr'><strong>Przefuit</strong></span> <span class='ocrx_word' id='word_1_511' title='bbox 599 4413 931 4467; x_wconf 90' lang='lat' dir='ltr'><strong>Donatianus</strong></span> <span class='ocrx_word' id='word_1_512' title='bbox 960 4410 1219 4483; x_wconf 71' lang='lat' dir='ltr'><strong>Ecclesim</strong></span> <span class='ocrx_word' id='word_1_513' title='bbox 1247 4408 1586 4483; x_wconf 81' lang='lat' dir='ltr'><strong>Teleptensi,</strong></span> <span class='ocrx_word' id='word_1_514' title='bbox 1613 4407 1820 4475; x_wconf 85' lang='lat' dir='ltr'><strong>totique</strong></span> <span class='ocrx_word' id='word_1_515' title='bbox 1846 4409 1890 4471; x_wconf 89' lang='lat' dir='ltr'>C</span> <span class='ocrx_word' id='word_1_516' title='bbox 1925 4409 2162 4481; x_wconf 82' lang='lat' dir='ltr'><strong>synodus</strong></span> <span class='ocrx_word' id='word_1_517' title='bbox 2192 4410 2372 4466; x_wconf 87' lang='lat' dir='ltr'><strong>habita</strong></span> <span class='ocrx_word' id='word_1_518' title='bbox 2401 4412 2614 4469; x_wconf 86' lang='lat' dir='ltr'><strong>dicatur</strong></span> <span class='ocrx_word' id='word_1_519' title='bbox 2652 4415 2739 4472; x_wconf 88' lang='lat' dir='ltr'><strong>die</strong></span> <span class='ocrx_word' id='word_1_520' title='bbox 2765 4416 2832 4471; x_wconf 72' lang='grc'><strong>27</strong></span> <span class='ocrx_word' id='word_1_521' title='bbox 2854 4417 2975 4473; x_wconf 87' lang='lat' dir='ltr'><strong>Jan.</strong></span> <span class='ocrx_word' id='word_1_522' title='bbox 2998 4460 3012 4483; x_wconf 93' lang='lat'><strong>,</strong></span> <span class='ocrx_word' id='word_1_523' title='bbox 3055 4418 3133 4473; x_wconf 91' lang='lat' dir='ltr'><strong>sic</strong></span> <span class='ocrx_word' id='word_1_524' title='bbox 3172 4418 3356 4474; x_wconf 88' lang='lat' dir='ltr'><strong>omnia</strong></span> <span class='ocrx_word' id='word_1_525' title='bbox 3379 4418 3524 4477; x_wconf 85' lang='lat' dir='ltr'><strong>belle</strong></span> 
     </span>
    </p>
   </div>
   <div class='ocr_carea' id='block_1_72' title="bbox 225 4479 1819 4557">
    <p class='ocr_par' dir='ltr' id='par_1_72' title="bbox 225 4479 1819 4557">
     <span class='ocr_line' id='line_1_76' title="bbox 225 4479 1819 4557; baseline -0.006 -15"><span class='ocrx_word' id='word_1_526' title='bbox 225 4488 518 4557; x_wconf 71' lang='lat' dir='ltr'><strong>Byzzicenze</strong></span> <span class='ocrx_word' id='word_1_527' title='bbox 548 4485 845 4554; x_wconf 62' lang='lat' dir='ltr'><strong>provincia:</strong></span> <span class='ocrx_word' id='word_1_528' title='bbox 865 4484 975 4557; x_wconf 14' lang='lat' dir='ltr'><strong>,7in</strong></span> <span class='ocrx_word' id='word_1_529' title='bbox 1008 4497 1111 4551; x_wconf 89' lang='lat' dir='ltr'><strong>qua</strong></span> <span class='ocrx_word' id='word_1_530' title='bbox 1138 4480 1272 4535; x_wconf 80' lang='lat' dir='ltr'><strong>duas</strong></span> <span class='ocrx_word' id='word_1_531' title='bbox 1303 4480 1513 4557; x_wconf 67' lang='lat' dir='ltr'><strong>videtur</strong></span> <span class='ocrx_word' id='word_1_532' title='bbox 1545 4479 1647 4557; x_wconf 83' lang='lat' dir='ltr'><strong>hoc</strong></span> <span class='ocrx_word' id='word_1_533' title='bbox 1676 4494 1819 4533; x_wconf 86' lang='lat' dir='ltr'><strong>anno</strong></span> 
     </span>
    </p>
   </div>
   <div class='ocr_carea' id='block_1_73' title="bbox 222 4550 1815 4629">
    <p class='ocr_par' dir='ltr' id='par_1_73' title="bbox 222 4550 1815 4629">
     <span class='ocr_line' id='line_1_77' title="bbox 222 4550 1815 4629; baseline -0.006 -15"><span class='ocrx_word' id='word_1_534' title='bbox 222 4550 481 4614; x_wconf 68' lang='lat' dir='ltr'><strong>habuisse</strong></span> <span class='ocrx_word' id='word_1_535' title='bbox 533 4550 805 4629; x_wconf 84' lang='lat' dir='ltr'><strong>synodos,</strong></span> <span class='ocrx_word' id='word_1_536' title='bbox 861 4550 1272 4629; x_wconf 80' lang='lat' dir='ltr'><strong>alteram__autc</strong></span> <span class='ocrx_word' id='word_1_537' title='bbox 1302 4552 1542 4629; x_wconf 77' lang='lat' dir='ltr'><strong>Pascha,</strong></span> <span class='ocrx_word' id='word_1_538' title='bbox 1589 4550 1815 4629; x_wconf 80' lang='lat' dir='ltr'><strong>alterum</strong></span> 
     </span>
    </p>
   </div>
   <div class='ocr_carea' id='block_1_74' title="bbox 220 4623 1817 4693">
    <p class='ocr_par' dir='ltr' id='par_1_74' title="bbox 220 4623 1817 4693">
     <span class='ocr_line' id='line_1_78' title="bbox 220 4623 1817 4693; baseline -0.006 -6"><span class='ocrx_word' id='word_1_539' title='bbox 220 4630 441 4687; x_wconf 87' lang='lat' dir='ltr'><strong>circiter</strong></span> <span class='ocrx_word' id='word_1_540' title='bbox 475 4623 720 4683; x_wconf 67' lang='lat' dir='ltr'><strong>autumni</strong></span> <span class='ocrx_word' id='word_1_541' title='bbox 757 4639 990 4692; x_wconf 85' lang='lat' dir='ltr'><strong>tempus.</strong></span> <span class='ocrx_word' id='word_1_542' title='bbox 1026 4626 1078 4678; x_wconf 93' lang='lat' dir='ltr'><strong>In</strong></span> <span class='ocrx_word' id='word_1_543' title='bbox 1108 4624 1196 4679; x_wconf 88' lang='lat' dir='ltr'><strong>illa</strong></span> <span class='ocrx_word' id='word_1_544' title='bbox 1229 4624 1445 4693; x_wconf 78' lang='lat' dir='ltr'><strong>excepit</strong></span> <span class='ocrx_word' id='word_1_545' title='bbox 1486 4623 1817 4693; x_wconf 86' lang='lat' dir='ltr'><strong>legationem</strong></span> 
     </span>
    </p>
   </div>
   <div class='ocr_carea' id='block_1_75' title="bbox 219 4694 1817 4771">
    <p class='ocr_par' dir='ltr' id='par_1_75' title="bbox 219 4694 1817 4771">
     <span class='ocr_line' id='line_1_79' title="bbox 219 4694 1817 4771; baseline -0.004 -15"><span class='ocrx_word' id='word_1_546' title='bbox 219 4702 518 4771; x_wconf 78' lang='lat' dir='ltr'><strong>provinciae</strong></span> <span class='ocrx_word' id='word_1_547' title='bbox 568 4698 1013 4771; x_wconf 58' lang='lat' dir='ltr'><strong>proconsularis,</strong></span> <span class='ocrx_word' id='word_1_548' title='bbox 1060 4712 1163 4771; x_wconf 84' lang='lat' dir='ltr'><strong>qua</strong></span> <span class='ocrx_word' id='word_1_549' title='bbox 1209 4695 1375 4771; x_wconf 75' lang='lat' dir='ltr'><strong>functi</strong></span> <span class='ocrx_word' id='word_1_550' title='bbox 1419 4705 1549 4771; x_wconf 76' lang='lat' dir='ltr'><strong>sunt</strong></span> <span class='ocrx_word' id='word_1_551' title='bbox 1577 4694 1817 4771; x_wconf 81' lang='lat' dir='ltr'><strong>Vincen-</strong></span> 
     </span>
    </p>
   </div>
   <div class='ocr_carea' id='block_1_76' title="bbox 219 4766 1816 4833">
    <p class='ocr_par' dir='ltr' id='par_1_76' title="bbox 219 4766 1816 4833">
     <span class='ocr_line' id='line_1_80' title="bbox 219 4766 1816 4833; baseline -0.006 -3"><span class='ocrx_word' id='word_1_552' title='bbox 219 4766 327 4830; x_wconf 73' lang='lat' dir='ltr'><strong>tius</strong></span> <span class='ocrx_word' id='word_1_553' title='bbox 353 4766 731 4833; x_wconf 82' lang='lat' dir='ltr'><strong>Culusitanus,</strong></span> <span class='ocrx_word' id='word_1_554' title='bbox 765 4780 823 4825; x_wconf 92' lang='lat' dir='ltr'><strong>et</strong></span> <span class='ocrx_word' id='word_1_555' title='bbox 853 4769 1282 4823; x_wconf 87' lang='lat' dir='ltr'><strong>Fortunatianus</strong></span> <span class='ocrx_word' id='word_1_556' title='bbox 1311 4766 1698 4832; x_wconf 86' lang='lat' dir='ltr'><strong>Neapolitanus</strong></span> <span class='ocrx_word' id='word_1_557' title='bbox 1725 4784 1736 4818; x_wconf 92' lang='lat'><strong>:</strong></span> <span class='ocrx_word' id='word_1_558' title='bbox 1763 4767 1816 4820; x_wconf 91' lang='lat' dir='ltr'><strong>in</strong></span> 
     </span>
    </p>
   </div>
   <div class='ocr_carea' id='block_1_77' title="bbox 222 4838 1813 4912">
    <p class='ocr_par' dir='ltr' id='par_1_77' title="bbox 222 4838 1813 4912">
     <span class='ocr_line' id='line_1_81' title="bbox 222 4838 1813 4912; baseline -0.006 -14"><span class='ocrx_word' id='word_1_559' title='bbox 222 4847 321 4899; x_wconf 89' lang='lat' dir='ltr'><strong>ista</strong></span> <span class='ocrx_word' id='word_1_560' title='bbox 343 4847 554 4912; x_wconf 85' lang='lat' dir='ltr'><strong>accepit</strong></span> <span class='ocrx_word' id='word_1_561' title='bbox 570 4846 777 4896; x_wconf 87' lang='lat' dir='ltr'><strong>litteras</strong></span> <span class='ocrx_word' id='word_1_562' title='bbox 792 4840 991 4894; x_wconf 78' lang='lat' dir='ltr'><strong>Aurelii</strong></span> <span class='ocrx_word' id='word_1_563' title='bbox 1006 4855 1128 4893; x_wconf 84' lang='lat' dir='ltr'><strong>cum</strong></span> <span class='ocrx_word' id='word_1_564' title='bbox 1158 4838 1382 4912; x_wconf 77' lang='lat' dir='ltr'><strong>llonorii</strong></span> <span class='ocrx_word' id='word_1_565' title='bbox 1402 4838 1813 4912; x_wconf 79' lang='lat' dir='ltr'><strong>constitutione.</strong></span> 
     </span>
    </p>
   </div>
   <div class='ocr_carea' id='block_1_78' title="bbox 220 4909 1818 4972">
    <p class='ocr_par' dir='ltr' id='par_1_78' title="bbox 220 4909 1818 4972">
     <span class='ocr_line' id='line_1_82' title="bbox 220 4909 1818 4972; baseline -0.006 -1"><span class='ocrx_word' id='word_1_566' title='bbox 220 4917 428 4972; x_wconf 88' lang='lat' dir='ltr'><strong>Prioris</strong></span> <span class='ocrx_word' id='word_1_567' title='bbox 453 4909 573 4970; x_wconf 79' lang='lat' dir='ltr'><strong>acta</strong></span> <span class='ocrx_word' id='word_1_568' title='bbox 604 4914 872 4967; x_wconf 84' lang='lat' dir='ltr'><strong>habentur</strong></span> <span class='ocrx_word' id='word_1_569' title='bbox 904 4912 954 4963; x_wconf 92' lang='lat' dir='ltr'><strong>in</strong></span> <span class='ocrx_word' id='word_1_570' title='bbox 978 4909 1223 4964; x_wconf 87' lang='lat' dir='ltr'><strong>secundo</strong></span> <span class='ocrx_word' id='word_1_571' title='bbox 1251 4919 1395 4962; x_wconf 92' lang='lat' dir='ltr'><strong>tomo</strong></span> <span class='ocrx_word' id='word_1_572' title='bbox 1417 4909 1668 4962; x_wconf 69' lang='lat' dir='ltr'><strong>maximm</strong></span> <span class='ocrx_word' id='word_1_573' title='bbox 1695 4909 1818 4963; x_wconf 79' lang='lat' dir='ltr'><strong>Col-</strong></span> 
     </span>
    </p>
   </div>
   <div class='ocr_carea' id='block_1_79' title="bbox 217 4978 1817 5049">
    <p class='ocr_par' dir='ltr' id='par_1_79' title="bbox 217 4978 1817 5049">
     <span class='ocr_line' id='line_1_83' title="bbox 217 4978 1817 5049; baseline -0.004 -8"><span class='ocrx_word' id='word_1_574' title='bbox 217 4989 472 5043; x_wconf 86' lang='lat' dir='ltr'><strong>lectionis</strong></span> <span class='ocrx_word' id='word_1_575' title='bbox 525 4984 918 5043; x_wconf 88' lang='lat' dir='ltr'><strong>conciliorum;</strong></span> <span class='ocrx_word' id='word_1_576' title='bbox 976 4980 1295 5049; x_wconf 80' lang='lat' dir='ltr'><strong>posterioris</strong></span> <span class='ocrx_word' id='word_1_577' title='bbox 1352 4978 1483 5033; x_wconf 85' lang='lat' dir='ltr'><strong>nihil</strong></span> <span class='ocrx_word' id='word_1_578' title='bbox 1547 4991 1817 5047; x_wconf 87' lang='lat' dir='ltr'><strong>superest.</strong></span> 
     </span>
    </p>
   </div>
   <div class='ocr_carea' id='block_1_80' title="bbox 217 5049 1820 5126">
    <p class='ocr_par' dir='ltr' id='par_1_80' title="bbox 217 5049 1820 5126">
     <span class='ocr_line' id='line_1_84' title="bbox 217 5049 1820 5126; baseline -0.006 -12"><span class='ocrx_word' id='word_1_579' title='bbox 217 5060 425 5114; x_wconf 84' lang='lat' dir='ltr'><strong>Verum</strong></span> <span class='ocrx_word' id='word_1_580' title='bbox 476 5058 526 5110; x_wconf 93' lang='lat' dir='ltr'><strong>iu</strong></span> <span class='ocrx_word' id='word_1_581' title='bbox 577 5055 774 5126; x_wconf 89' lang='lat' dir='ltr'><strong>prioris</strong></span> <span class='ocrx_word' id='word_1_582' title='bbox 833 5052 1243 5126; x_wconf 82' lang='lat' dir='ltr'><strong>consignatione</strong></span> <span class='ocrx_word' id='word_1_583' title='bbox 1288 5050 1482 5126; x_wconf 81' lang='lat' dir='ltr'><strong>opinor</strong></span> <span class='ocrx_word' id='word_1_584' title='bbox 1531 5049 1820 5126; x_wconf 75' lang='lat' dir='ltr'><strong>irrepsisse</strong></span> 
     </span>
    </p>
   </div>
   <div class='ocr_carea' id='block_1_81' title="bbox 215 5120 1818 5196">
    <p class='ocr_par' dir='ltr' id='par_1_81' title="bbox 215 5120 1818 5196">
     <span class='ocr_line' id='line_1_85' title="bbox 215 5120 1818 5196; baseline -0.006 -11"><span class='ocrx_word' id='word_1_585' title='bbox 215 5131 484 5185; x_wconf 86' lang='lat' dir='ltr'><strong>mendum</strong></span> <span class='ocrx_word' id='word_1_586' title='bbox 530 5146 542 5181; x_wconf 91' lang='lat'><strong>:</strong></span> <span class='ocrx_word' id='word_1_587' title='bbox 579 5120 773 5196; x_wconf 58' lang='lat' dir='ltr'><strong>&#39;nequc</strong></span> <span class='ocrx_word' id='word_1_588' title='bbox 819 5125 963 5181; x_wconf 89' lang='lat' dir='ltr'><strong>enim</strong></span> <span class='ocrx_word' id='word_1_589' title='bbox 996 5120 1224 5196; x_wconf 78' lang='lat' dir='ltr'><strong>haberi</strong></span> <span class='ocrx_word' id='word_1_590' title='bbox 1258 5122 1431 5196; x_wconf 82' lang='lat' dir='ltr'><strong>potuit</strong></span> <span class='ocrx_word' id='word_1_591' title='bbox 1462 5137 1514 5175; x_wconf 78' lang='lat' dir='ltr'><strong>v1</strong></span> <span class='ocrx_word' id='word_1_592' title='bbox 1558 5120 1818 5196; x_wconf 60' lang='lat' dir='ltr'><strong>kalendas</strong></span> 
     </span>
    </p>
   </div>
   <div class='ocr_carea' id='block_1_82' title="bbox 214 5193 1819 5264">
    <p class='ocr_par' dir='ltr' id='par_1_82' title="bbox 214 5193 1819 5264">
     <span class='ocr_line' id='line_1_86' title="bbox 214 5193 1819 5264; baseline -0.006 -7"><span class='ocrx_word' id='word_1_593' title='bbox 214 5202 471 5264; x_wconf 86' lang='lat' dir='ltr'><strong>Martias;</strong></span> <span class='ocrx_word' id='word_1_594' title='bbox 506 5193 786 5254; x_wconf 84' lang='lat' dir='ltr'><strong>incidisset</strong></span> <span class='ocrx_word' id='word_1_595' title='bbox 813 5198 959 5251; x_wconf 90' lang='lat' dir='ltr'><strong>enim</strong></span> <span class='ocrx_word' id='word_1_596' title='bbox 992 5196 1046 5249; x_wconf 91' lang='lat' dir='ltr'><strong>in</strong></span> <span class='ocrx_word' id='word_1_597' title='bbox 1076 5194 1517 5262; x_wconf 80' lang='lat' dir='ltr'><strong>Quadragesimae</strong></span> <span class='ocrx_word' id='word_1_598' title='bbox 1546 5193 1689 5247; x_wconf 89' lang='lat' dir='ltr'><strong>diem</strong></span> <span class='ocrx_word' id='word_1_599' title='bbox 1721 5208 1819 5247; x_wconf 88' lang='lat' dir='ltr'><strong>no-</strong></span> 
     </span>
    </p>
   </div>
   <div class='ocr_carea' id='block_1_83' title="bbox 217 5265 1817 5339">
    <p class='ocr_par' dir='ltr' id='par_1_83' title="bbox 217 5265 1817 5339">
     <span class='ocr_line' id='line_1_87' title="bbox 217 5265 1817 5339; baseline -0.005 -11"><span class='ocrx_word' id='word_1_600' title='bbox 217 5290 374 5339; x_wconf 85' lang='lat' dir='ltr'><strong>uam,</strong></span> <span class='ocrx_word' id='word_1_601' title='bbox 409 5271 618 5327; x_wconf 86' lang='lat' dir='ltr'><strong>Pascha</strong></span> <span class='ocrx_word' id='word_1_602' title='bbox 664 5267 938 5323; x_wconf 89' lang='lat' dir='ltr'><strong>incidente</strong></span> <span class='ocrx_word' id='word_1_603' title='bbox 992 5271 1045 5320; x_wconf 92' lang='lat' dir='ltr'><strong>in</strong></span> <span class='ocrx_word' id='word_1_604' title='bbox 1077 5267 1230 5339; x_wconf 77' lang='lat' dir='ltr'><strong>diem</strong></span> <span class='ocrx_word' id='word_1_605' title='bbox 1281 5266 1349 5321; x_wconf 81' lang='lat'><strong>50</strong></span> <span class='ocrx_word' id='word_1_606' title='bbox 1398 5265 1595 5321; x_wconf 82' lang='lat' dir='ltr'><strong>Martii.</strong></span> <span class='ocrx_word' id='word_1_607' title='bbox 1641 5268 1817 5339; x_wconf 60' lang='lat' dir='ltr'><strong>Atque</strong></span> 
     </span>
    </p>
   </div>
   <div class='ocr_carea' id='block_1_84' title="bbox 214 5335 1814 5412">
    <p class='ocr_par' dir='ltr' id='par_1_84' title="bbox 214 5335 1814 5412">
     <span class='ocr_line' id='line_1_88' title="bbox 214 5335 1814 5412; baseline -0.007 -11"><span class='ocrx_word' id='word_1_608' title='bbox 214 5348 291 5401; x_wconf 85' lang='lat' dir='ltr'><strong>ita</strong></span> <span class='ocrx_word' id='word_1_609' title='bbox 315 5390 328 5411; x_wconf 94' lang='lat'><strong>,</strong></span> <span class='ocrx_word' id='word_1_610' title='bbox 361 5335 506 5412; x_wconf 83' lang='lat' dir='ltr'><strong>quod</strong></span> <span class='ocrx_word' id='word_1_611' title='bbox 553 5343 815 5397; x_wconf 90' lang='lat' dir='ltr'><strong>abuorme</strong></span> <span class='ocrx_word' id='word_1_612' title='bbox 855 5340 1049 5394; x_wconf 82' lang='lat' dir='ltr'><strong>fuisset</strong></span> <span class='ocrx_word' id='word_1_613' title='bbox 1077 5338 1162 5412; x_wconf 83' lang='lat' dir='ltr'><strong>his</strong></span> <span class='ocrx_word' id='word_1_614' title='bbox 1203 5340 1539 5412; x_wconf 68' lang='lat' dir='ltr'><strong>temporibus</strong></span> <span class='ocrx_word' id='word_1_615' title='bbox 1563 5379 1578 5401; x_wconf 90' lang='lat'><strong>,</strong></span> <span class='ocrx_word' id='word_1_616' title='bbox 1608 5335 1814 5391; x_wconf 84' lang='lat' dir='ltr'><strong>abfuis-</strong></span> 
     </span>
    </p>
   </div>
   <div class='ocr_carea' id='block_1_85' title="bbox 213 5408 1815 5480">
    <p class='ocr_par' dir='ltr' id='par_1_85' title="bbox 213 5408 1815 5480">
     <span class='ocr_line' id='line_1_89' title="bbox 213 5408 1815 5480; baseline -0.006 -8"><span class='ocrx_word' id='word_1_617' title='bbox 213 5408 338 5472; x_wconf 80' lang='lat' dir='ltr'><strong>sent</strong></span> <span class='ocrx_word' id='word_1_618' title='bbox 366 5408 584 5472; x_wconf 80' lang='lat' dir='ltr'><strong>Patrum</strong></span> <span class='ocrx_word' id='word_1_619' title='bbox 629 5412 806 5467; x_wconf 83' lang='lat' dir='ltr'><strong>inedia</strong></span> <span class='ocrx_word' id='word_1_620' title='bbox 844 5426 972 5479; x_wconf 86' lang='lat' dir='ltr'><strong>pars</strong></span> <span class='ocrx_word' id='word_1_621' title='bbox 1009 5424 1037 5461; x_wconf 91' lang='lat' dir='ltr'><strong>a</strong></span> <span class='ocrx_word' id='word_1_622' title='bbox 1078 5408 1189 5463; x_wconf 91' lang='lat' dir='ltr'><strong>suis</strong></span> <span class='ocrx_word' id='word_1_623' title='bbox 1229 5409 1489 5464; x_wconf 89' lang='lat' dir='ltr'><strong>Ecclesiis</strong></span> <span class='ocrx_word' id='word_1_624' title='bbox 1512 5452 1525 5473; x_wconf 94' lang='lat'><strong>,</strong></span> <span class='ocrx_word' id='word_1_625' title='bbox 1564 5424 1815 5480; x_wconf 88' lang='lat' dir='ltr'><strong>magnam</strong></span> 
     </span>
    </p>
   </div>
   <div class='ocr_carea' id='block_1_86' title="bbox 1930 4488 3523 4557">
    <p class='ocr_par' dir='ltr' id='par_1_86' title="bbox 1930 4488 3523 4557">
     <span class='ocr_line' id='line_1_90' title="bbox 1930 4488 3523 4557; baseline 0.008 -22"><span class='ocrx_word' id='word_1_626' title='bbox 1930 4492 2228 4557; x_wconf 82' lang='lat' dir='ltr'><strong>congruent</strong></span> <span class='ocrx_word' id='word_1_627' title='bbox 2262 4501 2275 4537; x_wconf 92' lang='lat'><strong>:</strong></span> <span class='ocrx_word' id='word_1_628' title='bbox 2307 4500 2429 4539; x_wconf 85' lang='lat' dir='ltr'><strong>nam</strong></span> <span class='ocrx_word' id='word_1_629' title='bbox 2462 4497 2706 4543; x_wconf 87' lang='lat' dir='ltr'><strong>servatus</strong></span> <span class='ocrx_word' id='word_1_630' title='bbox 2739 4488 2901 4545; x_wconf 87' lang='lat' dir='ltr'><strong>fuerit</strong></span> <span class='ocrx_word' id='word_1_631' title='bbox 2943 4504 3117 4545; x_wconf 89' lang='lat' dir='ltr'><strong>canon</strong></span> <span class='ocrx_word' id='word_1_632' title='bbox 3150 4488 3422 4557; x_wconf 71' lang='lat' dir='ltr'><strong>Nicaeuus,</strong></span> <span class='ocrx_word' id='word_1_633' title='bbox 3452 4491 3523 4548; x_wconf 88' lang='lat' dir='ltr'><strong>de</strong></span> 
     </span>
    </p>
   </div>
   <div class='ocr_carea' id='block_1_87' title="bbox 1948 4553 3523 4632">
    <p class='ocr_par' dir='ltr' id='par_1_87' title="bbox 1948 4553 3523 4632">
     <span class='ocr_line' id='line_1_91' title="bbox 1948 4553 3523 4632; baseline 0.008 -25"><span class='ocrx_word' id='word_1_634' title='bbox 1948 4553 2189 4632; x_wconf 64' lang='lat' dir='ltr'><strong>cogenda</strong></span> <span class='ocrx_word' id='word_1_635' title='bbox 2220 4570 2330 4632; x_wconf 81' lang='lat' dir='ltr'><strong>suae</strong></span> <span class='ocrx_word' id='word_1_636' title='bbox 2364 4559 2658 4632; x_wconf 64' lang='lat' dir='ltr'><strong>prgvinciae</strong></span> <span class='ocrx_word' id='word_1_637' title='bbox 2698 4562 2902 4631; x_wconf 87' lang='lat' dir='ltr'><strong>synodo</strong></span> <span class='ocrx_word' id='word_1_638' title='bbox 2946 4577 2977 4616; x_wconf 90' lang='lat' dir='ltr'><strong>a</strong></span> <span class='ocrx_word' id='word_1_639' title='bbox 3028 4561 3352 4632; x_wconf 87' lang='lat' dir='ltr'><strong>primatibus</strong></span> <span class='ocrx_word' id='word_1_640' title='bbox 3393 4553 3523 4620; x_wconf 83' lang='lat' dir='ltr'><strong>ante</strong></span> 
     </span>
    </p>
   </div>
   <div class='ocr_carea' id='block_1_88' title="bbox 1929 4625 3520 4696">
    <p class='ocr_par' dir='ltr' id='par_1_88' title="bbox 1929 4625 3520 4696">
     <span class='ocr_line' id='line_1_92' title="bbox 1929 4625 3520 4696; baseline 0.007 -18"><span class='ocrx_word' id='word_1_641' title='bbox 1929 4625 2404 4696; x_wconf 82' lang='lat' dir='ltr'><strong>Quadragesimam</strong></span> <span class='ocrx_word' id='word_1_642' title='bbox 2424 4628 2664 4696; x_wconf 77' lang='lat' dir='ltr'><strong>Pasclue;</strong></span> <span class='ocrx_word' id='word_1_643' title='bbox 2690 4625 2744 4686; x_wconf 79' lang='lat' dir='ltr'><strong>ei</strong></span> <span class='ocrx_word' id='word_1_644' title='bbox 2767 4632 2900 4687; x_wconf 85' lang='lat' dir='ltr'><strong>feria</strong></span> <span class='ocrx_word' id='word_1_645' title='bbox 2927 4625 3375 4695; x_wconf 81' lang='lat' dir='ltr'><strong>secunda,datum</strong></span> <span class='ocrx_word' id='word_1_646' title='bbox 3400 4632 3520 4689; x_wconf 82' lang='lat' dir='ltr'><strong>lue-</strong></span> 
     </span>
    </p>
   </div>
   <div class='ocr_carea' id='block_1_89' title="bbox 1928 4698 3521 4768">
    <p class='ocr_par' dir='ltr' id='par_1_89' title="bbox 1928 4698 3521 4768">
     <span class='ocr_line' id='line_1_93' title="bbox 1928 4698 3521 4768; baseline 0.008 -18"><span class='ocrx_word' id='word_1_647' title='bbox 1928 4698 2139 4768; x_wconf 79' lang='lat' dir='ltr'><strong>synodo</strong></span> <span class='ocrx_word' id='word_1_648' title='bbox 2208 4699 2456 4758; x_wconf 88' lang='lat' dir='ltr'><strong>initium.</strong></span> <span class='ocrx_word' id='word_1_649' title='bbox 2525 4704 2669 4765; x_wconf 84' lang='lat' dir='ltr'><strong>quod</strong></span> <span class='ocrx_word' id='word_1_650' title='bbox 2724 4702 3000 4768; x_wconf 88' lang='lat' dir='ltr'><strong>solemne;</strong></span> <span class='ocrx_word' id='word_1_651' title='bbox 3059 4714 3113 4757; x_wconf 91' lang='lat' dir='ltr'><strong>et</strong></span> <span class='ocrx_word' id='word_1_652' title='bbox 3168 4704 3358 4759; x_wconf 89' lang='lat' dir='ltr'><strong>Patres</strong></span> <span class='ocrx_word' id='word_1_653' title='bbox 3407 4705 3521 4762; x_wconf 87' lang='lat' dir='ltr'><strong>suis</strong></span> 
     </span>
    </p>
   </div>
   <div class='ocr_carea' id='block_1_90' title="bbox 1926 4767 3357 4844">
    <p class='ocr_par' dir='ltr' id='par_1_90' title="bbox 1926 4767 3357 4844">
     <span class='ocr_line' id='line_1_94' title="bbox 1926 4767 3357 4844; baseline 0.003 -22"><span class='ocrx_word' id='word_1_654' title='bbox 1926 4767 2189 4844; x_wconf 67' lang='lat' dir='ltr'><strong>Ecclesiis</strong></span> <span class='ocrx_word' id='word_1_655' title='bbox 2231 4768 2575 4825; x_wconf 81' lang='lat' dir='ltr'><strong>interfuerint</strong></span> <span class='ocrx_word' id='word_1_656' title='bbox 2606 4773 2872 4841; x_wconf 88' lang='lat' dir='ltr'><strong>principio</strong></span> <span class='ocrx_word' id='word_1_657' title='bbox 2900 4767 3357 4844; x_wconf 81' lang='lat' dir='ltr'><strong>Quadragesimae.</strong></span> 
     </span>
    </p>
   </div>
   <div class='ocr_carea' id='block_1_91' title="bbox 1997 4839 3517 4911">
    <p class='ocr_par' dir='ltr' id='par_1_91' title="bbox 1997 4839 3517 4911">
     <span class='ocr_line' id='line_1_95' title="bbox 1997 4839 3517 4911; baseline 0.008 -19"><span class='ocrx_word' id='word_1_658' title='bbox 1997 4839 2332 4894; x_wconf 88' lang='lat' dir='ltr'><strong>Donatianus</strong></span> <span class='ocrx_word' id='word_1_659' title='bbox 2384 4856 2549 4911; x_wconf 84' lang='lat' dir='ltr'><strong>porro</strong></span> <span class='ocrx_word' id='word_1_660' title='bbox 2603 4839 2814 4898; x_wconf 78' lang='lat' dir='ltr'><strong>celebre</strong></span> <span class='ocrx_word' id='word_1_661' title='bbox 2860 4839 2936 4897; x_wconf 86' lang='lat' dir='ltr'><strong>in</strong></span> <span class='ocrx_word' id='word_1_662' title='bbox 2966 4839 3219 4899; x_wconf 75' lang='lat' dir='ltr'><strong>Africana</strong></span> <span class='ocrx_word' id='word_1_663' title='bbox 3268 4846 3517 4905; x_wconf 89' lang='lat' dir='ltr'><strong>Ecclesia</strong></span> 
     </span>
    </p>
   </div>
   <div class='ocr_carea' id='block_1_92' title="bbox 1924 4910 3513 4991">
    <p class='ocr_par' dir='ltr' id='par_1_92' title="bbox 1924 4910 3513 4991">
     <span class='ocr_line' id='line_1_96' title="bbox 1924 4910 3513 4991; baseline 0.009 -30"><span class='ocrx_word' id='word_1_664' title='bbox 1924 4910 2109 4991; x_wconf 46' lang='lat' dir='ltr'><strong>gessit;</strong></span> <span class='ocrx_word' id='word_1_665' title='bbox 2140 4927 2335 4991; x_wconf 77' lang='lat' dir='ltr'><strong>nomen</strong></span> <span class='ocrx_word' id='word_1_666' title='bbox 2372 4910 2399 4966; x_wconf 34' lang='lat' dir='ltr'><strong>z&#39;</strong></span> <span class='ocrx_word' id='word_1_667' title='bbox 2429 4914 2947 4991; x_wconf 69' lang='lat' dir='ltr'><strong>namqueinterfuit</strong></span> <span class='ocrx_word' id='word_1_668' title='bbox 2982 4916 3217 4991; x_wconf 70' lang='lat' dir='ltr'><strong>concilio</strong></span> <span class='ocrx_word' id='word_1_669' title='bbox 3260 4914 3513 4991; x_wconf 81' lang='lat' dir='ltr'><strong>Carlhag.</strong></span> 
     </span>
    </p>
   </div>
   <div class='ocr_carea' id='block_1_93' title="bbox 1924 4980 3517 5051">
    <p class='ocr_par' dir='ltr' id='par_1_93' title="bbox 1924 4980 3517 5051">
     <span class='ocr_line' id='line_1_97' title="bbox 1924 4980 3517 5051; baseline 0.008 -17"><span class='ocrx_word' id='word_1_670' title='bbox 1924 4980 2050 5035; x_wconf 77' lang='lat' dir='ltr'><strong>ante</strong></span> <span class='ocrx_word' id='word_1_671' title='bbox 2070 4982 2423 5037; x_wconf 86' lang='lat' dir='ltr'><strong>Collationem</strong></span> <span class='ocrx_word' id='word_1_672' title='bbox 2446 4980 2651 5039; x_wconf 52' lang='lat' dir='ltr'><strong>anuli</strong></span> <span class='ocrx_word' id='word_1_673' title='bbox 2665 4987 2689 5039; x_wconf 89' lang='grc'><strong>1</strong></span> <span class='ocrx_word' id='word_1_674' title='bbox 2704 5029 2717 5051; x_wconf 91' lang='grc'><strong>,</strong></span> <span class='ocrx_word' id='word_1_675' title='bbox 2735 4988 2965 5041; x_wconf 91' lang='lat' dir='ltr'><strong>concilio</strong></span> <span class='ocrx_word' id='word_1_676' title='bbox 2980 4987 3239 5044; x_wconf 81' lang='lat' dir='ltr'><strong>Africano</strong></span> <span class='ocrx_word' id='word_1_677' title='bbox 3261 5004 3383 5045; x_wconf 88' lang='lat' dir='ltr'><strong>cum</strong></span> <span class='ocrx_word' id='word_1_678' title='bbox 3405 4980 3517 5047; x_wconf 75' lang='grc' dir='ltr'><strong>Αὖ-</strong></span> 
     </span>
    </p>
   </div>
   <div class='ocr_carea' id='block_1_94' title="bbox 1926 5052 3521 5134">
    <p class='ocr_par' dir='ltr' id='par_1_94' title="bbox 1926 5052 3521 5134">
     <span class='ocr_line' id='line_1_98' title="bbox 1926 5052 3521 5134; baseline 0.009 -28"><span class='ocrx_word' id='word_1_679' title='bbox 1926 5052 2058 5106; x_wconf 91' lang='lat' dir='ltr'><strong>relio</strong></span> <span class='ocrx_word' id='word_1_680' title='bbox 2080 5052 2298 5134; x_wconf 64' lang='lat' dir='ltr'><strong>praefuit</strong></span> <span class='ocrx_word' id='word_1_681' title='bbox 2332 5071 2461 5134; x_wconf 73' lang='lat' dir='ltr'><strong>ann.</strong></span> <span class='ocrx_word' id='word_1_682' title='bbox 2495 5054 2631 5121; x_wconf 76' lang='grc'><strong>418,</strong></span> <span class='ocrx_word' id='word_1_683' title='bbox 2663 5057 2982 5134; x_wconf 78' lang='lat' dir='ltr'><strong>Teleptense</strong></span> <span class='ocrx_word' id='word_1_684' title='bbox 3018 5060 3303 5134; x_wconf 86' lang='lat' dir='ltr'><strong>concilium</strong></span> <span class='ocrx_word' id='word_1_685' title='bbox 3343 5065 3521 5134; x_wconf 86' lang='lat' dir='ltr'><strong>coegit</strong></span> 
     </span>
    </p>
   </div>
   <div class='ocr_carea' id='block_1_95' title="bbox 1925 5125 3517 5195">
    <p class='ocr_par' dir='ltr' id='par_1_95' title="bbox 1925 5125 3517 5195">
     <span class='ocr_line' id='line_1_99' title="bbox 1925 5125 3517 5195; baseline 0.011 -21"><span class='ocrx_word' id='word_1_686' title='bbox 1925 5139 2055 5195; x_wconf 88' lang='lat' dir='ltr'><strong>ann.</strong></span> <span class='ocrx_word' id='word_1_687' title='bbox 2084 5125 2219 5191; x_wconf 75' lang='lat' dir='ltr'><strong>M9,</strong></span> <span class='ocrx_word' id='word_1_688' title='bbox 2249 5125 2438 5179; x_wconf 88' lang='lat' dir='ltr'><strong>eodem</strong></span> <span class='ocrx_word' id='word_1_689' title='bbox 2466 5141 2607 5182; x_wconf 89' lang='lat' dir='ltr'><strong>anno</strong></span> <span class='ocrx_word' id='word_1_690' title='bbox 2626 5125 2879 5195; x_wconf 75' lang='lat' dir='ltr'><strong>praesedit</strong></span> <span class='ocrx_word' id='word_1_691' title='bbox 2904 5146 3026 5185; x_wconf 92' lang='lat' dir='ltr'><strong>cum</strong></span> <span class='ocrx_word' id='word_1_692' title='bbox 3041 5133 3260 5188; x_wconf 87' lang='lat' dir='ltr'><strong>Aurelio</strong></span> <span class='ocrx_word' id='word_1_693' title='bbox 3283 5125 3517 5192; x_wconf 72' lang='lat' dir='ltr'><strong>concilio</strong></span> 
     </span>
    </p>
   </div>
   <div class='ocr_carea' id='block_1_96' title="bbox 1924 5193 3515 5278">
    <p class='ocr_par' dir='ltr' id='par_1_96' title="bbox 1924 5193 3515 5278">
     <span class='ocr_line' id='line_1_100' title="bbox 1924 5193 3515 5278; baseline 0.009 -29"><span class='ocrx_word' id='word_1_694' title='bbox 1924 5193 2201 5278; x_wconf 74' lang='lat' dir='ltr'><strong>Alricano,</strong></span> <span class='ocrx_word' id='word_1_695' title='bbox 2234 5210 2579 5278; x_wconf 81' lang='lat' dir='ltr'><strong>canonesque</strong></span> <span class='ocrx_word' id='word_1_696' title='bbox 2621 5193 3039 5278; x_wconf 69' lang='lat' dir='ltr'><strong>praacedeutium</strong></span> <span class='ocrx_word' id='word_1_697' title='bbox 3068 5204 3397 5278; x_wconf 88' lang='lat' dir='ltr'><strong>synodorum</strong></span> <span class='ocrx_word' id='word_1_698' title='bbox 3429 5222 3515 5263; x_wconf 88' lang='lat' dir='ltr'><strong>re-</strong></span> 
     </span>
    </p>
   </div>
   <div class='ocr_carea' id='block_1_97' title="bbox 1925 5269 3421 5340">
    <p class='ocr_par' dir='ltr' id='par_1_97' title="bbox 1925 5269 3421 5340">
     <span class='ocr_line' id='line_1_101' title="bbox 1925 5269 3421 5340; baseline 0.007 -20"><span class='ocrx_word' id='word_1_699' title='bbox 1925 5269 2209 5336; x_wconf 77' lang='lat' dir='ltr'><strong>cognovit,</strong></span> <span class='ocrx_word' id='word_1_700' title='bbox 2244 5278 2298 5321; x_wconf 92' lang='lat' dir='ltr'><strong>et</strong></span> <span class='ocrx_word' id='word_1_701' title='bbox 2324 5269 2592 5325; x_wconf 88' lang='lat' dir='ltr'><strong>secundus</strong></span> <span class='ocrx_word' id='word_1_702' title='bbox 2621 5280 2741 5340; x_wconf 89' lang='lat' dir='ltr'><strong>post</strong></span> <span class='ocrx_word' id='word_1_703' title='bbox 2772 5274 3051 5331; x_wconf 83' lang='lat' dir='ltr'><strong>Aurelium</strong></span> <span class='ocrx_word' id='word_1_704' title='bbox 3078 5269 3421 5340; x_wconf 74' lang='lat' dir='ltr'><strong>subscripsit.</strong></span> 
     </span>
    </p>
   </div>
   <div class='ocr_carea' id='block_1_98' title="bbox 2001 5340 3516 5415">
    <p class='ocr_par' dir='ltr' id='par_1_98' title="bbox 2001 5340 3516 5415">
     <span class='ocr_line' id='line_1_102' title="bbox 2001 5340 3516 5415; baseline 0.008 -22"><span class='ocrx_word' id='word_1_705' title='bbox 2001 5340 2309 5415; x_wconf 60' lang='lat' dir='ltr'><strong>Occasione</strong></span> <span class='ocrx_word' id='word_1_706' title='bbox 2357 5341 2645 5415; x_wconf 70' lang='lat' dir='ltr'><strong>Donatiani</strong></span> <span class='ocrx_word' id='word_1_707' title='bbox 2708 5344 3050 5415; x_wconf 87' lang='lat' dir='ltr'><strong>Teleptensis</strong></span> <span class='ocrx_word' id='word_1_708' title='bbox 3115 5340 3516 5405; x_wconf 88' lang='lat' dir='ltr'><strong>emendandum</strong></span> 
     </span>
    </p>
   </div>
   <div class='ocr_carea' id='block_1_99' title="bbox 1933 5411 3515 5488">
    <p class='ocr_par' dir='ltr' id='par_1_99' title="bbox 1933 5411 3515 5488">
     <span class='ocr_line' id='line_1_103' title="bbox 1933 5411 3515 5488; baseline 0.006 -22"><span class='ocrx_word' id='word_1_709' title='bbox 1933 5421 2045 5477; x_wconf 87' lang='lat' dir='ltr'><strong>est,</strong></span> <span class='ocrx_word' id='word_1_710' title='bbox 2072 5412 2219 5488; x_wconf 68' lang='lat' dir='ltr'><strong>quod</strong></span> <span class='ocrx_word' id='word_1_711' title='bbox 2253 5411 2408 5488; x_wconf 83' lang='lat' dir='ltr'><strong>Binio</strong></span> <span class='ocrx_word' id='word_1_712' title='bbox 2445 5424 2503 5468; x_wconf 91' lang='lat' dir='ltr'><strong>et</strong></span> <span class='ocrx_word' id='word_1_713' title='bbox 2527 5411 2924 5486; x_wconf 85' lang='lat' dir='ltr'><strong>Christophoro</strong></span> <span class='ocrx_word' id='word_1_714' title='bbox 2954 5419 3181 5475; x_wconf 90' lang='lat' dir='ltr'><strong>Justello</strong></span> <span class='ocrx_word' id='word_1_715' title='bbox 3217 5418 3515 5488; x_wconf 90' lang='lat' dir='ltr'><strong>subrepsit,</strong></span> 
     </span>
    </p>
   </div>
   <div class='ocr_carea' id='block_1_100' title="bbox 214 5481 3505 5561">
    <p class='ocr_par' dir='ltr' id='par_1_100' title="bbox 214 5481 3505 5561">
     <span class='ocr_line' id='line_1_104' title="bbox 214 5481 3505 5561; baseline 0.001 -19"><span class='ocrx_word' id='word_1_716' title='bbox 214 5498 431 5561; x_wconf 85' lang='lat' dir='ltr'><strong>partem</strong></span> <span class='ocrx_word' id='word_1_717' title='bbox 471 5483 947 5561; x_wconf 64' lang='lat' dir='ltr'><strong>Quadragesimze.</strong></span> <span class='ocrx_word' id='word_1_718' title='bbox 990 5481 1177 5551; x_wconf 90' lang='lat' dir='ltr'><strong>Neque</strong></span> <span class='ocrx_word' id='word_1_719' title='bbox 1224 5497 1353 5561; x_wconf 76' lang='lat' dir='ltr'><strong>vero</strong></span> <span class='ocrx_word' id='word_1_720' title='bbox 1387 5483 1641 5561; x_wconf 78' lang='lat' dir='ltr'><strong>mendum</strong></span> <span class='ocrx_word' id='word_1_721' title='bbox 1685 5483 1819 5561; x_wconf 74' lang='lat' dir='ltr'><strong>satis</strong></span> <span class='ocrx_word' id='word_1_722' title='bbox 1849 5495 1901 5554; x_wconf 86' lang='lat' dir='ltr'><strong>D</strong></span> <span class='ocrx_word' id='word_1_723' title='bbox 1931 5484 2085 5561; x_wconf 78' lang='lat' dir='ltr'><strong>quasi</strong></span> <span class='ocrx_word' id='word_1_724' title='bbox 2116 5481 2479 5552; x_wconf 89' lang='lat' dir='ltr'><strong>Donatianus,</strong></span> <span class='ocrx_word' id='word_1_725' title='bbox 2533 5501 2641 5561; x_wconf 83' lang='lat' dir='ltr'><strong>non</strong></span> <span class='ocrx_word' id='word_1_726' title='bbox 2687 5481 2861 5561; x_wconf 68' lang='lat' dir='ltr'><strong>aetatis</strong></span> <span class='ocrx_word' id='word_1_727' title='bbox 2887 5489 3047 5558; x_wconf 88' lang='lat' dir='ltr'><strong>jure,</strong></span> <span class='ocrx_word' id='word_1_728' title='bbox 3098 5489 3193 5545; x_wconf 90' lang='lat' dir='ltr'><strong>sed</strong></span> <span class='ocrx_word' id='word_1_729' title='bbox 3231 5481 3505 5561; x_wconf 64' lang='lat' dir='ltr'><strong>civitatis,</strong></span> 
     </span>
    </p>
   </div>
   <div class='ocr_carea' id='block_1_101' title="bbox 214 5552 1825 5623">
    <p class='ocr_par' dir='ltr' id='par_1_101' title="bbox 214 5552 1825 5623">
     <span class='ocr_line' id='line_1_105' title="bbox 214 5552 1825 5623; baseline -0.006 -7"><span class='ocrx_word' id='word_1_730' title='bbox 214 5552 633 5623; x_wconf 59' lang='lat' dir='ltr'><strong>Emendaveris,</strong></span> <span class='ocrx_word' id='word_1_731' title='bbox 673 5552 751 5621; x_wconf 80' lang='lat' dir='ltr'><strong>si,</strong></span> <span class='ocrx_word' id='word_1_732' title='bbox 804 5556 945 5623; x_wconf 85' lang='lat' dir='ltr'><strong>quod</strong></span> <span class='ocrx_word' id='word_1_733' title='bbox 981 5568 1210 5623; x_wconf 82' lang='lat' dir='ltr'><strong>pronum</strong></span> <span class='ocrx_word' id='word_1_734' title='bbox 1244 5552 1478 5617; x_wconf 88' lang='lat' dir='ltr'><strong>videtur,</strong></span> <span class='ocrx_word' id='word_1_735' title='bbox 1514 5552 1825 5607; x_wconf 76' lang='lat' dir='ltr'><strong>restitueris</strong></span> 
     </span>
    </p>
   </div>
   <div class='ocr_carea' id='block_1_102' title="bbox 217 5623 1821 5695">
    <p class='ocr_par' dir='ltr' id='par_1_102' title="bbox 217 5623 1821 5695">
     <span class='ocr_line' id='line_1_106' title="bbox 217 5623 1821 5695; baseline -0.005 -10"><span class='ocrx_word' id='word_1_736' title='bbox 217 5630 441 5686; x_wconf 82' lang='lat' dir='ltr'><strong>decadis</strong></span> <span class='ocrx_word' id='word_1_737' title='bbox 470 5639 648 5683; x_wconf 89' lang='lat' dir='ltr'><strong>notam</strong></span> <span class='ocrx_word' id='word_1_738' title='bbox 679 5645 745 5694; x_wconf 73' lang='grc' dir='ltr'><strong>χ,</strong></span> <span class='ocrx_word' id='word_1_739' title='bbox 782 5626 1129 5695; x_wconf 86' lang='lat' dir='ltr'><strong>habitamque</strong></span> <span class='ocrx_word' id='word_1_740' title='bbox 1162 5624 1365 5678; x_wconf 75' lang='lat' dir='ltr'><strong>dixeris</strong></span> <span class='ocrx_word' id='word_1_741' title='bbox 1408 5623 1673 5694; x_wconf 87' lang='lat' dir='ltr'><strong>synodum</strong></span> <span class='ocrx_word' id='word_1_742' title='bbox 1709 5639 1821 5689; x_wconf 78' lang='lat' dir='ltr'><strong>xvr,</strong></span> 
     </span>
    </p>
   </div>
   <div class='ocr_carea' id='block_1_103' title="bbox 220 5696 1823 5764">
    <p class='ocr_par' dir='ltr' id='par_1_103' title="bbox 220 5696 1823 5764">
     <span class='ocr_line' id='line_1_107' title="bbox 220 5696 1823 5764; baseline -0.006 -7"><span class='ocrx_word' id='word_1_743' title='bbox 220 5700 442 5757; x_wconf 81' lang='lat' dir='ltr'><strong>kalend.</strong></span> <span class='ocrx_word' id='word_1_744' title='bbox 472 5700 711 5755; x_wconf 79' lang='lat' dir='ltr'><strong>Martias.</strong></span> <span class='ocrx_word' id='word_1_745' title='bbox 742 5700 875 5754; x_wconf 87' lang='lat' dir='ltr'><strong>Nam</strong></span> <span class='ocrx_word' id='word_1_746' title='bbox 906 5706 965 5753; x_wconf 90' lang='lat' dir='ltr'><strong>et</strong></span> <span class='ocrx_word' id='word_1_747' title='bbox 997 5698 1113 5751; x_wconf 65' lang='lat' dir='ltr'><strong>haac</strong></span> <span class='ocrx_word' id='word_1_748' title='bbox 1140 5697 1258 5751; x_wconf 91' lang='lat' dir='ltr'><strong>dies</strong></span> <span class='ocrx_word' id='word_1_749' title='bbox 1287 5696 1449 5749; x_wconf 85' lang='lat' dir='ltr'><strong>luerit</strong></span> <span class='ocrx_word' id='word_1_750' title='bbox 1479 5696 1648 5764; x_wconf 88' lang='lat' dir='ltr'><strong>prima</strong></span> <span class='ocrx_word' id='word_1_751' title='bbox 1676 5696 1823 5762; x_wconf 85' lang='lat' dir='ltr'><strong>Qua-</strong></span> 
     </span>
    </p>
   </div>
   <div class='ocr_carea' id='block_1_104' title="bbox 219 5767 1843 5843">
    <p class='ocr_par' dir='ltr' id='par_1_104' title="bbox 219 5767 1843 5843">
     <span class='ocr_line' id='line_1_108' title="bbox 219 5767 1843 5843; baseline -0.006 -13"><span class='ocrx_word' id='word_1_752' title='bbox 219 5774 548 5843; x_wconf 76' lang='lat' dir='ltr'><strong>dragesinne</strong></span> <span class='ocrx_word' id='word_1_753' title='bbox 569 5814 582 5831; x_wconf 87' lang='lat'><strong>,</strong></span> <span class='ocrx_word' id='word_1_754' title='bbox 618 5787 721 5843; x_wconf 79' lang='lat' dir='ltr'><strong>qua</strong></span> <span class='ocrx_word' id='word_1_755' title='bbox 769 5773 919 5843; x_wconf 73' lang='lat' dir='ltr'><strong>nefas</strong></span> <span class='ocrx_word' id='word_1_756' title='bbox 960 5780 1107 5825; x_wconf 89' lang='lat' dir='ltr'><strong>esset</strong></span> <span class='ocrx_word' id='word_1_757' title='bbox 1142 5768 1417 5843; x_wconf 69' lang='lat' dir='ltr'><strong>episcopis</strong></span> <span class='ocrx_word' id='word_1_758' title='bbox 1438 5767 1628 5822; x_wconf 74' lang='lat' dir='ltr'><strong>abesse</strong></span> <span class='ocrx_word' id='word_1_759' title='bbox 1657 5782 1687 5821; x_wconf 89' lang='lat' dir='ltr'><strong>a</strong></span> <span class='ocrx_word' id='word_1_760' title='bbox 1710 5769 1843 5829; x_wconf 84' lang='lat' dir='ltr'><strong>suis</strong></span> 
     </span>
    </p>
   </div>
   <div class='ocr_carea' id='block_1_105' title="bbox 221 5840 1825 5909">
    <p class='ocr_par' dir='ltr' id='par_1_105' title="bbox 221 5840 1825 5909">
     <span class='ocr_line' id='line_1_109' title="bbox 221 5840 1825 5909; baseline -0.006 -8"><span class='ocrx_word' id='word_1_761' title='bbox 221 5840 511 5901; x_wconf 76' lang='lat' dir='ltr'><strong>Ecclesiis.</strong></span> <span class='ocrx_word' id='word_1_762' title='bbox 564 5842 720 5908; x_wconf 78' lang='lat' dir='ltr'><strong>Quod</strong></span> <span class='ocrx_word' id='word_1_763' title='bbox 769 5842 814 5896; x_wconf 82' lang='lat' dir='ltr'><strong>si</strong></span> <span class='ocrx_word' id='word_1_764' title='bbox 844 5855 1059 5896; x_wconf 80' lang='lat' dir='ltr'><strong>Servata</strong></span> <span class='ocrx_word' id='word_1_765' title='bbox 1112 5840 1381 5895; x_wconf 77' lang='lat' dir='ltr'><strong>numeruli</strong></span> <span class='ocrx_word' id='word_1_766' title='bbox 1420 5848 1547 5894; x_wconf 79' lang='lat' dir='ltr'><strong>nota</strong></span> <span class='ocrx_word' id='word_1_767' title='bbox 1586 5855 1676 5903; x_wconf 78' lang='lat' dir='ltr'><strong>Vt,</strong></span> <span class='ocrx_word' id='word_1_768' title='bbox 1726 5853 1825 5909; x_wconf 88' lang='lat' dir='ltr'><strong>pro</strong></span> 
     </span>
    </p>
   </div>
   <div class='ocr_carea' id='block_1_106' title="bbox 223 5909 1819 5983">
    <p class='ocr_par' dir='ltr' id='par_1_106' title="bbox 223 5909 1819 5983">
     <span class='ocr_line' id='line_1_110' title="bbox 223 5909 1819 5983; baseline -0.007 -10"><span class='ocrx_word' id='word_1_769' title='bbox 223 5917 437 5974; x_wconf 76' lang='lat' dir='ltr'><strong>Martiis</strong></span> <span class='ocrx_word' id='word_1_770' title='bbox 487 5914 735 5969; x_wconf 84' lang='lat' dir='ltr'><strong>kalendis</strong></span> <span class='ocrx_word' id='word_1_771' title='bbox 780 5922 1113 5983; x_wconf 82' lang='lat' dir='ltr'><strong>reponantur</strong></span> <span class='ocrx_word' id='word_1_772' title='bbox 1153 5911 1500 5978; x_wconf 65' lang='lat' dir='ltr'><strong>Februariae,</strong></span> <span class='ocrx_word' id='word_1_773' title='bbox 1548 5921 1708 5982; x_wconf 76' lang='lat' dir='ltr'><strong>atque</strong></span> <span class='ocrx_word' id='word_1_774' title='bbox 1749 5909 1819 5965; x_wconf 79' lang='lat' dir='ltr'><strong>itu</strong></span> 
     </span>
    </p>
   </div>
   <div class='ocr_carea' id='block_1_107' title="bbox 1929 5555 3516 5626">
    <p class='ocr_par' dir='ltr' id='par_1_107' title="bbox 1929 5555 3516 5626">
     <span class='ocr_line' id='line_1_111' title="bbox 1929 5555 3516 5626; baseline 0.007 -20"><span class='ocrx_word' id='word_1_775' title='bbox 1929 5555 2217 5623; x_wconf 90' lang='lat' dir='ltr'><strong>primatum</strong></span> <span class='ocrx_word' id='word_1_776' title='bbox 2250 5569 2362 5609; x_wconf 68' lang='lat' dir='ltr'><strong>suae</strong></span> <span class='ocrx_word' id='word_1_777' title='bbox 2391 5557 2683 5626; x_wconf 73' lang='lat' dir='ltr'><strong>provincia:</strong></span> <span class='ocrx_word' id='word_1_778' title='bbox 2722 5555 3061 5615; x_wconf 78' lang='lat' dir='ltr'><strong>obtinuerit:</strong></span> <span class='ocrx_word' id='word_1_779' title='bbox 3109 5560 3163 5615; x_wconf 91' lang='lat' dir='ltr'><strong>id</strong></span> <span class='ocrx_word' id='word_1_780' title='bbox 3209 5560 3352 5615; x_wconf 90' lang='lat' dir='ltr'><strong>enim</strong></span> <span class='ocrx_word' id='word_1_781' title='bbox 3398 5555 3516 5617; x_wconf 64' lang='lat' dir='ltr'><strong>oml-</strong></span> 
     </span>
    </p>
   </div>
   <div class='ocr_carea' id='block_1_108' title="bbox 1929 5626 3511 5704">
    <p class='ocr_par' dir='ltr' id='par_1_108' title="bbox 1929 5626 3511 5704">
     <span class='ocr_line' id='line_1_112' title="bbox 1929 5626 3511 5704; baseline 0.006 -25"><span class='ocrx_word' id='word_1_782' title='bbox 1929 5626 2327 5704; x_wconf 43' lang='lat' dir='ltr'><strong>ninonverilali</strong></span> <span class='ocrx_word' id='word_1_783' title='bbox 2373 5639 2603 5704; x_wconf 81' lang='lat' dir='ltr'><strong>pugnat,</strong></span> <span class='ocrx_word' id='word_1_784' title='bbox 2660 5631 3094 5704; x_wconf 81' lang='lat' dir='ltr'><strong>quandoquidem</strong></span> <span class='ocrx_word' id='word_1_785' title='bbox 3150 5631 3201 5685; x_wconf 92' lang='lat' dir='ltr'><strong>in</strong></span> <span class='ocrx_word' id='word_1_786' title='bbox 3250 5632 3511 5704; x_wconf 85' lang='lat' dir='ltr'><strong>synodica</strong></span> 
     </span>
    </p>
   </div>
   <div class='ocr_carea' id='block_1_109' title="bbox 1926 5697 3512 5773">
    <p class='ocr_par' dir='ltr' id='par_1_109' title="bbox 1926 5697 3512 5773">
     <span class='ocr_line' id='line_1_113' title="bbox 1926 5697 3512 5773; baseline 0.007 -22"><span class='ocrx_word' id='word_1_787' title='bbox 1926 5697 2137 5752; x_wconf 81' lang='lat' dir='ltr'><strong>concilii</strong></span> <span class='ocrx_word' id='word_1_788' title='bbox 2168 5697 2469 5770; x_wconf 70' lang='lat' dir='ltr'><strong>Byzaceni,</strong></span> <span class='ocrx_word' id='word_1_789' title='bbox 2502 5697 2702 5773; x_wconf 83' lang='lat' dir='ltr'><strong>primas</strong></span> <span class='ocrx_word' id='word_1_790' title='bbox 2740 5697 3019 5756; x_wconf 82' lang='lat' dir='ltr'><strong>Muzonius</strong></span> <span class='ocrx_word' id='word_1_791' title='bbox 3057 5697 3361 5773; x_wconf 74' lang='lat' dir='ltr'><strong>appellatur</strong></span> <span class='ocrx_word' id='word_1_792' title='bbox 3390 5714 3512 5762; x_wconf 85' lang='lat' dir='ltr'><strong>tan-</strong></span> 
     </span>
    </p>
   </div>
   <div class='ocr_carea' id='block_1_110' title="bbox 1929 5772 3513 5846">
    <p class='ocr_par' dir='ltr' id='par_1_110' title="bbox 1929 5772 3513 5846">
     <span class='ocr_line' id='line_1_114' title="bbox 1929 5772 3513 5846; baseline 0.007 -23"><span class='ocrx_word' id='word_1_793' title='bbox 1929 5780 2038 5823; x_wconf 91' lang='lat' dir='ltr'><strong>tum</strong></span> <span class='ocrx_word' id='word_1_794' title='bbox 2086 5784 2289 5834; x_wconf 84' lang='lat' dir='ltr'><strong>senex,</strong></span> <span class='ocrx_word' id='word_1_795' title='bbox 2338 5781 2398 5825; x_wconf 94' lang='lat' dir='ltr'><strong>ut</strong></span> <span class='ocrx_word' id='word_1_796' title='bbox 2430 5772 2619 5846; x_wconf 81' lang='lat' dir='ltr'><strong>solent</strong></span> <span class='ocrx_word' id='word_1_797' title='bbox 2650 5773 2772 5835; x_wconf 91' lang='lat' dir='ltr'><strong>alii,</strong></span> <span class='ocrx_word' id='word_1_798' title='bbox 2814 5775 2905 5842; x_wconf 90' lang='lat' dir='ltr'><strong>qui</strong></span> <span class='ocrx_word' id='word_1_799' title='bbox 2952 5772 3176 5846; x_wconf 88' lang='lat' dir='ltr'><strong>reliquis</strong></span> <span class='ocrx_word' id='word_1_800' title='bbox 3220 5777 3513 5846; x_wconf 83' lang='lat' dir='ltr'><strong>provinciis</strong></span> 
     </span>
    </p>
   </div>
   <div class='ocr_carea' id='block_1_111' title="bbox 1928 5843 3471 5918">
    <p class='ocr_par' dir='ltr' id='par_1_111' title="bbox 1928 5843 3471 5918">
     <span class='ocr_line' id='line_1_115' title="bbox 1928 5843 3471 5918; baseline 0.006 -25"><span class='ocrx_word' id='word_1_801' title='bbox 1928 5849 2125 5918; x_wconf 60' lang='lat' dir='ltr'><strong>praeter</strong></span> <span class='ocrx_word' id='word_1_802' title='bbox 2158 5843 2596 5918; x_wconf 76' lang='lat' dir='ltr'><strong>procnnsularem</strong></span> <span class='ocrx_word' id='word_1_803' title='bbox 2614 5884 2646 5918; x_wconf 85' lang='lat'><strong>,_</strong></span> <span class='ocrx_word' id='word_1_804' title='bbox 2665 5855 2935 5913; x_wconf 62' lang='lat' dir='ltr'><strong>praerant</strong></span> <span class='ocrx_word' id='word_1_805' title='bbox 2960 5843 3245 5918; x_wconf 84' lang='lat' dir='ltr'><strong>privilegio</strong></span> <span class='ocrx_word' id='word_1_806' title='bbox 3275 5849 3471 5904; x_wconf 64' lang='lat' dir='ltr'><strong>artatis.</strong></span> 
     </span>
    </p>
   </div>
   <div class='ocr_carea' id='block_1_112' title="bbox 2001 5911 3505 5985">
    <p class='ocr_par' dir='ltr' id='par_1_112' title="bbox 2001 5911 3505 5985">
     <span class='ocr_line' id='line_1_116' title="bbox 2001 5911 3505 5985; baseline 0.006 -19"><span class='ocrx_word' id='word_1_807' title='bbox 2001 5911 2026 5950; x_wconf 71' lang='grc' dir='ltr'>δ</span> <span class='ocrx_word' id='word_1_808' title='bbox 2058 5912 2134 5967; x_wconf 85' lang='lat' dir='ltr'><strong>Ex</strong></span> <span class='ocrx_word' id='word_1_809' title='bbox 2175 5928 2367 5969; x_wconf 84' lang='lat' dir='ltr'><strong>novem</strong></span> <span class='ocrx_word' id='word_1_810' title='bbox 2414 5911 2717 5983; x_wconf 74' lang='lat' dir='ltr'><strong>episcopis,</strong></span> <span class='ocrx_word' id='word_1_811' title='bbox 2768 5911 2998 5985; x_wconf 80' lang='lat' dir='ltr'><strong>quorum</strong></span> <span class='ocrx_word' id='word_1_812' title='bbox 3040 5911 3260 5976; x_wconf 68' lang='lat' dir='ltr'><strong>nomina</strong></span> <span class='ocrx_word' id='word_1_813' title='bbox 3310 5921 3505 5978; x_wconf 81' lang='lat' dir='ltr'><strong>inscri-</strong></span> 
     </span>
    </p>
   </div>
  </div>
