4074 6204
284 353 422 411 1013

281 472 413 525 nino
446 470 517 526 sit
537 511 551 536 ,
583 470 597 504 ¹
630 469 775 525 unde
801 467 995 536 ullius,
1024 468 1110 523 vel
1139 467 1630 537 dissimulationis,
1660 471 1742 525 vel
1774 486 1872 527 ne-
1900 472 1950 534 Α

280 566 584 638 giigentite,
621 565 707 620 vel
736 563 966 619 occulta)
995 562 1217 619 forsitan
1242 563 1530 634 pravitatis
1548 604 1563 631 ,
1590 564 1767 636 aliqua
1792 565 1869 619 vi-

282 658 479 713 deatur
502 658 699 712 merito
725 657 1055 712 remansisse
1081 656 1340 727 suspicio.

636 350 969 411 EPISTOLA
1005 351 1099 409 AD
1136 351 1368 412 OMNES
1407 342 1777 414 EPIﬁGOPUQ
1815 340 1954 413 τ’εῆ
1992 344 2428 429 ΒῩΖᾹΟΕΝᾹΜ,
2475 360 2656 429 ΕἸὉ..
2697 362 3199 424 CONSTITU'I'OS.

3425 340 3564 423 ltiti

2049 469 2144 545 (Et
2168 470 2278 527 alia
2308 480 2464 528 manu
2490 490 2509 529 :
2534 471 2555 548 )
2577 466 2717 545 Optd
2736 517 2751 545 ,
2779 468 3002 531 Fratres
3024 517 3039 542 ,
3074 475 3212 532 bene
3241 468 3438 533 vivatis
3466 477 3575 534 mei

1980 579 2271 621 memores.
2315 565 2432 620 Dat.
2478 565 2706 623 Kalend.
2761 568 3020 642 Augusti,
3066 567 3428 641 Carthagine,
3462 568 3573 625 ldo-

1981 659 2145 713 naxio
2169 666 2227 715 et
2253 658 2427 714 Plinta
2457 675 2601 715 coss.

354 810 372 845 ¹
403 812 603 884 Magd.,
634 810 945 867 imbecillius
980 814 1084 868 sive
1128 812 1594 883 dissimulationis,
1644 814 1869 871 omnino
1896 822 2174 886 corrupte.

281 1052 590 1102 astruerent
629 1042 915 1099 damnatos
943 1058 1180 1100 errores.
1213 1043 1418 1100 Unicus
1440 1052 1622 1100 autem
1650 1060 1830 1110 pinnae
1852 1091 1867 1110 .

281 1132 440 1188 quam
473 1116 761 1170 maximam
792 1115 1449 1188 ltnperatorminaretur,
1485 1115 1724 1173 vitanda:
1756 1136 1869 1175 mn-

280 1186 381 1243 dus
430 1188 529 1242 fttit
579 1188 785 1259 integra
838 1186 1187 1260 subscriptio,
1242 1186 1294 1241 id
1334 1197 1439 1253 est,
1496 1204 1599 1259 qua
1657 1201 1870 1260 pateret

280 1276 437 1315 mens
470 1272 600 1328 pura
634 1278 647 1311 :
681 1256 781 1312 una
814 1260 957 1314 enim
990 1256 1291 1330 eademque
1338 1260 1497 1329 culpa
1515 1256 1613 1315 est
1641 1256 1868 1330 eorum,

279 1334 370 1401 qui
399 1342 490 1385 aut
526 1330 924 1385 dissimulando
969 1330 1405 1399 conuiventiam,
1439 1340 1534 1386 aut
1576 1348 1684 1387 non
1714 1333 1866 1390 dam-

280 1403 458 1458 nando
483 1403 725 1457 favorem
758 1402 976 1456 noxium
1010 1404 1405 1473 praestiterunt.

349 1474 462 1529 Sub
511 1474 677 1528 finem
725 1473 990 1540 observa,
1036 1474 1184 1545 quod
1230 1473 1361 1529 facit
1408 1475 1475 1531 ad
1522 1477 1871 1533 commenda-

280 1548 484 1604 tionem
512 1545 791 1617 epistola,
823 1547 967 1602 haus
984 1546 1054 1601 ad
1080 1546 1373 1617 episcopos
1395 1548 1658 1619 scriptam
1686 1551 1757 1605 ab
1782 1564 1873 1616 eo;

1977 1047 2068 1120 qui
2090 1045 2487 1120 scientissimus
2514 1042 2657 1120 foret
2676 1059 2975 1120 canonum,
2999 1046 3292 1120 sanctitate
3314 1046 3571 1120 eximius,

1976 1114 2441 1193 retinentissimus
2470 1114 3110 1193 episcopalisdignitatis
3132 1161 3151 1193 ε
3182 1116 3487 1193 Augustino
3516 1114 3574 1177 in

1974 1192 2137 1246 rebus
2183 1190 2414 1261 agendis
2458 1188 2972 1261 coniunctissimus,
3023 1195 3082 1245 et
3125 1188 3239 1247 fere
3273 1188 3464 1247 'unus:
3511 1202 3574 1249 ut

1973 1259 2241 1328 scientia,
2294 1260 2594 1334 sanctitas,
2642 1259 2923 1334 dignitatis
2967 1262 3237 1334 studium,
3282 1261 3573 1334 Augustini

1974 1333 2240 1401 societas,
2291 1342 2491 1387 tantam
2520 1330 2744 1387 Aurelio
2769 1333 3147 1389 auctoritatem
3181 1330 3425 1391 tribuant
3466 1336 3570 1392 hac

1975 1407 2030 1461 in
2079 1415 2273 1474 parte,
2323 1415 2522 1477 quanta
2573 1411 2757 1473 potest
2800 1418 2924 1459 esse
2973 1406 3256 1477 maxima,
3309 1408 3472 1464 etiam
3502 1410 3569 1464 ad

1973 1477 2273 1548 praesulum
2303 1474 2640 1545 exemplum.

489 1917 1075 2003 SYNODICA
1129 1917 1623 2003 AURELII
1696 1916 2706 2007 CARTHAGINENSIS
2784 1922 3351 2010 EPISCOPI.

1109 2097 1183 2150 Ex
1207 2090 1379 2150 libello
1401 2090 1661 2165 synodico,
1687 2097 1815 2161 apud
1838 2097 1990 2151 Labb.
2014 2099 2195 2152 conon.
2224 2108 2343 2152 tom.
2366 2086 2432 2163 ti,
2456 2101 2551 2153 ωι.
2576 2090 2717 2155 list.

343 2245 621 2305 Θεοδοσίου
658 2255 777 2319 γοῦν
818 2252 901 2305 καὶ
935 2253 1210 2326 Νεκταρίου
1255 2252 1700 2327 μεθαρμοσθέντων
1743 2253 1875 2329 πρὸς

2051 2249 2358 2306 Theodosio
2392 2252 2553 2323 igitur
2582 2260 2637 2309 et
2662 2251 2914 2312 Nectario
2942 2254 3010 2312 ad
3039 2254 3283 2313 cmlestia
3326 2258 3563 2315 transla-

272 2345 337 2401 τὰ
360 2345 592 2420 οὐρανία,
623 2347 713 2398 τοῦ
744 2345 836 2413 μὲν
864 2347 953 2401 τήν
982 2343 1242 2416 βασιλείαν
1269 2343 1295 2398 ὁ
1325 2344 1435 2404 υίὸς
1473 2342 1728 2420 Ἀρκάδιος
1754 2342 1867 2400 δια-

272 2436 509 2508 δέχεται,
556 2441 840 2511 Γρατιανοῦ
881 2433 971 2503 δὲ,
1002 2436 1028 2491 ὁ
1065 2435 1274 2511 ἀδελφὸς
1317 2436 1583 2511 ’Δρκαδίου
1623 2436 1863 2515 Ὀνὸριος.

272 2533 349 2588 Ἐν
393 2529 466 2594 οἷς
501 2534 709 2611 χρόνοις
752 2535 801 2587 ἐν
842 2535 1124 2610 ωρθαγὲνῃ
1164 2533 1376 2597 σύνοδος
1417 2544 1597 2597 τοπικὴ
1639 2542 1722 2593 καί
1758 2538 1868 2614 ἱερὰ

272 2630 676 2705 συναθροίζεται,
708 2629 939 2693 πατέρων
968 2629 1147 2683 ἑκατὸν
1174 2626 1328 2684 εἴκοσι
1351 2633 1436 2685 καί
1466 2630 1597 2687 ἔπτὰ
1626 2632 1865 2687 ausaau-

273 2743 353 2776 σιν
377 2723 618 2798 φέρουσα⁶
648 2722 780 2775 κατὰ
822 2719 1020 2776 είδὸλων
1071 2720 1315 2794 [Legisse
1354 2723 1567 2778 videtur
1596 2724 1861 2795 interpres

274 2811 667 2884 είδωλολατρῶν]
696 2822 1009 2870 Δονατιστῶν
1029 2856 1042 2877 ,
1066 2820 1152 2871 καὶ
1173 2812 1324 2880 ἄλλης
1351 2819 1570 2881 ἑκάστης
1594 2822 1859 2893 αἱρέσεως,

275 2909 363 2961 καί
390 2913 489 2961 τῶν
517 2907 565 2959 ἐν
591 2906 769 2968 τόποις
797 2907 1002 2968 ἐκείνοις
1024 2908 1235 2972 ἀτόποις
1263 2912 1589 2985 σφαλμάτων.
1617 2914 1710 2977 τὰς
1728 2914 1861 2990 πρά-

277 3000 386 3065 ξεις
413 3002 693 3058 ποιήσασα.
737 2995 827 3060 fiis
866 3002 1033 3072 ἠγεῖτο
1073 3003 1307 3077 Αὐρήλιος
1337 3004 1364 3059 ὁ
1390 3008 1706 3082 Καρθαγένης
1754 3009 1860 3063 ἐπί·

274 3115 491 3154 σκοπος.
521 3097 614 3149 Καὶ
643 3094 848 3156 κανόνας
875 3095 1041 3171 ἱεροὺς
1068 3098 1300 3171 ἐκθεμένη
1323 3104 1405 3157 καί
1429 3103 1612 3169 θείους,
1638 3104 1734 3165 ἕως
1754 3127 1862 3161 και·

274 3200 373 3267 ρῶν
395 3199 486 3250 τοῦ
516 3200 700 3270 μικροῦ
723 3191 995 3250 Θεοδοσίου
1024 3193 1279 3271 διήρκεσε.

1974 2346 2043 2399 tis
2067 2387 2083 2411 ,
2134 2344 2187 2399 in
2217 2344 2360 2400 illius
2379 2346 2595 2416 quidem
2635 2348 2921 2419 imperium
2968 2348 3111 2403 filius
3151 2348 3417 2406 Arcadius
3444 2366 3565 2408 suc-

1973 2438 2160 2502 cessit,
2194 2447 2252 2491 ut
2282 2438 2334 2492 in
2357 2437 2609 2494 Gratiani
2633 2439 2927 2506 Honorius,
2965 2441 3185 2497 Arcadii
3218 2441 3405 2500 frater.
3438 2443 3559 2511 Quo

1973 2536 2217 2598 tempore
2266 2528 2590 2601 Carthagine
2634 2529 2885 2603 Synodus
2932 2532 3277 2602 provincialis
3319 2542 3376 2589 et
3408 2549 3563 2591 sacra

1969 2630 2294 2692 congregata
2340 2622 2474 2688 fuit,
2510 2631 2721 2693 patrum
2765 2633 2981 2679 centum
3021 2625 3212 2695 viginti
3258 2634 3314 2681 et
3352 2637 3562 2696 septem

1971 2722 2296 2771 conventum
2329 2731 2438 2786 pra;
2477 2732 2537 2772 se
2588 2718 2802 2784 ferens,
2836 2733 2959 2789 quas
3006 2728 3194 2790 contra
3243 2719 3557 2780 idololatras

1974 2811 2304 2877 Donatistas,
2352 2820 2407 2868 et
2434 2810 2595 2867 aliam
2624 2827 3025 2885 quamcumque
3064 2813 3297 2871 baaresiu
3324 2856 3338 2880 ,
3372 2824 3425 2871 et
3448 2817 3552 2871 alia

1971 2892 2184 2956 illorum
2216 2901 2460 2957 locorum
2496 2915 2696 2972 errata,
2722 2906 2962 2962 actiones
2993 2906 3230 2962 instituit
3259 2926 3273 2961 :
3304 2910 3389 2964 cui
3418 2925 3557 2981 pra:-

1971 2995 2073 3050 fuit
2098 2995 2352 3051 Aurelius
2377 2996 2822 3070 Carthaginensis
2853 2999 3165 3071 episcopus.
3187 2999 3437 3058 Canones
3465 3018 3554 3059 sa-

1974 3091 2051 3145 cri
2097 3100 2152 3145 et
2180 3089 2367 3159 divini,
2411 3107 2547 3162 quos
2577 3091 2664 3147 illa
2707 3091 2913 3162 edidit,
2952 3091 3021 3150 ad
3059 3093 3355 3152 Theodosii
3387 3110 3558 3169 usque

1972 3184 2196 3240 minoris
2220 3193 2464 3255 tempora
2492 3184 2869 3241 obtinuerunt.

344 3398 426 3451 Ad
449 3413 542 3452 nos
569 3407 906 3468 pervenerunt
950 3416 1149 3471 quoque
1195 3404 1358 3458 multa
1389 3404 1528 3460 dicta
1566 3405 1629 3462 8.
1662 3403 1913 3479 Episcopi
1951 3408 2005 3461 in
2047 3406 2337 3464 Collatione
2378 3408 2769 3483 Carthaginem
2807 3420 2989 3469 contra
3019 3409 3324 3472 Donatistas
3350 3431 3368 3473 :
3396 3424 3553 3489 quam

273 3489 436 3547 adisis
466 3491 602 3546 inter
625 3501 949 3549 monumenta
974 3494 1044 3549 ad
1073 3495 1258 3550 harum
1282 3496 1641 3554 hereticorum
1660 3499 1927 3555 historians
1946 3501 2233 3572 spectantia
2263 3500 2469 3561 Patrol.
2493 3510 2598 3561 tam
2622 3500 2730 3574 XI,
2756 3505 2857 3563 col.
2888 3504 3029 3565 1225
3055 3516 3194 3581 seqq.

270 3718 3528 3771 ________.._____________________________

1400 3920 2413 4041 APPENDIX.

446 4180 744 4239 HONITUM
778 4186 843 4238 IN
877 4184 1238 4239 EPISTOLAM
1271 4186 1670 4249 SEQUENTEM.

339 4344 510 4410 Quam
553 4341 892 4397 evidentibus
937 4340 1103 4411 signis
1140 4340 1254 4396 haec
1299 4341 1524 4408 epistola
1563 4341 1845 4410 spuritatis

267 4422 523 4484 arguatur
552 4412 775 4480 exponit
805 4414 1068 4468 Baronius
1088 4411 1154 4467 ad
1180 4428 1380 4469 annum
1411 4412 1538 4480 574,
1562 4428 1711 4468 num.
1737 4413 1807 4470 40
1828 4456 1843 4481 ,

269 4486 382 4539 Iuro
411 4485 715 4540 edissercns
745 4501 759 4536 :
1354 4507 1360 4515 -

344 4575 364 4609 ι
402 4556 651 4625 Ejusdem
681 4556 808 4611 anni
834 4554 1148 4611 consulibus
1179 4556 1319 4610 data:
1351 4556 1617 4611 habentur
1646 4555 1839 4611 littera:

268 4629 489 4683 nomine
523 4628 737 4682 Damasi
781 4628 846 4681 ad
878 4627 1155 4683 Aurelium
1195 4629 1506 4697 episc0pum
1561 4629 1841 4699 Carthagi-

267 4716 517 4769 neusem,
544 4699 731 4769 posita:
766 4700 833 4757 ab
857 4699 1064 4755 Isidoro
1092 4700 1391 4754 Mercatore
1424 4702 1473 4754 in
1504 4714 1617 4755 sua:
1638 4701 1843 4755 collec-

268 4771 427 4825 tionis
473 4770 733 4836 exordio;
799 4785 932 4841 quas
981 4770 1291 4836 praecedunt
1347 4771 1539 4826 littera:
1588 4772 1833 4840 ejusdem

267 4840 475 4898 Aurelii
507 4844 724 4896 nomine
753 4840 827 4895 ad
849 4841 1131 4895 Damasum
1167 4843 1341 4909 primo
1364 4843 1577 4910 scripta:
1597 4882 1613 4907 ,
1642 4842 1836 4912 quibus

266 4916 494 4985 petierat
531 4914 599 4968 ab
621 4914 918 4985 apostolica
945 4915 1075 4967 sede
1100 4912 1181 4985 ad_
1198 4926 1257 4966 se
1301 4915 1437 4985 mitti
1477 4914 1697 4967 decreta
1732 4914 1836 4967 Ru—

265 4982 548 5043 inanorum
574 4984 908 5054 pontificum.
945 4988 1010 5039 At
1057 4982 1185 5053 quid
1216 4997 1350 5053 opus
1378 4982 1477 5037 fuit
1503 4988 1660 5052 (pace
1698 4984 1838 5039 illius

264 5055 514 5126 dixerim)
542 5054 835 5111 mendaciis
859 5069 1123 5111 exornare
1159 5054 1480 5111 vestibulum
1518 5055 1710 5124 amplae
1739 5054 1836 5110 do-

264 5142 418 5187 mus.
454 5137 509 5180 ut
540 5129 590 5179 in
634 5141 737 5179 non
774 5127 945 5181 levem
977 5126 1341 5196 suspicionem
1380 5126 1610 5196 adducat
1639 5134 1830 5180 caetera

265 5214 385 5268 qua:
415 5198 715 5253 habentur?
740 5197 856 5266 Qun
889 5199 1049 5253 modo
1066 5194 1087 5264 ,’
1121 5210 1344 5267 quaeso,
1382 5202 1553 5266 potuit
1586 5194 1834 5268 Aurelius

265 5264 552 5340 episcopus
574 5264 1011 5339 Carthaginiensis
1030 5264 1317 5339 scripsisse
1331 5264 1396 5324 ad
1421 5274 1704 5324 Damasum
1729 5264 1834 5340 lto-

1880 4202 1927 4266 C
1980 4194 2616 4272 transmarinispartjbus
2637 4196 3037 4272 Carthaginem,
3062 4206 3414 4272 recensetque
3441 4201 3543 4258 mi-

1979 4266 2219 4319 raculum
2242 4265 2368 4319 illud
2398 4266 2466 4321 de
2490 4266 2803 4325 lnnocentio
2829 4265 2895 4326 ex
2926 4270 3205 4327 incurabili
3235 4265 3423 4328 morbo
3449 4287 3539 4329 sa—

1975 4345 2307 4414 nato,_at_que
2327 4336 2544 4414 demum
2572 4343 2686 4396 haec
2711 4343 2833 4414 ait;
2866 4341 3150 4414 Visitabant
3176 4354 3290 4399 eum
3314 4345 3544 4414 quotidie

1971 4409 2137 4481 sancti
2162 4408 2288 4474 viri,
2314 4410 2579 4481 episwpus
2620 4423 2739 4467 tunc
2780 4412 3042 4470 Uulensis
3086 4413 3243 4470 beatis
3279 4408 3541 4473 memoria:

1972 4479 2318 4555 Saturninus,
2344 4479 2390 4555 et
2419 4485 2676 4555 presbyter
2702 4484 2916 4542 Gelosus
2936 4528 2952 4551 ,
2983 4502 3045 4539 ac
3073 4487 3279 4541 diaconi
3317 4484 3540 4542 Cartha-

1968 4551 2191 4622 ginensis
2228 4546 2520 4629 Ecclesi'ar,
2540 4546 2591 4607 in
2618 4557 2799 4623 quibus
2824 4546 3045 4629 eratv,et
3074 4572 3139 4613 ea:
3176 4557 3363 4629 quibus
3398 4558 3539 4614 solus

1967 4634 2039 4675 est
2068 4640 2203 4697 nunc
2241 4623 2295 4697 in
2320 4624 2474 4697 rebus
2501 4622 2736 4681 Immanis
2760 4629 2869 4697 jam
2901 4622 3170 4697 episcopus
3188 4622 3316 4682 cum
3342 4622 3537 4685 honore

1966 4709 2000 4768 a_
2028 4694 2171 4748 nobis
2213 4694 3012 4768 debitonominandus'Aurelius
3033 4715 3053 4764 ;
3075 4694 3195 4754 cum
3233 4715 3334 4768 quo
3362 4715 3538 4753 recor-

1966 4764 2146 4820 dantes
2176 4765 2429 4819 mirabilia
2458 4783 2613 4842 opera
2644 4767 2741 4824 Dei
2765 4813 2779 4837 ,
2798 4770 2873 4842 de
2896 4769 2993 4823 hac
3027 4785 3081 4823 re
3120 4764 3257 4842 sirpe
3294 4769 3535 4826 collocuti

1965 4852 2138 4889 sumus
2160 4878 2175 4898 ,
2205 4852 2417 4906 eumque
2464 4837 2612 4892 valde
2656 4841 2970 4904 meminisse,
3000 4840 3134 4908 quod
3162 4837 3530 4895 commemora-

1963 4922 2095 4973 mus,
2152 4908 2451 4983 invenimus.
2513 4910 2770 4983 ltaiipse.
2789 4908 2975 4983 |Vides
3013 4913 3174 4982 igitur
3202 4911 3278 4983 ad
3330 4920 3534 4982 quanto

1964 4979 2265 5056 posteriora
2292 4987 2532 5049 tempora
2568 4979 2978 5056 sitirefer'endus
3008 4979 3216 5039 Kurelii
3244 4979 3532 5056 Carthagi-

1963 5049 2145 5126 ueusis
2173 5050 2533 5126 episcopatus;
2557 5062 2788 5126 etquam
2820 5054 2977 5124 longe
3001 5056 3172 5126 absit.
3198 5063 3255 5111 ut
3274 5056 3390 5126 ipse
3414 5049 3527 5126 jam

1959 5116 2244 5196 episcopus
2256 5116 2371 5196 _ltoc
2394 5116 2548 5196 anno!
2565 5124 2631 5179 ad
2650 5116 2943 5179 Damasum
2974 5116 3253 5196 scripserit
3270 5116 3399 5193 [vel
3414 5116 3523 5183 'ac-

1958 5191 2165 5260 ceperit
2196 5207 2222 5244 a
2256 5191 2484 5247 Damaso
2516 5194 2722 5251 litteras
2747 5212 2761 5250 :
2791 5206 2913 5253 cum
2943 5191 3150 5253 certum
3178 5191 3525 5261 sit,’reditum

1958 5264 2261 5339 Augustini
2289 5267 2341 5339 in
2391 5265 2651 5339 Africam,
2699 5281 2981 5339 postquam
3027 5269 3367 5326 Christianus
3411 5270 3525 5337 jam

1957 5332 2186 5412 eli'éctus
2216 5335 2517 5412 Mediolano
2558 5332 2891 5407 recesserat,
2923 5350 2981 5397 et
3012 5357 3044 5399 a
3079 5351 3251 5412 portu
3279 5332 3524 5395 Romano

1954 5407 2212 5471 solverat,
2239 5408 2528 5479 contigisse
2557 5426 2700 5466 anno
2734 5412 2939 5467 flamini
2974 5407 3349 5468 trecentesimo
3373 5420 3524 5464 octo-

267 5485 494 5552 sulibus,
514 5480 761 5541 si'adhuc
786 5499 926 5560 cum
949 5483 1011 5560 _S._
1028 5480 1547 5560 Augustinusfactus
1569 5481 1830 5560 Chrisxia-
1954 5480 2159 5560 ges-imo
2180 5488 2352 5545 nono;
2387 5490 2443 5533 ut
2467 5495 2854 5560 appareat_nec
2878 5492 2997 5554 post
3016 5494 3193 5560 annos
3214 5480 3521 5560 quindecim

268 5571 368 5609 nus
402 5566 505 5618 est.
530 5572 779 5612 reversus
817 5556 869 5610 in
901 5554 1166 5619 Africam,
1199 5557 1399 5624 reperit
1429 5556 1626 5609 dictum
1659 5557 1829 5610 Aure-
1856 5598 1905 5624 h
1953 5551 2231 5624 Aurelium
2253 5551 2636 5611 creatum’e'sse
2665 5551 2974 5624 episcopum
3005 5555 3478 5622 Carthaginiensem
3502 5594 3519 5618 ,

266 5598 711 5693 iiiiii."&i5é5..iiiii
735 5598 893 5699 aegere
928 5598 1178 5681 Ecclesia:
1207 5598 1672 5699 Carthaginiensis,
1706 5635 1826 5699 post
1856 5598 1906 5658 D
1952 5620 2047 5675 sed
2082 5637 2455 5689 perseverasse
2478 5598 2786 5682 diaconu'in.
2818 5598 2975 5681 Vides
3003 5627 3165 5699 igitur
3203 5598 3313 5699 quo
3361 5598 3522 5679 modo

264 5692 479 5770 aliquod
509 5713 637 5752 vero
667 5692 922 5770 temporis
943 5698 1169 5768 spatium
1200 5692 1546 5770 factumesse
1581 5692 1822 5770 ejusdem
1952 5702 2099 5770 recta
2133 5702 2437 5770 temporum
2476 5712 2662 5753 norma
2708 5706 2946 5753 tortuosa
2992 5695 3221 5770 aliorum
3267 5694 3519 5770 figmenta

265 5763 497 5849 civitatis
542 5763 893 5849 episcopum?
934 5763 1201 5849 Testatur
1226 5769 1276 5849 id
1313 5768 1528 5849 quidem
1558 5763 1673 5837 ipso
1715 5766 1825 5822 Au—
1950 5763 2326 5849 improbentur
2377 5785 2389 5820 :
2441 5778 2636 5849 utnon
2686 5769 2924 5849 mireris,
2962 5768 3014 5849 si
3054 5768 3107 5820 in
3150 5763 3519 5849 diguoscwda

265 5842 542 5911 gustiuus,
573 5854 634 5911 ac
665 5839 879 5897 disertis
910 5842 1063 5910 plane
1088 5840 1303 5905 verbis,
1325 5856 1446 5896 cum
1476 5841 1528 5895 iu
1549 5852 1822 5895 commen-
1948 5843 2098 5889 certa
2130 5846 2430 5906 temporum
2462 5841 2671 5894 ratione
2700 5839 2947 5895 crebrius
2965 5847 3127 5909 atque
3147 5839 3401 5895 solutius
3431 5851 3522 5892 oc-

268 5910 404 5967 tario
444 5911 511 5968 de
553 5910 778 5966 Civitate
826 5912 917 5968 Dei
966 5913 1209 5967 meminit
1260 5912 1328 5969 de
1376 5912 1551 5968 reditu
1604 5925 1704 5967 suo
1754 5926 1817 5966 ex
1946 5918 2225 5975 cupemur.
2256 5927 2276 5959 ι

265 5357 483 5397 manum
526 5339 831 5412 pontiﬁcem
857 5385 873 5409 ,
905 5351 958 5395 et
998 5340 1141 5396 hunc
1169 5342 1233 5412 ad
1263 5340 1425 5412 illum
1458 5342 1664 5395 litteras
1704 5339 1830 5395 red-

267 5414 396 5468 dere
428 5410 535 5469 ime
559 5414 896 5483 potissimum
926 5424 1098 5483 anno,
1134 5411 1233 5465 sub
1261 5410 1341 5465 his
1373 5413 1670 5483 praesertim
1698 5426 1829 5465 con-
