4120 6174
587 249 727 308 1015

800 386 1111 441 EPISTOLA
1143 389 1403 442 AURELII
1436 391 1698 446 DAMASO
1732 396 1935 450 ΡΔΡέΕ.

624 516 947 572 Beatissimo
976 534 1128 589 papa.-
1150 521 1369 578 Denso
1392 523 1666 582 AUREIJUS
1694 525 2136 600 Carlhaginensis

1214 617 1520 687 episcopus.

657 719 893 777 Gloriam
924 725 1241 794 apostolicae
1276 727 1454 796 sedis,
1502 738 1558 786 et
1590 741 1787 788 vestrae
1827 736 2172 795 sublimitatis

582 816 808 885 gratiam
834 827 1019 874 nostra
1052 819 1327 876 humilitas
1357 833 1552 879 exoret
1590 822 1683 897 [F.
1716 840 1902 882 exorat
1909 830 1950 901 J,
1981 840 2037 885 ut
2065 842 2173 888 sta-

585 918 720 976 tuta,
740 926 859 980 quae
884 914 1124 981 reperire
1146 917 1414 985 poteritis,
1436 927 1557 988 post
1578 919 1737 976 linem
1758 921 1894 977 beati
1916 925 2175 996 principis

586 1005 954 1073 apostolorum
977 1007 1144 1076 Petri,
1167 1026 1334 1082 usque
1357 1012 1422 1067 ad
1443 1023 1635 1069 vestrae
1657 1019 1956 1074 sanctitatis
1976 1020 2174 1089 princi-

588 1095 735 1164 pium
757 1096 907 1167 juxta
934 1101 1249 1168 apostolicaa
1280 1102 1425 1158 sedis
1454 1106 1861 1176 auctoritatem,
1891 1126 2049 1181 quam
2079 1127 2175 1167 co-

583 1186 866 1258 gnovimus
917 1205 1013 1259 per
1040 1201 1237 1252 vestra:
1270 1197 1549 1268 sapientia:
1593 1202 1934 1259 sanctitatem
1969 1206 2173 1277 guber-

1790 260 2213 328 BACHIARIUS
2250 268 2646 334 MONACHUS.

3728 300 3868 359 1016

2199 410 2254 468 Α
2277 407 2420 477 nari,
2443 409 2597 466 nobis
2620 412 2817 485 scripta
2848 417 3065 475 mittere
3102 419 3396 493 dignemini
3427 444 3442 482 :
3474 440 3742 500 quatenus
3774 451 3869 507 per

2282 510 2477 558 vestrae
2528 505 2829 563 sanctitatis
2883 511 3220 571 nobilitatem
3298 528 3459 590 atque
3523 505 3866 594 prudentiam

2280 608 2443 651 nosse
2474 596 2753 655 valeamus
2776 641 2790 666 ,
2816 617 2936 673 qua:
2959 602 3017 659 in
3046 606 3303 676 praelecta
3335 621 3519 669 sancta
3547 618 3679 674 sede
3706 634 3868 690 supra

2281 687 2439 743 dictis
2467 693 2797 760 temporibus
2836 706 2965 753 sunt
2999 699 3244 770 decreta,
3278 716 3333 762 et
3363 709 3454 779 qui
3491 711 3750 770 adversus
3773 687 3867 773 ica-
3962 718 3965 719 ⁷

2280 797 2481 839 nonum
2520 789 2885 855 apostolorum
2923 793 3165 851 instituta
3204 810 3507 873 gesserunt,
3534 820 3865 878 cognoscan-

2279 886 2387 930 tur.
2430 876 2573 933 Bene
2608 879 2749 948 vale,
2782 884 3122 944 sanctissime
3151 904 3308 961 papa.
3361 905 3416 950 et
3447 910 3542 952 ora
3576 876 3671 968 pro
3710 902 3867 959 nobis

2281 969 2654 1026 amantissime
2703 982 2878 1042 pater.
2938 979 3068 1034 Data
3125 994 3317 1040 octavo
3362 985 3625 1047 kalendas
3665 992 3864 1053 Martii.

2283 1059 2430 1116 Idem
2460 1061 2601 1117 lecta
2631 1062 2818 1122 Romae
2839 1113 2854 1136 ,
2889 1070 3079 1140 quinto
3104 1088 3275 1131 nonas
3300 1076 3446 1134 Maii.

2346 1154 2636 1269 (Rexsgonsio
2695 1165 2943 1224 supposita
3004 1164 3197 1242 Damasi
3258 1169 3463 1223 Aurelio
3537 1175 3637 1239 legi
3708 1184 3867 1243 potest

2346 1232 2400 1267 ιι.
2498 1218 2539 1269 Il
2564 1220 2696 1269 inter
2716 1226 2987 1269 anocrvnha
3011 1238 3189 1269 smnia
3213 1232 3263 1269 R.
3294 1232 3437 1269 ραηω
3465 1237 3482 1269 ι

2281 1218 2400 1267 tom.
2428 1218 2539 1269 XIII
2564 1220 2696 1271 inter
2716 1218 2989 1291 apocrypha
3011 1231 3191 1294 scripta
3213 1218 3269 1283 S.
3289 1218 3482 1299 Fapan)

588 1467 3865 1568 Wa

1838 1740 2009 1785 ANNO
2050 1742 2281 1789 DOMINI
2325 1744 2595 1791 CCCCXX.

722 1994 2190 2171 BACHIARIUS
2324 2014 3707 2195 MONACHUS.

1720 2366 1991 2429 (Biblioth.
2014 2369 2129 2423 Vet.
2150 2370 2287 2425 Patr.
2306 2372 2433 2425 Gali.
2460 2382 2578 2426 tom.
2602 2376 2713 2441 ιχ.)

1755 2792 2687 2892 PROLEGOMENA.

2028 3024 2438 3049 ~—-———--

651 3219 703 3273 1.
740 3215 1060 3273 Bacliiarius
1087 3220 1166 3272 vir
1195 3217 1510 3274 Christiana:
1532 3218 1899 3291 philosophiae,
1934 3220 2107 3277 nudus
2130 3233 2181 3276 et
2212 3235 2258 3294 Β
2287 3230 2434 3288 tibus
2472 3236 2729 3298 salutaris
2767 3244 2983 3306 doctrin

574 3308 843 3381 expeditus
887 3326 1072 3365 vacare
1103 3309 1211 3366 Deo
1240 3312 1517 3381 disponens
1540 3354 1556 3380 ,
1591 3314 1747 3367 etiam
1796 3315 2175 3385 peregrinatio-

578 3420 696 3457 nem
742 3411 953 3474 propter
990 3405 1391 3459 conservandam
1440 3407 1556 3461 vita:
1604 3407 1950 3478 integritatem
1997 3409 2169 3480 elegit.

576 3497 703 3551 ch
728 3496 1047 3553 Gennadius
1078 3499 1155 3571 (a)
1176 3516 1190 3554 :
1215 3500 1306 3570 qui
1332 3509 1387 3556 et
1416 3500 1550 3555 illud
1579 3501 1749 3565 addit,
1774 3518 1899 3557 cum
1930 3504 2173 3558 adversus

575 3586 818 3658 querulos
858 3600 905 3643 et
948 3590 1291 3661 infamatores
1337 3594 1400 3646 de
1438 3593 1541 3663 ﬁde
1589 3592 1818 3648 libellum
1860 3596 2170 3666 scripsisse.

575 3678 737 3753 Cujas
780 3699 943 3754 porro
987 3685 1154 3742 fuerit
1194 3699 1405 3753 auctor,
1456 3690 1604 3744 nulla
1641 3700 1886 3745 veterum
1937 3693 2174 3762 produnt

572 3790 947 3835 monumenta.
998 3780 1200 3838 Verum
1253 3800 1322 3839 ex
1388 3785 1569 3839 allatis
1624 3784 1893 3840 Gennadii
1951 3788 2167 3857 verbis,

573 3884 735 3943 atque
785 3875 837 3927 in
898 3876 1091 3946 primis
1140 3892 1211 3932 ex
1264 3878 1436 3946 ipsius
1477 3878 1754 3934 Bachiarii
1806 3881 2122 3936 testimonio
2153 3924 2168 3949 ,

575 3966 936 4021 existimarim
966 3967 1242 4039 equidem,
1278 3969 1432 4025 illum
1465 3986 1533 4026 eo
1572 3972 1916 4039 potissimum
1950 3976 2172 4030 nomine

572 4073 800 4129 peregre
830 4062 1132 4130 proiectum
1162 4078 1307 4131 esse,
1339 4080 1446 4135 quo
1476 4064 1676 4120 Paulus
1707 4068 1971 4121 Orosius:
2004 4069 2170 4124 adeo-

570 4169 677 4225 que
695 4155 1021 4224 scriptorem
1045 4169 1293 4214 nostrum
1312 4203 1325 4223 ,
1363 4160 1819 4230 quemadmodum
1853 4172 1907 4216 et
1929 4162 2052 4230 ille,
2078 4165 2167 4218 lli.

572 4263 798 4318 spanum
828 4250 1219 4324 fuisse.Atque
1240 4255 1293 4309 in
1319 4254 1459 4310 hanc
1480 4258 1807 4311 sententiam
1841 4257 2008 4314 ivisse
2026 4274 2166 4329 quo-

573 4357 703 4413 que,
738 4343 985 4399 licetalia
1007 4347 1117 4411 via,
1140 4346 1382 4402 Florium
1413 4364 1466 4401 v.
1490 4364 1542 4403 c.
1578 4349 2049 4423 intelligimus(b).
2074 4352 2169 4407 Ni-

572 4438 773 4493 mirum
796 4438 984 4493 eadem
1019 4442 1189 4496 ferme
1220 4452 1546 4513 tempestate
1586 4445 1781 4499 claruit
1809 4445 2163 4517 Bachiarius,

575 4544 680 4601 qua
728 4528 973 4599 Orosius,
1017 4532 1071 4587 id
1112 4543 1196 4588 est
1232 4534 1435 4590 saeculo
1471 4551 1503 4590 v
1555 4537 1799 4592 ineunte.
1842 4537 1911 4592 Et
1935 4537 2022 4593 hic
2047 4540 2167 4609 qui-

2989 3266 3034 3308 a2
3064 3256 3393 3316 medicinam
3434 3276 3499 3319 ex
3531 3262 3883 3338 Hipponensi

2280 3322 2538 3423 episcopo
2562 3328 2869 3402 Augustino
2898 3356 3154 3412 procuret
3183 3349 3284 3423 (d).
3312 3322 3881 3421 Bachiariusuveroﬁi‘ri

2278 3418 2485 3518 erroris
2511 3426 2877 3494 suspicionem
2895 3436 3188 3505 adductus,
3218 3447 3719 3518 peregrinationem
3752 3464 3882 3514 Sus-

2277 3508 2461 3578 cipere
2489 3519 2717 3588 statuit,
2752 3523 3023 3599 simulque
3058 3533 3120 3586 de
3158 3508 3265 3605 ﬁde
3291 3508 3525 3596 ιίιῖειιιιηι
3554 3508 3876 3605 scribitur—d-

2276 3617 2454 3702 versus
2473 3610 2717 3678 querulos
2747 3626 2797 3670 et
2816 3618 3175 3693 infamatores,
3204 3643 3309 3684 non
3326 3632 3546 3702 quidem
3571 3642 3877 3709 peregrina-

2276 3696 2433 3799 tionis
2470 3714 2601 3767 suae,
2650 3712 2708 3758 ut
2751 3708 3128 3770 arbitrabatur
3159 3696 3510 3793 Gennadius,
3559 3696 3655 3783 sed
3684 3696 3874 3799 potius

2274 3784 2539 3845 adversus
2559 3807 2656 3849 eos
2673 3797 2766 3867 qui
2786 3814 2909 3856 eum
2933 3805 2995 3857 de
3021 3810 3194 3877 patrio
3214 3828 3388 3868 errore
3421 3816 3745 3877 incusabant
3767 3822 3867 3895 (ε).

2277 3879 2561 3949 Suspectos
2592 3905 2684 3945 nos
2709 3934 2723 3958 ,
2764 3892 3055 3971 inquit([),
3084 3915 3335 3973 quantum
3360 3908 3507 3964 video
3527 3952 3543 3978 ,
3572 3914 3731 3983 facit,
3769 3879 3875 3973 utin

2274 3990 2461 4042 sermo,
2486 3981 2577 4034 sed
2588 3985 2817 4054 regio;et
2837 3991 2926 4060 qui
2946 3991 3010 4047 de
3029 3994 3135 4063 ﬁde
3156 4014 3257 4053 non
3277 4002 3641 4073 erubescimus,
3657 4008 3725 4061 de
3745 4028 3874 4081 pro-

2273 4069 2438 4124 vincia
2481 4076 2867 4146 confundimur.
2902 4084 3055 4141 Hanc
3090 4101 3273 4146 autem
3317 4096 3637 4165 opinionem
3681 4117 3752 4156 eo
3801 4104 3874 4157 li-

2273 4163 2488 4221 bentius
2520 4172 2923 4245 amplectimur,
2956 4183 3099 4251 quod
3133 4163 3450 4244 Bachiarius
3481 4191 3717 4262 ipsemet
3746 4212 3872 4252 cam

2271 4259 2597 4317 confirmare
2618 4265 2887 4337 videatur,
2926 4271 3055 4329 dum
3086 4277 3165 4330 ait
3188 4277 3294 4350 (g):
3321 4259 3713 4340 Prtesidentum
3738 4306 3878 4359 quo-

2272 4356 2511 4408 rumdam
2526 4363 2778 4416 sententia
2785 4364 3112 4434 judicamur,
3133 4374 3284 4439 quasi
3305 4374 3575 4447 liberizesse
3593 4379 3657 4432 ab
3670 4356 3877 4437 erroris

2271 4444 2570 4516 deceptione
2590 4468 2922 4523 nequeamus.
2954 4459 3164 4544 Quibus
3197 4478 3331 4523 Sane
3377 4444 3560 4527 verbis
3601 4476 3877 4544 praesules

2270 4540 2482 4608 aliquos
2524 4544 2757 4604 innuere
2809 4551 3027 4610 videtur
3061 4532 3276 4627 adctor.
3329 4564 3421 4634 qui
3450 4565 3521 4621 de
3555 4582 3653 4623 sua
3694 4570 3877 4641 ipsius

575 4626 702 4682 dem
753 4626 1046 4697 Hispanias
1106 4628 1646 4685 Priscillianistarum
1704 4642 1869 4703 atque
1917 4632 2166 4704 Origeni-
2198 4637 2242 4700 C
2276 4632 2382 4692 ﬁde
2423 4649 2676 4707 suspecta
2706 4658 3091 4716 quererentur,
3125 4652 3210 4707 vel
3241 4626 3544 4714 sibietiam
3584 4626 3875 4723 haereseos

577 4731 785 4776 starum
811 4725 1090 4778 erroribus
1120 4724 1359 4779 imbutas
1390 4726 1852 4793 animadverteris,
1881 4727 2028 4781 illinc
2048 4729 2162 4782 dis-

570 4831 784 4871 cessum
829 4830 980 4887 parat
1017 4827 1179 4889 atque
1204 4822 1257 4874 in
1289 4820 1530 4876 Africam
1559 4822 1754 4892 pergit.
1799 4822 2000 4877 Eadem
2036 4823 2163 4878 item

569 4909 638 4965 de
680 4925 843 4965 causa
882 4912 1206 4970 Bncliiarius
1253 4926 1562 4984 permotus,
1617 4918 1843 4986 patriam
1879 4919 2161 4987 cognatio-

570 5019 804 5075 nemque
841 5007 1061 5076 reliquit
1085 5007 1156 5079 (ε)
1189 5026 1203 5063 :
1237 5027 1297 5064 eo
1326 5010 1496 5079 quod,
1531 5011 1727 5081 inquit,
1755 5012 2027 5082 cujusdam
2057 5011 2164 5067 luv-

569 5099 700 5153 resis
743 5097 951 5152 macula
988 5103 1156 5154 solum
1198 5111 1433 5156 nostrum
1477 5104 1728 5174 originale
1780 5105 2155 5174 perstrinxerit.

565 5191 683 5247 Non
713 5192 854 5246 idem
880 5204 1059 5247 tamen
1085 5194 1368 5266 utriusque
1394 5196 1492 5251 viri
1508 5197 2064 5253 consilium.0rosius
2083 5200 2159 5253 si-

564 5282 783 5352 quidem
824 5282 935 5337 alio
960 5284 1356 5357 commigrans,
1391 5286 1458 5341 ad
1488 5302 1614 5343 oras
1650 5286 1936 5342 Africanas
1960 5290 2156 5359 appel-

564 5374 646 5441 lit,
673 5389 782 5445 quo
812 5375 1188 5432 conterraneis
1219 5378 1331 5435 suis
1355 5379 1631 5438 haereseos
1660 5384 1857 5439 morbo
1888 5383 2151 5440 laboran-

654 5554 709 5629 ᾳ)
739 5553 1089 5629 Gennad._de
1102 5555 1215 5614 Vir.
1242 5558 1447 5614 illustr.
1475 5572 1597 5629 cap.
1626 5560 1719 5616 24.

628 5554 709 5695 ἕαζ
739 5554 985 5611 Gennad.
1016 5555 1087 5611 de
1102 5555 1215 5614 Vir.
1242 5558 1447 5639 illustr.
1475 5572 1597 5629 cap.
1626 5560 1719 5616 24.

639 5627 695 5703 _b_
736 5624 899 5703 _Flo_r.
950 5626 1313 5703 ad_l_3acbi_ar.
1348 5628 1575 5688 Dissert.
1608 5632 1660 5700 1,
1697 5631 1724 5703 §
1759 5634 1809 5689 1.

628 5698 704 5819 (ty
735 5696 988 5751 Bachiar.
1022 5696 1140 5752 Fid.
1168 5698 1195 5771 §
1220 5701 1269 5755 1.

630 5768 649 5819 ι
695 5772 711 5819 l
739 5768 897 5819 Oros.
929 5764 1215 5819 Common-
1245 5772 1269 5819 ε

630 5764 711 5837 (εί)
739 5768 897 5823 Oros.
929 5764 1215 5826 Common.
1245 5772 1273 5846 ᾗ
1306 5774 1362 5828 4.

2268 4730 2474 4785 crimen
2510 4735 2929 4804 exprobrarent.
2962 4740 3005 4795 Ii
3033 4757 3168 4800 vero
3214 4750 3549 4815 praesidentes
3590 4770 3719 4811 meo
3746 4760 3877 4827 qui-

2268 4821 2390 4917 dem
2414 4823 2653 4894 judicio,
2689 4828 2986 4902 Eutropius
3015 4850 3072 4890 et
3096 4836 3300 4895 Paulus
3327 4843 3573 4916 episcopi
3609 4821 3827 4905 fuerint
3851 4894 3868 4917 ,

2265 4912 2459 4971 Orosio
2480 4922 2761 4976 memorati
2781 4923 2886 4995 (It);
2914 4928 3005 4997 qui
3019 4931 3201 4984 eadem
3215 4948 3319 5002 qua
3336 4944 3387 4988 et
3402 4912 3725 5007 ipse'salutis
3746 4912 3868 4997 om;

2264 5008 2409 5061 nium
2430 5011 2654 5067 utilitate
2682 5019 2934 5085 permoti,
2982 5035 3051 5076 ex
3090 5022 3369 5096 Hispaniis
3396 5030 3448 5084 in
3479 5031 3723 5091 Africam
3755 5036 3869 5094 iter

2262 5102 2621 5173 arripientes,
2644 5111 3098 5168 commonitorium
3114 5119 3234 5188 jam
3253 5120 3507 5178 dederunt
3534 5127 3597 5180 de
3615 5126 3866 5199 aliquam

2261 5197 2326 5249 tis
2362 5196 2642 5254 haeresibus
2680 5216 2877 5273 magno
2916 5204 2996 5264 illi
3037 5208 3250 5267 doctori
3288 5214 3617 5288 Augustino.
3648 5196 3861 5279 verum

2260 5287 2359 5343 has
2388 5292 2810 5366 qualescumque
2823 5298 3041 5357 demum
3059 5287 3485 5376 conjeclationes
3512 5316 3861 5375 eruditorum

2256 5383 2480 5441 arbitrio
2503 5386 2851 5446 dimittimus.

2322 5568 2398 5710 te}
2429 5570 2681 5655 Bachiar.
2716 5574 2743 5648 ᾗ
2777 5576 2831 5645 2,
2864 5579 2902 5635 l.
2936 5595 2986 5636 c.

2324 5641 2374 5710 (f
2422 5642 2502 5696 Id.
2530 5644 2658 5700 ibid.
2688 5646 2715 5710 §
2747 5650 2797 5703 1.

2321 5641 2403 5790 l2)
2422 5642 2515 5790 ¹ἓιῖ
2530 5641 2820 5790 ‘s’iiﬁiié‘i;

2345 5731 2403 5853 ii

2321 5783 2403 5853 (la)
2433 5785 2592 5842 Oros.
2622 5783 2907 5851 Common.
2937 5796 2963 5867 §
2990 5797 3042 5853 Ι.
