  <div class='ocr_page' id='page_1' title='image "/cluster/home/n/w/nwhite01/storage/ocr_20150623/20/hvd.32044096580469/514.png"; bbox 0 0 4074 6204; ppageno 0'>
   <div class='ocr_carea' id='block_1_1' title="bbox 330 321 468 381">
    <p class='ocr_par' dir='ltr' id='par_1_1' title="bbox 330 321 468 381">
     <span class='ocr_line' id='line_1_1' title="bbox 330 321 468 381; baseline -0.036 0"><span class='ocrx_word' id='word_1_1' title='bbox 330 321 468 381; x_wconf 79' lang='grc'><strong>1017</strong></span> 
     </span>
    </p>
   </div>
   <div class='ocr_carea' id='block_1_2' title="bbox 1696 324 2237 390">
    <p class='ocr_par' dir='ltr' id='par_1_2' title="bbox 1696 324 2237 390">
     <span class='ocr_line' id='line_1_2' title="bbox 1696 324 2237 390; baseline 0 -8"><span class='ocrx_word' id='word_1_2' title='bbox 1696 324 2237 390; x_wconf 82' lang='lat' dir='ltr'><strong>PROLEGOMENA.</strong></span> 
     </span>
    </p>
   </div>
   <div class='ocr_carea' id='block_1_3' title="bbox 3473 318 3611 378">
    <p class='ocr_par' dir='ltr' id='par_1_3' title="bbox 3473 318 3611 378">
     <span class='ocr_line' id='line_1_3' title="bbox 3473 318 3611 378; baseline 0 -1"><span class='ocrx_word' id='word_1_3' title='bbox 3473 318 3611 378; x_wconf 86' lang='grc'><strong>1018</strong></span> 
     </span>
    </p>
   </div>
   <div class='ocr_carea' id='block_1_4' title="bbox 393 432 3613 519">
    <p class='ocr_par' dir='ltr' id='par_1_4' title="bbox 393 432 3613 519">
     <span class='ocr_line' id='line_1_4' title="bbox 393 432 3613 519; baseline 0 -26"><span class='ocrx_word' id='word_1_4' title='bbox 393 434 451 491; x_wconf 79' lang='lat'><strong>2.</strong></span> <span class='ocrx_word' id='word_1_5' title='bbox 488 434 607 491; x_wconf 84' lang='lat' dir='ltr'><strong>Jam</strong></span> <span class='ocrx_word' id='word_1_6' title='bbox 634 448 768 491; x_wconf 88' lang='lat' dir='ltr'><strong>vero</strong></span> <span class='ocrx_word' id='word_1_7' title='bbox 789 432 1060 491; x_wconf 87' lang='lat' dir='ltr'><strong>Bachiarii</strong></span> <span class='ocrx_word' id='word_1_8' title='bbox 1087 434 1203 492; x_wconf 86' lang='lat' dir='ltr'><strong>sive</strong></span> <span class='ocrx_word' id='word_1_9' title='bbox 1229 433 1457 492; x_wconf 80' lang='lat' dir='ltr'><strong>natione</strong></span> <span class='ocrx_word' id='word_1_10' title='bbox 1472 436 1592 493; x_wconf 86' lang='lat' dir='ltr'><strong>sive</strong></span> <span class='ocrx_word' id='word_1_11' title='bbox 1616 440 1793 509; x_wconf 89' lang='lat' dir='ltr'><strong>patria</strong></span> <span class='ocrx_word' id='word_1_12' title='bbox 1826 451 1911 498; x_wconf 68' lang='lat' dir='ltr'><strong>ub</strong></span> <span class='ocrx_word' id='word_1_13' title='bbox 1936 456 1992 519; x_wconf 69' lang='grc' dir='ltr'><strong>Α</strong></span> <span class='ocrx_word' id='word_1_14' title='bbox 2015 445 2113 503; x_wconf 88' lang='lat' dir='ltr'><strong>sed</strong></span> <span class='ocrx_word' id='word_1_15' title='bbox 2137 442 2366 501; x_wconf 87' lang='lat' dir='ltr'><strong>criticus</strong></span> <span class='ocrx_word' id='word_1_16' title='bbox 2394 439 2779 513; x_wconf 82' lang='lat' dir='ltr'><strong>sagacissimus</strong></span> <span class='ocrx_word' id='word_1_17' title='bbox 2819 438 2926 495; x_wconf 85' lang='lat' dir='ltr'><strong>sibi</strong></span> <span class='ocrx_word' id='word_1_18' title='bbox 2970 438 3133 510; x_wconf 89' lang='lat' dir='ltr'><strong>plane</strong></span> <span class='ocrx_word' id='word_1_19' title='bbox 3162 437 3436 507; x_wconf 90' lang='lat' dir='ltr'><strong>cavisset,</strong></span> <span class='ocrx_word' id='word_1_20' title='bbox 3470 440 3515 495; x_wconf 90' lang='lat' dir='ltr'><strong>si</strong></span> <span class='ocrx_word' id='word_1_21' title='bbox 3549 439 3613 494; x_wconf 88' lang='lat' dir='ltr'><strong>li-</strong></span> 
     </span>
    </p>
   </div>
   <div class='ocr_carea' id='block_1_5' title="bbox 326 529 1915 602">
    <p class='ocr_par' dir='ltr' id='par_1_5' title="bbox 326 529 1915 602">
     <span class='ocr_line' id='line_1_5' title="bbox 326 529 1915 602; baseline 0.003 -15"><span class='ocrx_word' id='word_1_22' title='bbox 326 545 559 602; x_wconf 92' lang='lat' dir='ltr'><strong>cumquc</strong></span> <span class='ocrx_word' id='word_1_23' title='bbox 600 531 671 585; x_wconf 89' lang='lat' dir='ltr'><strong>ita</strong></span> <span class='ocrx_word' id='word_1_24' title='bbox 696 529 1014 596; x_wconf 91' lang='lat' dir='ltr'><strong>constituta,</strong></span> <span class='ocrx_word' id='word_1_25' title='bbox 1050 544 1172 585; x_wconf 90' lang='lat' dir='ltr'><strong>eum</strong></span> <span class='ocrx_word' id='word_1_26' title='bbox 1212 530 1543 586; x_wconf 88' lang='lat' dir='ltr'><strong>monachum</strong></span> <span class='ocrx_word' id='word_1_27' title='bbox 1584 532 1766 602; x_wconf 84' lang='lat' dir='ltr'><strong>egisse</strong></span> <span class='ocrx_word' id='word_1_28' title='bbox 1821 535 1915 592; x_wconf 89' lang='lat' dir='ltr'><strong>illa</strong></span> 
     </span>
    </p>
   </div>
   <div class='ocr_carea' id='block_1_6' title="bbox 326 623 1912 695">
    <p class='ocr_par' dir='ltr' id='par_1_6' title="bbox 326 623 1912 695">
     <span class='ocr_line' id='line_1_6' title="bbox 326 623 1912 695; baseline 0.002 -15"><span class='ocrx_word' id='word_1_29' title='bbox 326 626 460 680; x_wconf 93' lang='lat' dir='ltr'><strong>satis</strong></span> <span class='ocrx_word' id='word_1_30' title='bbox 487 625 783 681; x_wconf 91' lang='lat' dir='ltr'><strong>ostendunt</strong></span> <span class='ocrx_word' id='word_1_31' title='bbox 820 639 943 695; x_wconf 68' lang='lat' dir='ltr'><strong>qua:</strong></span> <span class='ocrx_word' id='word_1_32' title='bbox 976 624 1141 679; x_wconf 91' lang='lat' dir='ltr'><strong>modo</strong></span> <span class='ocrx_word' id='word_1_33' title='bbox 1175 639 1242 679; x_wconf 91' lang='lat' dir='ltr'><strong>ex</strong></span> <span class='ocrx_word' id='word_1_34' title='bbox 1271 623 1556 680; x_wconf 88' lang='lat' dir='ltr'><strong>Gcnnadio</strong></span> <span class='ocrx_word' id='word_1_35' title='bbox 1598 628 1912 685; x_wconf 90' lang='lat' dir='ltr'><strong>retulimus.</strong></span> 
     </span>
    </p>
   </div>
   <div class='ocr_carea' id='block_1_7' title="bbox 298 715 1914 790">
    <p class='ocr_par' dir='ltr' id='par_1_7' title="bbox 298 715 1914 790">
     <span class='ocr_line' id='line_1_7' title="bbox 298 715 1914 790; baseline 0.003 -18"><span class='ocrx_word' id='word_1_36' title='bbox 298 716 619 784; x_wconf 86' lang='lat' dir='ltr'><strong>’Nimirum,</strong></span> <span class='ocrx_word' id='word_1_37' title='bbox 643 718 723 770; x_wconf 83' lang='lat' dir='ltr'><strong>vir</strong></span> <span class='ocrx_word' id='word_1_38' title='bbox 746 715 1042 771; x_wconf 74' lang='lat' dir='ltr'><strong>christiana:</strong></span> <span class='ocrx_word' id='word_1_39' title='bbox 1064 717 1430 790; x_wconf 68' lang='lat' dir='ltr'><strong>philosophiae,</strong></span> <span class='ocrx_word' id='word_1_40' title='bbox 1463 718 1637 773; x_wconf 90' lang='lat' dir='ltr'><strong>nudus</strong></span> <span class='ocrx_word' id='word_1_41' title='bbox 1676 730 1724 773; x_wconf 90' lang='lat' dir='ltr'><strong>et</strong></span> <span class='ocrx_word' id='word_1_42' title='bbox 1753 738 1914 790; x_wconf 72' lang='lat' dir='ltr'><strong>expe-</strong></span> 
     </span>
    </p>
   </div>
   <div class='ocr_carea' id='block_1_8' title="bbox 324 808 1916 888">
    <p class='ocr_par' dir='ltr' id='par_1_8' title="bbox 324 808 1916 888">
     <span class='ocr_line' id='line_1_8' title="bbox 324 808 1916 888; baseline 0.004 -23"><span class='ocrx_word' id='word_1_43' title='bbox 324 810 463 865; x_wconf 84' lang='lat' dir='ltr'><strong>ditus</strong></span> <span class='ocrx_word' id='word_1_44' title='bbox 494 827 674 865; x_wconf 81' lang='lat' dir='ltr'><strong>uacare</strong></span> <span class='ocrx_word' id='word_1_45' title='bbox 696 808 806 864; x_wconf 87' lang='lat' dir='ltr'><strong>Deo</strong></span> <span class='ocrx_word' id='word_1_46' title='bbox 834 812 1135 881; x_wconf 80' lang='lat' dir='ltr'><strong>disponens,</strong></span> <span class='ocrx_word' id='word_1_47' title='bbox 1162 829 1255 882; x_wconf 90' lang='lat' dir='ltr'><strong>pro</strong></span> <span class='ocrx_word' id='word_1_48' title='bbox 1286 816 1637 867; x_wconf 87' lang='lat' dir='ltr'><strong>conservanda</strong></span> <span class='ocrx_word' id='word_1_49' title='bbox 1656 818 1772 870; x_wconf 73' lang='lat' dir='ltr'><strong>vitae</strong></span> <span class='ocrx_word' id='word_1_50' title='bbox 1796 818 1916 888; x_wconf 90' lang='lat' dir='ltr'><strong>(seu</strong></span> 
     </span>
    </p>
   </div>
   <div class='ocr_carea' id='block_1_9' title="bbox 322 901 1915 979">
    <p class='ocr_par' dir='ltr' id='par_1_9' title="bbox 322 901 1915 979">
     <span class='ocr_line' id='line_1_9' title="bbox 322 901 1915 979; baseline 0.006 -26"><span class='ocrx_word' id='word_1_51' title='bbox 322 902 596 974; x_wconf 86' lang='lat' dir='ltr'><strong>propositi,</strong></span> <span class='ocrx_word' id='word_1_52' title='bbox 624 912 681 956; x_wconf 85' lang='lat' dir='ltr'><strong>ut</strong></span> <span class='ocrx_word' id='word_1_53' title='bbox 702 901 923 971; x_wconf 63' lang='lat' dir='ltr'><strong>praefert</strong></span> <span class='ocrx_word' id='word_1_54' title='bbox 952 902 1125 959; x_wconf 81' lang='lat' dir='ltr'><strong>codex</strong></span> <span class='ocrx_word' id='word_1_55' title='bbox 1149 902 1519 975; x_wconf 90' lang='lat' dir='ltr'><strong>Corbeicnsis)</strong></span> <span class='ocrx_word' id='word_1_56' title='bbox 1548 908 1915 979; x_wconf 80' lang='lat' dir='ltr'><strong>integritate...</strong></span> 
     </span>
    </p>
   </div>
   <div class='ocr_carea' id='block_1_10' title="bbox 323 994 1917 1066">
    <p class='ocr_par' dir='ltr' id='par_1_10' title="bbox 323 994 1917 1066">
     <span class='ocr_line' id='line_1_10' title="bbox 323 994 1917 1066; baseline 0.006 -20"><span class='ocrx_word' id='word_1_57' title='bbox 323 994 793 1065; x_wconf 81' lang='lat' dir='ltr'><strong>peregrinationem</strong></span> <span class='ocrx_word' id='word_1_58' title='bbox 822 997 1047 1066; x_wconf 84' lang='lat' dir='ltr'><strong>suscepit</strong></span> <span class='ocrx_word' id='word_1_59' title='bbox 1070 1014 1091 1062; x_wconf 87' lang='lat'><strong><em>;</em></strong></span> <span class='ocrx_word' id='word_1_60' title='bbox 1118 1007 1172 1051; x_wconf 88' lang='lat' dir='ltr'><strong>ut</strong></span> <span class='ocrx_word' id='word_1_61' title='bbox 1217 999 1389 1052; x_wconf 78' lang='lat' dir='ltr'><strong>exiens</strong></span> <span class='ocrx_word' id='word_1_62' title='bbox 1432 999 1493 1051; x_wconf 85' lang='lat' dir='ltr'><strong>de</strong></span> <span class='ocrx_word' id='word_1_63' title='bbox 1526 1008 1664 1052; x_wconf 88' lang='lat' dir='ltr'><strong>terra</strong></span> <span class='ocrx_word' id='word_1_64' title='bbox 1686 1017 1803 1066; x_wconf 89' lang='lat' dir='ltr'><strong>sua,</strong></span> <span class='ocrx_word' id='word_1_65' title='bbox 1831 1017 1917 1055; x_wconf 83' lang='lat' dir='ltr'><strong>co-</strong></span> 
     </span>
    </p>
   </div>
   <div class='ocr_carea' id='block_1_11' title="bbox 321 1086 1918 1164">
    <p class='ocr_par' dir='ltr' id='par_1_11' title="bbox 321 1086 1918 1164">
     <span class='ocr_line' id='line_1_11' title="bbox 321 1086 1918 1164; baseline 0.005 -21"><span class='ocrx_word' id='word_1_66' title='bbox 321 1086 486 1143; x_wconf 70' lang='lat' dir='ltr'><strong>haeres</strong></span> <span class='ocrx_word' id='word_1_67' title='bbox 505 1088 653 1160; x_wconf 85' lang='lat' dir='ltr'><strong>ﬁeret</strong></span> <span class='ocrx_word' id='word_1_68' title='bbox 681 1089 901 1144; x_wconf 79' lang='lat' dir='ltr'><strong>Abraha:</strong></span> <span class='ocrx_word' id='word_1_69' title='bbox 916 1090 1250 1162; x_wconf 71' lang='lat' dir='ltr'><strong>patriarchae.</strong></span> <span class='ocrx_word' id='word_1_70' title='bbox 1279 1092 1344 1146; x_wconf 90' lang='lat' dir='ltr'><strong>Et</strong></span> <span class='ocrx_word' id='word_1_71' title='bbox 1377 1093 1495 1147; x_wconf 65' lang='lat' dir='ltr'><strong>haec</strong></span> <span class='ocrx_word' id='word_1_72' title='bbox 1524 1094 1747 1164; x_wconf 88' lang='lat' dir='ltr'><strong>quidem</strong></span> <span class='ocrx_word' id='word_1_73' title='bbox 1779 1095 1918 1152; x_wconf 80' lang='lat' dir='ltr'><strong>Mas-</strong></span> 
     </span>
    </p>
   </div>
   <div class='ocr_carea' id='block_1_12' title="bbox 322 1180 1917 1258">
    <p class='ocr_par' dir='ltr' id='par_1_12' title="bbox 322 1180 1917 1258">
     <span class='ocr_line' id='line_1_12' title="bbox 322 1180 1917 1258; baseline 0.006 -23"><span class='ocrx_word' id='word_1_74' title='bbox 322 1180 562 1236; x_wconf 87' lang='lat' dir='ltr'><strong>siliensis</strong></span> <span class='ocrx_word' id='word_1_75' title='bbox 604 1182 895 1255; x_wconf 75' lang='lat' dir='ltr'><strong>presbyter</strong></span> <span class='ocrx_word' id='word_1_76' title='bbox 925 1183 1124 1240; x_wconf 77' lang='lat' dir='ltr'><strong>litteris</strong></span> <span class='ocrx_word' id='word_1_77' title='bbox 1158 1184 1378 1240; x_wconf 89' lang='lat' dir='ltr'><strong>tradidit</strong></span> <span class='ocrx_word' id='word_1_78' title='bbox 1418 1186 1488 1241; x_wconf 91' lang='lat' dir='ltr'><strong>ab</strong></span> <span class='ocrx_word' id='word_1_79' title='bbox 1530 1187 1646 1258; x_wconf 88' lang='lat' dir='ltr'><strong>ipso</strong></span> <span class='ocrx_word' id='word_1_80' title='bbox 1693 1188 1917 1244; x_wconf 87' lang='lat' dir='ltr'><strong>Baebia-</strong></span> 
     </span>
    </p>
   </div>
   <div class='ocr_carea' id='block_1_13' title="bbox 321 1273 1914 1349">
    <p class='ocr_par' dir='ltr' id='par_1_13' title="bbox 321 1273 1914 1349">
     <span class='ocr_line' id='line_1_13' title="bbox 321 1273 1914 1349; baseline 0.007 -22"><span class='ocrx_word' id='word_1_81' title='bbox 321 1273 406 1327; x_wconf 91' lang='lat' dir='ltr'><strong>rio</strong></span> <span class='ocrx_word' id='word_1_82' title='bbox 428 1273 684 1341; x_wconf 89' lang='lat' dir='ltr'><strong>edoctus,</strong></span> <span class='ocrx_word' id='word_1_83' title='bbox 709 1274 992 1348; x_wconf 88' lang='lat' dir='ltr'><strong>quiait(a)</strong></span> <span class='ocrx_word' id='word_1_84' title='bbox 1022 1294 1034 1330; x_wconf 93' lang='lat'>:</span> <span class='ocrx_word' id='word_1_85' title='bbox 1067 1276 1181 1332; x_wconf 85' lang='lat' dir='ltr'><strong>Nos</strong></span> <span class='ocrx_word' id='word_1_86' title='bbox 1212 1279 1455 1349; x_wconf 86' lang='lat' dir='ltr'><strong>patriam,</strong></span> <span class='ocrx_word' id='word_1_87' title='bbox 1487 1282 1591 1335; x_wconf 87' lang='lat' dir='ltr'><strong>etsi</strong></span> <span class='ocrx_word' id='word_1_88' title='bbox 1616 1282 1914 1339; x_wconf 92' lang='lat' dir='ltr'><strong>secundum</strong></span> 
     </span>
    </p>
   </div>
   <div class='ocr_carea' id='block_1_14' title="bbox 321 1368 1907 1448">
    <p class='ocr_par' dir='ltr' id='par_1_14' title="bbox 321 1368 1907 1448">
     <span class='ocr_line' id='line_1_14' title="bbox 321 1368 1907 1448; baseline 0.005 -25"><span class='ocrx_word' id='word_1_89' title='bbox 321 1380 544 1423; x_wconf 85' lang='lat' dir='ltr'><strong>carnem</strong></span> <span class='ocrx_word' id='word_1_90' title='bbox 586 1368 873 1437; x_wconf 85' lang='lat' dir='ltr'><strong>novimus,</strong></span> <span class='ocrx_word' id='word_1_91' title='bbox 926 1369 1022 1424; x_wconf 91' lang='lat' dir='ltr'><strong>sed</strong></span> <span class='ocrx_word' id='word_1_92' title='bbox 1058 1385 1200 1425; x_wconf 92' lang='lat' dir='ltr'><strong>nunc</strong></span> <span class='ocrx_word' id='word_1_93' title='bbox 1233 1371 1344 1441; x_wconf 88' lang='lat' dir='ltr'><strong>jam</strong></span> <span class='ocrx_word' id='word_1_94' title='bbox 1388 1388 1495 1427; x_wconf 86' lang='lat' dir='ltr'><strong>non</strong></span> <span class='ocrx_word' id='word_1_95' title='bbox 1537 1375 1788 1429; x_wconf 84' lang='lat' dir='ltr'><strong>novimus</strong></span> <span class='ocrx_word' id='word_1_96' title='bbox 1830 1376 1907 1448; x_wconf 93' lang='lat' dir='ltr'><strong>(ll</strong></span> 
     </span>
    </p>
   </div>
   <div class='ocr_carea' id='block_1_15' title="bbox 323 1458 1915 1536">
    <p class='ocr_par' dir='ltr' id='par_1_15' title="bbox 323 1458 1915 1536">
     <span class='ocr_line' id='line_1_15' title="bbox 323 1458 1915 1536; baseline 0.005 -22"><span class='ocrx_word' id='word_1_97' title='bbox 323 1458 442 1517; x_wconf 87' lang='lat' dir='ltr'><strong>Cor.</strong></span> <span class='ocrx_word' id='word_1_98' title='bbox 476 1477 533 1527; x_wconf 76' lang='grc' dir='ltr'>ν,</span> <span class='ocrx_word' id='word_1_99' title='bbox 568 1461 681 1531; x_wconf 84' lang='grc'><strong>16),</strong></span> <span class='ocrx_word' id='word_1_100' title='bbox 715 1471 762 1515; x_wconf 89' lang='lat' dir='ltr'><strong>et</strong></span> <span class='ocrx_word' id='word_1_101' title='bbox 794 1462 1149 1518; x_wconf 79' lang='lat' dir='ltr'><strong>desiderantes</strong></span> <span class='ocrx_word' id='word_1_102' title='bbox 1178 1463 1400 1519; x_wconf 78' lang='lat' dir='ltr'><strong>Abrahw</strong></span> <span class='ocrx_word' id='word_1_103' title='bbox 1428 1464 1527 1536; x_wconf 83' lang='lat' dir='ltr'><strong>ﬁlii</strong></span> <span class='ocrx_word' id='word_1_104' title='bbox 1551 1467 1690 1535; x_wconf 82' lang='lat' dir='ltr'><strong>ﬁeri,</strong></span> <span class='ocrx_word' id='word_1_105' title='bbox 1722 1478 1915 1522; x_wconf 86' lang='lat' dir='ltr'><strong>terram</strong></span> 
     </span>
    </p>
   </div>
   <div class='ocr_carea' id='block_1_16' title="bbox 322 1557 1915 1631">
    <p class='ocr_par' dir='ltr' id='par_1_16' title="bbox 322 1557 1915 1631">
     <span class='ocr_line' id='line_1_16' title="bbox 322 1557 1915 1631; baseline 0.005 -23"><span class='ocrx_word' id='word_1_106' title='bbox 322 1561 555 1608; x_wconf 90' lang='lat' dir='ltr'><strong>nostram</strong></span> <span class='ocrx_word' id='word_1_107' title='bbox 584 1557 1043 1627; x_wconf 82' lang='lat' dir='ltr'><strong>cognationemque</strong></span> <span class='ocrx_word' id='word_1_108' title='bbox 1063 1558 1391 1629; x_wconf 82' lang='lat' dir='ltr'><strong>reliquimus.</strong></span> <span class='ocrx_word' id='word_1_109' title='bbox 1410 1558 1597 1631; x_wconf 87' lang='lat' dir='ltr'><strong>Neque</strong></span> <span class='ocrx_word' id='word_1_110' title='bbox 1628 1576 1761 1619; x_wconf 84' lang='lat' dir='ltr'><strong>vero</strong></span> <span class='ocrx_word' id='word_1_111' title='bbox 1792 1578 1915 1617; x_wconf 88' lang='lat' dir='ltr'><strong>um-</strong></span> 
     </span>
    </p>
   </div>
   <div class='ocr_carea' id='block_1_17' title="bbox 322 1648 1916 1722">
    <p class='ocr_par' dir='ltr' id='par_1_17' title="bbox 322 1648 1916 1722">
     <span class='ocr_line' id='line_1_17' title="bbox 322 1648 1916 1722; baseline 0.008 -22"><span class='ocrx_word' id='word_1_112' title='bbox 322 1661 483 1716; x_wconf 88' lang='lat' dir='ltr'><strong>quam</strong></span> <span class='ocrx_word' id='word_1_113' title='bbox 514 1648 813 1719; x_wconf 84' lang='lat' dir='ltr'><strong>episc0pali</strong></span> <span class='ocrx_word' id='word_1_114' title='bbox 858 1651 1065 1705; x_wconf 86' lang='lat' dir='ltr'><strong>honore</strong></span> <span class='ocrx_word' id='word_1_115' title='bbox 1091 1651 1414 1722; x_wconf 86' lang='lat' dir='ltr'><strong>scriptorem</strong></span> <span class='ocrx_word' id='word_1_116' title='bbox 1461 1665 1707 1710; x_wconf 90' lang='lat' dir='ltr'><strong>nostrum</strong></span> <span class='ocrx_word' id='word_1_117' title='bbox 1750 1655 1916 1712; x_wconf 79' lang='lat' dir='ltr'><strong>fuisse</strong></span> 
     </span>
    </p>
   </div>
   <div class='ocr_carea' id='block_1_18' title="bbox 321 1742 1913 1817">
    <p class='ocr_par' dir='ltr' id='par_1_18' title="bbox 321 1742 1913 1817">
     <span class='ocr_line' id='line_1_18' title="bbox 321 1742 1913 1817; baseline 0.008 -22"><span class='ocrx_word' id='word_1_118' title='bbox 321 1749 563 1808; x_wconf 89' lang='lat' dir='ltr'><strong>auctum,</strong></span> <span class='ocrx_word' id='word_1_119' title='bbox 592 1751 653 1798; x_wconf 89' lang='lat' dir='ltr'><strong>ut</strong></span> <span class='ocrx_word' id='word_1_120' title='bbox 682 1742 961 1817; x_wconf 86' lang='lat' dir='ltr'><strong>plerisque</strong></span> <span class='ocrx_word' id='word_1_121' title='bbox 992 1745 1194 1815; x_wconf 91' lang='lat' dir='ltr'><strong>visum,</strong></span> <span class='ocrx_word' id='word_1_122' title='bbox 1226 1748 1533 1805; x_wconf 86' lang='lat' dir='ltr'><strong>rationibus</strong></span> <span class='ocrx_word' id='word_1_123' title='bbox 1560 1753 1760 1807; x_wconf 86' lang='lat' dir='ltr'><strong>acriter</strong></span> <span class='ocrx_word' id='word_1_124' title='bbox 1781 1767 1913 1809; x_wconf 90' lang='lat' dir='ltr'><strong>con-</strong></span> 
     </span>
    </p>
   </div>
   <div class='ocr_carea' id='block_1_19' title="bbox 2018 527 3611 609">
    <p class='ocr_par' dir='ltr' id='par_1_19' title="bbox 2018 527 3611 609">
     <span class='ocr_line' id='line_1_19' title="bbox 2018 527 3611 609; baseline -0.008 -13"><span class='ocrx_word' id='word_1_125' title='bbox 2018 539 2147 596; x_wconf 89' lang='lat' dir='ltr'><strong>belli</strong></span> <span class='ocrx_word' id='word_1_126' title='bbox 2170 534 2487 609; x_wconf 87' lang='lat' dir='ltr'><strong>perlegendi</strong></span> <span class='ocrx_word' id='word_1_127' title='bbox 2510 532 2890 605; x_wconf 86' lang='lat' dir='ltr'><strong>opportunitas</strong></span> <span class='ocrx_word' id='word_1_128' title='bbox 2912 531 3013 603; x_wconf 90' lang='lat' dir='ltr'><strong>ipsi</strong></span> <span class='ocrx_word' id='word_1_129' title='bbox 3044 539 3246 604; x_wconf 84' lang='lat' dir='ltr'><strong>praesto</strong></span> <span class='ocrx_word' id='word_1_130' title='bbox 3275 530 3480 587; x_wconf 89' lang='lat' dir='ltr'><strong>fuisset.</strong></span> <span class='ocrx_word' id='word_1_131' title='bbox 3510 527 3611 586; x_wconf 85' lang='lat' dir='ltr'><strong>Ut-</strong></span> 
     </span>
    </p>
   </div>
   <div class='ocr_carea' id='block_1_20' title="bbox 2017 623 3609 705">
    <p class='ocr_par' dir='ltr' id='par_1_20' title="bbox 2017 623 3609 705">
     <span class='ocr_line' id='line_1_20' title="bbox 2017 623 3609 705; baseline -0.006 -16"><span class='ocrx_word' id='word_1_132' title='bbox 2017 648 2251 705; x_wconf 89' lang='lat' dir='ltr'><strong>cumque</strong></span> <span class='ocrx_word' id='word_1_133' title='bbox 2297 647 2356 686; x_wconf 88' lang='lat' dir='ltr'><strong>se</strong></span> <span class='ocrx_word' id='word_1_134' title='bbox 2391 645 2478 685; x_wconf 91' lang='lat' dir='ltr'><strong>res</strong></span> <span class='ocrx_word' id='word_1_135' title='bbox 2509 628 2727 694; x_wconf 88' lang='lat' dir='ltr'><strong>habeat,</strong></span> <span class='ocrx_word' id='word_1_136' title='bbox 2779 642 3020 683; x_wconf 89' lang='lat' dir='ltr'><strong>errorem</strong></span> <span class='ocrx_word' id='word_1_137' title='bbox 3076 625 3487 682; x_wconf 88' lang='lat' dir='ltr'><strong>Gennadianum</strong></span> <span class='ocrx_word' id='word_1_138' title='bbox 3519 623 3609 679; x_wconf 90' lang='lat' dir='ltr'><strong>de—</strong></span> 
     </span>
    </p>
   </div>
   <div class='ocr_carea' id='block_1_21' title="bbox 2016 719 3611 797">
    <p class='ocr_par' dir='ltr' id='par_1_21' title="bbox 2016 719 3611 797">
     <span class='ocr_line' id='line_1_21' title="bbox 2016 719 3611 797; baseline -0.006 -14"><span class='ocrx_word' id='word_1_139' title='bbox 2016 728 2154 783; x_wconf 89' lang='lat' dir='ltr'><strong>texit</strong></span> <span class='ocrx_word' id='word_1_140' title='bbox 2212 726 2416 797; x_wconf 88' lang='lat' dir='ltr'><strong>primus</strong></span> <span class='ocrx_word' id='word_1_141' title='bbox 2464 724 2766 793; x_wconf 84' lang='lat' dir='ltr'><strong>rejecitque</strong></span> <span class='ocrx_word' id='word_1_142' title='bbox 2817 731 3069 778; x_wconf 83' lang='lat' dir='ltr'><strong>accurate</strong></span> <span class='ocrx_word' id='word_1_143' title='bbox 3115 720 3197 776; x_wconf 89' lang='lat' dir='ltr'><strong>vir</strong></span> <span class='ocrx_word' id='word_1_144' title='bbox 3260 719 3611 775; x_wconf 90' lang='lat' dir='ltr'><strong>doctissimus</strong></span> 
     </span>
    </p>
   </div>
   <div class='ocr_carea' id='block_1_22' title="bbox 2015 812 3609 889">
    <p class='ocr_par' dir='ltr' id='par_1_22' title="bbox 2015 812 3609 889">
     <span class='ocr_line' id='line_1_22' title="bbox 2015 812 3609 889; baseline -0.007 -12"><span class='ocrx_word' id='word_1_145' title='bbox 2015 819 2247 877; x_wconf 86' lang='lat' dir='ltr'><strong>subinde</strong></span> <span class='ocrx_word' id='word_1_146' title='bbox 2269 818 2517 875; x_wconf 88' lang='lat' dir='ltr'><strong>laudatus</strong></span> <span class='ocrx_word' id='word_1_147' title='bbox 2534 816 2634 889; x_wconf 90' lang='lat' dir='ltr'><strong>(g),</strong></span> <span class='ocrx_word' id='word_1_148' title='bbox 2651 816 2719 870; x_wconf 89' lang='lat' dir='ltr'><strong>ad</strong></span> <span class='ocrx_word' id='word_1_149' title='bbox 2740 832 2899 887; x_wconf 91' lang='lat' dir='ltr'><strong>quem</strong></span> <span class='ocrx_word' id='word_1_150' title='bbox 2916 813 3141 886; x_wconf 88' lang='lat' dir='ltr'><strong>proinde</strong></span> <span class='ocrx_word' id='word_1_151' title='bbox 3164 815 3404 869; x_wconf 87' lang='lat' dir='ltr'><strong>lectores</strong></span> <span class='ocrx_word' id='word_1_152' title='bbox 3419 812 3609 868; x_wconf 83' lang='lat' dir='ltr'><strong>remit-</strong></span> 
     </span>
    </p>
   </div>
   <div class='ocr_carea' id='block_1_23' title="bbox 2019 910 3609 983">
    <p class='ocr_par' dir='ltr' id='par_1_23' title="bbox 2019 910 3609 983">
     <span class='ocr_line' id='line_1_23' title="bbox 2019 910 3609 983; baseline -0.006 -12"><span class='ocrx_word' id='word_1_153' title='bbox 2019 917 2198 971; x_wconf 91' lang='lat' dir='ltr'><strong>timus.</strong></span> <span class='ocrx_word' id='word_1_154' title='bbox 2235 914 2511 970; x_wconf 87' lang='lat' dir='ltr'><strong>Posterius</strong></span> <span class='ocrx_word' id='word_1_155' title='bbox 2544 921 2726 967; x_wconf 89' lang='lat' dir='ltr'><strong>autem</strong></span> <span class='ocrx_word' id='word_1_156' title='bbox 2750 910 3073 983; x_wconf 84' lang='lat' dir='ltr'><strong>epusculum</strong></span> <span class='ocrx_word' id='word_1_157' title='bbox 3102 918 3369 964; x_wconf 87' lang='lat' dir='ltr'><strong>memorat</strong></span> <span class='ocrx_word' id='word_1_158' title='bbox 3398 923 3609 979; x_wconf 82' lang='lat' dir='ltr'><strong>anony-</strong></span> 
     </span>
    </p>
   </div>
   <div class='ocr_carea' id='block_1_24' title="bbox 2018 1002 3608 1080">
    <p class='ocr_par' dir='ltr' id='par_1_24' title="bbox 2018 1002 3608 1080">
     <span class='ocr_line' id='line_1_24' title="bbox 2018 1002 3608 1080; baseline -0.008 -14"><span class='ocrx_word' id='word_1_159' title='bbox 2018 1026 2139 1066; x_wconf 89' lang='lat' dir='ltr'><strong>mus</strong></span> <span class='ocrx_word' id='word_1_160' title='bbox 2164 1008 2494 1065; x_wconf 83' lang='lat' dir='ltr'><strong>Mellicensis</strong></span> <span class='ocrx_word' id='word_1_161' title='bbox 2518 1006 2625 1080; x_wconf 77' lang='lat' dir='ltr'><strong>(lt),</strong></span> <span class='ocrx_word' id='word_1_162' title='bbox 2644 1006 2732 1060; x_wconf 90' lang='lat' dir='ltr'><strong>cui</strong></span> <span class='ocrx_word' id='word_1_163' title='bbox 2756 1005 3071 1061; x_wconf 90' lang='lat' dir='ltr'><strong>Bachiarius</strong></span> <span class='ocrx_word' id='word_1_164' title='bbox 3102 1005 3182 1057; x_wconf 87' lang='lat' dir='ltr'><strong>vir</strong></span> <span class='ocrx_word' id='word_1_165' title='bbox 3210 1003 3387 1075; x_wconf 86' lang='lat' dir='ltr'><strong>optimi</strong></span> <span class='ocrx_word' id='word_1_166' title='bbox 3412 1002 3608 1074; x_wconf 85' lang='lat' dir='ltr'><strong>ingenii</strong></span> 
     </span>
    </p>
   </div>
   <div class='ocr_carea' id='block_1_25' title="bbox 2017 1094 3606 1173">
    <p class='ocr_par' dir='ltr' id='par_1_25' title="bbox 2017 1094 3606 1173">
     <span class='ocr_line' id='line_1_25' title="bbox 2017 1094 3606 1173; baseline -0.009 -11"><span class='ocrx_word' id='word_1_167' title='bbox 2017 1106 2239 1162; x_wconf 91' lang='lat' dir='ltr'><strong>dicitur.</strong></span> <span class='ocrx_word' id='word_1_168' title='bbox 2283 1104 2581 1173; x_wconf 87' lang='lat' dir='ltr'><strong>Utriusque</strong></span> <span class='ocrx_word' id='word_1_169' title='bbox 2620 1116 2782 1171; x_wconf 90' lang='lat' dir='ltr'><strong>porro</strong></span> <span class='ocrx_word' id='word_1_170' title='bbox 2813 1099 2985 1155; x_wconf 92' lang='lat' dir='ltr'><strong>libelli</strong></span> <span class='ocrx_word' id='word_1_171' title='bbox 3018 1098 3311 1153; x_wconf 89' lang='lat' dir='ltr'><strong>editionem</strong></span> <span class='ocrx_word' id='word_1_172' title='bbox 3352 1094 3495 1150; x_wconf 93' lang='lat' dir='ltr'><strong>baud</strong></span> <span class='ocrx_word' id='word_1_173' title='bbox 3532 1095 3606 1149; x_wconf 90' lang='lat' dir='ltr'><strong>ita</strong></span> 
     </span>
    </p>
   </div>
   <div class='ocr_carea' id='block_1_26' title="bbox 2018 1188 3607 1269">
    <p class='ocr_par' dir='ltr' id='par_1_26' title="bbox 2018 1188 3607 1269">
     <span class='ocr_line' id='line_1_26' title="bbox 2018 1188 3607 1269; baseline -0.006 -16"><span class='ocrx_word' id='word_1_174' title='bbox 2018 1199 2228 1269; x_wconf 90' lang='lat' dir='ltr'><strong>pridem</strong></span> <span class='ocrx_word' id='word_1_175' title='bbox 2254 1196 2526 1252; x_wconf 88' lang='lat' dir='ltr'><strong>adornare</strong></span> <span class='ocrx_word' id='word_1_176' title='bbox 2550 1208 2837 1266; x_wconf 78' lang='lat' dir='ltr'><strong>aggressus</strong></span> <span class='ocrx_word' id='word_1_177' title='bbox 2866 1202 2948 1247; x_wconf 89' lang='lat' dir='ltr'><strong>est</strong></span> <span class='ocrx_word' id='word_1_178' title='bbox 2972 1209 3027 1246; x_wconf 82' lang='grc' dir='ltr'><strong>γ.</strong></span> <span class='ocrx_word' id='word_1_179' title='bbox 3054 1207 3104 1247; x_wconf 92' lang='lat' dir='ltr'><strong>c.</strong></span> <span class='ocrx_word' id='word_1_180' title='bbox 3128 1190 3280 1260; x_wconf 84' lang='lat' dir='ltr'><strong>cujus</strong></span> <span class='ocrx_word' id='word_1_181' title='bbox 3305 1188 3466 1245; x_wconf 91' lang='lat' dir='ltr'><strong>modo</strong></span> <span class='ocrx_word' id='word_1_182' title='bbox 3488 1203 3607 1244; x_wconf 86' lang='lat' dir='ltr'><strong>me-</strong></span> 
     </span>
    </p>
   </div>
   <div class='ocr_carea' id='block_1_27' title="bbox 2017 1282 3612 1361">
    <p class='ocr_par' dir='ltr' id='par_1_27' title="bbox 2017 1282 3612 1361">
     <span class='ocr_line' id='line_1_27' title="bbox 2017 1282 3612 1361; baseline -0.006 -14"><span class='ocrx_word' id='word_1_183' title='bbox 2017 1290 2274 1347; x_wconf 90' lang='lat' dir='ltr'><strong>minimus</strong></span> <span class='ocrx_word' id='word_1_184' title='bbox 2307 1288 2407 1361; x_wconf 87' lang='lat' dir='ltr'><strong>(i),</strong></span> <span class='ocrx_word' id='word_1_185' title='bbox 2463 1301 2695 1357; x_wconf 84' lang='lat' dir='ltr'><strong>eamque</strong></span> <span class='ocrx_word' id='word_1_186' title='bbox 2745 1285 2812 1340; x_wconf 91' lang='lat' dir='ltr'><strong>ad</strong></span> <span class='ocrx_word' id='word_1_187' title='bbox 2854 1300 2987 1340; x_wconf 88' lang='lat' dir='ltr'><strong>mss.</strong></span> <span class='ocrx_word' id='word_1_188' title='bbox 3023 1284 3240 1341; x_wconf 82' lang='lat' dir='ltr'><strong>codices</strong></span> <span class='ocrx_word' id='word_1_189' title='bbox 3265 1282 3612 1339; x_wconf 74' lang='lat' dir='ltr'><strong>bibliotheca:</strong></span> 
     </span>
    </p>
   </div>
   <div class='ocr_carea' id='block_1_28' title="bbox 2017 1376 3606 1449">
    <p class='ocr_par' dir='ltr' id='par_1_28' title="bbox 2017 1376 3606 1449">
     <span class='ocr_line' id='line_1_28' title="bbox 2017 1376 3606 1449; baseline -0.004 -10"><span class='ocrx_word' id='word_1_190' title='bbox 2017 1382 2398 1439; x_wconf 78' lang='lat' dir='ltr'><strong>Ambrosiaua:</strong></span> <span class='ocrx_word' id='word_1_191' title='bbox 2424 1423 2439 1448; x_wconf 95' lang='lat'><strong>,</strong></span> <span class='ocrx_word' id='word_1_192' title='bbox 2472 1396 2573 1435; x_wconf 91' lang='lat' dir='ltr'><strong>nec</strong></span> <span class='ocrx_word' id='word_1_193' title='bbox 2605 1394 2714 1434; x_wconf 89' lang='lat' dir='ltr'><strong>non</strong></span> <span class='ocrx_word' id='word_1_194' title='bbox 2747 1377 2812 1433; x_wconf 90' lang='lat' dir='ltr'><strong>ad</strong></span> <span class='ocrx_word' id='word_1_195' title='bbox 2838 1387 2995 1433; x_wconf 87' lang='lat' dir='ltr'><strong>antea</strong></span> <span class='ocrx_word' id='word_1_196' title='bbox 3022 1378 3236 1449; x_wconf 87' lang='lat' dir='ltr'><strong>vulgata</strong></span> <span class='ocrx_word' id='word_1_197' title='bbox 3267 1376 3606 1447; x_wconf 80' lang='lat' dir='ltr'><strong>exemplaria</strong></span> 
     </span>
    </p>
   </div>
   <div class='ocr_carea' id='block_1_29' title="bbox 2015 1473 3607 1542">
    <p class='ocr_par' dir='ltr' id='par_1_29' title="bbox 2015 1473 3607 1542">
     <span class='ocr_line' id='line_1_29' title="bbox 2015 1473 3607 1542; baseline -0.007 -7"><span class='ocrx_word' id='word_1_198' title='bbox 2015 1486 2281 1542; x_wconf 80' lang='lat' dir='ltr'><strong>exactam,</strong></span> <span class='ocrx_word' id='word_1_199' title='bbox 2315 1475 2521 1531; x_wconf 89' lang='lat' dir='ltr'><strong>duabus</strong></span> <span class='ocrx_word' id='word_1_200' title='bbox 2545 1474 2778 1531; x_wconf 89' lang='lat' dir='ltr'><strong>eruditis</strong></span> <span class='ocrx_word' id='word_1_201' title='bbox 2802 1473 3284 1529; x_wconf 88' lang='lat' dir='ltr'><strong>dissertationibus</strong></span> <span class='ocrx_word' id='word_1_202' title='bbox 3323 1474 3478 1526; x_wconf 83' lang='lat' dir='ltr'><strong>auxit</strong></span> <span class='ocrx_word' id='word_1_203' title='bbox 3506 1485 3607 1526; x_wconf 85' lang='lat' dir='ltr'><strong>no-</strong></span> 
     </span>
    </p>
   </div>
   <div class='ocr_carea' id='block_1_30' title="bbox 2017 1568 3607 1645">
    <p class='ocr_par' dir='ltr' id='par_1_30' title="bbox 2017 1568 3607 1645">
     <span class='ocr_line' id='line_1_30' title="bbox 2017 1568 3607 1645; baseline -0.005 -16"><span class='ocrx_word' id='word_1_204' title='bbox 2017 1574 2198 1645; x_wconf 89' lang='lat' dir='ltr'><strong>tisque</strong></span> <span class='ocrx_word' id='word_1_205' title='bbox 2226 1573 2537 1628; x_wconf 91' lang='lat' dir='ltr'><strong>illustravit.</strong></span> <span class='ocrx_word' id='word_1_206' title='bbox 2565 1571 2741 1642; x_wconf 88' lang='lat' dir='ltr'><strong>Atque</strong></span> <span class='ocrx_word' id='word_1_207' title='bbox 2764 1570 2902 1626; x_wconf 87' lang='lat' dir='ltr'><strong>hanc</strong></span> <span class='ocrx_word' id='word_1_208' title='bbox 2933 1570 3250 1640; x_wconf 89' lang='lat' dir='ltr'><strong>praeclaram</strong></span> <span class='ocrx_word' id='word_1_209' title='bbox 3271 1568 3465 1625; x_wconf 78' lang='grc' dir='ltr'><strong>ἔκδοσιν</strong></span> <span class='ocrx_word' id='word_1_210' title='bbox 3495 1581 3607 1638; x_wconf 67' lang='lat' dir='ltr'><strong>pra:</strong></span> 
     </span>
    </p>
   </div>
   <div class='ocr_carea' id='block_1_31' title="bbox 2016 1662 3605 1737">
    <p class='ocr_par' dir='ltr' id='par_1_31' title="bbox 2016 1662 3605 1737">
     <span class='ocr_line' id='line_1_31' title="bbox 2016 1662 3605 1737; baseline -0.006 -13"><span class='ocrx_word' id='word_1_211' title='bbox 2016 1668 2233 1724; x_wconf 57' lang='lat' dir='ltr'><strong>caeteris</strong></span> <span class='ocrx_word' id='word_1_212' title='bbox 2260 1665 2590 1737; x_wconf 89' lang='lat' dir='ltr'><strong>seligendam</strong></span> <span class='ocrx_word' id='word_1_213' title='bbox 2620 1664 2873 1720; x_wconf 88' lang='lat' dir='ltr'><strong>duximus</strong></span> <span class='ocrx_word' id='word_1_214' title='bbox 2898 1706 2912 1731; x_wconf 90' lang='lat'><strong>,</strong></span> <span class='ocrx_word' id='word_1_215' title='bbox 2951 1665 3037 1719; x_wconf 93' lang='lat' dir='ltr'><strong>cui</strong></span> <span class='ocrx_word' id='word_1_216' title='bbox 3069 1672 3334 1732; x_wconf 62' lang='lat' dir='ltr'><strong>praeterea</strong></span> <span class='ocrx_word' id='word_1_217' title='bbox 3364 1662 3605 1717; x_wconf 80' lang='lat' dir='ltr'><strong>Muralo—</strong></span> 
     </span>
    </p>
   </div>
   <div class='ocr_carea' id='block_1_32' title="bbox 2018 1754 3601 1816">
    <p class='ocr_par' dir='ltr' id='par_1_32' title="bbox 2018 1754 3601 1816">
     <span class='ocr_line' id='line_1_32' title="bbox 2018 1754 3601 1816; baseline -0.008 -1"><span class='ocrx_word' id='word_1_218' title='bbox 2018 1760 2198 1816; x_wconf 86' lang='lat' dir='ltr'><strong>rianas</strong></span> <span class='ocrx_word' id='word_1_219' title='bbox 2219 1758 2631 1814; x_wconf 87' lang='lat' dir='ltr'><strong>observationes</strong></span> <span class='ocrx_word' id='word_1_220' title='bbox 2654 1758 2706 1813; x_wconf 90' lang='lat' dir='ltr'><strong>in</strong></span> <span class='ocrx_word' id='word_1_221' title='bbox 2732 1756 3003 1811; x_wconf 88' lang='lat' dir='ltr'><strong>Bacbiarii</strong></span> <span class='ocrx_word' id='word_1_222' title='bbox 3032 1754 3216 1811; x_wconf 86' lang='lat' dir='ltr'><strong>Fidem</strong></span> <span class='ocrx_word' id='word_1_223' title='bbox 3237 1754 3601 1811; x_wconf 90' lang='lat' dir='ltr'><strong>subdidimus.</strong></span> 
     </span>
    </p>
   </div>
   <div class='ocr_carea' id='block_1_33' title="bbox 320 1834 3604 1924">
    <p class='ocr_par' dir='ltr' id='par_1_33' title="bbox 320 1834 3604 1924">
     <span class='ocr_line' id='line_1_33' title="bbox 320 1834 3604 1924; baseline 0.004 -35"><span class='ocrx_word' id='word_1_224' title='bbox 320 1834 488 1892; x_wconf 92' lang='lat' dir='ltr'><strong>clusis</strong></span> <span class='ocrx_word' id='word_1_225' title='bbox 514 1836 1140 1897; x_wconf 90' lang='lat' dir='ltr'><strong>evinciteruditissimus</strong></span> <span class='ocrx_word' id='word_1_226' title='bbox 1171 1842 1387 1899; x_wconf 91' lang='lat' dir='ltr'><strong>Florius</strong></span> <span class='ocrx_word' id='word_1_227' title='bbox 1410 1845 1483 1916; x_wconf 73' lang='grc' dir='ltr'><strong>(ὁ)</strong></span> <span class='ocrx_word' id='word_1_228' title='bbox 1514 1865 1524 1899; x_wconf 92' lang='lat'>:</span> <span class='ocrx_word' id='word_1_229' title='bbox 1558 1848 1700 1917; x_wconf 90' lang='lat' dir='ltr'><strong>quod</strong></span> <span class='ocrx_word' id='word_1_230' title='bbox 1728 1852 1912 1921; x_wconf 90' lang='lat' dir='ltr'><strong>utique</strong></span> <span class='ocrx_word' id='word_1_231' title='bbox 1942 1863 1989 1924; x_wconf 79' lang='grc' dir='ltr'>Β</span> <span class='ocrx_word' id='word_1_232' title='bbox 2087 1850 2141 1905; x_wconf 75' lang='grc'><strong>4.</strong></span> <span class='ocrx_word' id='word_1_233' title='bbox 2182 1850 2287 1907; x_wconf 91' lang='lat' dir='ltr'><strong>Sed</strong></span> <span class='ocrx_word' id='word_1_234' title='bbox 2347 1858 2635 1920; x_wconf 88' lang='lat' dir='ltr'><strong>antequam</strong></span> <span class='ocrx_word' id='word_1_235' title='bbox 2676 1863 2896 1904; x_wconf 92' lang='lat' dir='ltr'><strong>manum</strong></span> <span class='ocrx_word' id='word_1_236' title='bbox 2936 1849 3003 1904; x_wconf 90' lang='lat' dir='ltr'><strong>de</strong></span> <span class='ocrx_word' id='word_1_237' title='bbox 3035 1847 3215 1903; x_wconf 89' lang='lat' dir='ltr'><strong>tabula</strong></span> <span class='ocrx_word' id='word_1_238' title='bbox 3277 1848 3331 1903; x_wconf 90' lang='lat' dir='ltr'><strong>in</strong></span> <span class='ocrx_word' id='word_1_239' title='bbox 3364 1846 3604 1903; x_wconf 88' lang='lat' dir='ltr'><strong>medium</strong></span> 
     </span>
    </p>
   </div>
   <div class='ocr_carea' id='block_1_34' title="bbox 321 1930 1910 2012">
    <p class='ocr_par' dir='ltr' id='par_1_34' title="bbox 321 1930 1910 2012">
     <span class='ocr_line' id='line_1_34' title="bbox 321 1930 1910 2012; baseline 0.011 -28"><span class='ocrx_word' id='word_1_240' title='bbox 321 1930 572 2001; x_wconf 90' lang='lat' dir='ltr'><strong>nuspiam</strong></span> <span class='ocrx_word' id='word_1_241' title='bbox 596 1948 664 1989; x_wconf 90' lang='lat' dir='ltr'><strong>ex</strong></span> <span class='ocrx_word' id='word_1_242' title='bbox 692 1943 925 2006; x_wconf 90' lang='lat' dir='ltr'><strong>utroque</strong></span> <span class='ocrx_word' id='word_1_243' title='bbox 946 1936 1117 2006; x_wconf 90' lang='lat' dir='ltr'><strong>ipsius</strong></span> <span class='ocrx_word' id='word_1_244' title='bbox 1141 1938 1331 1994; x_wconf 91' lang='lat' dir='ltr'><strong>libello</strong></span> <span class='ocrx_word' id='word_1_245' title='bbox 1357 1940 1612 2011; x_wconf 89' lang='lat' dir='ltr'><strong>colligere</strong></span> <span class='ocrx_word' id='word_1_246' title='bbox 1634 1953 1739 1998; x_wconf 89' lang='lat' dir='ltr'><strong>est.</strong></span> <span class='ocrx_word' id='word_1_247' title='bbox 1771 1944 1910 2012; x_wconf 84' lang='lat' dir='ltr'><strong>Quin</strong></span> 
     </span>
    </p>
   </div>
   <div class='ocr_carea' id='block_1_35' title="bbox 320 2025 1910 2109">
    <p class='ocr_par' dir='ltr' id='par_1_35' title="bbox 320 2025 1910 2109">
     <span class='ocr_line' id='line_1_35' title="bbox 320 2025 1910 2109; baseline 0.011 -32"><span class='ocrx_word' id='word_1_248' title='bbox 320 2025 501 2092; x_wconf 88' lang='lat' dir='ltr'><strong>potius</strong></span> <span class='ocrx_word' id='word_1_249' title='bbox 534 2026 588 2081; x_wconf 92' lang='lat' dir='ltr'><strong>in</strong></span> <span class='ocrx_word' id='word_1_250' title='bbox 620 2027 867 2083; x_wconf 89' lang='lat' dir='ltr'><strong>instituto</strong></span> <span class='ocrx_word' id='word_1_251' title='bbox 905 2031 1207 2087; x_wconf 90' lang='lat' dir='ltr'><strong>monastico</strong></span> <span class='ocrx_word' id='word_1_252' title='bbox 1236 2033 1521 2090; x_wconf 89' lang='lat' dir='ltr'><strong>retinendo</strong></span> <span class='ocrx_word' id='word_1_253' title='bbox 1549 2052 1672 2091; x_wconf 91' lang='lat' dir='ltr'><strong>eum</strong></span> <span class='ocrx_word' id='word_1_254' title='bbox 1714 2040 1910 2109; x_wconf 90' lang='lat' dir='ltr'><strong>persti-</strong></span> 
     </span>
    </p>
   </div>
   <div class='ocr_carea' id='block_1_36' title="bbox 322 2116 1911 2197">
    <p class='ocr_par' dir='ltr' id='par_1_36' title="bbox 322 2116 1911 2197">
     <span class='ocr_line' id='line_1_36' title="bbox 322 2116 1911 2197; baseline 0.01 -26"><span class='ocrx_word' id='word_1_255' title='bbox 322 2116 453 2172; x_wconf 86' lang='lat' dir='ltr'><strong>tisse</strong></span> <span class='ocrx_word' id='word_1_256' title='bbox 476 2160 490 2185; x_wconf 93' lang='lat'><strong>,</strong></span> <span class='ocrx_word' id='word_1_257' title='bbox 526 2118 669 2175; x_wconf 88' lang='lat' dir='ltr'><strong>haud</strong></span> <span class='ocrx_word' id='word_1_258' title='bbox 695 2121 893 2177; x_wconf 90' lang='lat' dir='ltr'><strong>leviter</strong></span> <span class='ocrx_word' id='word_1_259' title='bbox 921 2134 1220 2194; x_wconf 88' lang='lat' dir='ltr'><strong>suggerunt</strong></span> <span class='ocrx_word' id='word_1_260' title='bbox 1250 2128 1714 2197; x_wconf 83' lang='lat' dir='ltr'><strong>peregrinationes</strong></span> <span class='ocrx_word' id='word_1_261' title='bbox 1743 2146 1773 2186; x_wconf 89' lang='lat' dir='ltr'><strong>a</strong></span> <span class='ocrx_word' id='word_1_262' title='bbox 1802 2133 1911 2188; x_wconf 87' lang='lat' dir='ltr'><strong>viro</strong></span> 
     </span>
    </p>
   </div>
   <div class='ocr_carea' id='block_1_37' title="bbox 321 2208 1911 2292">
    <p class='ocr_par' dir='ltr' id='par_1_37' title="bbox 321 2208 1911 2292">
     <span class='ocr_line' id='line_1_37' title="bbox 321 2208 1911 2292; baseline 0.012 -31"><span class='ocrx_word' id='word_1_263' title='bbox 321 2208 621 2266; x_wconf 75' lang='lat' dir='ltr'><strong>christiana:</strong></span> <span class='ocrx_word' id='word_1_264' title='bbox 644 2214 988 2285; x_wconf 64' lang='lat' dir='ltr'><strong>philosophia?</strong></span> <span class='ocrx_word' id='word_1_265' title='bbox 1009 2226 1302 2288; x_wconf 66' lang='lat' dir='ltr'><strong>susceptae,</strong></span> <span class='ocrx_word' id='word_1_266' title='bbox 1327 2234 1446 2290; x_wconf 77' lang='lat' dir='ltr'><strong>qua:</strong></span> <span class='ocrx_word' id='word_1_267' title='bbox 1470 2223 1731 2292; x_wconf 88' lang='lat' dir='ltr'><strong>pastorali</strong></span> <span class='ocrx_word' id='word_1_268' title='bbox 1756 2224 1911 2279; x_wconf 85' lang='lat' dir='ltr'><strong>solli-</strong></span> 
     </span>
    </p>
   </div>
   <div class='ocr_carea' id='block_1_38' title="bbox 320 2301 1912 2383">
    <p class='ocr_par' dir='ltr' id='par_1_38' title="bbox 320 2301 1912 2383">
     <span class='ocr_line' id='line_1_38' title="bbox 320 2301 1912 2383; baseline 0.011 -25"><span class='ocrx_word' id='word_1_269' title='bbox 320 2301 550 2360; x_wconf 88' lang='lat' dir='ltr'><strong>citudini</strong></span> <span class='ocrx_word' id='word_1_270' title='bbox 585 2307 762 2363; x_wconf 89' lang='lat' dir='ltr'><strong>minus</strong></span> <span class='ocrx_word' id='word_1_271' title='bbox 787 2309 1071 2365; x_wconf 89' lang='lat' dir='ltr'><strong>enimvero</strong></span> <span class='ocrx_word' id='word_1_272' title='bbox 1101 2326 1405 2383; x_wconf 77' lang='lat' dir='ltr'><strong>congruere</strong></span> <span class='ocrx_word' id='word_1_273' title='bbox 1444 2326 1764 2373; x_wconf 87' lang='lat' dir='ltr'><strong>noscuntur.</strong></span> <span class='ocrx_word' id='word_1_274' title='bbox 1810 2320 1912 2375; x_wconf 80' lang='lat' dir='ltr'><strong>De-</strong></span> 
     </span>
    </p>
   </div>
   <div class='ocr_carea' id='block_1_39' title="bbox 323 2398 1909 2485">
    <p class='ocr_par' dir='ltr' id='par_1_39' title="bbox 323 2398 1909 2485">
     <span class='ocr_line' id='line_1_39' title="bbox 323 2398 1909 2485; baseline 0.011 -33"><span class='ocrx_word' id='word_1_275' title='bbox 323 2398 485 2470; x_wconf 90' lang='lat' dir='ltr'><strong>nique</strong></span> <span class='ocrx_word' id='word_1_276' title='bbox 512 2400 581 2456; x_wconf 82' lang='lat' dir='ltr'><strong>ad</strong></span> <span class='ocrx_word' id='word_1_277' title='bbox 601 2411 933 2473; x_wconf 88' lang='lat' dir='ltr'><strong>extremum,</strong></span> <span class='ocrx_word' id='word_1_278' title='bbox 957 2406 1204 2463; x_wconf 90' lang='lat' dir='ltr'><strong>fictitium</strong></span> <span class='ocrx_word' id='word_1_279' title='bbox 1235 2409 1509 2466; x_wconf 80' lang='lat' dir='ltr'><strong>Bacliiarii</strong></span> <span class='ocrx_word' id='word_1_280' title='bbox 1534 2414 1909 2485; x_wconf 85' lang='lat' dir='ltr'><strong>episcopatum</strong></span> 
     </span>
    </p>
   </div>
   <div class='ocr_carea' id='block_1_40' title="bbox 321 2500 1907 2577">
    <p class='ocr_par' dir='ltr' id='par_1_40' title="bbox 321 2500 1907 2577">
     <span class='ocr_line' id='line_1_40' title="bbox 321 2500 1907 2577; baseline 0.013 -30"><span class='ocrx_word' id='word_1_281' title='bbox 321 2503 481 2549; x_wconf 82' lang='lat' dir='ltr'><strong>extra</strong></span> <span class='ocrx_word' id='word_1_282' title='bbox 509 2511 727 2554; x_wconf 84' lang='lat' dir='ltr'><strong>omnem</strong></span> <span class='ocrx_word' id='word_1_283' title='bbox 758 2500 963 2571; x_wconf 80' lang='lat' dir='ltr'><strong>ingenii</strong></span> <span class='ocrx_word' id='word_1_284' title='bbox 997 2504 1171 2559; x_wconf 88' lang='lat' dir='ltr'><strong>aleam</strong></span> <span class='ocrx_word' id='word_1_285' title='bbox 1201 2504 1441 2575; x_wconf 90' lang='lat' dir='ltr'><strong>positum</strong></span> <span class='ocrx_word' id='word_1_286' title='bbox 1470 2507 1673 2577; x_wconf 90' lang='lat' dir='ltr'><strong>fuerit,</strong></span> <span class='ocrx_word' id='word_1_287' title='bbox 1718 2512 1765 2566; x_wconf 93' lang='lat' dir='ltr'><strong>si</strong></span> <span class='ocrx_word' id='word_1_288' title='bbox 1802 2510 1907 2567; x_wconf 85' lang='lat' dir='ltr'><strong>ltu-</strong></span> 
     </span>
    </p>
   </div>
   <div class='ocr_carea' id='block_1_41' title="bbox 318 2585 1909 2676">
    <p class='ocr_par' dir='ltr' id='par_1_41' title="bbox 318 2585 1909 2676">
     <span class='ocr_line' id='line_1_41' title="bbox 318 2585 1909 2676; baseline 0.011 -34"><span class='ocrx_word' id='word_1_289' title='bbox 318 2585 744 2661; x_wconf 81' lang='lat' dir='ltr'><strong>jusmodiipsius</strong></span> <span class='ocrx_word' id='word_1_290' title='bbox 762 2594 931 2650; x_wconf 84' lang='lat' dir='ltr'><strong>verba</strong></span> <span class='ocrx_word' id='word_1_291' title='bbox 962 2595 1016 2651; x_wconf 93' lang='lat' dir='ltr'><strong>in</strong></span> <span class='ocrx_word' id='word_1_292' title='bbox 1041 2596 1282 2655; x_wconf 90' lang='lat' dir='ltr'><strong>medium</strong></span> <span class='ocrx_word' id='word_1_293' title='bbox 1302 2599 1771 2676; x_wconf 87' lang='lat' dir='ltr'><strong>adducantur(c):</strong></span> <span class='ocrx_word' id='word_1_294' title='bbox 1800 2603 1909 2660; x_wconf 90' lang='lat' dir='ltr'><strong>Pa-</strong></span> 
     </span>
    </p>
   </div>
   <div class='ocr_carea' id='block_1_42' title="bbox 318 2684 1907 2767">
    <p class='ocr_par' dir='ltr' id='par_1_42' title="bbox 318 2684 1907 2767">
     <span class='ocr_line' id='line_1_42' title="bbox 318 2684 1907 2767; baseline 0.012 -32"><span class='ocrx_word' id='word_1_295' title='bbox 318 2692 425 2736; x_wconf 84' lang='lat' dir='ltr'><strong>stor</strong></span> <span class='ocrx_word' id='word_1_296' title='bbox 445 2692 559 2751; x_wconf 86' lang='lat' dir='ltr'><strong>est,</strong></span> <span class='ocrx_word' id='word_1_297' title='bbox 591 2684 764 2757; x_wconf 88' lang='lat' dir='ltr'><strong>inquit</strong></span> <span class='ocrx_word' id='word_1_298' title='bbox 794 2703 806 2741; x_wconf 91' lang='lat'>:</span> <span class='ocrx_word' id='word_1_299' title='bbox 839 2706 944 2762; x_wconf 88' lang='lat' dir='ltr'><strong>quo</strong></span> <span class='ocrx_word' id='word_1_300' title='bbox 984 2693 1264 2762; x_wconf 86' lang='lat' dir='ltr'><strong>vocaverit,</strong></span> <span class='ocrx_word' id='word_1_301' title='bbox 1302 2711 1519 2765; x_wconf 87' lang='lat' dir='ltr'><strong>sequar:</strong></span> <span class='ocrx_word' id='word_1_302' title='bbox 1550 2698 1687 2767; x_wconf 89' lang='lat' dir='ltr'><strong>quod</strong></span> <span class='ocrx_word' id='word_1_303' title='bbox 1717 2698 1907 2754; x_wconf 74' lang='lat' dir='ltr'><strong>dixerit</strong></span> 
     </span>
    </p>
   </div>
   <div class='ocr_carea' id='block_1_43' title="bbox 316 2778 1906 2861">
    <p class='ocr_par' dir='ltr' id='par_1_43' title="bbox 316 2778 1906 2861">
     <span class='ocr_line' id='line_1_43' title="bbox 316 2778 1906 2861; baseline 0.011 -32"><span class='ocrx_word' id='word_1_304' title='bbox 316 2778 635 2847; x_wconf 85' lang='lat' dir='ltr'><strong>ruminabo;</strong></span> <span class='ocrx_word' id='word_1_305' title='bbox 666 2782 788 2851; x_wconf 84' lang='lat' dir='ltr'><strong>quia</strong></span> <span class='ocrx_word' id='word_1_306' title='bbox 819 2783 942 2855; x_wconf 36' lang='lat' dir='ltr'><strong>ipse,</strong></span> <span class='ocrx_word' id='word_1_307' title='bbox 962 2787 1089 2853; x_wconf 84' lang='lat' dir='ltr'><strong>scit,</strong></span> <span class='ocrx_word' id='word_1_308' title='bbox 1119 2787 1217 2841; x_wconf 82' lang='lat' dir='ltr'><strong>sibi</strong></span> <span class='ocrx_word' id='word_1_309' title='bbox 1244 2806 1341 2861; x_wconf 92' lang='lat' dir='ltr'><strong>pro</strong></span> <span class='ocrx_word' id='word_1_310' title='bbox 1364 2790 1598 2845; x_wconf 88' lang='lat' dir='ltr'><strong>custodia</strong></span> <span class='ocrx_word' id='word_1_311' title='bbox 1640 2809 1753 2845; x_wconf 88' lang='lat' dir='ltr'><strong>mea</strong></span> <span class='ocrx_word' id='word_1_312' title='bbox 1788 2796 1906 2848; x_wconf 91' lang='lat' dir='ltr'><strong>red-</strong></span> 
     </span>
    </p>
   </div>
   <div class='ocr_carea' id='block_1_44' title="bbox 318 2868 1905 2951">
    <p class='ocr_par' dir='ltr' id='par_1_44' title="bbox 318 2868 1905 2951">
     <span class='ocr_line' id='line_1_44' title="bbox 318 2868 1905 2951; baseline 0.012 -28"><span class='ocrx_word' id='word_1_313' title='bbox 318 2868 545 2926; x_wconf 83' lang='lat' dir='ltr'><strong>dendam</strong></span> <span class='ocrx_word' id='word_1_314' title='bbox 575 2888 682 2928; x_wconf 80' lang='lat' dir='ltr'><strong>esse</strong></span> <span class='ocrx_word' id='word_1_315' title='bbox 716 2876 988 2932; x_wconf 86' lang='lat' dir='ltr'><strong>rationem.</strong></span> <span class='ocrx_word' id='word_1_316' title='bbox 1024 2877 1168 2935; x_wconf 87' lang='lat' dir='ltr'><strong>Ecce</strong></span> <span class='ocrx_word' id='word_1_317' title='bbox 1196 2879 1289 2935; x_wconf 91' lang='lat' dir='ltr'><strong>tibi</strong></span> <span class='ocrx_word' id='word_1_318' title='bbox 1318 2890 1597 2951; x_wconf 88' lang='lat' dir='ltr'><strong>pastorem</strong></span> <span class='ocrx_word' id='word_1_319' title='bbox 1636 2883 1690 2939; x_wconf 91' lang='lat' dir='ltr'><strong>in</strong></span> <span class='ocrx_word' id='word_1_320' title='bbox 1722 2886 1905 2942; x_wconf 91' lang='lat' dir='ltr'><strong>ovium</strong></span> 
     </span>
    </p>
   </div>
   <div class='ocr_carea' id='block_1_45' title="bbox 317 2969 1905 3041">
    <p class='ocr_par' dir='ltr' id='par_1_45' title="bbox 317 2969 1905 3041">
     <span class='ocr_line' id='line_1_45' title="bbox 317 2969 1905 3041; baseline 0.011 -21"><span class='ocrx_word' id='word_1_321' title='bbox 317 2978 487 3022; x_wconf 88' lang='lat' dir='ltr'><strong>censu</strong></span> <span class='ocrx_word' id='word_1_322' title='bbox 517 2969 840 3039; x_wconf 90' lang='lat' dir='ltr'><strong>repositum.</strong></span> <span class='ocrx_word' id='word_1_323' title='bbox 874 2972 1018 3041; x_wconf 88' lang='lat' dir='ltr'><strong>Quin</strong></span> <span class='ocrx_word' id='word_1_324' title='bbox 1053 2975 1219 3032; x_wconf 91' lang='lat' dir='ltr'><strong>immo</strong></span> <span class='ocrx_word' id='word_1_325' title='bbox 1250 2986 1456 3034; x_wconf 88' lang='lat' dir='ltr'><strong>tantum</strong></span> <span class='ocrx_word' id='word_1_326' title='bbox 1499 2979 1670 3035; x_wconf 82' lang='lat' dir='ltr'><strong>abfuit</strong></span> <span class='ocrx_word' id='word_1_327' title='bbox 1706 2982 1796 3037; x_wconf 91' lang='lat' dir='ltr'><strong>ille</strong></span> <span class='ocrx_word' id='word_1_328' title='bbox 1836 2984 1905 3037; x_wconf 89' lang='lat' dir='ltr'><strong>ab</strong></span> 
     </span>
    </p>
   </div>
   <div class='ocr_carea' id='block_1_46' title="bbox 317 3058 1903 3140">
    <p class='ocr_par' dir='ltr' id='par_1_46' title="bbox 317 3058 1903 3140">
     <span class='ocr_line' id='line_1_46' title="bbox 317 3058 1903 3140; baseline 0.011 -28"><span class='ocrx_word' id='word_1_329' title='bbox 317 3058 550 3116; x_wconf 89' lang='lat' dir='ltr'><strong>aliorum</strong></span> <span class='ocrx_word' id='word_1_330' title='bbox 572 3063 837 3133; x_wconf 90' lang='lat' dir='ltr'><strong>regimine</strong></span> <span class='ocrx_word' id='word_1_331' title='bbox 865 3068 1008 3122; x_wconf 91' lang='lat' dir='ltr'><strong>susci</strong></span> <span class='ocrx_word' id='word_1_332' title='bbox 1016 3066 1216 3139; x_wconf 88' lang='lat' dir='ltr'><strong>piendo</strong></span> <span class='ocrx_word' id='word_1_333' title='bbox 1233 3114 1248 3140; x_wconf 94' lang='lat'><strong>,</strong></span> <span class='ocrx_word' id='word_1_334' title='bbox 1283 3080 1341 3127; x_wconf 94' lang='lat' dir='ltr'><strong>ut</strong></span> <span class='ocrx_word' id='word_1_335' title='bbox 1366 3071 1535 3128; x_wconf 90' lang='lat' dir='ltr'><strong>etiam</strong></span> <span class='ocrx_word' id='word_1_336' title='bbox 1551 3075 1903 3130; x_wconf 84' lang='lat' dir='ltr'><strong>sacerdotibus</strong></span> 
     </span>
    </p>
   </div>
   <div class='ocr_carea' id='block_1_47' title="bbox 316 3151 1904 3235">
    <p class='ocr_par' dir='ltr' id='par_1_47' title="bbox 316 3151 1904 3235">
     <span class='ocr_line' id='line_1_47' title="bbox 316 3151 1904 3235; baseline 0.011 -30"><span class='ocrx_word' id='word_1_337' title='bbox 316 3151 422 3205; x_wconf 91' lang='lat' dir='ltr'><strong>sive</strong></span> <span class='ocrx_word' id='word_1_338' title='bbox 437 3153 736 3212; x_wconf 89' lang='lat' dir='ltr'><strong>doctoribus</strong></span> <span class='ocrx_word' id='word_1_339' title='bbox 758 3168 915 3230; x_wconf 87' lang='lat' dir='ltr'><strong>caput</strong></span> <span class='ocrx_word' id='word_1_340' title='bbox 932 3176 1028 3231; x_wconf 89' lang='lat' dir='ltr'><strong>pro</strong></span> <span class='ocrx_word' id='word_1_341' title='bbox 1048 3165 1463 3235; x_wconf 81' lang='lat' dir='ltr'><strong>sanctiﬁcatione</strong></span> <span class='ocrx_word' id='word_1_342' title='bbox 1484 3168 1801 3223; x_wconf 84' lang='lat' dir='ltr'><strong>summittere</strong></span> <span class='ocrx_word' id='word_1_343' title='bbox 1824 3179 1904 3222; x_wconf 87' lang='lat' dir='ltr'><strong>at-</strong></span> 
     </span>
    </p>
   </div>
   <div class='ocr_carea' id='block_1_48' title="bbox 315 3250 1504 3335">
    <p class='ocr_par' dir='ltr' id='par_1_48' title="bbox 315 3250 1504 3335">
     <span class='ocr_line' id='line_1_48' title="bbox 315 3250 1504 3335; baseline 0.016 -37"><span class='ocrx_word' id='word_1_344' title='bbox 315 3261 414 3316; x_wconf 89' lang='lat' dir='ltr'><strong>que</strong></span> <span class='ocrx_word' id='word_1_345' title='bbox 445 3263 534 3301; x_wconf 90' lang='lat' dir='ltr'><strong>cor</strong></span> <span class='ocrx_word' id='word_1_346' title='bbox 555 3265 708 3304; x_wconf 87' lang='lat' dir='ltr'><strong>suum</strong></span> <span class='ocrx_word' id='word_1_347' title='bbox 728 3250 1006 3309; x_wconf 81' lang='lat' dir='ltr'><strong>humiliore</strong></span> <span class='ocrx_word' id='word_1_348' title='bbox 1032 3260 1379 3315; x_wconf 90' lang='lat' dir='ltr'><strong>consueverit</strong></span> <span class='ocrx_word' id='word_1_349' title='bbox 1400 3262 1504 3335; x_wconf 94' lang='lat' dir='ltr'><strong>(d).</strong></span> 
     </span>
    </p>
   </div>
   <div class='ocr_carea' id='block_1_49' title="bbox 387 3341 1901 3427">
    <p class='ocr_par' dir='ltr' id='par_1_49' title="bbox 387 3341 1901 3427">
     <span class='ocr_line' id='line_1_49' title="bbox 387 3341 1901 3427; baseline 0.015 -34"><span class='ocrx_word' id='word_1_350' title='bbox 387 3341 439 3394; x_wconf 79' lang='grc'><strong>5.</strong></span> <span class='ocrx_word' id='word_1_351' title='bbox 474 3341 654 3398; x_wconf 90' lang='lat' dir='ltr'><strong>Sacris</strong></span> <span class='ocrx_word' id='word_1_352' title='bbox 678 3345 878 3403; x_wconf 90' lang='lat' dir='ltr'><strong>litteris</strong></span> <span class='ocrx_word' id='word_1_353' title='bbox 908 3351 1225 3408; x_wconf 85' lang='lat' dir='ltr'><strong>excolendis</strong></span> <span class='ocrx_word' id='word_1_354' title='bbox 1249 3369 1470 3424; x_wconf 87' lang='lat' dir='ltr'><strong>operam</strong></span> <span class='ocrx_word' id='word_1_355' title='bbox 1494 3357 1546 3411; x_wconf 90' lang='lat' dir='ltr'><strong>iu</strong></span> <span class='ocrx_word' id='word_1_356' title='bbox 1584 3356 1779 3427; x_wconf 83' lang='lat' dir='ltr'><strong>primis</strong></span> <span class='ocrx_word' id='word_1_357' title='bbox 1807 3359 1901 3415; x_wconf 89' lang='lat' dir='ltr'><strong>de-</strong></span> 
     </span>
    </p>
   </div>
   <div class='ocr_carea' id='block_1_50' title="bbox 316 3432 1903 3525">
    <p class='ocr_par' dir='ltr' id='par_1_50' title="bbox 316 3432 1903 3525">
     <span class='ocr_line' id='line_1_50' title="bbox 316 3432 1903 3525; baseline 0.015 -39"><span class='ocrx_word' id='word_1_358' title='bbox 316 3432 460 3489; x_wconf 90' lang='lat' dir='ltr'><strong>disse</strong></span> <span class='ocrx_word' id='word_1_359' title='bbox 484 3434 828 3495; x_wconf 85' lang='lat' dir='ltr'><strong>Bachiarium</strong></span> <span class='ocrx_word' id='word_1_360' title='bbox 852 3484 867 3507; x_wconf 92' lang='lat'><strong>,</strong></span> <span class='ocrx_word' id='word_1_361' title='bbox 892 3444 1185 3500; x_wconf 88' lang='lat' dir='ltr'><strong>manifesto</strong></span> <span class='ocrx_word' id='word_1_362' title='bbox 1206 3446 1391 3518; x_wconf 65' lang='lat' dir='ltr'><strong>{liquet</strong></span> <span class='ocrx_word' id='word_1_363' title='bbox 1417 3466 1485 3505; x_wconf 89' lang='lat' dir='ltr'><strong>ex</strong></span> <span class='ocrx_word' id='word_1_364' title='bbox 1520 3450 1733 3509; x_wconf 89' lang='lat' dir='ltr'><strong>duobus</strong></span> <span class='ocrx_word' id='word_1_365' title='bbox 1766 3469 1903 3525; x_wconf 89' lang='lat' dir='ltr'><strong>opu-</strong></span> 
     </span>
    </p>
   </div>
   <div class='ocr_carea' id='block_1_51' title="bbox 315 3527 1896 3605">
    <p class='ocr_par' dir='ltr' id='par_1_51' title="bbox 315 3527 1896 3605">
     <span class='ocr_line' id='line_1_51' title="bbox 315 3527 1896 3605; baseline 0.012 -23"><span class='ocrx_word' id='word_1_366' title='bbox 315 3527 483 3583; x_wconf 88' lang='lat' dir='ltr'><strong>sculis</strong></span> <span class='ocrx_word' id='word_1_367' title='bbox 506 3545 626 3600; x_wconf 67' lang='lat' dir='ltr'><strong>qua:</strong></span> <span class='ocrx_word' id='word_1_368' title='bbox 658 3539 965 3605; x_wconf 89' lang='lat' dir='ltr'><strong>temporum</strong></span> <span class='ocrx_word' id='word_1_369' title='bbox 1003 3539 1329 3595; x_wconf 88' lang='lat' dir='ltr'><strong>vicissitudo</strong></span> <span class='ocrx_word' id='word_1_370' title='bbox 1353 3543 1509 3599; x_wconf 91' lang='lat' dir='ltr'><strong>nobis</strong></span> <span class='ocrx_word' id='word_1_371' title='bbox 1540 3559 1646 3600; x_wconf 89' lang='lat' dir='ltr'><strong>non</strong></span> <span class='ocrx_word' id='word_1_372' title='bbox 1681 3545 1896 3601; x_wconf 89' lang='lat' dir='ltr'><strong>invidit.</strong></span> 
     </span>
    </p>
   </div>
   <div class='ocr_carea' id='block_1_52' title="bbox 318 3621 1902 3709">
    <p class='ocr_par' dir='ltr' id='par_1_52' title="bbox 318 3621 1902 3709">
     <span class='ocr_line' id='line_1_52' title="bbox 318 3621 1902 3709; baseline 0.011 -31"><span class='ocrx_word' id='word_1_373' title='bbox 318 3621 383 3678; x_wconf 83' lang='lat' dir='ltr'><strong>Et</strong></span> <span class='ocrx_word' id='word_1_374' title='bbox 408 3624 598 3681; x_wconf 87' lang='lat' dir='ltr'><strong>horum</strong></span> <span class='ocrx_word' id='word_1_375' title='bbox 622 3628 844 3699; x_wconf 90' lang='lat' dir='ltr'><strong>quidem</strong></span> <span class='ocrx_word' id='word_1_376' title='bbox 875 3632 1143 3701; x_wconf 88' lang='lat' dir='ltr'><strong>alterum,</strong></span> <span class='ocrx_word' id='word_1_377' title='bbox 1178 3635 1338 3691; x_wconf 79' lang='lat' dir='ltr'><strong>Fides</strong></span> <span class='ocrx_word' id='word_1_378' title='bbox 1371 3638 1724 3709; x_wconf 89' lang='lat' dir='ltr'><strong>inscriptum,</strong></span> <span class='ocrx_word' id='word_1_379' title='bbox 1755 3641 1902 3695; x_wconf 86' lang='lat' dir='ltr'><strong>desi-</strong></span> 
     </span>
    </p>
   </div>
   <div class='ocr_carea' id='block_1_53' title="bbox 314 3726 1902 3793">
    <p class='ocr_par' dir='ltr' id='par_1_53' title="bbox 314 3726 1902 3793">
     <span class='ocr_line' id='line_1_53' title="bbox 314 3726 1902 3793; baseline 0.011 -20"><span class='ocrx_word' id='word_1_380' title='bbox 314 3730 478 3776; x_wconf 89' lang='lat' dir='ltr'><strong>nente</strong></span> <span class='ocrx_word' id='word_1_381' title='bbox 500 3726 786 3793; x_wconf 90' lang='lat' dir='ltr'><strong>superiore</strong></span> <span class='ocrx_word' id='word_1_382' title='bbox 799 3728 1001 3782; x_wconf 86' lang='lat' dir='ltr'><strong>sacculo</strong></span> <span class='ocrx_word' id='word_1_383' title='bbox 1030 3747 1057 3783; x_wconf 90' lang='lat' dir='ltr'><strong>e</strong></span> <span class='ocrx_word' id='word_1_384' title='bbox 1084 3731 1323 3786; x_wconf 89' lang='lat' dir='ltr'><strong>tenebris</strong></span> <span class='ocrx_word' id='word_1_385' title='bbox 1340 3733 1483 3787; x_wconf 92' lang='lat' dir='ltr'><strong>eruit</strong></span> <span class='ocrx_word' id='word_1_386' title='bbox 1498 3734 1575 3788; x_wconf 91' lang='lat' dir='ltr'><strong>vir</strong></span> <span class='ocrx_word' id='word_1_387' title='bbox 1590 3735 1902 3791; x_wconf 86' lang='lat' dir='ltr'><strong>eruditione</strong></span> 
     </span>
    </p>
   </div>
   <div class='ocr_carea' id='block_1_54' title="bbox 313 3813 1897 3888">
    <p class='ocr_par' dir='ltr' id='par_1_54' title="bbox 313 3813 1897 3888">
     <span class='ocr_line' id='line_1_54' title="bbox 313 3813 1897 3888; baseline 0.01 -22"><span class='ocrx_word' id='word_1_388' title='bbox 313 3826 375 3867; x_wconf 89' lang='lat' dir='ltr'><strong>ac</strong></span> <span class='ocrx_word' id='word_1_389' title='bbox 407 3813 659 3870; x_wconf 90' lang='lat' dir='ltr'><strong>doctrina</strong></span> <span class='ocrx_word' id='word_1_390' title='bbox 698 3828 966 3888; x_wconf 61' lang='lat' dir='ltr'><strong>praestans</strong></span> <span class='ocrx_word' id='word_1_391' title='bbox 1006 3821 1317 3878; x_wconf 87' lang='lat' dir='ltr'><strong>Ludovicus</strong></span> <span class='ocrx_word' id='word_1_392' title='bbox 1347 3825 1615 3881; x_wconf 84' lang='lat' dir='ltr'><strong>Antonius</strong></span> <span class='ocrx_word' id='word_1_393' title='bbox 1658 3827 1897 3882; x_wconf 80' lang='lat' dir='ltr'><strong>Murato-</strong></span> 
     </span>
    </p>
   </div>
   <div class='ocr_carea' id='block_1_55' title="bbox 311 3908 1900 3990">
    <p class='ocr_par' dir='ltr' id='par_1_55' title="bbox 311 3908 1900 3990">
     <span class='ocr_line' id='line_1_55' title="bbox 311 3908 1900 3990; baseline 0.01 -29"><span class='ocrx_word' id='word_1_394' title='bbox 311 3908 424 3963; x_wconf 80' lang='lat' dir='ltr'><strong>rius</strong></span> <span class='ocrx_word' id='word_1_395' title='bbox 452 3908 521 3979; x_wconf 86' lang='lat' dir='ltr'><strong>(e)</strong></span> <span class='ocrx_word' id='word_1_396' title='bbox 564 3928 577 3965; x_wconf 90' lang='lat'><strong>:</strong></span> <span class='ocrx_word' id='word_1_397' title='bbox 620 3912 856 3968; x_wconf 87' lang='lat' dir='ltr'><strong>alterum</strong></span> <span class='ocrx_word' id='word_1_398' title='bbox 902 3931 1031 3969; x_wconf 77' lang='lat' dir='ltr'><strong>vero</strong></span> <span class='ocrx_word' id='word_1_399' title='bbox 1058 3917 1121 3969; x_wconf 84' lang='lat' dir='ltr'><strong>de</strong></span> <span class='ocrx_word' id='word_1_400' title='bbox 1144 3920 1475 3986; x_wconf 84' lang='lat' dir='ltr'><strong>reparatione</strong></span> <span class='ocrx_word' id='word_1_401' title='bbox 1502 3919 1636 3989; x_wconf 84' lang='lat' dir='ltr'><strong>lapsi</strong></span> <span class='ocrx_word' id='word_1_402' title='bbox 1662 3922 1775 3990; x_wconf 83' lang='lat' dir='ltr'><strong>jam</strong></span> <span class='ocrx_word' id='word_1_403' title='bbox 1810 3921 1900 3977; x_wconf 87' lang='lat' dir='ltr'><strong>diu</strong></span> 
     </span>
    </p>
   </div>
   <div class='ocr_carea' id='block_1_56' title="bbox 310 4004 1899 4081">
    <p class='ocr_par' dir='ltr' id='par_1_56' title="bbox 310 4004 1899 4081">
     <span class='ocr_line' id='line_1_56' title="bbox 310 4004 1899 4081; baseline 0.009 -25"><span class='ocrx_word' id='word_1_404' title='bbox 310 4015 429 4057; x_wconf 92' lang='lat' dir='ltr'><strong>cum</strong></span> <span class='ocrx_word' id='word_1_405' title='bbox 494 4004 640 4060; x_wconf 89' lang='lat' dir='ltr'><strong>inter</strong></span> <span class='ocrx_word' id='word_1_406' title='bbox 691 4005 1258 4081; x_wconf 77' lang='lat' dir='ltr'><strong>Ortltodoxograplta,</strong></span> <span class='ocrx_word' id='word_1_407' title='bbox 1304 4024 1415 4069; x_wconf 90' lang='lat' dir='ltr'><strong>tutu</strong></span> <span class='ocrx_word' id='word_1_408' title='bbox 1475 4016 1530 4069; x_wconf 92' lang='lat' dir='ltr'><strong>in</strong></span> <span class='ocrx_word' id='word_1_409' title='bbox 1574 4017 1739 4071; x_wconf 86' lang='lat' dir='ltr'><strong>variis</strong></span> <span class='ocrx_word' id='word_1_410' title='bbox 1794 4016 1899 4071; x_wconf 89' lang='lat' dir='ltr'><strong>Pa-</strong></span> 
     </span>
    </p>
   </div>
   <div class='ocr_carea' id='block_1_57' title="bbox 311 4100 1901 4179">
    <p class='ocr_par' dir='ltr' id='par_1_57' title="bbox 311 4100 1901 4179">
     <span class='ocr_line' id='line_1_57' title="bbox 311 4100 1901 4179; baseline 0.009 -27"><span class='ocrx_word' id='word_1_411' title='bbox 311 4106 451 4155; x_wconf 91' lang='lat' dir='ltr'><strong>trum</strong></span> <span class='ocrx_word' id='word_1_412' title='bbox 486 4100 837 4159; x_wconf 84' lang='lat' dir='ltr'><strong>Bibliothecis</strong></span> <span class='ocrx_word' id='word_1_413' title='bbox 870 4104 925 4159; x_wconf 91' lang='lat' dir='ltr'><strong>in</strong></span> <span class='ocrx_word' id='word_1_414' title='bbox 967 4107 1159 4179; x_wconf 88' lang='lat' dir='ltr'><strong>vulgus</strong></span> <span class='ocrx_word' id='word_1_415' title='bbox 1189 4109 1490 4179; x_wconf 82' lang='lat' dir='ltr'><strong>prodierat.</strong></span> <span class='ocrx_word' id='word_1_416' title='bbox 1536 4110 1745 4165; x_wconf 87' lang='lat' dir='ltr'><strong>Prioris</strong></span> <span class='ocrx_word' id='word_1_417' title='bbox 1787 4127 1901 4166; x_wconf 88' lang='lat' dir='ltr'><strong>me-</strong></span> 
     </span>
    </p>
   </div>
   <div class='ocr_carea' id='block_1_58' title="bbox 309 4192 1897 4276">
    <p class='ocr_par' dir='ltr' id='par_1_58' title="bbox 309 4192 1897 4276">
     <span class='ocr_line' id='line_1_58' title="bbox 309 4192 1897 4276; baseline 0.009 -30"><span class='ocrx_word' id='word_1_418' title='bbox 309 4192 465 4251; x_wconf 88' lang='lat' dir='ltr'><strong>minit</strong></span> <span class='ocrx_word' id='word_1_419' title='bbox 508 4194 843 4267; x_wconf 87' lang='lat' dir='ltr'><strong>Gennadius,</strong></span> <span class='ocrx_word' id='word_1_420' title='bbox 873 4206 1199 4270; x_wconf 87' lang='lat' dir='ltr'><strong>utsupcrius</strong></span> <span class='ocrx_word' id='word_1_421' title='bbox 1227 4204 1467 4258; x_wconf 78' lang='lat' dir='ltr'><strong>diximus</strong></span> <span class='ocrx_word' id='word_1_422' title='bbox 1488 4247 1501 4270; x_wconf 92' lang='lat'><strong>,</strong></span> <span class='ocrx_word' id='word_1_423' title='bbox 1528 4207 1617 4276; x_wconf 90' lang='lat' dir='ltr'><strong>qui</strong></span> <span class='ocrx_word' id='word_1_424' title='bbox 1641 4216 1695 4260; x_wconf 91' lang='lat' dir='ltr'><strong>et</strong></span> <span class='ocrx_word' id='word_1_425' title='bbox 1718 4206 1849 4260; x_wconf 89' lang='lat' dir='ltr'><strong>illud</strong></span> <span class='ocrx_word' id='word_1_426' title='bbox 1870 4221 1897 4259; x_wconf 89' lang='lat' dir='ltr'><strong>a</strong></span> 
     </span>
    </p>
   </div>
   <div class='ocr_carea' id='block_1_59' title="bbox 309 4288 1897 4367">
    <p class='ocr_par' dir='ltr' id='par_1_59' title="bbox 309 4288 1897 4367">
     <span class='ocr_line' id='line_1_59' title="bbox 309 4288 1897 4367; baseline 0.008 -26"><span class='ocrx_word' id='word_1_427' title='bbox 309 4302 370 4342; x_wconf 83' lang='lat' dir='ltr'><strong>se</strong></span> <span class='ocrx_word' id='word_1_428' title='bbox 400 4288 597 4345; x_wconf 91' lang='lat' dir='ltr'><strong>lectum</strong></span> <span class='ocrx_word' id='word_1_429' title='bbox 640 4300 911 4361; x_wconf 80' lang='lat' dir='ltr'><strong>testatur;</strong></span> <span class='ocrx_word' id='word_1_430' title='bbox 956 4296 1051 4350; x_wconf 88' lang='lat' dir='ltr'><strong>sed</strong></span> <span class='ocrx_word' id='word_1_431' title='bbox 1088 4297 1249 4351; x_wconf 90' lang='lat' dir='ltr'><strong>nimis</strong></span> <span class='ocrx_word' id='word_1_432' title='bbox 1293 4298 1537 4367; x_wconf 89' lang='lat' dir='ltr'><strong>profecto</strong></span> <span class='ocrx_word' id='word_1_433' title='bbox 1584 4301 1897 4354; x_wconf 85' lang='lat' dir='ltr'><strong>incuriose:</strong></span> 
     </span>
    </p>
   </div>
   <div class='ocr_carea' id='block_1_60' title="bbox 309 4380 1900 4459">
    <p class='ocr_par' dir='ltr' id='par_1_60' title="bbox 309 4380 1900 4459">
     <span class='ocr_line' id='line_1_60' title="bbox 309 4380 1900 4459; baseline 0.009 -26"><span class='ocrx_word' id='word_1_434' title='bbox 309 4380 385 4434; x_wconf 86' lang='lat' dir='ltr'><strong>ait</strong></span> <span class='ocrx_word' id='word_1_435' title='bbox 413 4383 556 4436; x_wconf 88' lang='lat' dir='ltr'><strong>enim</strong></span> <span class='ocrx_word' id='word_1_436' title='bbox 581 4383 745 4440; x_wconf 78' lang='lat' dir='ltr'><strong>fuisse</strong></span> <span class='ocrx_word' id='word_1_437' title='bbox 764 4385 1080 4458; x_wconf 77' lang='lat' dir='ltr'><strong>ltujusmodi</strong></span> <span class='ocrx_word' id='word_1_438' title='bbox 1113 4406 1253 4459; x_wconf 87' lang='lat' dir='ltr'><strong>opus</strong></span> <span class='ocrx_word' id='word_1_439' title='bbox 1290 4392 1359 4446; x_wconf 90' lang='lat' dir='ltr'><strong>ab</strong></span> <span class='ocrx_word' id='word_1_440' title='bbox 1393 4403 1619 4447; x_wconf 88' lang='lat' dir='ltr'><strong>auctore</strong></span> <span class='ocrx_word' id='word_1_441' title='bbox 1654 4395 1900 4447; x_wconf 86' lang='lat' dir='ltr'><strong>conscri-</strong></span> 
     </span>
    </p>
   </div>
   <div class='ocr_carea' id='block_1_61' title="bbox 311 4477 1897 4555">
    <p class='ocr_par' dir='ltr' id='par_1_61' title="bbox 311 4477 1897 4555">
     <span class='ocr_line' id='line_1_61' title="bbox 311 4477 1897 4555; baseline 0.009 -28"><span class='ocrx_word' id='word_1_442' title='bbox 311 4482 456 4544; x_wconf 90' lang='lat' dir='ltr'><strong>ptum</strong></span> <span class='ocrx_word' id='word_1_443' title='bbox 472 4486 637 4547; x_wconf 90' lang='lat' dir='ltr'><strong>atque</strong></span> <span class='ocrx_word' id='word_1_444' title='bbox 654 4477 812 4535; x_wconf 89' lang='lat' dir='ltr'><strong>Urbis</strong></span> <span class='ocrx_word' id='word_1_445' title='bbox 830 4482 1077 4551; x_wconf 74' lang='lat' dir='ltr'><strong>pontifici</strong></span> <span class='ocrx_word' id='word_1_446' title='bbox 1102 4483 1430 4549; x_wconf 88' lang='lat' dir='ltr'><strong>exbibitum,</strong></span> <span class='ocrx_word' id='word_1_447' title='bbox 1452 4501 1559 4555; x_wconf 89' lang='lat' dir='ltr'><strong>quo</strong></span> <span class='ocrx_word' id='word_1_448' title='bbox 1575 4487 1897 4541; x_wconf 70' lang='lat' dir='ltr'><strong>tumulorum</strong></span> 
     </span>
    </p>
   </div>
   <div class='ocr_carea' id='block_1_62' title="bbox 307 4568 1901 4647">
    <p class='ocr_par' dir='ltr' id='par_1_62' title="bbox 307 4568 1901 4647">
     <span class='ocr_line' id='line_1_62' title="bbox 307 4568 1901 4647; baseline 0.009 -26"><span class='ocrx_word' id='word_1_449' title='bbox 307 4568 619 4625; x_wconf 86' lang='lat' dir='ltr'><strong>calumnias</strong></span> <span class='ocrx_word' id='word_1_450' title='bbox 651 4574 1001 4639; x_wconf 84' lang='lat' dir='ltr'><strong>revinceret,</strong></span> <span class='ocrx_word' id='word_1_451' title='bbox 1034 4577 1305 4647; x_wconf 85' lang='lat' dir='ltr'><strong>simulque</strong></span> <span class='ocrx_word' id='word_1_452' title='bbox 1336 4593 1396 4633; x_wconf 92' lang='lat' dir='ltr'><strong>se</strong></span> <span class='ocrx_word' id='word_1_453' title='bbox 1425 4594 1531 4633; x_wconf 87' lang='lat' dir='ltr'><strong>non</strong></span> <span class='ocrx_word' id='word_1_454' title='bbox 1577 4580 1772 4634; x_wconf 83' lang='lat' dir='ltr'><strong>timore</strong></span> <span class='ocrx_word' id='word_1_455' title='bbox 1802 4579 1901 4635; x_wconf 86' lang='lat' dir='ltr'><strong>bo-</strong></span> 
     </span>
    </p>
   </div>
   <div class='ocr_carea' id='block_1_63' title="bbox 2016 1942 3607 2009">
    <p class='ocr_par' dir='ltr' id='par_1_63' title="bbox 2016 1942 3607 2009">
     <span class='ocr_line' id='line_1_63' title="bbox 2016 1942 3607 2009; baseline -0.002 -10"><span class='ocrx_word' id='word_1_456' title='bbox 2016 1944 2288 2001; x_wconf 88' lang='lat' dir='ltr'><strong>adducere</strong></span> <span class='ocrx_word' id='word_1_457' title='bbox 2320 1944 2459 1999; x_wconf 88' lang='lat' dir='ltr'><strong>haud</strong></span> <span class='ocrx_word' id='word_1_458' title='bbox 2506 1944 2745 1999; x_wconf 92' lang='lat' dir='ltr'><strong>otiosum</strong></span> <span class='ocrx_word' id='word_1_459' title='bbox 2782 1942 3013 1999; x_wconf 86' lang='lat' dir='ltr'><strong>fortasse</strong></span> <span class='ocrx_word' id='word_1_460' title='bbox 3043 1942 3227 2009; x_wconf 88' lang='lat' dir='ltr'><strong>fuerit,</strong></span> <span class='ocrx_word' id='word_1_461' title='bbox 3259 1957 3425 1998; x_wconf 90' lang='lat' dir='ltr'><strong>unam</strong></span> <span class='ocrx_word' id='word_1_462' title='bbox 3468 1942 3607 1997; x_wconf 88' lang='lat' dir='ltr'><strong>alte-</strong></span> 
     </span>
    </p>
   </div>
   <div class='ocr_carea' id='block_1_64' title="bbox 2016 2034 3606 2108">
    <p class='ocr_par' dir='ltr' id='par_1_64' title="bbox 2016 2034 3606 2108">
     <span class='ocr_line' id='line_1_64' title="bbox 2016 2034 3606 2108; baseline -0.004 -13"><span class='ocrx_word' id='word_1_463' title='bbox 2016 2055 2202 2095; x_wconf 89' lang='lat' dir='ltr'><strong>ramve</strong></span> <span class='ocrx_word' id='word_1_464' title='bbox 2225 2038 2783 2103; x_wconf 89' lang='lat' dir='ltr'><strong>animadversionem,</strong></span> <span class='ocrx_word' id='word_1_465' title='bbox 2814 2053 2972 2108; x_wconf 90' lang='lat' dir='ltr'><strong>quam</strong></span> <span class='ocrx_word' id='word_1_466' title='bbox 2996 2037 3191 2093; x_wconf 89' lang='lat' dir='ltr'><strong>Petrus</strong></span> <span class='ocrx_word' id='word_1_467' title='bbox 3209 2034 3606 2106; x_wconf 85' lang='lat' dir='ltr'><strong>Wesselingius</strong></span> 
     </span>
    </p>
   </div>
   <div class='ocr_carea' id='block_1_65' title="bbox 2016 2128 3605 2202">
    <p class='ocr_par' dir='ltr' id='par_1_65' title="bbox 2016 2128 3605 2202">
     <span class='ocr_line' id='line_1_65' title="bbox 2016 2128 3605 2202; baseline -0.002 -16"><span class='ocrx_word' id='word_1_468' title='bbox 2016 2130 2068 2186; x_wconf 89' lang='lat' dir='ltr'><strong>in</strong></span> <span class='ocrx_word' id='word_1_469' title='bbox 2098 2132 2334 2202; x_wconf 90' lang='lat' dir='ltr'><strong>priorem</strong></span> <span class='ocrx_word' id='word_1_470' title='bbox 2364 2131 2605 2186; x_wconf 89' lang='lat' dir='ltr'><strong>auctoris</strong></span> <span class='ocrx_word' id='word_1_471' title='bbox 2632 2132 2803 2186; x_wconf 85' lang='lat' dir='ltr'><strong>nostri</strong></span> <span class='ocrx_word' id='word_1_472' title='bbox 2827 2131 3071 2186; x_wconf 88' lang='lat' dir='ltr'><strong>libellum</strong></span> <span class='ocrx_word' id='word_1_473' title='bbox 3099 2129 3335 2185; x_wconf 78' lang='lat' dir='ltr'><strong>intexuit</strong></span> <span class='ocrx_word' id='word_1_474' title='bbox 3360 2128 3605 2199; x_wconf 65' lang='lat' dir='ltr'><strong>epistolae</strong></span> 
     </span>
    </p>
   </div>
   <div class='ocr_carea' id='block_1_66' title="bbox 2014 2221 3607 2297">
    <p class='ocr_par' dir='ltr' id='par_1_66' title="bbox 2014 2221 3607 2297">
     <span class='ocr_line' id='line_1_66' title="bbox 2014 2221 3607 2297; baseline -0.003 -15"><span class='ocrx_word' id='word_1_475' title='bbox 2014 2228 2081 2284; x_wconf 86' lang='lat' dir='ltr'><strong>ad</strong></span> <span class='ocrx_word' id='word_1_476' title='bbox 2103 2228 2169 2282; x_wconf 81' lang='grc' dir='ltr'><strong>Η.</strong></span> <span class='ocrx_word' id='word_1_477' title='bbox 2205 2227 2503 2283; x_wconf 80' lang='lat' dir='ltr'><strong>Venemam</strong></span> <span class='ocrx_word' id='word_1_478' title='bbox 2536 2226 2597 2279; x_wconf 91' lang='lat' dir='ltr'><strong>de</strong></span> <span class='ocrx_word' id='word_1_479' title='bbox 2629 2227 2830 2297; x_wconf 82' lang='lat' dir='ltr'><strong>Aquin</strong></span> <span class='ocrx_word' id='word_1_480' title='bbox 2856 2226 2908 2280; x_wconf 90' lang='lat' dir='ltr'><strong>in</strong></span> <span class='ocrx_word' id='word_1_481' title='bbox 2937 2226 3145 2297; x_wconf 84' lang='lat' dir='ltr'><strong>scriptis</strong></span> <span class='ocrx_word' id='word_1_482' title='bbox 3168 2223 3410 2278; x_wconf 83' lang='lat' dir='ltr'><strong>Philonis</strong></span> <span class='ocrx_word' id='word_1_483' title='bbox 3429 2221 3607 2277; x_wconf 76' lang='lat' dir='ltr'><strong>Judtei</strong></span> 
     </span>
    </p>
   </div>
   <div class='ocr_carea' id='block_1_67' title="bbox 2014 2316 3603 2395">
    <p class='ocr_par' dir='ltr' id='par_1_67' title="bbox 2014 2316 3603 2395">
     <span class='ocr_line' id='line_1_67' title="bbox 2014 2316 3603 2395; baseline -0.005 -18"><span class='ocrx_word' id='word_1_484' title='bbox 2014 2322 2314 2395; x_wconf 79' lang='lat' dir='ltr'><strong>fragmentis</strong></span> <span class='ocrx_word' id='word_1_485' title='bbox 2340 2363 2353 2387; x_wconf 94' lang='lat'><strong>,</strong></span> <span class='ocrx_word' id='word_1_486' title='bbox 2387 2321 2548 2376; x_wconf 67' lang='lat' dir='ltr'><strong>edita:</strong></span> <span class='ocrx_word' id='word_1_487' title='bbox 2577 2319 2808 2389; x_wconf 89' lang='lat' dir='ltr'><strong>Trajecti</strong></span> <span class='ocrx_word' id='word_1_488' title='bbox 2840 2319 2905 2373; x_wconf 89' lang='lat' dir='ltr'><strong>ad</strong></span> <span class='ocrx_word' id='word_1_489' title='bbox 2930 2318 3174 2373; x_wconf 82' lang='lat' dir='ltr'><strong>Rhenum</strong></span> <span class='ocrx_word' id='word_1_490' title='bbox 3216 2332 3281 2372; x_wconf 88' lang='lat' dir='ltr'><strong>eo</strong></span> <span class='ocrx_word' id='word_1_491' title='bbox 3308 2316 3427 2386; x_wconf 90' lang='lat' dir='ltr'><strong>ipso</strong></span> <span class='ocrx_word' id='word_1_492' title='bbox 3458 2330 3603 2370; x_wconf 91' lang='lat' dir='ltr'><strong>anno</strong></span> 
     </span>
    </p>
   </div>
   <div class='ocr_carea' id='block_1_68' title="bbox 2019 2407 3600 2486">
    <p class='ocr_par' dir='ltr' id='par_1_68' title="bbox 2019 2407 3600 2486">
     <span class='ocr_line' id='line_1_68' title="bbox 2019 2407 3600 2486; baseline -0.004 -17"><span class='ocrx_word' id='word_1_493' title='bbox 2019 2414 2156 2470; x_wconf 70' lang='lat'><strong>1748</strong></span> <span class='ocrx_word' id='word_1_494' title='bbox 2176 2459 2190 2484; x_wconf 96' lang='lat'><strong>,</strong></span> <span class='ocrx_word' id='word_1_495' title='bbox 2225 2429 2331 2486; x_wconf 93' lang='lat' dir='ltr'><strong>quo</strong></span> <span class='ocrx_word' id='word_1_496' title='bbox 2359 2413 2549 2468; x_wconf 73' lang='lat' dir='ltr'><strong>Roma:</strong></span> <span class='ocrx_word' id='word_1_497' title='bbox 2581 2412 2782 2483; x_wconf 91' lang='lat' dir='ltr'><strong>prodiit</strong></span> <span class='ocrx_word' id='word_1_498' title='bbox 2818 2411 3069 2467; x_wconf 90' lang='lat' dir='ltr'><strong>Floriana</strong></span> <span class='ocrx_word' id='word_1_499' title='bbox 3101 2409 3377 2465; x_wconf 88' lang='lat' dir='ltr'><strong>Bacbiarii</strong></span> <span class='ocrx_word' id='word_1_500' title='bbox 3408 2407 3600 2465; x_wconf 89' lang='lat' dir='ltr'><strong>editio.</strong></span> 
     </span>
    </p>
   </div>
   <div class='ocr_carea' id='block_1_69' title="bbox 2013 2504 3602 2578">
    <p class='ocr_par' dir='ltr' id='par_1_69' title="bbox 2013 2504 3602 2578">
     <span class='ocr_line' id='line_1_69' title="bbox 2013 2504 3602 2578; baseline -0.004 -15"><span class='ocrx_word' id='word_1_501' title='bbox 2013 2508 2253 2563; x_wconf 89' lang='lat' dir='ltr'><strong>Primum</strong></span> <span class='ocrx_word' id='word_1_502' title='bbox 2286 2508 2468 2578; x_wconf 89' lang='lat' dir='ltr'><strong>itaque</strong></span> <span class='ocrx_word' id='word_1_503' title='bbox 2499 2506 2581 2561; x_wconf 76' lang='lat' dir='ltr'><strong>vir</strong></span> <span class='ocrx_word' id='word_1_504' title='bbox 2607 2506 2852 2560; x_wconf 85' lang='lat' dir='ltr'><strong>eruditus</strong></span> <span class='ocrx_word' id='word_1_505' title='bbox 2881 2504 3061 2561; x_wconf 91' lang='lat' dir='ltr'><strong>locum</strong></span> <span class='ocrx_word' id='word_1_506' title='bbox 3090 2504 3299 2560; x_wconf 88' lang='lat' dir='ltr'><strong>excutit</strong></span> <span class='ocrx_word' id='word_1_507' title='bbox 3320 2504 3413 2574; x_wconf 86' lang='lat' dir='ltr'><strong>(j),</strong></span> <span class='ocrx_word' id='word_1_508' title='bbox 3442 2518 3602 2571; x_wconf 89' lang='lat' dir='ltr'><strong>quem</strong></span> 
     </span>
    </p>
   </div>
   <div class='ocr_carea' id='block_1_70' title="bbox 2012 2597 3600 2669">
    <p class='ocr_par' dir='ltr' id='par_1_70' title="bbox 2012 2597 3600 2669">
     <span class='ocr_line' id='line_1_70' title="bbox 2012 2597 3600 2669; baseline -0.004 -9"><span class='ocrx_word' id='word_1_509' title='bbox 2012 2620 2079 2660; x_wconf 84' lang='lat' dir='ltr'><strong>ex</strong></span> <span class='ocrx_word' id='word_1_510' title='bbox 2106 2604 2149 2659; x_wconf 92' lang='lat' dir='ltr'><strong>ll</strong></span> <span class='ocrx_word' id='word_1_511' title='bbox 2201 2602 2431 2657; x_wconf 84' lang='lat' dir='ltr'><strong>Thessal.</strong></span> <span class='ocrx_word' id='word_1_512' title='bbox 2469 2618 2525 2664; x_wconf 83' lang='grc' dir='ltr'><strong>ιι.</strong></span> <span class='ocrx_word' id='word_1_513' title='bbox 2560 2603 2612 2668; x_wconf 80' lang='grc'><strong>5,</strong></span> <span class='ocrx_word' id='word_1_514' title='bbox 2636 2600 2804 2655; x_wconf 81' lang='lat' dir='ltr'><strong>refert</strong></span> <span class='ocrx_word' id='word_1_515' title='bbox 2836 2600 3153 2655; x_wconf 85' lang='lat' dir='ltr'><strong>Bachiarius</strong></span> <span class='ocrx_word' id='word_1_516' title='bbox 3183 2598 3270 2653; x_wconf 88' lang='lat' dir='ltr'><strong>bis</strong></span> <span class='ocrx_word' id='word_1_517' title='bbox 3286 2597 3557 2669; x_wconf 80' lang='lat' dir='ltr'><strong>verbis(k)</strong></span> <span class='ocrx_word' id='word_1_518' title='bbox 3586 2614 3600 2653; x_wconf 92' lang='lat'>:</span> 
     </span>
    </p>
   </div>
   <div class='ocr_carea' id='block_1_71' title="bbox 2014 2692 3605 2769">
    <p class='ocr_par' dir='ltr' id='par_1_71' title="bbox 2014 2692 3605 2769">
     <span class='ocr_line' id='line_1_71' title="bbox 2014 2692 3605 2769; baseline -0.003 -18"><span class='ocrx_word' id='word_1_519' title='bbox 2014 2698 2137 2751; x_wconf 74' lang='lat' dir='ltr'><strong>Nisi</strong></span> <span class='ocrx_word' id='word_1_520' title='bbox 2166 2698 2568 2769; x_wconf 57' lang='lat' dir='ltr'><strong>veneritre/‘uga</strong></span> <span class='ocrx_word' id='word_1_521' title='bbox 2599 2704 2648 2750; x_wconf 89' lang='lat' dir='ltr'><strong>et</strong></span> <span class='ocrx_word' id='word_1_522' title='bbox 2678 2696 2921 2749; x_wconf 81' lang='lat' dir='ltr'><strong>discessio</strong></span> <span class='ocrx_word' id='word_1_523' title='bbox 2952 2710 2970 2749; x_wconf 84' lang='lat'><strong>.&#39;</strong></span> <span class='ocrx_word' id='word_1_524' title='bbox 2996 2709 3171 2764; x_wconf 89' lang='lat' dir='ltr'><strong>eoque</strong></span> <span class='ocrx_word' id='word_1_525' title='bbox 3201 2696 3434 2749; x_wconf 88' lang='lat' dir='ltr'><strong>recitato</strong></span> <span class='ocrx_word' id='word_1_526' title='bbox 3460 2711 3478 2744; x_wconf 83' lang='lat'><strong>(</strong></span> <span class='ocrx_word' id='word_1_527' title='bbox 3503 2692 3605 2747; x_wconf 89' lang='lat' dir='ltr'><strong>Ba-</strong></span> 
     </span>
    </p>
   </div>
   <div class='ocr_carea' id='block_1_72' title="bbox 2010 2786 3597 2860">
    <p class='ocr_par' dir='ltr' id='par_1_72' title="bbox 2010 2786 3597 2860">
     <span class='ocr_line' id='line_1_72' title="bbox 2010 2786 3597 2860; baseline -0.004 -15"><span class='ocrx_word' id='word_1_528' title='bbox 2010 2790 2269 2857; x_wconf 90' lang='lat' dir='ltr'><strong>chiarius,</strong></span> <span class='ocrx_word' id='word_1_529' title='bbox 2304 2790 2499 2860; x_wconf 85' lang='lat' dir='ltr'><strong>inquit,</strong></span> <span class='ocrx_word' id='word_1_530' title='bbox 2532 2788 2677 2860; x_wconf 88' lang='lat' dir='ltr'><strong>quod</strong></span> <span class='ocrx_word' id='word_1_531' title='bbox 2714 2787 2980 2843; x_wconf 91' lang='lat' dir='ltr'><strong>orationis</strong></span> <span class='ocrx_word' id='word_1_532' title='bbox 3011 2790 3188 2842; x_wconf 90' lang='lat' dir='ltr'><strong>series</strong></span> <span class='ocrx_word' id='word_1_533' title='bbox 3212 2786 3420 2858; x_wconf 89' lang='lat' dir='ltr'><strong>liquido</strong></span> <span class='ocrx_word' id='word_1_534' title='bbox 3449 2786 3597 2856; x_wconf 85' lang='lat' dir='ltr'><strong>ipsa-</strong></span> 
     </span>
    </p>
   </div>
   <div class='ocr_carea' id='block_1_73' title="bbox 2009 2880 3603 2958">
    <p class='ocr_par' dir='ltr' id='par_1_73' title="bbox 2009 2880 3603 2958">
     <span class='ocr_line' id='line_1_73' title="bbox 2009 2880 3603 2958; baseline -0.004 -17"><span class='ocrx_word' id='word_1_535' title='bbox 2009 2900 2115 2958; x_wconf 88' lang='lat' dir='ltr'><strong>que</strong></span> <span class='ocrx_word' id='word_1_536' title='bbox 2154 2886 2270 2955; x_wconf 89' lang='lat' dir='ltr'><strong>ejus</strong></span> <span class='ocrx_word' id='word_1_537' title='bbox 2313 2894 2446 2939; x_wconf 65' lang='lat' dir='ltr'><strong>astas</strong></span> <span class='ocrx_word' id='word_1_538' title='bbox 2474 2882 2826 2946; x_wconf 84' lang='lat' dir='ltr'><strong>manifestat,</strong></span> <span class='ocrx_word' id='word_1_539' title='bbox 2857 2883 2910 2936; x_wconf 93' lang='lat' dir='ltr'><strong>in</strong></span> <span class='ocrx_word' id='word_1_540' title='bbox 2948 2883 3127 2953; x_wconf 80' lang='lat' dir='ltr'><strong>refuga</strong></span> <span class='ocrx_word' id='word_1_541' title='bbox 3146 2881 3457 2951; x_wconf 86' lang='lat' dir='ltr'><strong>acquievit:</strong></span> <span class='ocrx_word' id='word_1_542' title='bbox 3491 2880 3603 2934; x_wconf 87' lang='lat' dir='ltr'><strong>dis-</strong></span> 
     </span>
    </p>
   </div>
   <div class='ocr_carea' id='block_1_74' title="bbox 2009 2976 3591 3048">
    <p class='ocr_par' dir='ltr' id='par_1_74' title="bbox 2009 2976 3591 3048">
     <span class='ocr_line' id='line_1_74' title="bbox 2009 2976 3591 3048; baseline -0.005 -13"><span class='ocrx_word' id='word_1_543' title='bbox 2009 2982 2168 3035; x_wconf 83' lang='lat' dir='ltr'><strong>cessio</strong></span> <span class='ocrx_word' id='word_1_544' title='bbox 2194 2980 2391 3036; x_wconf 75' lang='lat' dir='ltr'><strong>aliente</strong></span> <span class='ocrx_word' id='word_1_545' title='bbox 2434 2988 2487 3035; x_wconf 89' lang='lat' dir='ltr'><strong>et</strong></span> <span class='ocrx_word' id='word_1_546' title='bbox 2518 2979 2680 3034; x_wconf 87' lang='lat' dir='ltr'><strong>nimis</strong></span> <span class='ocrx_word' id='word_1_547' title='bbox 2710 2978 2969 3033; x_wconf 68' lang='lat' dir='ltr'><strong>officiosa:</strong></span> <span class='ocrx_word' id='word_1_548' title='bbox 2992 2978 3222 3033; x_wconf 86' lang='lat' dir='ltr'><strong>debetur</strong></span> <span class='ocrx_word' id='word_1_549' title='bbox 3244 2976 3591 3048; x_wconf 64' lang='lat' dir='ltr'><strong>diligentiae.)</strong></span> 
     </span>
    </p>
   </div>
   <div class='ocr_carea' id='block_1_75' title="bbox 2010 3069 3594 3144">
    <p class='ocr_par' dir='ltr' id='par_1_75' title="bbox 2010 3069 3594 3144">
     <span class='ocr_line' id='line_1_75' title="bbox 2010 3069 3594 3144; baseline -0.003 -15"><span class='ocrx_word' id='word_1_550' title='bbox 2010 3074 2139 3130; x_wconf 81' lang='lat' dir='ltr'><strong>llaec</strong></span> <span class='ocrx_word' id='word_1_551' title='bbox 2167 3074 2277 3130; x_wconf 91' lang='lat' dir='ltr'><strong>ille.</strong></span> <span class='ocrx_word' id='word_1_552' title='bbox 2306 3072 2484 3129; x_wconf 84' lang='lat' dir='ltr'><strong>Nolim</strong></span> <span class='ocrx_word' id='word_1_553' title='bbox 2516 3071 2770 3144; x_wconf 90' lang='lat' dir='ltr'><strong>equidem</strong></span> <span class='ocrx_word' id='word_1_554' title='bbox 2804 3073 2951 3126; x_wconf 93' lang='lat' dir='ltr'><strong>velut</strong></span> <span class='ocrx_word' id='word_1_555' title='bbox 2974 3070 3211 3142; x_wconf 88' lang='lat' dir='ltr'><strong>iniquam</strong></span> <span class='ocrx_word' id='word_1_556' title='bbox 3227 3069 3457 3141; x_wconf 86' lang='lat' dir='ltr'><strong>rejicere</strong></span> <span class='ocrx_word' id='word_1_557' title='bbox 3477 3085 3594 3125; x_wconf 93' lang='lat' dir='ltr'><strong>om-</strong></span> 
     </span>
    </p>
   </div>
   <div class='ocr_carea' id='block_1_76' title="bbox 2008 3163 3596 3237">
    <p class='ocr_par' dir='ltr' id='par_1_76' title="bbox 2008 3163 3596 3237">
     <span class='ocr_line' id='line_1_76' title="bbox 2008 3163 3596 3237; baseline -0.003 -14"><span class='ocrx_word' id='word_1_558' title='bbox 2008 3169 2139 3223; x_wconf 90' lang='lat' dir='ltr'><strong>nino</strong></span> <span class='ocrx_word' id='word_1_559' title='bbox 2169 3165 2478 3237; x_wconf 89' lang='lat' dir='ltr'><strong>ltujusmodi</strong></span> <span class='ocrx_word' id='word_1_560' title='bbox 2503 3165 2573 3221; x_wconf 92' lang='lat' dir='ltr'><strong>cl.</strong></span> <span class='ocrx_word' id='word_1_561' title='bbox 2595 3164 2943 3235; x_wconf 89' lang='lat' dir='ltr'><strong>Wesseliugii</strong></span> <span class='ocrx_word' id='word_1_562' title='bbox 2976 3179 3263 3219; x_wconf 88' lang='lat' dir='ltr'><strong>censuram</strong></span> <span class='ocrx_word' id='word_1_563' title='bbox 3291 3182 3304 3216; x_wconf 93' lang='lat'>:</span> <span class='ocrx_word' id='word_1_564' title='bbox 3337 3163 3596 3219; x_wconf 90' lang='lat' dir='ltr'><strong>nonnulla</strong></span> 
     </span>
    </p>
   </div>
   <div class='ocr_carea' id='block_1_77' title="bbox 1931 3259 3594 3330">
    <p class='ocr_par' dir='ltr' id='par_1_77' title="bbox 1931 3259 3594 3330">
     <span class='ocr_line' id='line_1_77' title="bbox 1931 3259 3594 3330; baseline -0.003 -11"><span class='ocrx_word' id='word_1_565' title='bbox 1931 3266 1975 3330; x_wconf 84' lang='lat' dir='ltr'>C</span> <span class='ocrx_word' id='word_1_566' title='bbox 2006 3271 2189 3319; x_wconf 82' lang='lat' dir='ltr'><strong>tamen</strong></span> <span class='ocrx_word' id='word_1_567' title='bbox 2234 3262 2289 3317; x_wconf 92' lang='lat' dir='ltr'><strong>in</strong></span> <span class='ocrx_word' id='word_1_568' title='bbox 2327 3277 2445 3317; x_wconf 89' lang='lat' dir='ltr'><strong>eam</strong></span> <span class='ocrx_word' id='word_1_569' title='bbox 2472 3270 2733 3317; x_wconf 90' lang='lat' dir='ltr'><strong>annotare</strong></span> <span class='ocrx_word' id='word_1_570' title='bbox 2762 3260 2940 3315; x_wconf 89' lang='lat' dir='ltr'><strong>liceat.</strong></span> <span class='ocrx_word' id='word_1_571' title='bbox 2970 3261 3176 3315; x_wconf 85' lang='lat' dir='ltr'><strong>Textus</strong></span> <span class='ocrx_word' id='word_1_572' title='bbox 3216 3259 3473 3314; x_wconf 73' lang='lat' dir='ltr'><strong>Paulinus</strong></span> <span class='ocrx_word' id='word_1_573' title='bbox 3514 3260 3594 3315; x_wconf 90' lang='lat' dir='ltr'><strong>sic</strong></span> 
     </span>
    </p>
   </div>
   <div class='ocr_carea' id='block_1_78' title="bbox 2004 3355 3597 3431">
    <p class='ocr_par' dir='ltr' id='par_1_78' title="bbox 2004 3355 3597 3431">
     <span class='ocr_line' id='line_1_78' title="bbox 2004 3355 3597 3431; baseline -0.006 -16"><span class='ocrx_word' id='word_1_574' title='bbox 2004 3358 2228 3415; x_wconf 69' lang='lat' dir='ltr'><strong>effertur</strong></span> <span class='ocrx_word' id='word_1_575' title='bbox 2259 3376 2273 3411; x_wconf 87' lang='lat'><strong>:</strong></span> <span class='ocrx_word' id='word_1_576' title='bbox 2310 3360 2396 3415; x_wconf 77' lang='grc' dir='ltr'><strong>ἐὰν</strong></span> <span class='ocrx_word' id='word_1_577' title='bbox 2432 3364 2501 3431; x_wconf 79' lang='grc' dir='ltr'><strong>μὴ</strong></span> <span class='ocrx_word' id='word_1_578' title='bbox 2529 3356 2649 3431; x_wconf 70' lang='grc' dir='ltr'><strong>ἔλθῃ</strong></span> <span class='ocrx_word' id='word_1_579' title='bbox 2688 3360 2715 3416; x_wconf 77' lang='grc' dir='ltr'>ἡ</span> <span class='ocrx_word' id='word_1_580' title='bbox 2758 3360 3087 3414; x_wconf 75' lang='grc' dir='ltr'>ὰποστασὶαε</span> <span class='ocrx_word' id='word_1_581' title='bbox 3126 3355 3247 3409; x_wconf 82' lang='lat' dir='ltr'><strong>Nisi</strong></span> <span class='ocrx_word' id='word_1_582' title='bbox 3278 3356 3465 3409; x_wconf 80' lang='lat' dir='ltr'><strong>t&#39;eneril</strong></span> <span class='ocrx_word' id='word_1_583' title='bbox 3490 3355 3597 3407; x_wconf 80' lang='lat' dir='ltr'><strong>dis-</strong></span> 
     </span>
    </p>
   </div>
   <div class='ocr_carea' id='block_1_79' title="bbox 2003 3448 3593 3521">
    <p class='ocr_par' dir='ltr' id='par_1_79' title="bbox 2003 3448 3593 3521">
     <span class='ocr_line' id='line_1_79' title="bbox 2003 3448 3593 3521; baseline -0.004 -14"><span class='ocrx_word' id='word_1_584' title='bbox 2003 3454 2182 3507; x_wconf 83' lang='lat' dir='ltr'><strong>cessio.</strong></span> <span class='ocrx_word' id='word_1_585' title='bbox 2226 3453 2301 3506; x_wconf 90' lang='lat' dir='ltr'><strong>lta</strong></span> <span class='ocrx_word' id='word_1_586' title='bbox 2328 3467 2450 3506; x_wconf 90' lang='lat' dir='ltr'><strong>cum</strong></span> <span class='ocrx_word' id='word_1_587' title='bbox 2495 3451 2722 3521; x_wconf 81' lang='lat' dir='ltr'><strong>Vulgata</strong></span> <span class='ocrx_word' id='word_1_588' title='bbox 2757 3452 2927 3505; x_wconf 89' lang='lat' dir='ltr'><strong>semel</strong></span> <span class='ocrx_word' id='word_1_589' title='bbox 2972 3451 3280 3519; x_wconf 84' lang='lat' dir='ltr'><strong>iterumque</strong></span> <span class='ocrx_word' id='word_1_590' title='bbox 3326 3448 3593 3518; x_wconf 83' lang='lat' dir='ltr'><strong>Hierony-</strong></span> 
     </span>
    </p>
   </div>
   <div class='ocr_carea' id='block_1_80' title="bbox 2004 3542 3595 3617">
    <p class='ocr_par' dir='ltr' id='par_1_80' title="bbox 2004 3542 3595 3617">
     <span class='ocr_line' id='line_1_80' title="bbox 2004 3542 3595 3617; baseline -0.003 -18"><span class='ocrx_word' id='word_1_591' title='bbox 2004 3562 2123 3600; x_wconf 90' lang='lat' dir='ltr'><strong>mus</strong></span> <span class='ocrx_word' id='word_1_592' title='bbox 2140 3544 2224 3616; x_wconf 82' lang='grc' dir='ltr'><strong>(ι),</strong></span> <span class='ocrx_word' id='word_1_593' title='bbox 2242 3546 2470 3599; x_wconf 83' lang='lat' dir='ltr'><strong>Rufinus</strong></span> <span class='ocrx_word' id='word_1_594' title='bbox 2487 3544 2606 3617; x_wconf 72' lang='grc' dir='ltr'><strong>(πη),</strong></span> <span class='ocrx_word' id='word_1_595' title='bbox 2623 3544 2735 3597; x_wconf 88' lang='lat' dir='ltr'><strong>alii.</strong></span> <span class='ocrx_word' id='word_1_596' title='bbox 2758 3543 2867 3598; x_wconf 87' lang='lat' dir='ltr'><strong>Sed</strong></span> <span class='ocrx_word' id='word_1_597' title='bbox 2888 3544 3187 3598; x_wconf 85' lang='lat' dir='ltr'><strong>vetustiore</strong></span> <span class='ocrx_word' id='word_1_598' title='bbox 3201 3542 3451 3596; x_wconf 82' lang='lat' dir='ltr'><strong>versione</strong></span> <span class='ocrx_word' id='word_1_599' title='bbox 3464 3556 3595 3596; x_wconf 91' lang='lat' dir='ltr'><strong>usus</strong></span> 
     </span>
    </p>
   </div>
   <div class='ocr_carea' id='block_1_81' title="bbox 2002 3638 3593 3712">
    <p class='ocr_par' dir='ltr' id='par_1_81' title="bbox 2002 3638 3593 3712">
     <span class='ocr_line' id='line_1_81' title="bbox 2002 3638 3593 3712; baseline -0.003 -15"><span class='ocrx_word' id='word_1_600' title='bbox 2002 3642 2170 3697; x_wconf 90' lang='lat' dir='ltr'><strong>fuerit</strong></span> <span class='ocrx_word' id='word_1_601' title='bbox 2192 3641 2530 3707; x_wconf 87' lang='lat' dir='ltr'><strong>Bachiarius,</strong></span> <span class='ocrx_word' id='word_1_602' title='bbox 2569 3642 2619 3695; x_wconf 92' lang='lat' dir='ltr'><strong>in</strong></span> <span class='ocrx_word' id='word_1_603' title='bbox 2645 3656 2747 3710; x_wconf 88' lang='lat' dir='ltr'><strong>qua</strong></span> <span class='ocrx_word' id='word_1_604' title='bbox 2780 3644 2962 3712; x_wconf 84' lang='lat' dir='ltr'><strong>refuga</strong></span> <span class='ocrx_word' id='word_1_605' title='bbox 2992 3640 3211 3709; x_wconf 86' lang='lat' dir='ltr'><strong>legerit,</strong></span> <span class='ocrx_word' id='word_1_606' title='bbox 3247 3638 3593 3707; x_wconf 86' lang='lat' dir='ltr'><strong>quemadmo-</strong></span> 
     </span>
    </p>
   </div>
   <div class='ocr_carea' id='block_1_82' title="bbox 2002 3732 3595 3807">
    <p class='ocr_par' dir='ltr' id='par_1_82' title="bbox 2002 3732 3595 3807">
     <span class='ocr_line' id='line_1_82' title="bbox 2002 3732 3595 3807; baseline -0.003 -16"><span class='ocrx_word' id='word_1_607' title='bbox 2002 3735 2129 3791; x_wconf 90' lang='lat' dir='ltr'><strong>dum</strong></span> <span class='ocrx_word' id='word_1_608' title='bbox 2173 3736 2304 3806; x_wconf 78' lang='lat' dir='ltr'><strong>legit</strong></span> <span class='ocrx_word' id='word_1_609' title='bbox 2331 3752 2465 3789; x_wconf 85' lang='lat' dir='ltr'><strong>sane</strong></span> <span class='ocrx_word' id='word_1_610' title='bbox 2494 3734 2827 3805; x_wconf 86' lang='lat' dir='ltr'><strong>Augustinus</strong></span> <span class='ocrx_word' id='word_1_611' title='bbox 2856 3733 3103 3807; x_wconf 81' lang='lat' dir='ltr'><strong>(n).Qua:</strong></span> <span class='ocrx_word' id='word_1_612' title='bbox 3134 3732 3351 3803; x_wconf 87' lang='lat' dir='ltr'><strong>quidem</strong></span> <span class='ocrx_word' id='word_1_613' title='bbox 3385 3748 3510 3799; x_wconf 84' lang='lat' dir='ltr'><strong>vox,</strong></span> <span class='ocrx_word' id='word_1_614' title='bbox 3539 3741 3595 3786; x_wconf 89' lang='lat' dir='ltr'><strong>ut</strong></span> 
     </span>
    </p>
   </div>
   <div class='ocr_carea' id='block_1_83' title="bbox 2002 3825 3593 3898">
    <p class='ocr_par' dir='ltr' id='par_1_83' title="bbox 2002 3825 3593 3898">
     <span class='ocr_line' id='line_1_83' title="bbox 2002 3825 3593 3898; baseline -0.003 -15"><span class='ocrx_word' id='word_1_615' title='bbox 2002 3828 2237 3884; x_wconf 90' lang='lat' dir='ltr'><strong>advertit</strong></span> <span class='ocrx_word' id='word_1_616' title='bbox 2256 3828 2454 3882; x_wconf 84' lang='lat' dir='ltr'><strong>Millius</strong></span> <span class='ocrx_word' id='word_1_617' title='bbox 2481 3828 2651 3898; x_wconf 81' lang='lat' dir='ltr'><strong>(o),ex</strong></span> <span class='ocrx_word' id='word_1_618' title='bbox 2679 3828 3161 3894; x_wconf 87' lang='lat' dir='ltr'><strong>iuterpretameuto</strong></span> <span class='ocrx_word' id='word_1_619' title='bbox 3177 3839 3426 3879; x_wconf 87' lang='lat' dir='ltr'><strong>manasse</strong></span> <span class='ocrx_word' id='word_1_620' title='bbox 3442 3825 3593 3879; x_wconf 81' lang='lat' dir='ltr'><strong>vide-</strong></span> 
     </span>
    </p>
   </div>
   <div class='ocr_carea' id='block_1_84' title="bbox 2003 3919 3594 3990">
    <p class='ocr_par' dir='ltr' id='par_1_84' title="bbox 2003 3919 3594 3990">
     <span class='ocr_line' id='line_1_84' title="bbox 2003 3919 3594 3990; baseline -0.003 -14"><span class='ocrx_word' id='word_1_621' title='bbox 2003 3930 2090 3976; x_wconf 89' lang='lat' dir='ltr'><strong>tur</strong></span> <span class='ocrx_word' id='word_1_622' title='bbox 2114 3922 2265 3977; x_wconf 84' lang='lat' dir='ltr'><strong>vocis</strong></span> <span class='ocrx_word' id='word_1_623' title='bbox 2297 3924 2615 3983; x_wconf 79' lang='grc' dir='ltr'><strong>ἀποστασίας</strong></span> <span class='ocrx_word' id='word_1_624' title='bbox 2638 3962 2651 3981; x_wconf 89' lang='grc'><strong>,</strong></span> <span class='ocrx_word' id='word_1_625' title='bbox 2685 3930 2914 3990; x_wconf 68' lang='lat' dir='ltr'><strong>sumpta:</strong></span> <span class='ocrx_word' id='word_1_626' title='bbox 2940 3935 3038 3989; x_wconf 88' lang='lat' dir='ltr'><strong>pro</strong></span> <span class='ocrx_word' id='word_1_627' title='bbox 3066 3921 3183 3989; x_wconf 85' lang='lat' dir='ltr'><strong>ipso</strong></span> <span class='ocrx_word' id='word_1_628' title='bbox 3215 3919 3550 3973; x_wconf 78' lang='lat' dir='ltr'><strong>Anticltristo</strong></span> <span class='ocrx_word' id='word_1_629' title='bbox 3577 3961 3594 3986; x_wconf 90' lang='lat'><strong>,</strong></span> 
     </span>
    </p>
   </div>
   <div class='ocr_carea' id='block_1_85' title="bbox 2002 4015 3595 4087">
    <p class='ocr_par' dir='ltr' id='par_1_85' title="bbox 2002 4015 3595 4087">
     <span class='ocr_line' id='line_1_85' title="bbox 2002 4015 3595 4087; baseline -0.002 -17"><span class='ocrx_word' id='word_1_630' title='bbox 2002 4016 2276 4087; x_wconf 87' lang='lat' dir='ltr'><strong>quomodo</strong></span> <span class='ocrx_word' id='word_1_631' title='bbox 2315 4016 2588 4086; x_wconf 83' lang='lat' dir='ltr'><strong>explicant</strong></span> <span class='ocrx_word' id='word_1_632' title='bbox 2614 4015 2786 4071; x_wconf 63' lang='lat' dir='ltr'><strong>Graeci</strong></span> <span class='ocrx_word' id='word_1_633' title='bbox 2816 4032 2829 4079; x_wconf 89' lang='lat'><strong>;</strong></span> <span class='ocrx_word' id='word_1_634' title='bbox 2862 4017 2951 4085; x_wconf 87' lang='lat' dir='ltr'><strong>qui</strong></span> <span class='ocrx_word' id='word_1_635' title='bbox 2985 4031 3050 4069; x_wconf 90' lang='lat' dir='ltr'><strong>eo</strong></span> <span class='ocrx_word' id='word_1_636' title='bbox 3083 4015 3271 4085; x_wconf 88' lang='lat' dir='ltr'><strong>utique</strong></span> <span class='ocrx_word' id='word_1_637' title='bbox 3299 4029 3489 4082; x_wconf 90' lang='lat' dir='ltr'><strong>sensu,</strong></span> <span class='ocrx_word' id='word_1_638' title='bbox 3513 4032 3595 4068; x_wconf 90' lang='lat' dir='ltr'><strong>re-</strong></span> 
     </span>
    </p>
   </div>
   <div class='ocr_carea' id='block_1_86' title="bbox 2002 4109 3589 4185">
    <p class='ocr_par' dir='ltr' id='par_1_86' title="bbox 2002 4109 3589 4185">
     <span class='ocr_line' id='line_1_86' title="bbox 2002 4109 3589 4185; baseline -0.003 -20"><span class='ocrx_word' id='word_1_639' title='bbox 2002 4117 2148 4185; x_wconf 78' lang='lat' dir='ltr'><strong>fuga,</strong></span> <span class='ocrx_word' id='word_1_640' title='bbox 2183 4112 2431 4166; x_wconf 87' lang='lat' dir='ltr'><strong>desertor</strong></span> <span class='ocrx_word' id='word_1_641' title='bbox 2453 4113 2756 4173; x_wconf 80' lang='grc' dir='ltr'><strong>ἀποστάτης</strong></span> <span class='ocrx_word' id='word_1_642' title='bbox 2782 4151 2795 4176; x_wconf 91' lang='grc'><strong>,</strong></span> <span class='ocrx_word' id='word_1_643' title='bbox 2820 4110 3054 4164; x_wconf 86' lang='lat' dir='ltr'><strong>dicatur.</strong></span> <span class='ocrx_word' id='word_1_644' title='bbox 3081 4109 3253 4176; x_wconf 86' lang='lat' dir='ltr'><strong>Quam</strong></span> <span class='ocrx_word' id='word_1_645' title='bbox 3282 4110 3335 4164; x_wconf 90' lang='lat' dir='ltr'><strong>in</strong></span> <span class='ocrx_word' id='word_1_646' title='bbox 3365 4116 3589 4163; x_wconf 88' lang='lat' dir='ltr'><strong>senten-</strong></span> 
     </span>
    </p>
   </div>
   <div class='ocr_carea' id='block_1_87' title="bbox 2004 4203 3587 4275">
    <p class='ocr_par' dir='ltr' id='par_1_87' title="bbox 2004 4203 3587 4275">
     <span class='ocr_line' id='line_1_87' title="bbox 2004 4203 3587 4275; baseline -0.004 -15"><span class='ocrx_word' id='word_1_647' title='bbox 2004 4206 2129 4260; x_wconf 89' lang='lat' dir='ltr'><strong>tiam</strong></span> <span class='ocrx_word' id='word_1_648' title='bbox 2146 4204 2398 4261; x_wconf 88' lang='lat' dir='ltr'><strong>Sedulius</strong></span> <span class='ocrx_word' id='word_1_649' title='bbox 2417 4204 2611 4259; x_wconf 81' lang='lat' dir='ltr'><strong>Scottis</strong></span> <span class='ocrx_word' id='word_1_650' title='bbox 2633 4203 2713 4275; x_wconf 87' lang='lat' dir='ltr'><strong>(p)</strong></span> <span class='ocrx_word' id='word_1_651' title='bbox 2738 4222 2749 4256; x_wconf 89' lang='lat'><strong>:</strong></span> <span class='ocrx_word' id='word_1_652' title='bbox 2779 4203 2931 4268; x_wconf 85' lang='lat' dir='ltr'><strong>Quod</strong></span> <span class='ocrx_word' id='word_1_653' title='bbox 2951 4213 3143 4268; x_wconf 79' lang='lat' dir='ltr'><strong>autem,</strong></span> <span class='ocrx_word' id='word_1_654' title='bbox 3162 4203 3360 4273; x_wconf 83' lang='lat' dir='ltr'><strong>inquit,</strong></span> <span class='ocrx_word' id='word_1_655' title='bbox 3385 4215 3587 4256; x_wconf 81' lang='lat' dir='ltr'><strong>DISCES-</strong></span> 
     </span>
    </p>
   </div>
   <div class='ocr_carea' id='block_1_88' title="bbox 2002 4294 3591 4366">
    <p class='ocr_par' dir='ltr' id='par_1_88' title="bbox 2002 4294 3591 4366">
     <span class='ocr_line' id='line_1_88' title="bbox 2002 4294 3591 4366; baseline -0.003 -14"><span class='ocrx_word' id='word_1_656' title='bbox 2002 4313 2194 4352; x_wconf 73' lang='lat' dir='ltr'><strong>Stomt</strong></span> <span class='ocrx_word' id='word_1_657' title='bbox 2243 4298 2327 4350; x_wconf 82' lang='lat' dir='ltr'><strong>hic</strong></span> <span class='ocrx_word' id='word_1_658' title='bbox 2373 4297 2539 4362; x_wconf 82' lang='lat' dir='ltr'><strong>dicit,</strong></span> <span class='ocrx_word' id='word_1_659' title='bbox 2588 4297 2717 4349; x_wconf 84' lang='lat' dir='ltr'><strong>alibi</strong></span> <span class='ocrx_word' id='word_1_660' title='bbox 2756 4314 2871 4351; x_wconf 90' lang='lat' dir='ltr'><strong>eum</strong></span> <span class='ocrx_word' id='word_1_661' title='bbox 2928 4312 3175 4351; x_wconf 73' lang='lat' dir='ltr'><strong>REFUGMI</strong></span> <span class='ocrx_word' id='word_1_662' title='bbox 3224 4294 3503 4366; x_wconf 86' lang='lat' dir='ltr'><strong>appellavit</strong></span> <span class='ocrx_word' id='word_1_663' title='bbox 3538 4297 3591 4348; x_wconf 90' lang='lat' dir='ltr'><strong>in</strong></span> 
     </span>
    </p>
   </div>
   <div class='ocr_carea' id='block_1_89' title="bbox 2002 4387 3590 4462">
    <p class='ocr_par' dir='ltr' id='par_1_89' title="bbox 2002 4387 3590 4462">
     <span class='ocr_line' id='line_1_89' title="bbox 2002 4387 3590 4462; baseline -0.003 -18"><span class='ocrx_word' id='word_1_664' title='bbox 2002 4390 2205 4444; x_wconf 80' lang='lat' dir='ltr'><strong>Latinis</strong></span> <span class='ocrx_word' id='word_1_665' title='bbox 2236 4389 2636 4462; x_wconf 72' lang='lat' dir='ltr'><strong>exemplaribus.</strong></span> <span class='ocrx_word' id='word_1_666' title='bbox 2677 4388 2961 4459; x_wconf 84' lang='lat' dir='ltr'><strong>Utrumque</strong></span> <span class='ocrx_word' id='word_1_667' title='bbox 2991 4399 3166 4443; x_wconf 87' lang='lat' dir='ltr'><strong>autem</strong></span> <span class='ocrx_word' id='word_1_668' title='bbox 3194 4391 3267 4441; x_wconf 88' lang='lat' dir='ltr'><strong>ita</strong></span> <span class='ocrx_word' id='word_1_669' title='bbox 3296 4387 3590 4461; x_wconf 83' lang='lat' dir='ltr'><strong>intelligen-</strong></span> 
     </span>
    </p>
   </div>
   <div class='ocr_carea' id='block_1_90' title="bbox 2003 4480 3596 4552">
    <p class='ocr_par' dir='ltr' id='par_1_90' title="bbox 2003 4480 3596 4552">
     <span class='ocr_line' id='line_1_90' title="bbox 2003 4480 3596 4552; baseline -0.004 -13"><span class='ocrx_word' id='word_1_670' title='bbox 2003 4486 2122 4539; x_wconf 88' lang='lat' dir='ltr'><strong>dum</strong></span> <span class='ocrx_word' id='word_1_671' title='bbox 2162 4493 2267 4548; x_wconf 82' lang='lat' dir='ltr'><strong>est,</strong></span> <span class='ocrx_word' id='word_1_672' title='bbox 2300 4484 2439 4551; x_wconf 85' lang='lat' dir='ltr'><strong>quod</strong></span> <span class='ocrx_word' id='word_1_673' title='bbox 2484 4483 2583 4536; x_wconf 90' lang='lat' dir='ltr'><strong>nisi</strong></span> <span class='ocrx_word' id='word_1_674' title='bbox 2613 4488 2801 4535; x_wconf 79' lang='lat' dir='ltr'><strong>venerit</strong></span> <span class='ocrx_word' id='word_1_675' title='bbox 2836 4484 3017 4552; x_wconf 80' lang='lat' dir='ltr'><strong>refuga</strong></span> <span class='ocrx_word' id='word_1_676' title='bbox 3060 4482 3287 4534; x_wconf 81' lang='lat' dir='ltr'><strong>veritatis</strong></span> <span class='ocrx_word' id='word_1_677' title='bbox 3317 4522 3330 4545; x_wconf 97' lang='lat'><strong>,</strong></span> <span class='ocrx_word' id='word_1_678' title='bbox 3371 4480 3471 4534; x_wconf 77' lang='lat' dir='ltr'><strong>sive</strong></span> <span class='ocrx_word' id='word_1_679' title='bbox 3516 4481 3596 4533; x_wconf 85' lang='lat' dir='ltr'><strong>sui</strong></span> 
     </span>
    </p>
   </div>
   <div class='ocr_carea' id='block_1_91' title="bbox 2003 4574 3595 4651">
    <p class='ocr_par' dir='ltr' id='par_1_91' title="bbox 2003 4574 3595 4651">
     <span class='ocr_line' id='line_1_91' title="bbox 2003 4574 3595 4651; baseline -0.004 -17"><span class='ocrx_word' id='word_1_680' title='bbox 2003 4579 2323 4651; x_wconf 86' lang='lat' dir='ltr'><strong>principatus</strong></span> <span class='ocrx_word' id='word_1_681' title='bbox 2376 4577 2626 4644; x_wconf 86' lang='lat' dir='ltr'><strong>desertor,</strong></span> <span class='ocrx_word' id='word_1_682' title='bbox 2668 4578 2774 4630; x_wconf 84' lang='lat' dir='ltr'><strong>sive</strong></span> <span class='ocrx_word' id='word_1_683' title='bbox 2810 4577 3053 4630; x_wconf 71' lang='lat' dir='ltr'><strong>discessio</strong></span> <span class='ocrx_word' id='word_1_684' title='bbox 3107 4574 3427 4645; x_wconf 86' lang='lat' dir='ltr'><strong>gentilium,</strong></span> <span class='ocrx_word' id='word_1_685' title='bbox 3487 4585 3595 4627; x_wconf 90' lang='lat' dir='ltr'><strong>etc.</strong></span> 
     </span>
    </p>
   </div>
   <div class='ocr_carea' id='block_1_92' title="bbox 307 4661 3591 4744">
    <p class='ocr_par' dir='ltr' id='par_1_92' title="bbox 307 4661 3591 4744">
     <span class='ocr_line' id='line_1_92' title="bbox 307 4661 3591 4744; baseline 0.002 -30"><span class='ocrx_word' id='word_1_686' title='bbox 307 4661 515 4717; x_wconf 92' lang='lat' dir='ltr'><strong>miuum</strong></span> <span class='ocrx_word' id='word_1_687' title='bbox 541 4706 555 4729; x_wconf 93' lang='lat'><strong>,</strong></span> <span class='ocrx_word' id='word_1_688' title='bbox 586 4665 683 4720; x_wconf 92' lang='lat' dir='ltr'><strong>sed</strong></span> <span class='ocrx_word' id='word_1_689' title='bbox 717 4665 848 4733; x_wconf 91' lang='lat' dir='ltr'><strong>Dei,</strong></span> <span class='ocrx_word' id='word_1_690' title='bbox 876 4669 1369 4737; x_wconf 76' lang='lat' dir='ltr'><strong>peregrinationem</strong></span> <span class='ocrx_word' id='word_1_691' title='bbox 1402 4673 1709 4740; x_wconf 88' lang='lat' dir='ltr'><strong>suscepisse</strong></span> <span class='ocrx_word' id='word_1_692' title='bbox 1752 4674 1895 4727; x_wconf 89' lang='lat' dir='ltr'><strong>indi-</strong></span> <span class='ocrx_word' id='word_1_693' title='bbox 1924 4667 1977 4726; x_wconf 84' lang='grc' dir='ltr'><strong>Ι)</strong></span> <span class='ocrx_word' id='word_1_694' title='bbox 2003 4674 2129 4728; x_wconf 60' lang='lat' dir='ltr'><strong>llaec</strong></span> <span class='ocrx_word' id='word_1_695' title='bbox 2159 4687 2322 4744; x_wconf 85' lang='lat' dir='ltr'><strong>porro</strong></span> <span class='ocrx_word' id='word_1_696' title='bbox 2339 4688 2405 4727; x_wconf 86' lang='lat' dir='ltr'><strong>ex</strong></span> <span class='ocrx_word' id='word_1_697' title='bbox 2428 4672 2647 4741; x_wconf 87' lang='lat' dir='ltr'><strong>Pelagio</strong></span> <span class='ocrx_word' id='word_1_698' title='bbox 2676 4672 2929 4735; x_wconf 77' lang='grc' dir='ltr'><strong>αὐτολεξεὶ</strong></span> <span class='ocrx_word' id='word_1_699' title='bbox 2956 4668 3253 4736; x_wconf 83' lang='lat' dir='ltr'><strong>exscripsit</strong></span> <span class='ocrx_word' id='word_1_700' title='bbox 3283 4666 3540 4723; x_wconf 91' lang='lat' dir='ltr'><strong>Sedulius</strong></span> <span class='ocrx_word' id='word_1_701' title='bbox 3578 4682 3591 4719; x_wconf 90' lang='lat'><strong>:</strong></span> 
     </span>
    </p>
   </div>
   <div class='ocr_carea' id='block_1_93' title="bbox 305 4759 1895 4834">
    <p class='ocr_par' dir='ltr' id='par_1_93' title="bbox 305 4759 1895 4834">
     <span class='ocr_line' id='line_1_93' title="bbox 305 4759 1895 4834; baseline 0.005 -22"><span class='ocrx_word' id='word_1_702' title='bbox 305 4768 473 4814; x_wconf 89' lang='lat' dir='ltr'><strong>caret.</strong></span> <span class='ocrx_word' id='word_1_703' title='bbox 511 4759 825 4834; x_wconf 83' lang='lat' dir='ltr'><strong>Presbyteri</strong></span> <span class='ocrx_word' id='word_1_704' title='bbox 876 4761 1237 4818; x_wconf 84' lang='lat' dir='ltr'><strong>Massiliensis</strong></span> <span class='ocrx_word' id='word_1_705' title='bbox 1278 4764 1577 4819; x_wconf 83' lang='lat' dir='ltr'><strong>auctoritas</strong></span> <span class='ocrx_word' id='word_1_706' title='bbox 1622 4765 1753 4820; x_wconf 86' lang='lat' dir='ltr'><strong>viris</strong></span> <span class='ocrx_word' id='word_1_707' title='bbox 1794 4766 1895 4820; x_wconf 86' lang='lat' dir='ltr'><strong>do-</strong></span> 
     </span>
    </p>
   </div>
   <div class='ocr_carea' id='block_1_94' title="bbox 305 4855 1892 4932">
    <p class='ocr_par' dir='ltr' id='par_1_94' title="bbox 305 4855 1892 4932">
     <span class='ocr_line' id='line_1_94' title="bbox 305 4855 1892 4932; baseline 0.004 -23"><span class='ocrx_word' id='word_1_708' title='bbox 305 4855 405 4915; x_wconf 86' lang='lat' dir='ltr'><strong>ctis</strong></span> <span class='ocrx_word' id='word_1_709' title='bbox 426 4856 706 4926; x_wconf 90' lang='lat' dir='ltr'><strong>imposuit,</strong></span> <span class='ocrx_word' id='word_1_710' title='bbox 730 4856 1027 4927; x_wconf 88' lang='lat' dir='ltr'><strong>quosinter</strong></span> <span class='ocrx_word' id='word_1_711' title='bbox 1045 4858 1125 4913; x_wconf 90' lang='lat' dir='ltr'><strong>vel</strong></span> <span class='ocrx_word' id='word_1_712' title='bbox 1147 4858 1382 4928; x_wconf 89' lang='lat' dir='ltr'><strong>ipsemet</strong></span> <span class='ocrx_word' id='word_1_713' title='bbox 1398 4858 1783 4916; x_wconf 87' lang='lat' dir='ltr'><strong>Tillemontius</strong></span> <span class='ocrx_word' id='word_1_714' title='bbox 1804 4863 1892 4932; x_wconf 77' lang='lat' dir='ltr'><strong>(f):</strong></span> 
     </span>
    </p>
   </div>
   <div class='ocr_carea' id='block_1_95' title="bbox 376 5016 947 5088">
    <p class='ocr_par' dir='ltr' id='par_1_95' title="bbox 376 5016 947 5088">
     <span class='ocr_line' id='line_1_95' title="bbox 376 5016 947 5088; baseline 0.002 -18"><span class='ocrx_word' id='word_1_715' title='bbox 376 5018 455 5087; x_wconf 90' lang='lat' dir='ltr'><strong>(a)</strong></span> <span class='ocrx_word' id='word_1_716' title='bbox 484 5016 651 5072; x_wconf 89' lang='lat' dir='ltr'><strong>Bach.</strong></span> <span class='ocrx_word' id='word_1_717' title='bbox 681 5016 801 5071; x_wconf 86' lang='lat' dir='ltr'><strong>Fid.</strong></span> <span class='ocrx_word' id='word_1_718' title='bbox 838 5016 866 5088; x_wconf 86' lang='lat'><strong>§</strong></span> <span class='ocrx_word' id='word_1_719' title='bbox 897 5018 947 5072; x_wconf 90' lang='grc'><strong>1.</strong></span> 
     </span>
    </p>
   </div>
   <div class='ocr_carea' id='block_1_96' title="bbox 376 5086 1894 5161">
    <p class='ocr_par' dir='ltr' id='par_1_96' title="bbox 376 5086 1894 5161">
     <span class='ocr_line' id='line_1_96' title="bbox 376 5086 1894 5161; baseline -0.001 -19"><span class='ocrx_word' id='word_1_720' title='bbox 376 5090 452 5161; x_wconf 87' lang='lat' dir='ltr'><strong>(b)</strong></span> <span class='ocrx_word' id='word_1_721' title='bbox 492 5089 641 5145; x_wconf 89' lang='lat' dir='ltr'><strong>Flor.</strong></span> <span class='ocrx_word' id='word_1_722' title='bbox 677 5086 906 5144; x_wconf 84' lang='lat' dir='ltr'><strong>Dissert.</strong></span> <span class='ocrx_word' id='word_1_723' title='bbox 942 5090 1003 5155; x_wconf 90' lang='grc'>1,</span> <span class='ocrx_word' id='word_1_724' title='bbox 1034 5087 1101 5144; x_wconf 91' lang='lat' dir='ltr'><strong>ad</strong></span> <span class='ocrx_word' id='word_1_725' title='bbox 1134 5086 1382 5143; x_wconf 84' lang='lat' dir='ltr'><strong>Bachiar.</strong></span> <span class='ocrx_word' id='word_1_726' title='bbox 1411 5128 1427 5153; x_wconf 90' lang='lat'><strong>,</strong></span> <span class='ocrx_word' id='word_1_727' title='bbox 1462 5086 1490 5156; x_wconf 83' lang='lat'><strong>§</strong></span> <span class='ocrx_word' id='word_1_728' title='bbox 1524 5086 1577 5152; x_wconf 89' lang='lat'><strong>7,</strong></span> <span class='ocrx_word' id='word_1_729' title='bbox 1606 5102 1760 5157; x_wconf 89' lang='lat' dir='ltr'><strong>pagg.</strong></span> <span class='ocrx_word' id='word_1_730' title='bbox 1805 5102 1894 5141; x_wconf 82' lang='lat' dir='ltr'><strong>Llll</strong></span> 
     </span>
    </p>
   </div>
   <div class='ocr_carea' id='block_1_97' title="bbox 308 5177 1014 5315">
    <p class='ocr_par' dir='ltr' id='par_1_97' title="bbox 308 5177 1014 5315">
     <span class='ocr_line' id='line_1_97' title="bbox 308 5177 1014 5315; baseline -0.001 -27"><span class='ocrx_word' id='word_1_731' title='bbox 308 5177 463 5315; x_wconf 43' lang='lat' dir='ltr'><strong>sea?)-</strong></span> <span class='ocrx_word' id='word_1_732' title='bbox 493 5232 741 5315; x_wconf 39' lang='lat' dir='ltr'><strong>B_a.ch_i_a.r_.</strong></span> <span class='ocrx_word' id='word_1_733' title='bbox 769 5232 805 5286; x_wconf 93' lang='lat' dir='ltr'><strong>l.</strong></span> <span class='ocrx_word' id='word_1_734' title='bbox 834 5247 883 5288; x_wconf 91' lang='lat' dir='ltr'><strong>c.</strong></span> <span class='ocrx_word' id='word_1_735' title='bbox 912 5233 939 5305; x_wconf 83' lang='lat'>§</span> <span class='ocrx_word' id='word_1_736' title='bbox 964 5234 1014 5287; x_wconf 91' lang='grc'><strong>7.</strong></span> 
     </span>
    </p>
   </div>
   <div class='ocr_carea' id='block_1_98' title="bbox 401 5304 757 5365">
    <p class='ocr_par' dir='ltr' id='par_1_98' title="bbox 401 5304 757 5365">
     <span class='ocr_line' id='line_1_98' title="bbox 401 5304 757 5365; baseline -0.006 -6"><span class='ocrx_word' id='word_1_737' title='bbox 401 5307 456 5365; x_wconf 90' lang='lat' dir='ltr'><strong>d)</strong></span> <span class='ocrx_word' id='word_1_738' title='bbox 518 5306 596 5361; x_wconf 86' lang='lat' dir='ltr'><strong>Id.</strong></span> <span class='ocrx_word' id='word_1_739' title='bbox 624 5304 757 5359; x_wconf 89' lang='lat' dir='ltr'><strong>ibid.</strong></span> 
     </span>
    </p>
   </div>
   <div class='ocr_carea' id='block_1_99' title="bbox 398 5373 1895 5453">
    <p class='ocr_par' dir='ltr' id='par_1_99' title="bbox 398 5373 1895 5453">
     <span class='ocr_line' id='line_1_99' title="bbox 398 5373 1895 5453; baseline -0.002 -20"><span class='ocrx_word' id='word_1_740' title='bbox 398 5379 447 5453; x_wconf 90' lang='lat' dir='ltr'><strong>e)</strong></span> <span class='ocrx_word' id='word_1_741' title='bbox 487 5376 961 5435; x_wconf 82' lang='lat' dir='ltr'><strong>Murat.Anecdot.</strong></span> <span class='ocrx_word' id='word_1_742' title='bbox 993 5387 1123 5432; x_wconf 91' lang='lat' dir='ltr'><strong>tom.</strong></span> <span class='ocrx_word' id='word_1_743' title='bbox 1156 5376 1221 5443; x_wconf 94' lang='lat' dir='ltr'><strong>ll,</strong></span> <span class='ocrx_word' id='word_1_744' title='bbox 1271 5390 1424 5447; x_wconf 87' lang='lat' dir='ltr'><strong>pagg.</strong></span> <span class='ocrx_word' id='word_1_745' title='bbox 1456 5377 1657 5445; x_wconf 79' lang='lat' dir='ltr'><strong>9seqq.</strong></span> <span class='ocrx_word' id='word_1_746' title='bbox 1679 5373 1895 5430; x_wconf 79' lang='lat' dir='ltr'><strong>Mediol.</strong></span> 
     </span>
    </p>
   </div>
   <div class='ocr_carea' id='block_1_100' title="bbox 308 5453 1900 5595">
    <p class='ocr_par' dir='ltr' id='par_1_100' title="bbox 308 5453 1900 5595">
     <span class='ocr_line' id='line_1_100' title="bbox 308 5453 1900 5595; baseline -0.006 -12"><span class='ocrx_word' id='word_1_747' title='bbox 308 5453 691 5595; x_wconf 41' lang='lat' dir='ltr'><strong>1b(9fz)‘.Tillem.</strong></span> <span class='ocrx_word' id='word_1_748' title='bbox 726 5522 893 5595; x_wconf 76' lang='lat' dir='ltr'><strong>Mem.</strong></span> <span class='ocrx_word' id='word_1_749' title='bbox 915 5521 1215 5595; x_wconf 32' lang='lat' dir='ltr'><strong>ecclatom.</strong></span> <span class='ocrx_word' id='word_1_750' title='bbox 1247 5535 1338 5595; x_wconf 82' lang='lat' dir='ltr'><strong>xvt</strong></span> <span class='ocrx_word' id='word_1_751' title='bbox 1359 5562 1373 5585; x_wconf 93' lang='lat'><strong>,</strong></span> <span class='ocrx_word' id='word_1_752' title='bbox 1408 5534 1527 5595; x_wconf 73' lang='lat' dir='ltr'><strong>pag.</strong></span> <span class='ocrx_word' id='word_1_753' title='bbox 1552 5516 1680 5584; x_wconf 75' lang='grc'><strong>475,</strong></span> <span class='ocrx_word' id='word_1_754' title='bbox 1702 5528 1813 5573; x_wconf 91' lang='lat' dir='ltr'><strong>not.</strong></span> <span class='ocrx_word' id='word_1_755' title='bbox 1846 5518 1900 5575; x_wconf 89' lang='lat'><strong>9.</strong></span> 
     </span>
    </p>
   </div>
   <div class='ocr_carea' id='block_1_101' title="bbox 377 5589 1904 5667">
    <p class='ocr_par' dir='ltr' id='par_1_101' title="bbox 377 5589 1904 5667">
     <span class='ocr_line' id='line_1_101' title="bbox 377 5589 1904 5667; baseline -0.005 -15"><span class='ocrx_word' id='word_1_756' title='bbox 377 5589 453 5667; x_wconf 63' lang='grc' dir='ltr'><strong>(ῤ’)</strong></span> <span class='ocrx_word' id='word_1_757' title='bbox 506 5597 653 5652; x_wconf 88' lang='lat' dir='ltr'><strong>Flor.</strong></span> <span class='ocrx_word' id='word_1_758' title='bbox 680 5594 747 5651; x_wconf 92' lang='lat' dir='ltr'><strong>ad</strong></span> <span class='ocrx_word' id='word_1_759' title='bbox 771 5593 1023 5651; x_wconf 88' lang='lat' dir='ltr'><strong>Bachiar.</strong></span> <span class='ocrx_word' id='word_1_760' title='bbox 1047 5594 1271 5649; x_wconf 89' lang='lat' dir='ltr'><strong>Dissert.</strong></span> <span class='ocrx_word' id='word_1_761' title='bbox 1308 5594 1360 5659; x_wconf 95' lang='grc'>1,</span> <span class='ocrx_word' id='word_1_762' title='bbox 1415 5589 1443 5663; x_wconf 84' lang='lat'>§</span> <span class='ocrx_word' id='word_1_763' title='bbox 1486 5593 1541 5656; x_wconf 81' lang='lat'><strong>6,</strong></span> <span class='ocrx_word' id='word_1_764' title='bbox 1575 5606 1727 5661; x_wconf 88' lang='lat' dir='ltr'><strong>pagg.</strong></span> <span class='ocrx_word' id='word_1_765' title='bbox 1763 5606 1904 5647; x_wconf 81' lang='lat' dir='ltr'><strong>van</strong></span> 
     </span>
    </p>
   </div>
   <div class='ocr_carea' id='block_1_102' title="bbox 305 5680 1721 5882">
    <p class='ocr_par' dir='ltr' id='par_1_102' title="bbox 305 5680 1721 5882">
     <span class='ocr_line' id='line_1_102' title="bbox 305 5680 1721 5882; baseline -0.002 -91"><span class='ocrx_word' id='word_1_766' title='bbox 305 5680 459 5882; x_wconf 46' lang='lat'><strong>88313).</strong></span> <span class='ocrx_word' id='word_1_767' title='bbox 498 5737 675 5793; x_wconf 86' lang='lat' dir='ltr'><strong>Anon.</strong></span> <span class='ocrx_word' id='word_1_768' title='bbox 707 5738 900 5795; x_wconf 78' lang='lat' dir='ltr'><strong>blellic.</strong></span> <span class='ocrx_word' id='word_1_769' title='bbox 930 5738 998 5795; x_wconf 87' lang='lat' dir='ltr'><strong>de</strong></span> <span class='ocrx_word' id='word_1_770' title='bbox 1029 5738 1288 5809; x_wconf 87' lang='lat' dir='ltr'><strong>Scriptor.</strong></span> <span class='ocrx_word' id='word_1_771' title='bbox 1325 5734 1459 5790; x_wconf 87' lang='lat' dir='ltr'><strong>eccl.</strong></span> <span class='ocrx_word' id='word_1_772' title='bbox 1491 5750 1611 5804; x_wconf 90' lang='lat' dir='ltr'><strong>cap.</strong></span> <span class='ocrx_word' id='word_1_773' title='bbox 1634 5736 1721 5792; x_wconf 79' lang='grc'><strong>53.</strong></span> 
     </span>
     <span class='ocr_line' id='line_1_103' title="bbox 401 5808 1661 5882; baseline -0.001 -20"><span class='ocrx_word' id='word_1_774' title='bbox 401 5810 441 5882; x_wconf 78' lang='grc' dir='ltr'><strong>ι)</strong></span> <span class='ocrx_word' id='word_1_775' title='bbox 471 5809 623 5882; x_wconf 59' lang='grc' dir='ltr'><strong>[ΠΨ.</strong></span> <span class='ocrx_word' id='word_1_776' title='bbox 652 5809 896 5882; x_wconf 80' lang='lat' dir='ltr'><strong>Bacbiar.</strong></span> <span class='ocrx_word' id='word_1_777' title='bbox 924 5826 1110 5881; x_wconf 90' lang='lat' dir='ltr'><strong>opusc.</strong></span> <span class='ocrx_word' id='word_1_778' title='bbox 1143 5809 1277 5866; x_wconf 91' lang='lat' dir='ltr'><strong>edit.</strong></span> <span class='ocrx_word' id='word_1_779' title='bbox 1316 5808 1474 5882; x_wconf 64' lang='lat' dir='ltr'><strong>Rom.</strong></span> <span class='ocrx_word' id='word_1_780' title='bbox 1499 5808 1661 5864; x_wconf 70' lang='grc'><strong>1748.</strong></span> 
     </span>
    </p>
   </div>
   <div class='ocr_carea' id='block_1_103' title="bbox 401 5808 1661 5881">
    <p class='ocr_par' dir='ltr' id='par_1_103' title="bbox 401 5808 1661 5881">
     <span class='ocr_line' id='line_1_104' title="bbox 401 5808 1661 5881; baseline -0.001 -19"><span class='ocrx_word' id='word_1_781' title='bbox 401 5810 441 5878; x_wconf 84' lang='lat' dir='ltr'><strong>i)</strong></span> <span class='ocrx_word' id='word_1_782' title='bbox 471 5809 623 5881; x_wconf 71' lang='lat' dir='ltr'><strong>Elor.</strong></span> <span class='ocrx_word' id='word_1_783' title='bbox 652 5809 896 5865; x_wconf 88' lang='lat' dir='ltr'><strong>Bacbiar.</strong></span> <span class='ocrx_word' id='word_1_784' title='bbox 924 5826 1110 5881; x_wconf 90' lang='lat' dir='ltr'><strong>opusc.</strong></span> <span class='ocrx_word' id='word_1_785' title='bbox 1143 5809 1277 5866; x_wconf 91' lang='lat' dir='ltr'><strong>edit.</strong></span> <span class='ocrx_word' id='word_1_786' title='bbox 1316 5808 1474 5881; x_wconf 64' lang='lat' dir='ltr'><strong>Rom.</strong></span> <span class='ocrx_word' id='word_1_787' title='bbox 1499 5808 1661 5864; x_wconf 70' lang='grc'><strong>1748.</strong></span> 
     </span>
    </p>
   </div>
   <div class='ocr_carea' id='block_1_104' title="bbox 377 5879 1427 5955">
    <p class='ocr_par' dir='ltr' id='par_1_104' title="bbox 377 5879 1427 5955">
     <span class='ocr_line' id='line_1_105' title="bbox 377 5879 1427 5955; baseline -0.007 -16"><span class='ocrx_word' id='word_1_788' title='bbox 377 5879 449 5955; x_wconf 81' lang='lat' dir='ltr'><strong>(j)</strong></span> <span class='ocrx_word' id='word_1_789' title='bbox 486 5879 698 5937; x_wconf 88' lang='lat' dir='ltr'><strong>Wessel</strong></span> <span class='ocrx_word' id='word_1_790' title='bbox 722 5884 880 5950; x_wconf 87' lang='lat' dir='ltr'><strong>epist.</strong></span> <span class='ocrx_word' id='word_1_791' title='bbox 912 5879 1003 5937; x_wconf 89' lang='lat' dir='ltr'><strong>cit.</strong></span> <span class='ocrx_word' id='word_1_792' title='bbox 1042 5883 1069 5953; x_wconf 84' lang='lat'><strong>§</strong></span> <span class='ocrx_word' id='word_1_793' title='bbox 1096 5884 1151 5948; x_wconf 92' lang='lat'><strong>7,</strong></span> <span class='ocrx_word' id='word_1_794' title='bbox 1183 5896 1306 5953; x_wconf 80' lang='lat' dir='ltr'><strong>pag.</strong></span> <span class='ocrx_word' id='word_1_795' title='bbox 1338 5879 1427 5933; x_wconf 69' lang='lat'><strong>29.</strong></span> 
     </span>
    </p>
   </div>
   <div class='ocr_carea' id='block_1_105' title="bbox 1956 4762 3593 4841">
    <p class='ocr_par' dir='ltr' id='par_1_105' title="bbox 1956 4762 3593 4841">
     <span class='ocr_line' id='line_1_106' title="bbox 1956 4762 3593 4841; baseline -0.002 -21"><span class='ocrx_word' id='word_1_796' title='bbox 1956 4782 1961 4783; x_wconf 48' lang='grc' dir='ltr'>ί</span> <span class='ocrx_word' id='word_1_797' title='bbox 2006 4785 2127 4841; x_wconf 72' lang='lat' dir='ltr'><strong>qua:</strong></span> <span class='ocrx_word' id='word_1_798' title='bbox 2172 4778 2350 4822; x_wconf 86' lang='lat' dir='ltr'><strong>tamen</strong></span> <span class='ocrx_word' id='word_1_799' title='bbox 2402 4767 2585 4820; x_wconf 88' lang='lat' dir='ltr'><strong>minus</strong></span> <span class='ocrx_word' id='word_1_800' title='bbox 2631 4764 2917 4820; x_wconf 85' lang='lat' dir='ltr'><strong>emendata</strong></span> <span class='ocrx_word' id='word_1_801' title='bbox 2964 4772 3019 4817; x_wconf 91' lang='lat' dir='ltr'><strong>et</strong></span> <span class='ocrx_word' id='word_1_802' title='bbox 3065 4763 3202 4816; x_wconf 87' lang='lat' dir='ltr'><strong>male</strong></span> <span class='ocrx_word' id='word_1_803' title='bbox 3252 4762 3593 4830; x_wconf 88' lang='lat' dir='ltr'><strong>interpuncta</strong></span> 
     </span>
    </p>
   </div>
   <div class='ocr_carea' id='block_1_106' title="bbox 2002 4855 3595 4927">
    <p class='ocr_par' dir='ltr' id='par_1_106' title="bbox 2002 4855 3595 4927">
     <span class='ocr_line' id='line_1_107' title="bbox 2002 4855 3595 4927; baseline -0.006 -9"><span class='ocrx_word' id='word_1_804' title='bbox 2002 4870 2295 4920; x_wconf 87' lang='lat' dir='ltr'><strong>occurrunt</strong></span> <span class='ocrx_word' id='word_1_805' title='bbox 2330 4862 2382 4915; x_wconf 90' lang='lat' dir='ltr'><strong>in</strong></span> <span class='ocrx_word' id='word_1_806' title='bbox 2416 4858 2744 4915; x_wconf 84' lang='lat' dir='ltr'><strong>editionibus</strong></span> <span class='ocrx_word' id='word_1_807' title='bbox 2775 4855 3207 4927; x_wconf 83' lang='lat' dir='ltr'><strong>Hieronymiauis</strong></span> <span class='ocrx_word' id='word_1_808' title='bbox 3237 4866 3345 4909; x_wconf 91' lang='lat' dir='ltr'><strong>tum</strong></span> <span class='ocrx_word' id='word_1_809' title='bbox 3376 4855 3595 4909; x_wconf 79' lang='lat' dir='ltr'><strong>Martia-</strong></span> 
     </span>
    </p>
   </div>
   <div class='ocr_carea' id='block_1_107' title="bbox 2074 5011 2583 5087">
    <p class='ocr_par' dir='ltr' id='par_1_107' title="bbox 2074 5011 2583 5087">
     <span class='ocr_line' id='line_1_108' title="bbox 2074 5011 2583 5087; baseline -0.006 -18"><span class='ocrx_word' id='word_1_810' title='bbox 2074 5015 2151 5087; x_wconf 71' lang='lat' dir='ltr'><strong>(lt)</strong></span> <span class='ocrx_word' id='word_1_811' title='bbox 2192 5014 2439 5087; x_wconf 63' lang='lat' dir='ltr'><strong>Baebian.</strong></span> 
     </span>
    </p>
   </div>
   <div class='ocr_carea' id='block_1_108' title="bbox 2072 5083 3592 5157">
    <p class='ocr_par' dir='ltr' id='par_1_108' title="bbox 2072 5083 3592 5157">
     <span class='ocr_line' id='line_1_109' title="bbox 2072 5083 3592 5157; baseline -0.001 -16"><span class='ocrx_word' id='word_1_812' title='bbox 2072 5083 2135 5157; x_wconf 84' lang='grc' dir='ltr'><strong>(Ι)</strong></span> <span class='ocrx_word' id='word_1_813' title='bbox 2156 5087 2379 5141; x_wconf 87' lang='lat' dir='ltr'><strong>Hieron.</strong></span> <span class='ocrx_word' id='word_1_814' title='bbox 2413 5084 2667 5137; x_wconf 74' lang='lat' dir='ltr'><strong>Bililioth.</strong></span> <span class='ocrx_word' id='word_1_815' title='bbox 2700 5083 2865 5138; x_wconf 89' lang='lat' dir='ltr'><strong>divin.</strong></span> <span class='ocrx_word' id='word_1_816' title='bbox 2894 5099 3019 5157; x_wconf 87' lang='lat' dir='ltr'><strong>opp.</strong></span> <span class='ocrx_word' id='word_1_817' title='bbox 3057 5094 3184 5157; x_wconf 87' lang='lat' dir='ltr'><strong>tom.</strong></span> <span class='ocrx_word' id='word_1_818' title='bbox 3214 5083 3252 5146; x_wconf 85' lang='grc' dir='ltr'>Ι,</span> <span class='ocrx_word' id='word_1_819' title='bbox 3285 5100 3405 5154; x_wconf 84' lang='lat' dir='ltr'><strong>pag.</strong></span> <span class='ocrx_word' id='word_1_820' title='bbox 3434 5086 3592 5151; x_wconf 75' lang='grc'><strong>1647,</strong></span> 
     </span>
    </p>
   </div>
   <div class='ocr_carea' id='block_1_109' title="bbox 2004 5156 3591 5226">
    <p class='ocr_par' dir='ltr' id='par_1_109' title="bbox 2004 5156 3591 5226">
     <span class='ocr_line' id='line_1_110' title="bbox 2004 5156 3591 5226; baseline -0.003 -11"><span class='ocrx_word' id='word_1_821' title='bbox 2004 5156 2139 5216; x_wconf 86' lang='lat' dir='ltr'><strong>edit.</strong></span> <span class='ocrx_word' id='word_1_822' title='bbox 2173 5158 2280 5211; x_wconf 87' lang='lat' dir='ltr'><strong>BB.</strong></span> <span class='ocrx_word' id='word_1_823' title='bbox 2311 5156 2481 5211; x_wconf 86' lang='lat' dir='ltr'><strong>Paris.</strong></span> <span class='ocrx_word' id='word_1_824' title='bbox 2516 5186 2587 5196; x_wconf 90' lang='lat'><strong>—</strong></span> <span class='ocrx_word' id='word_1_825' title='bbox 2614 5157 2691 5211; x_wconf 90' lang='lat' dir='ltr'><strong>ld.</strong></span> <span class='ocrx_word' id='word_1_826' title='bbox 2726 5157 2889 5225; x_wconf 85' lang='lat' dir='ltr'><strong>epist.</strong></span> <span class='ocrx_word' id='word_1_827' title='bbox 2918 5156 3043 5218; x_wconf 74' lang='grc'><strong>121,</strong></span> <span class='ocrx_word' id='word_1_828' title='bbox 3078 5156 3142 5210; x_wconf 88' lang='lat' dir='ltr'><strong>ad</strong></span> <span class='ocrx_word' id='word_1_829' title='bbox 3166 5157 3591 5226; x_wconf 74' lang='lat' dir='ltr'><strong>Algas.,qu:est.</strong></span> 
     </span>
    </p>
   </div>
   <div class='ocr_carea' id='block_1_110' title="bbox 2006 5227 3487 5300">
    <p class='ocr_par' dir='ltr' id='par_1_110' title="bbox 2006 5227 3487 5300">
     <span class='ocr_line' id='line_1_111' title="bbox 2006 5227 3487 5300; baseline -0.005 -14"><span class='ocrx_word' id='word_1_830' title='bbox 2006 5232 2095 5297; x_wconf 83' lang='grc'><strong>11,</strong></span> <span class='ocrx_word' id='word_1_831' title='bbox 2130 5245 2259 5300; x_wconf 92' lang='lat' dir='ltr'><strong>opp.</strong></span> <span class='ocrx_word' id='word_1_832' title='bbox 2295 5239 2429 5282; x_wconf 90' lang='lat' dir='ltr'><strong>tom.</strong></span> <span class='ocrx_word' id='word_1_833' title='bbox 2469 5229 2519 5293; x_wconf 89' lang='lat' dir='ltr'><strong>l,</strong></span> <span class='ocrx_word' id='word_1_834' title='bbox 2558 5244 2677 5299; x_wconf 89' lang='lat' dir='ltr'><strong>pag.</strong></span> <span class='ocrx_word' id='word_1_835' title='bbox 2710 5228 2835 5289; x_wconf 82' lang='grc'>879,</span> <span class='ocrx_word' id='word_1_836' title='bbox 2861 5227 2991 5281; x_wconf 86' lang='lat' dir='ltr'><strong>edit.</strong></span> <span class='ocrx_word' id='word_1_837' title='bbox 3028 5227 3255 5283; x_wconf 83' lang='lat' dir='ltr'><strong>Vallars.</strong></span> <span class='ocrx_word' id='word_1_838' title='bbox 3289 5228 3487 5300; x_wconf 64' lang='lat' dir='ltr'><strong>Veron.</strong></span> 
     </span>
    </p>
   </div>
   <div class='ocr_carea' id='block_1_111' title="bbox 2073 5297 3569 5374">
    <p class='ocr_par' dir='ltr' id='par_1_111' title="bbox 2073 5297 3569 5374">
     <span class='ocr_line' id='line_1_112' title="bbox 2073 5297 3569 5374; baseline -0.002 -19"><span class='ocrx_word' id='word_1_839' title='bbox 2073 5297 2183 5374; x_wconf 41' lang='lat' dir='ltr'><strong>(m)’</strong></span> <span class='ocrx_word' id='word_1_840' title='bbox 2210 5297 2388 5374; x_wconf 80' lang='lat' dir='ltr'><strong>Rufin.</strong></span> <span class='ocrx_word' id='word_1_841' title='bbox 2428 5297 2732 5355; x_wconf 83' lang='lat' dir='ltr'><strong>Comment.</strong></span> <span class='ocrx_word' id='word_1_842' title='bbox 2776 5300 2829 5353; x_wconf 90' lang='lat' dir='ltr'><strong>in</strong></span> <span class='ocrx_word' id='word_1_843' title='bbox 2860 5300 3046 5371; x_wconf 88' lang='lat' dir='ltr'><strong>Symb.</strong></span> <span class='ocrx_word' id='word_1_844' title='bbox 3104 5316 3252 5354; x_wconf 89' lang='lat' dir='ltr'><strong>num.</strong></span> <span class='ocrx_word' id='word_1_845' title='bbox 3284 5299 3376 5363; x_wconf 77' lang='grc'><strong>54,</strong></span> <span class='ocrx_word' id='word_1_846' title='bbox 3413 5314 3464 5368; x_wconf 88' lang='lat' dir='ltr'><strong>p.</strong></span> <span class='ocrx_word' id='word_1_847' title='bbox 3502 5297 3569 5353; x_wconf 85' lang='lat'><strong>97</strong></span> 
     </span>
    </p>
   </div>
   <div class='ocr_carea' id='block_1_112' title="bbox 2002 5372 2525 5432">
    <p class='ocr_par' dir='ltr' id='par_1_112' title="bbox 2002 5372 2525 5432">
     <span class='ocr_line' id='line_1_113' title="bbox 2002 5372 2525 5432; baseline -0.008 -3"><span class='ocrx_word' id='word_1_848' title='bbox 2002 5372 2129 5429; x_wconf 61' lang='lat' dir='ltr'><strong>nov.</strong></span> <span class='ocrx_word' id='word_1_849' title='bbox 2150 5372 2294 5428; x_wconf 20' lang='lat' dir='ltr'><strong>Vedii.</strong></span> <span class='ocrx_word' id='word_1_850' title='bbox 2330 5372 2525 5432; x_wconf 80' lang='lat' dir='ltr'><strong>Veron.</strong></span> 
     </span>
    </p>
   </div>
   <div class='ocr_carea' id='block_1_113' title="bbox 2006 5443 3595 5575">
    <p class='ocr_par' dir='ltr' id='par_1_113' title="bbox 2006 5443 3595 5575">
     <span class='ocr_line' id='line_1_114' title="bbox 2078 5443 3595 5573; baseline -0.003 -74"><span class='ocrx_word' id='word_1_851' title='bbox 2078 5446 2158 5573; x_wconf 46' lang='lat' dir='ltr'><strong>sn)</strong></span> <span class='ocrx_word' id='word_1_852' title='bbox 2181 5445 2317 5511; x_wconf 82' lang='lat' dir='ltr'><strong>Aug.</strong></span> <span class='ocrx_word' id='word_1_853' title='bbox 2342 5446 2409 5501; x_wconf 84' lang='lat' dir='ltr'><strong>de</strong></span> <span class='ocrx_word' id='word_1_854' title='bbox 2438 5444 2600 5527; x_wconf 80' lang='lat' dir='ltr'><strong>Civit.</strong></span> <span class='ocrx_word' id='word_1_855' title='bbox 2628 5443 2720 5499; x_wconf 86' lang='lat' dir='ltr'><strong>Dei</strong></span> <span class='ocrx_word' id='word_1_856' title='bbox 2750 5443 2842 5497; x_wconf 90' lang='lat' dir='ltr'><strong>lib.</strong></span> <span class='ocrx_word' id='word_1_857' title='bbox 2871 5460 2971 5526; x_wconf 71' lang='lat' dir='ltr'><strong>xx,</strong></span> <span class='ocrx_word' id='word_1_858' title='bbox 3001 5458 3119 5512; x_wconf 89' lang='lat' dir='ltr'><strong>cap.</strong></span> <span class='ocrx_word' id='word_1_859' title='bbox 3154 5443 3221 5497; x_wconf 46' lang='lat'><strong>&#39;19</strong></span> <span class='ocrx_word' id='word_1_860' title='bbox 3241 5482 3255 5506; x_wconf 94' lang='lat'><strong>,</strong></span> <span class='ocrx_word' id='word_1_861' title='bbox 3297 5456 3427 5511; x_wconf 88' lang='lat' dir='ltr'><strong>opp.</strong></span> <span class='ocrx_word' id='word_1_862' title='bbox 3464 5451 3595 5496; x_wconf 92' lang='lat' dir='ltr'><strong>tom.</strong></span> 
     </span>
     <span class='ocr_line' id='line_1_115' title="bbox 2006 5516 2992 5575; baseline -0.005 -2"><span class='ocrx_word' id='word_1_863' title='bbox 2006 5517 2073 5573; x_wconf 80' lang='lat' dir='ltr'><strong>Vl</strong></span> <span class='ocrx_word' id='word_1_864' title='bbox 2124 5559 2138 5575; x_wconf 93' lang='lat'><strong>.</strong></span> <span class='ocrx_word' id='word_1_865' title='bbox 2187 5534 2307 5575; x_wconf 66' lang='grc' dir='ltr'><strong>βεδε.</strong></span> <span class='ocrx_word' id='word_1_866' title='bbox 2344 5518 2466 5575; x_wconf 77' lang='grc'><strong>596.</strong></span> <span class='ocrx_word' id='word_1_867' title='bbox 2498 5518 2631 5571; x_wconf 79' lang='lat' dir='ltr'><strong>edit.</strong></span> <span class='ocrx_word' id='word_1_868' title='bbox 2671 5516 2773 5570; x_wconf 87' lang='lat' dir='ltr'><strong>BB.</strong></span> <span class='ocrx_word' id='word_1_869' title='bbox 2819 5516 2992 5569; x_wconf 87' lang='lat' dir='ltr'><strong>Parts.</strong></span> 
     </span>
    </p>
   </div>
   <div class='ocr_carea' id='block_1_114' title="bbox 2124 5531 2992 5584">
    <p class='ocr_par' dir='ltr' id='par_1_114' title="bbox 2124 5531 2992 5584">
     <span class='ocr_line' id='line_1_116' title="bbox 2124 5531 2992 5584; baseline -0.002 -14"><span class='ocrx_word' id='word_1_870' title='bbox 2124 5559 2138 5584; x_wconf 92' lang='lat'><strong>,</strong></span> <span class='ocrx_word' id='word_1_871' title='bbox 2187 5534 2307 5584; x_wconf 86' lang='lat' dir='ltr'><strong>pag.</strong></span> <span class='ocrx_word' id='word_1_872' title='bbox 2344 5531 2466 5579; x_wconf 69' lang='lat'><strong>.596.</strong></span> <span class='ocrx_word' id='word_1_873' title='bbox 2498 5531 2631 5571; x_wconf 86' lang='lat' dir='ltr'><strong>emt.</strong></span> <span class='ocrx_word' id='word_1_874' title='bbox 2671 5531 2773 5570; x_wconf 76' lang='lat' dir='ltr'><strong>tm.</strong></span> <span class='ocrx_word' id='word_1_875' title='bbox 2819 5531 2992 5569; x_wconf 75' lang='lat' dir='ltr'><strong>rarts.</strong></span> 
     </span>
    </p>
   </div>
   <div class='ocr_carea' id='block_1_115' title="bbox 2081 5534 3595 5662">
    <p class='ocr_par' dir='ltr' id='par_1_115' title="bbox 2081 5534 3595 5662">
     <span class='ocr_line' id='line_1_117' title="bbox 2081 5534 2992 5588; baseline -0.005 -15"><span class='ocrx_word' id='word_1_876' title='bbox 2081 5534 2138 5584; x_wconf 89' lang='grc' dir='ltr'>ι,</span> <span class='ocrx_word' id='word_1_877' title='bbox 2187 5534 2307 5588; x_wconf 86' lang='lat' dir='ltr'><strong>pag.</strong></span> <span class='ocrx_word' id='word_1_878' title='bbox 2344 5534 2466 5579; x_wconf 69' lang='lat' dir='ltr'><strong>nuo.</strong></span> <span class='ocrx_word' id='word_1_879' title='bbox 2498 5534 2631 5571; x_wconf 72' lang='lat' dir='ltr'><strong>eunt.</strong></span> <span class='ocrx_word' id='word_1_880' title='bbox 2671 5534 2773 5570; x_wconf 68' lang='grc' dir='ltr'><strong>ω).</strong></span> <span class='ocrx_word' id='word_1_881' title='bbox 2819 5534 2992 5569; x_wconf 79' lang='lat' dir='ltr'><strong>rarts.</strong></span> 
     </span>
     <span class='ocr_line' id='line_1_118' title="bbox 2081 5585 3595 5662; baseline -0.001 -19"><span class='ocrx_word' id='word_1_882' title='bbox 2081 5589 2157 5662; x_wconf 90' lang='grc' dir='ltr'><strong>(ο)</strong></span> <span class='ocrx_word' id='word_1_883' title='bbox 2181 5590 2315 5645; x_wconf 85' lang='lat' dir='ltr'><strong>Mill.</strong></span> <span class='ocrx_word' id='word_1_884' title='bbox 2346 5592 2413 5647; x_wconf 86' lang='lat' dir='ltr'><strong>N.</strong></span> <span class='ocrx_word' id='word_1_885' title='bbox 2442 5592 2507 5646; x_wconf 90' lang='grc' dir='ltr'><strong>Τ.</strong></span> <span class='ocrx_word' id='word_1_886' title='bbox 2531 5588 2624 5644; x_wconf 88' lang='lat' dir='ltr'><strong>Gr.</strong></span> <span class='ocrx_word' id='word_1_887' title='bbox 2659 5588 2746 5642; x_wconf 90' lang='lat' dir='ltr'><strong>ad.</strong></span> <span class='ocrx_word' id='word_1_888' title='bbox 2781 5586 2825 5641; x_wconf 93' lang='lat' dir='ltr'><strong>ll</strong></span> <span class='ocrx_word' id='word_1_889' title='bbox 2870 5586 3051 5640; x_wconf 83' lang='lat' dir='ltr'><strong>Thess.</strong></span> <span class='ocrx_word' id='word_1_890' title='bbox 3086 5601 3157 5652; x_wconf 89' lang='lat' dir='ltr'><strong>tt,</strong></span> <span class='ocrx_word' id='word_1_891' title='bbox 3191 5586 3258 5648; x_wconf 83' lang='grc'>5,</span> <span class='ocrx_word' id='word_1_892' title='bbox 3293 5593 3344 5639; x_wconf 86' lang='lat' dir='ltr'><strong>et</strong></span> <span class='ocrx_word' id='word_1_893' title='bbox 3381 5586 3432 5638; x_wconf 90' lang='lat' dir='ltr'><strong>in</strong></span> <span class='ocrx_word' id='word_1_894' title='bbox 3461 5585 3595 5641; x_wconf 84' lang='lat' dir='ltr'><strong>Pro-</strong></span> 
     </span>
    </p>
   </div>
   <div class='ocr_carea' id='block_1_116' title="bbox 2006 5662 2539 5733">
    <p class='ocr_par' dir='ltr' id='par_1_116' title="bbox 2006 5662 2539 5733">
     <span class='ocr_line' id='line_1_119' title="bbox 2006 5662 2539 5733; baseline -0.004 -17"><span class='ocrx_word' id='word_1_895' title='bbox 2006 5662 2206 5733; x_wconf 87' lang='lat' dir='ltr'><strong>legom.</strong></span> <span class='ocrx_word' id='word_1_896' title='bbox 2233 5679 2381 5718; x_wconf 91' lang='lat' dir='ltr'><strong>num.</strong></span> <span class='ocrx_word' id='word_1_897' title='bbox 2413 5664 2539 5719; x_wconf 75' lang='grc'><strong>846.</strong></span> 
     </span>
    </p>
   </div>
   <div class='ocr_carea' id='block_1_117' title="bbox 2079 5728 3597 5805">
    <p class='ocr_par' dir='ltr' id='par_1_117' title="bbox 2079 5728 3597 5805">
     <span class='ocr_line' id='line_1_120' title="bbox 2079 5728 3597 5805; baseline -0.004 -13"><span class='ocrx_word' id='word_1_898' title='bbox 2079 5728 2159 5805; x_wconf 78' lang='grc' dir='ltr'><strong>(ρ)</strong></span> <span class='ocrx_word' id='word_1_899' title='bbox 2190 5736 2375 5791; x_wconf 83' lang='lat' dir='ltr'><strong>Sedul.</strong></span> <span class='ocrx_word' id='word_1_900' title='bbox 2408 5735 2638 5790; x_wconf 78' lang='lat' dir='ltr'><strong>Colleet.</strong></span> <span class='ocrx_word' id='word_1_901' title='bbox 2699 5733 2752 5785; x_wconf 92' lang='lat' dir='ltr'><strong>in</strong></span> <span class='ocrx_word' id='word_1_902' title='bbox 2783 5729 3036 5805; x_wconf 38' lang='lat'><strong>11171658.</strong></span> <span class='ocrx_word' id='word_1_903' title='bbox 3072 5746 3141 5798; x_wconf 88' lang='lat' dir='ltr'><strong>tt,</strong></span> <span class='ocrx_word' id='word_1_904' title='bbox 3173 5731 3227 5795; x_wconf 74' lang='grc'>3,</span> <span class='ocrx_word' id='word_1_905' title='bbox 3257 5729 3309 5785; x_wconf 90' lang='lat' dir='ltr'><strong>in</strong></span> <span class='ocrx_word' id='word_1_906' title='bbox 3342 5728 3597 5786; x_wconf 88' lang='lat' dir='ltr'><strong>Biblioth.</strong></span> 
     </span>
    </p>
   </div>
   <div class='ocr_carea' id='block_1_118' title="bbox 2009 5802 2943 5876">
    <p class='ocr_par' dir='ltr' id='par_1_118' title="bbox 2009 5802 2943 5876">
     <span class='ocr_line' id='line_1_121' title="bbox 2009 5802 2943 5876; baseline -0.006 -17"><span class='ocrx_word' id='word_1_907' title='bbox 2009 5802 2184 5861; x_wconf 80' lang='lat' dir='ltr'><strong>Paris.</strong></span> <span class='ocrx_word' id='word_1_908' title='bbox 2218 5805 2378 5863; x_wconf 71' lang='grc'><strong>1644.</strong></span> <span class='ocrx_word' id='word_1_909' title='bbox 2405 5816 2535 5865; x_wconf 87' lang='lat' dir='ltr'><strong>tom.</strong></span> <span class='ocrx_word' id='word_1_910' title='bbox 2562 5806 2603 5873; x_wconf 93' lang='grc'>1,</span> <span class='ocrx_word' id='word_1_911' title='bbox 2632 5819 2753 5876; x_wconf 87' lang='lat' dir='ltr'><strong>pag.</strong></span> <span class='ocrx_word' id='word_1_912' title='bbox 2787 5802 2943 5857; x_wconf 83' lang='grc'><strong>1011.</strong></span> 
     </span>
    </p>
   </div>
  </div>
