4092 6176
553 285 693 347 1025

1790 290 2145 351 BACHIARII
2183 291 2417 351 ΜΟΝΑο
2427 293 2492 349 ill

3624 303 3727 359 1024

550 421 916 481 perverso,eo
942 410 1089 480 quod
1118 416 1243 466 ante
1272 417 1449 465 actam
1472 410 1760 482 culparum
1789 410 1990 467 seriem
2018 424 2138 467 cre-
2165 421 2220 481 Α
2242 414 2548 486 gnoscant?
2579 412 2635 470 Si
2674 420 2803 468 ante
2834 411 3201 483 cognitionem
3235 413 3507 482 promenda
3539 425 3605 472 est
3636 434 3728 476 sen-

554 504 812 561 diderunt
846 505 1012 560 etiam
1048 504 1280 576 posteris
1316 505 1695 562 ascribendam
1722 550 1736 573 ,
1768 516 1822 562 et
1869 520 1978 561 non
2026 516 2134 562 tam

554 598 805 655 hazresim
837 600 1003 655 odere
1024 614 1186 670 quam
1215 598 1471 670 plebem?
1517 600 1576 657 Si
1606 616 1707 672 pro
1738 601 1899 672 culpa
1929 602 2092 657 unius
2117 645 2133 670 ,

549 694 716 749 totius
757 695 1049 763 provinciae
1081 696 1097 726 ¹
1129 696 1525 752 anathemanda
1574 697 1856 769 generatio
1887 710 2007 765 est,
2037 700 2136 754 da—

551 800 767 846 mnetur
796 800 851 845 et
879 788 970 843 illa
1000 789 1322 846 beatissima
1357 800 1382 829 ει
1421 791 1709 862 discipula,
1738 794 1842 848 hoc
1870 801 1955 849 est
1977 836 1991 859 ,
2026 792 2138 847 Ro-

550 898 659 951 ma,
690 883 758 939 de
780 898 889 955 qua
917 899 1063 939 nunc
1093 900 1199 939 non
1231 900 1359 952 una,
1390 885 1491 941 sed
1514 885 1635 942 dua:
1662 888 1745 941 vel
1771 894 1916 954 tres,
1958 895 2051 941 aut
2072 900 2138 941 eo

548 977 782 1049 amplius
814 977 1054 1033 haereses
1083 978 1448 1049 pullularunt;
1476 990 1529 1034 et
1557 989 1743 1035 tamen
1772 980 1919 1035 nulla
1949 995 2135 1035 earum

547 1070 863 1127 cathedram
896 1070 1064 1138 Petri,
1092 1071 1199 1127 hoc
1225 1082 1336 1139 est,
1364 1074 1383 1103 ³
1409 1072 1592 1128 sedem
1625 1073 1798 1140 Fidei,
1830 1086 1925 1129 aut
1952 1084 2137 1129 tenere

550 1162 729 1234 potuit
774 1173 866 1217 aut
910 1178 1154 1218 movere.
1189 1164 1525 1220 Damnentur
1553 1176 1828 1235 postremo
1857 1176 1921 1234 :et
1949 1179 2137 1219 omnes

546 1256 887 1327 provinciae,
924 1257 992 1311 de
1023 1256 1220 1326 quibus
1250 1258 1453 1313 diversi
1496 1259 1703 1314 erroris
1744 1259 1903 1314 rivuli
1947 1273 2135 1313 mana-

546 1362 696 1403 vere.
722 1348 818 1403 llle
842 1364 936 1404 vas
965 1348 1251 1405 electionis
1280 1360 1333 1405 et
1360 1352 1602 1421 gentium
1638 1352 1839 1407 Doctor
1860 1352 2000 1424 (Act.
2024 1368 2094 1407 xx
2119 1394 2133 1417 ,

546 1440 635 1512 9),
671 1443 689 1473 ³
723 1442 876 1513 lapso
906 1441 1158 1515 Eutycho
1187 1444 1256 1499 de
1279 1445 1444 1500 tertio
1474 1455 1615 1501 tecto
1641 1488 1656 1513 ,
1689 1446 1857 1502 credo
1884 1488 1899 1515 ,
1932 1446 2136 1516 aliquid

547 1536 617 1591 de
648 1536 916 1593 Trinitate
947 1539 1173 1605 erranti,
1202 1538 1697 1597 restituitcalorem
1731 1541 1875 1606 ﬁdei,
1895 1551 1950 1596 et
1972 1542 2134 1596 vitam

548 1629 807 1697 reddidit,
840 1631 942 1687 hoc
971 1643 1097 1702 est,
1142 1635 1359 1690 veniam
1409 1636 1699 1691 relaxavit.
1749 1636 1861 1691 Nos
1912 1636 2137 1691 fortasse

549 1721 727 1778 adhuc
754 1724 806 1779 in
831 1723 1066 1781 fenestra
1085 1768 1099 1792 ,
1130 1724 1184 1781 id
1208 1735 1313 1793 est,
1346 1727 1400 1782 in
1430 1727 1564 1783 lucis
1593 1727 1675 1782 via
1701 1737 1755 1783 et
1782 1728 1906 1783 fidei
1953 1728 2134 1797 splen-

2239 508 2429 576 teutia,
2460 523 2557 563 cur
2584 507 2863 578 legislator
2891 507 3150 577 praecepit
3180 504 3363 577 (Leuit.
3393 524 3490 577 xxv,
3517 511 3573 565 56
3592 514 3732 586 seqq),

2240 617 2308 657 ne
2362 611 2648 673 antequam
2698 602 2932 656 introeat
2972 600 3269 668 sacerdos,
3316 608 3368 655 et
3393 603 3548 658 videat
3570 605 3733 663 domum

2241 711 2362 765 quae
2392 698 2617 751 cariosa:
2645 695 2730 750 vel
2762 694 3041 750 tinnientis
3079 694 3229 765 lepra
3260 696 3468 750 haeresis
3492 698 3735 769 scindatur,

2240 788 2513 845 immunda
2553 789 2866 859 judicetur?
2888 788 2984 855 Ne,
3018 803 3203 858 quaeso
3226 830 3239 854 ,
3267 788 3555 845 beatissime
3582 794 3733 861 frater,

2240 885 2382 941 male
2410 884 2479 940 de
2512 884 2791 954 provincia
2820 883 3109 939 sentiatur.
3140 881 3255 939 Non
3288 882 3415 937 latet
3436 884 3561 939 enim
3580 886 3738 956 perspi-

2239 981 2445 1034 caciam
2476 988 2643 1046 tuam,
2674 979 2797 1049 quia
2828 993 2951 1033 cum
2976 978 3028 1032 in
3060 976 3297 1032 adventu
3339 993 3469 1032 arca:
3515 979 3739 1035 Dominictc
3886 986 3887 1031 l

2240 1074 2474 1145 Dagonis
2504 1082 2664 1143 caput
2691 1074 2742 1128 in
2768 1082 2987 1129 centum
3016 1082 3202 1142 partes
3232 1086 3351 1127 cum
3382 1072 3594 1143 utrisque
3629 1072 3745 1143 pedi-

2239 1167 2339 1222 bus
2369 1167 2763 1222 comminutum
2794 1168 2886 1231 sit,
2915 1166 3066 1236 Spina
3098 1166 3214 1235 ejus
3244 1166 3445 1235 integra
3483 1165 3746 1236 superfuisse
3889 1174 3891 1225 l

2239 1262 2572 1317 describitur
2604 1262 2645 1333 (I
2682 1262 2805 1333 (leg.
2838 1277 2867 1311 ν
2896 1306 2909 1328 ,
2943 1260 3009 1327 4,
3044 1277 3145 1315 sec.
3174 1258 3375 1331 LXX),
3406 1259 3506 1313 Nos
3535 1258 3652 1314 enim
3677 1261 3749 1313 Da-
3892 1268 3893 1273 ‘

2237 1355 2391 1426 gonis
2443 1365 2602 1424 caput
2651 1356 2767 1409 sive
2817 1352 3017 1424 pedes,
3051 1353 3291 1408 membra
3346 1352 3552 1413 mundi,
3595 1352 3746 1421 idest,

2237 1448 2503 1504 orientem
2553 1457 2608 1502 et
2656 1447 2939 1502 occiduum
2995 1461 3117 1502 esse
3162 1443 3571 1509 sentimusﬁin
3604 1444 3751 1513 quibus

2238 1547 2483 1618 partibus
2531 1547 2633 1601 sub
2665 1546 2951 1617 praesentia
2983 1545 3119 1616 legis
3146 1544 3172 1583 δ
3198 1545 3375 1599 omnis
3416 1558 3632 1598 errorum
3657 1558 3753 1597 con-

2238 1640 2363 1693 trita
2406 1639 2745 1709 perversitas
2775 1649 2877 1693 est.
2928 1637 3103 1692 Tuum
3135 1637 3205 1691 sit
3232 1636 3382 1691 enim
3410 1634 3648 1706 judicare,
3672 1650 3760 1705 qua:

2238 1732 2308 1786 sit
2335 1731 2600 1786 medietas
2625 1732 2819 1801 spintc,
2848 1732 2901 1784 in
2929 1746 3033 1799 qua
3064 1728 3243 1784 adhuc
3272 1729 3527 1783 nodorum
3554 1740 3760 1796 compago

550 1816 684 1873 dore
714 1818 1037 1887 residentes,
1072 1821 1244 1876 severi
1268 1822 1495 1878 nimium
1517 1823 1760 1893 judices,
1796 1838 1902 1878 non
1929 1838 1996 1878 ex
2018 1821 2129 1878 dis-
2164 1831 2211 1891 Β
2238 1823 2502 1879 dissoluta
2530 1825 2804 1893 perdurat.
2840 1822 2909 1879 Ut
2940 1822 3068 1893 quid
3088 1864 3103 1889 ,
3127 1838 3281 1892 rogo,
3312 1823 3567 1892 quaeritur
3590 1820 3762 1891 provin-

550 1911 826 1978 cussione,
870 1913 965 1969 sed
993 1929 1059 1968 ex
1089 1914 1437 1985 suspectione
1476 1916 2135 1972 condemnantznescien-

546 2015 650 2072 tes,
684 2006 807 2076 quia
831 2023 931 2075 quo
955 2008 1150 2073 iudicio
1168 2010 1525 2081 judicaverint
1549 2055 1561 2077 ,
1585 2012 1911 2083 judicabitur
1956 2012 2020 2066 de
2064 2013 2136 2066 eis

546 2096 767 2171 (Matth.
788 2114 859 2153 vn
886 2142 900 2165 ,
932 2099 1014 2169 9.),
1046 2112 1093 2155 et
1121 2102 1208 2171 qui
1250 2104 1405 2173 fratri
1450 2120 1542 2157 suo
1570 2104 1757 2158 dixerit
1788 2104 1949 2158 racha
1968 2149 1982 2173 ,
2013 2121 2132 2159 reus

550 2192 648 2244 erit
680 2191 923 2262 gehenna:
950 2193 1086 2263 ignis
1128 2193 1349 2263 (Matth.
1384 2211 1414 2246 v
1440 2236 1455 2261 ,
1486 2194 1601 2267 22).
1633 2196 1819 2250 Racba
1850 2199 2017 2261 enim,
2050 2213 2139 2250 va-

548 2301 676 2339 cuus
730 2285 1139 2355 interpretatur.
1177 2286 1246 2341 Et
1271 2288 1392 2358 quis
1418 2298 1502 2342 est
1557 2304 1761 2344 vacuus
1788 2331 1802 2355 ,
1834 2290 1936 2345 nisi
1986 2290 2140 2360 cujus

550 2379 817 2435 interiora
859 2390 1049 2435 carent
1080 2380 1205 2437 ﬁdei
1234 2382 1471 2437 veritate
1494 2425 1509 2451 ,
1540 2393 1595 2438 et
1622 2393 1706 2438 est
1731 2382 1867 2437 velut
1894 2400 2144 2439 mamen—

550 2484 662 2529 tum
687 2490 878 2529 sonans
907 2518 921 2543 ,
974 2484 1061 2529 aut
1088 2478 1381 2547 cymbalum
1410 2478 1629 2533 tinniens
1660 2479 1705 2550 (Ι
1735 2478 1835 2533 Cor
1861 2524 1874 2547 ,
1908 2496 2019 2548 sui,
2056 2482 2144 2551 1)?

552 2566 648 2624 llle
675 2614 688 2635 ,
714 2569 803 2639 qui
831 2584 937 2624 una
980 2578 1187 2625 tantum
1242 2580 1403 2627 nocte
1453 2569 1729 2627 Christum
1778 2572 2027 2641 viderat,
2067 2575 2143 2628 ait

549 2663 874 2719 contribulis
905 2664 1353 2736 suiszNumquid
1399 2666 1482 2722 lex
1530 2676 1703 2721 nostra
1743 2668 2142 2739 judicathomi-

550 2775 665 2813 nent
692 2805 706 2827 ,
742 2761 841 2813 nisi
871 2761 1015 2830 prius
1046 2762 1231 2815 audiat
1260 2779 1375 2833 quae
1419 2764 1526 2835 agit
1559 2762 1738 2834 (Joan.
1766 2780 1836 2818 vu
1862 2805 1877 2831 ,
1912 2764 2042 2836 5i)?
2074 2765 2141 2819 Et

550 2848 606 2905 hi
634 2852 723 2922 qui
759 2860 839 2906 tot
885 2869 1151 2910 annorum
1184 2856 1401 2911 Domini
1470 2866 1769 2914 sectatores
1798 2868 1958 2925 sunt,
1990 2860 2139 2929 prius

540 2946 821 3019 judicant,
847 2964 1006 3020 quam
1040 2950 1090 3005 id
1122 2950 1266 3007 unde
1290 2950 1537 3023 jndicant
1563 2996 1578 3020 ,
1609 2954 1831 3008 audiant
1860 2964 2022 3024 atque
2046 2968 2136 3009 co-

2237 1920 2319 1975 cia
2346 1919 2504 1974 mea?
2532 1918 2844 1990 Peregrinus
2882 1935 2975 1989 ego
3001 1934 3113 1972 sum
3134 1960 3148 1985 ,
3181 1922 3313 1971 sicut
3336 1932 3504 1971 omnes
3529 1923 3671 1987 patres
3690 1914 3763 1966 mei

2241 2012 2417 2087 (Psal.
2448 2029 2671 2079 xxxviii,
2700 2012 2810 2083 17).
2838 2012 3227 2067 Verumtamen
3256 2010 3301 2066 si
3325 2023 3635 2082 magnopere
3652 2022 3766 2078 qua:-

2241 2108 2420 2172 ritur,
2454 2106 2544 2161 ubi
2593 2116 2753 2160 natus
2782 2105 2914 2170 sim,
2966 2104 3307 2174 “accipiatur
3352 2101 3608 2158 confessio
3645 2115 3767 2165 mea,

2242 2214 2402 2269 quam
2462 2201 2514 2253 in
2571 2198 2825 2269 baptismi
2870 2198 3154 2252 nativitate
3202 2196 3457 2267 reSpondi
3484 2214 3497 2248 '.
3524 2209 3621 2249 non
3663 2194 3771 2247 enim

2244 2293 2374 2348 mihi
2408 2294 2580 2363 patria
2602 2290 3026 2359 confessionem,
3059 2290 3154 2347 sed
3183 2290 3457 2346 confessio
3480 2289 3682 2359 patriam
3702 2285 3769 2339 de-

2244 2386 2354 2449 dit;
2408 2386 2530 2457 quia
2584 2384 2786 2440 credidi
2817 2428 2830 2451 ,
2862 2394 2917 2440 et
2944 2385 3129 2454 accepi
3159 2382 3378 2455 (Matth.
3422 2398 3547 2446 xxi,
3568 2379 3673 2450 Ἡ).
3695 2376 3776 2432 Nec

2244 2496 2330 2536 me
2359 2478 2584 2533 offuscet
2615 2478 2958 2534 Samaritana
2982 2477 3253 2542 conditio;
3287 2476 3414 2546 quia
3442 2474 3695 2529 Christum
3720 2470 3777 2522 in-

2246 2587 2555 2647 terrogatus
2585 2575 2651 2630 ad
2685 2585 2904 2644 puteum
2955 2573 3197 2640 credidi,
3229 2582 3284 2628 et
3335 2578 3591 2643 purgatus
3618 2583 3644 2622 a
3667 2568 3777 2636 lepra

2246 2671 2585 2728 infidelitatis
2625 2671 2841 2741 agnovi.
2875 2669 3264 2726 Verumtamen
3299 2679 3319 2706 ο
3348 2667 3476 2738 quia
3522 2661 3779 2735 apostolica:

2245 2767 2571 2823 eruditionis
2614 2766 2862 2820 instituta
2888 2779 2989 2819 nos
3030 2774 3386 2819 commovent
3417 2760 3539 2833 (An.
3590 2768 3782 2813 commeo

2247 2858 2399 2932 nent]
2432 2858 2473 2931 (l
2504 2858 2613 2913 Pet.
2640 2874 2697 2913 ιιι
2724 2901 2738 2924 ,
2773 2858 2883 2930 15),
2913 2866 2970 2912 ιιι
2998 2856 3254 2912 omnibus
3283 2852 3629 2927 poscentibus
3665 2846 3785 2903 nobis

2245 2953 2510 3009 rationem
2541 2950 2607 3007 de
2638 2950 2740 3007 ﬁde
2770 2960 2825 3006 et
2869 2965 2967 3021 spe
2995 2966 3115 3023 qua:
3147 2950 3199 3005 in
3228 2948 3390 3005 nobis
3443 2954 3546 3013 est,
3593 2940 3787 3014 profera-

548 3155 777 3213 habetur
807 3158 859 3211 in
889 3158 1049 3228 epist.
1076 3159 1162 3226 52,
1196 3157 1261 3212 ad
1284 3158 1671 3213 Antonianum.
1698 3158 1756 3215 S.
1790 3157 2128 3228 Epiphanius
2160 3158 2203 3221 C
2236 3156 2364 3213 lima
2419 3158 2581 3213 verba
2611 3200 2625 3222 ,
2667 3158 2720 3212 ni
2769 3157 3003 3228 plurium
3058 3157 3392 3228 scriptorum
3435 3153 3683 3228 (calamos
3726 3148 3791 3201 hic

546 3230 599 3300 in
634 3229 837 3285 Haeresi
869 3230 961 3295 59,
992 3246 1047 3284 η.
1076 3232 1129 3295 1,
1148 3246 1267 3300 qua:
1288 3241 1369 3285 est
1388 3230 1775 3295 Catharorum,
1804 3229 2133 3285 Novatianos

546 3299 779 3355 afﬁrmat
834 3299 1176 3371 ptenitentire’
1216 3302 1468 3356 virtutem
1512 3303 1735 3355 omnino
1784 3302 2089 3357 infirmassc
2119 3344 2133 3363 ,

545 3387 667 3427 cum
688 3373 929 3428 dicerent
949 3377 1079 3445 μετὰ
1107 3376 1163 3430 τὸ
1188 3375 1392 3440 λουτρὸν
1414 3376 1591 3445 μηκέτι
1618 3373 1864 3429 δύνασθαι
1889 3376 2137 3429 ἐλεεῖσθαι

545 3447 1020 3521 αιταρᾳττετττῳιιρταιΡ
1052 3447 1096 3498 ei
1126 3447 1210 3513 qui
1256 3457 1371 3521 post
1400 3446 1737 3521 ibaplismtmt
1759 3446 2086 3521 delinqueret
2118 3491 2132 3511 ,

554 3516 752 3589 nullam
781 3517 1011 3589 adhiberi
1043 3517 1665 3589 possentisericordiant.
1718 3517 1864 3572 Idem
1918 3518 2137 3572 tradunt

551 3587 873 3659 Rhilastrius
912 3587 1050 3659 cap.’
1085 3588 1154 3643 51
1195 3588 1260 3643 de
1309 3588 1512 3643 Haeres.
1565 3589 1767 3659 aliique
1814 3604 1921 3644 non
1952 3590 2130 3653 pauci.

550 3658 665 3714 Huc
710 3659 869 3723 igitur
926 3658 1235 3730 respexisse
1286 3660 1629 3715 Bachiarium
1680 3661 2002 3715 crediderim
2052 3660 2135 3714 his

550 3732 751 3802 verbis,
782 3732 834 3785 in
856 3734 1008 3802 queis
1038 3742 1213 3788 tamen
1242 3733 1479 3802 aliquem
1509 3733 1859 3788 librariorum
1889 3748 2131 3789 errorem

553 3801 724 3858 latere
754 3801 884 3857 mihi
914 3804 1066 3860 facile
1097 3804 1320 3859 suadeo.

621 3876 637 3905 ί
668 3874 779 3929 Hoc
808 3884 889 3929 est
918 3876 1479 3930 excmnmunicatione
1510 3877 1824 3944 percellcrc.
1876 3877 1953 3931 Ita
1999 3876 2135 3931 scri-

550 3954 695 4013 ptum
715 3947 766 4001 in
787 3948 975 4001 codice
994 3948 1323 4002 nostr0.Vox
1349 3948 1671 4003 melioribus
1686 3950 1904 4016 quidem
1926 3952 2131 4017 ignota.

548 4018 647 4072 sed
677 4018 941 4073 Baebiani
974 4029 1217 4079 tempore
1248 4029 1523 4084 usurpata.
1557 4020 1837 4087 Siquidem
1869 4022 2129 4073 observa-

546 4090 624 4143 vit
653 4089 948 4145 Salmasius
978 4092 1044 4143 ad
1063 4091 1458 4145 Tertulliannm
1481 4091 1547 4145 de
1573 4091 1742 4146 Pallio
1762 4092 1814 4144 in
1844 4106 1945 4143 ms.
1971 4089 2131 4145 Com-

549 4162 827 4216 monitorii
855 4162 910 4218 ὃ.
943 4162 1229 4229 Augustini
1259 4162 1325 4215 ad
1367 4160 1624 4216 Faustum
1668 4162 2014 4216 Anathemare
2052 4162 2133 4215 bis

551 4232 677 4300 legi.
693 4229 803 4288 Pro
822 4250 886 4288 eo
898 4234 1333 4287 anathematizare
1348 4236 1869 4302 posuerant'veteres
1884 4245 1898 4284 ι
1906 4248 2133 4304 ypogra-

548 4304 681 4374 phi,
730 4306 823 4359 sed
870 4304 1169 4359 Clarissimi
1218 4305 1322 4358 PP.
1370 4304 1701 4359 Benedictini
1754 4306 1805 4359 in
1856 4318 2131 4373 postrema

550 4375 687 4445 Aug.
723 4376 961 4430 editione
988 4375 1334 4429 Anathemare
1360 4376 1625 4429 scribunt.
1658 4376 1888 4431 Faustus
1915 4392 2130 4446 quoque

546 4446 833 4516 Regicnsis
864 4462 983 4516 pag.
1020 4447 1086 4501 18
1132 4457 1186 4501 et
1238 4447 1303 4501 19
1346 4446 1598 4500 editionis
1630 4446 1791 4513 1586,
1843 4456 1896 4502 et
1949 4451 2131 4501 Conri-

548 4516 676 4571 litlm
709 4517 1025 4573 Toletanum
1052 4519 1282 4587 primum
1312 4527 1500 4572 contra
1530 4518 1965 4573 Priscillianistas
1994 4520 2131 4573 hanc

548 4604 733 4644 vocem
810 4605 1143 4662 nequaquam
1222 4591 1492 4657 fugerunt.
1558 4589 1694 4662 Vide
1766 4590 2131 4662 clarissimum

549 4662 744 4741 vir_mn_
771 4663 841 4717 du
880 4661 1166 4718 Freshium
1204 4663 1258 4717 in
1284 4662 1461 4719 Gloss.
1499 4661 1713 4730 mediae,
1744 4672 1797 4717 et
1823 4661 2020 4717 inﬁmae
2042 4662 2138 4716 La-

546 4735 797 4789 tinitatis.
1876 4746 1895 4771 '

616 4806 636 4835 ²
671 4806 738 4859 Ει
803 4808 902 4860 hoc
956 4806 1217 4860 Romamn
1246 4806 1392 4860 scdis
1427 4808 1756 4871 prmconium
1789 4806 2137 4860 animadver-

549 4875 679 4947 tisse
756 4878 1134 4947 pne-terentillo
1186 4877 1360 4945 juvat.
1428 4877 1647 4933 Scilicet
1695 4878 1840 4932 Petri
1890 4878 2137 4932 cathedra

549 4945 703 5001 Fidei
757 4945 929 5017 sedes,
974 4960 1029 5003 et
1073 4949 1390 5004 inviolatum
1442 4951 1720 5021 religionis
1780 4951 2017 5004 tribunal
2074 4965 2136 5003 ac

544 5022 915 5073 sanctuarium
971 5032 1329 5088 nuncupatur.
1389 5021 1635 5076 Hmreses
1678 5024 1896 5091 quidem
1940 5022 2024 5075 vel
2067 5037 2132 5074 ex

547 5091 660 5160 ipsa
693 5091 835 5146 Urbe
877 5103 1201 5160 eruperunt;
1234 5094 1375 5147 nulla
1410 5109 1538 5147 vero
1568 5094 1823 5148 Ecclesia:
1852 5093 2133 5147 catholica:

548 5173 709 5234 caput
764 5178 825 5217 uc
866 5164 1265 5218 ﬁrmamentum
1321 5175 1579 5234 appetere
1625 5166 1829 5229 valuit,
1863 5166 1963 5219 hoc
1990 5165 2133 5219 enim

546 5233 708 5288 Petro
738 5235 1011 5289 luculente
1041 5234 1288 5290 Christus
1320 5233 1704 5306 spoponderat.
1732 5237 2001 5291 Adderem
2033 5237 2131 5289 ali-

545 5322 670 5378 qua,
706 5308 870 5363 immo
902 5308 1142 5363 omnium
1178 5310 1520 5379 antiquorum
1555 5311 1607 5363 in
1642 5314 1776 5363 hanc
1814 5325 1927 5363 rem
1961 5307 2132 5362 simil-

543 5498 630 5552 rit.
664 5495 865 5552 llorum
908 5497 1091 5566 itaque
1132 5492 1409 5565 pr0prium
1452 5493 1551 5566 fuit
1593 5494 1865 5566 ascribere
1896 5492 2128 5566 posteris

543 5569 732 5637 culpas
764 5585 791 5623 a
834 5564 1147 5637 majoribus
1175 5567 1459 5620 admissas.
1484 5564 1609 5637 (Sed
1640 5574 1695 5637 et
1736 5566 1896 5635 plebis
1927 5564 2129 5637 mentio

546 5634 652 5710 qua
662 5640 815 5710 nihil
844 5634 1186 5709 frequentius
1216 5640 1268 5693 in
1291 5652 1452 5710 causa
1481 5636 1909 5710 Donatistarum,
1926 5634 2135 5702 pondus

544 5707 697 5764 addit
739 5727 843 5768 non
888 5707 1007 5766 leve
1068 5710 1368 5779 suspicioni
1423 5707 1548 5763 huic
1590 5720 1823 5775 nostra}.
1863 5708 2132 5762 Caeterum

543 5795 711 5849 grave
737 5784 993 5838 mendum
1020 5782 1154 5835 latet
1182 5782 1236 5835 in
1266 5782 1351 5835 his
1386 5781 1605 5836 verbis:
1640 5797 1739 5834 non
1767 5790 1868 5835 tam
1902 5779 2138 5833 haeresim

549 5850 698 5903 tulere
723 5870 875 5919 quam
898 5852 1132 5922 plebem;
1161 5869 1221 5905 ac
1246 5870 1342 5923 pro
1363 5854 1511 5907 odere
1541 5854 1904 5915 scribendum,
1937 5852 2135 5906 diferr-

2239 3230 2391 3285 labor
2424 3226 2786 3306 occttpasset;
2823 3241 2876 3306 et
2919 3230 3143 3306 flumina
3175 3226 3346 3306 quam
3402 3226 3601 3306 rivulos
3629 3230 3793 3306 petere

2240 3312 2481 3371 praestet.
2514 3298 2945 3357 Eminentissinti
2992 3301 3395 3365 Bellarminus,
3450 3298 3717 3358 Baronius,
3752 3302 3793 3345 et

2245 3373 2566 3429 Sfondratus
2599 3373 2685 3427 hic
2717 3374 3058 3441 potissimum
3100 3372 3448 3427 consulendi.

2311 3446 2330 3475 ³
2354 3444 2486 3499 Rem
2520 3456 2701 3499 narrat
2730 3445 2787 3500 S.
2831 3444 3004 3499 Lucas
3031 3445 3082 3498 in
3126 3446 3277 3499 Actis
3318 3446 3515 3514 Apost.
3549 3454 3661 3514 cap.
3704 3451 3760 3490 xx
3783 3476 3795 3498 ο

2238 3534 2292 3571 ιι.
2311 3518 2343 3571 9
2363 3516 2593 3581 ιῗδειιεηδ
2609 3516 2819 3587 quidam
2841 3517 3135 3571 adolescens
3150 3517 3354 3570 nomine
3372 3511 3650 3587 Eutychus
3673 3522 3796 3578 super

2237 3594 2535 3659 fenestram,
2591 3586 2703 3642 cum
2749 3600 3058 3659 mergeretur
3106 3605 3283 3643 somno
3328 3587 3510 3659 gravi,
3546 3586 3801 3659 disputante

2238 3648 2328 3713 diu
2376 3648 2567 3723 Paulo,
2602 3661 2783 3714 ductus
2847 3648 3025 3714 s'omno
3064 3660 3247 3713 cecidit
3291 3648 3358 3713 de
3394 3648 3543 3713 tertio
3574 3648 3800 3707 crinacufo

2237 3732 2497 3791 deorsum,
2533 3742 2578 3785 et
2619 3732 2848 3786 sublatus
2888 3742 2960 3786 est
2999 3741 3249 3785 mortuus.
3284 3730 3426 3785 Tum
3471 3726 3625 3783 addit
3651 3735 3803 3779 euma

2238 3812 2425 3857 sancto
2457 3803 2626 3858 Paulo
2656 3804 2792 3857 vivis
2825 3804 3155 3858 restitutum.

2313 3875 2329 3903 ‘
2364 3874 2461 3927 Hic
2507 3875 2721 3944 quidem
2768 3875 2997 3929 concilia
3047 3874 3228 3929 omnia
3279 3881 3411 3927 sunt
3456 3865 3800 3944 intelligenda.

2236 3962 2356 4017 qua:
2411 3940 2537 4000 tum
2579 3948 2629 4001 in
2668 3947 2912 4007 Oriente.
2963 3958 3073 4000 tum
3131 3947 3183 4001 in
3227 3944 3528 4000 Occidente
3574 3940 3801 4017 adversus

2239 4007 2527 4072 haereticos
2553 4019 2825 4073 celebrata
2870 4019 3102 4072 fuerant.
3155 4018 3512 4071 Potissimum
3546 4007 3804 4087 tamenubis

2235 4090 2385 4143 innni
2412 4090 2590 4144 verbis
2616 4091 2905 4145 arbitrarer
2951 4090 3240 4144 concilium
3278 4079 3806 4150 ConstantinOpolila-

2237 4178 2362 4233 num
2391 4162 2645 4229 primmn,
2677 4171 2729 4215 et
2764 4162 3130 4233 Aquileiense,
3161 4177 3280 4230 qua:
3302 4176 3451 4214 anno
3482 4157 3679 4233 Christi
3700 4151 3802 4209 581.

2235 4232 2337 4287 hoc
2364 4244 2447 4287 est
2470 4244 2593 4286 ante
2637 4229 2839 4301 paucos
2861 4249 3021 4296 quam
3066 4229 3387 4287 Bachiarius
3429 4229 3710 4301 scriberet
3728 4236 3803 4300 an.-

2235 4320 2363 4373 nos,
2417 4306 2598 4359 habita
2638 4294 2816 4359 fuere.
2864 4294 2998 4359 illud
3054 4305 3104 4358 in
3148 4303 3415 4367 Oriente,
3462 4299 3651 4356 hocin
3678 4294 3811 4376 Occi-

2236 4366 2433 4441 dente;
2496 4376 2623 4429 illud
2668 4378 3095 4443 (ecumenicum,
3148 4378 3251 4429 hoc
3291 4366 3425 4429 vero
3477 4390 3547 4427 ex
3594 4366 3811 4423 omnibus

2236 4447 2407 4502 ferme
2439 4447 2747 4501 Occidentis
2781 4448 3071 4517 provinciis
3100 4456 3350 4518 coactum
3388 4447 3519 4499 fuit.
3583 4516 3590 4518 Α
3775 4508 3784 4518 ι

2309 4519 2329 4549 ⁵
2358 4519 2441 4572 Ab
2472 4520 2601 4587 ipsis
2630 4516 2894 4574 Ecclesiae
2921 4518 3264 4573 incunabulis
3284 4516 3624 4572 Christianis
3659 4516 3813 4587 omni:

2241 4590 2340 4645 bus
2368 4590 2419 4644 id
2451 4584 2615 4644 moris
2648 4590 2745 4643 fuit
2794 4590 2960 4659 (quod
2998 4592 3162 4644 etiam
3220 4605 3362 4644 nunc
3404 4584 3743 4659 perseverat)
3769 4586 3816 4631 ιιι

2244 4672 2371 4716 ante
2398 4662 2722 4730 baptismum
2755 4662 3075 4717 solenmiter
3106 4662 3229 4715 ﬁdei
3262 4660 3537 4733 professio
3569 4658 3817 4733 emittere-

2245 4743 2353 4788 tur.
2388 4724 2596 4803 De'qua
2647 4749 2704 4787 re
2732 4734 2946 4788 videndi
2996 4724 3367 4803 Tertullianus
3412 4732 3513 4785 lib.
3550 4731 3615 4783 de
3649 4724 3813 4803 Pudic-

2239 4822 2360 4872 cap.
2394 4808 2452 4877 9,
2474 4797 2529 4877 et
2560 4805 2652 4856 lib.
2688 4804 2753 4858 de
2781 4805 3057 4877 Baptismo
3078 4820 3198 4868 cap.
3234 4804 3297 4877 6;
3333 4802 3648 4877 Cyprianus
3677 4797 3815 4877 epiSI.

2249 4878 2361 4951 fi_0,r
2392 4876 2458 4929 ad
2490 4872 2920 4951 Janua_rium._et
2950 4876 3040 4951 7A6,
3078 4876 3157 4951 _ad
3197 4872 3494 4951 Magnum;
3543 4872 3819 4951 Gregorius

2241 4948 2612 5003 Nazianzenus
2644 4948 2793 5002 Orat.
2826 4947 2918 5012 40,
2973 4941 3033 5001 in
3073 4948 3262 5001 Sanet.
3286 4941 3571 5009 Lavacr.;
3610 4941 3820 5013 Cyrillus

2244 5019 3007 5090 ilierosolymitanusCateclt.
3047 5019 3068 5071 1
3095 5019 3199 5073 e12
3225 5018 3482 5089 Mystag.;
3502 5013 3818 5086 Epiphanius

2244 5092 2295 5146 in
2327 5091 2660 5156 Anchorato,
2700 5102 2753 5144 et
2777 5091 2968 5159 reliqui
2999 5090 3208 5145 Patres.
3240 5090 3705 5144 Luculentissime
3743 5097 3821 5135 au—

2244 5174 2352 5217 tem
2386 5166 2627 5217 omnium
2676 5179 2791 5215 rem
2844 5165 3210 5231 pertractavit
3258 5160 3473 5229 Josepli
3526 5161 3817 5231 Vicecomcs

2240 5233 2588 5289 Ambrosiani
2620 5224 3055 5303 collegii'doctor
3099 5235 3154 5287 in
3191 5224 3408 5288 erudito
3465 5231 3741 5286 volumine
3767 5224 3821 5278 de

2239 5306 2474 5375 antiquis
2509 5306 2761 5376 baptismi
2790 5306 2982 5361 ritibus
3016 5304 3109 5360 lib.
3142 5321 3202 5371 tt,
3244 5320 3364 5375 cap.
3400 5303 3478 5360 25
3516 5314 3575 5360 et
3604 5318 3717 5371 seq.

2231 5507 2307 5556 re,
2334 5492 2421 5547 vel
2456 5492 2581 5563 quid
2607 5492 2809 5548 simile.

2308 5575 2332 5601 ιι
2371 5562 2589 5634 Aliquid
2630 5564 2803 5620 deest.
2834 5564 3035 5621 Urbem
3059 5564 3284 5619 Romam
3327 5572 3559 5619 sanctus
3584 5562 3694 5616 Leo
3718 5570 3818 5634 ma-

2233 5651 2371 5705 gnus
2402 5630 2639 5705 appellat
2667 5636 2980 5702 discipulam
3009 5638 3259 5692 veritatis.
3295 5635 3465 5692 Forte
3503 5635 3649 5690 Petri
3684 5630 3825 5686 disti-

2237 5708 2414 5777 pulam
2442 5709 2578 5764 dixit
2606 5710 2941 5765 Bachiarius.

2309 5778 2336 5818 ι)
2381 5781 2452 5833 Ita
2480 5782 2602 5834 cod.
2642 5782 2832 5835 Ambr.
2858 5784 2925 5837 At
2949 5781 3148 5836 Murat.
3180 5827 3193 5849 ,
3219 5782 3471 5836 omnium.

2316 5864 2335 5887 ε’
2380 5853 2561 5917 Deest,
2592 5855 2709 5921 quia
2740 5856 2791 5907 in
2823 5854 2943 5908 cod.
2982 5856 3190 5911 etedil.
3228 5855 3422 5909 Muret.
