4074 6204
278 276 411 337 MSS

1571 285 1947 347 PROFESSIO
1987 286 2189 345 FIDEI.

3416 288 3551 347 1026

272 420 427 471 mus;
456 422 562 461 non
595 423 871 462 moremur
894 408 1018 463 lidei
1046 418 1246 465 nostrae
1274 412 1515 480 regulam
1538 413 1864 472 beatitudini

1971 406 2218 461 blimium
2250 419 2429 460 rerum
2457 404 2565 460 alta
2600 404 2839 475 cognitio
2868 411 2973 460 est.
3008 403 3248 459 Divisum
3290 405 3432 461 enim
3460 422 3557 477 per

274 506 379 550 tua:
399 538 412 561 ,
445 498 461 527 ί
494 499 585 568 qui
617 498 815 555 artifex
845 515 903 555 es
933 500 1101 570 ipsius
1129 510 1155 538 α
1185 500 1397 557 aedilicii
1427 502 1821 563 demonstrare.

344 589 397 643 5.
440 590 548 645 Sed
576 606 644 647 ne
666 594 803 647 forte
833 592 937 648 hoc
965 594 1141 663 ipsum
1172 594 1535 666 suspicionem
1578 599 1861 655 inﬁdelita-

272 679 343 735 tis
372 681 622 748 incutiat,
652 685 796 754 quod
826 685 1034 742 tardius
1065 686 1131 742 ad
1162 688 1490 760 interrogata
1520 692 1860 762 respondeo;

271 774 547 830 credimus
576 777 746 832 Deum
784 793 947 837 esse:
978 780 1122 849 quod
1153 780 1273 843 fuit,
1299 780 1326 819 ι)
1357 790 1505 847 erat;
1535 783 1680 853 quod
1708 793 1861 851 erat,

272 866 394 935 erit,
423 885 718 940 numquam
742 871 910 940 aliud,
942 888 1157 944 semper
1184 873 1326 930 idem
1354 892 1365 928 :
1399 877 1561 931 Pater
1584 876 1749 944 Deus,
1776 876 1865 931 Fi-

272 961 377 1017 lius
411 963 550 1019 Deus
571 1008 585 1031 ,
620 964 861 1035 Spiritus
898 977 1119 1022 sanctus
1150 968 1329 1023 Deus:
1363 983 1501 1024 unus
1533 980 1555 1008 ο
1588 970 1733 1025 Deus
1761 1012 1776 1035 ,
1810 979 1865 1025 et

273 1071 412 1111 unus
475 1056 620 1113 filius
690 1058 759 1114 de
814 1059 991 1126 Patre,
1026 1062 1065 1125 ,²
1126 1060 1364 1131 Spiritus
1421 1071 1638 1117 sanctus
1686 1062 1864 1118 Patris

273 1161 326 1208 et
368 1152 514 1207 Filii.
567 1151 739 1210 Unius
787 1154 1073 1211 Trinitatis
1115 1157 1219 1212 ista
1271 1158 1604 1224 substantia,
1656 1167 1709 1212 et
1758 1158 1861 1213 tria

271 1245 371 1301 ista
408 1261 594 1311 .unam
651 1246 907 1304 habentia
970 1249 1330 1306 voluntatem.
1398 1250 1509 1306 Nec
1561 1250 1863 1306 communi-

271 1354 402 1395 cans
450 1339 666 1411 major,
720 1356 821 1399 nec
873 1342 1146 1413 accipiens
1198 1346 1379 1399 minor
1428 1362 1441 1399 :
1492 1358 1593 1400 nec
1642 1354 1725 1400 est
1777 1360 1863 1399 se—

272 1433 479 1490 cundus
551 1450 582 1490 a
630 1436 845 1506 primo,
902 1452 1003 1493 nec
1056 1438 1249 1493 tertius
1305 1438 1373 1494 de
1431 1437 1703 1502 secundo;
1737 1438 1861 1506 quia

271 1528 350 1585 sic
391 1544 490 1585 nos
513 1531 830 1601 prophetica
878 1533 1121 1588 instituta
1151 1534 1454 1591 docuerunt
1481 1534 1501 1564 ³
1529 1534 1763 1590 dicendo
1789 1553 1802 1587 :
1833 1532 1861 1572 ά

275 1622 399 1677 Νοη
421 1625 664 1679 ascendes
687 1641 778 1697 per
799 1628 995 1697 gradus
1012 1630 1082 1682 ad
1113 1630 1281 1683 altare
1308 1646 1477 1684 meum
1520 1629 1721 1701 (Exod.
1746 1647 1816 1685 xx
1844 1673 1857 1694 ,

272 1715 389 1787 26).
425 1718 608 1774 Altare
636 1720 780 1775 enim
800 1720 949 1775 velut
972 1721 1259 1791 quamdam
1290 1721 1473 1776 basem
1506 1722 1654 1777 Fidei
1686 1721 1860 1791 suspi-

1977 498 2219 569 syllabas
2269 512 2466 553 nomen
2515 496 2698 552 altaris
2726 535 2739 562 ,
2766 494 3184 565 inchoatumque
3211 495 3280 551 tle
3308 497 3412 551 line
3436 537 3453 564 ,
3476 514 3558 552 res

1969 593 2079 647 alta
2106 592 2445 663 significatur
2464 599 2520 647 et
2543 598 2721 646 sonat.
2741 576 2822 645 Ad
2854 589 2993 645 hanc
3016 589 3205 646 Fidem
3235 605 3333 660 per
3354 592 3555 661 gradus

1966 688 2263 744 ascendere
2308 702 2417 743 non
2446 686 2727 751 debemus,
2756 701 2825 741 ne
2854 685 3201 756 inaequaliter
3226 686 3513 742 sentiendo
3534 729 3550 755 ,

1967 778 2035 835 de
2066 778 2325 835 inferiore
2356 779 2423 835 ad
2452 781 2793 851 superiorem
2826 778 3113 835 transitum
3147 779 3435 846 faciamus;
3459 780 3558 837 sed

1967 872 2156 942 aequali
2188 871 2359 943 gradu
2388 872 2562 928 nostri
2585 871 2763 929 cordis
2787 872 3012 938 intrare,
3034 881 3095 927 ut
3116 873 3275 928 unius
3301 873 3557 929 substan-

1966 968 2054 1023 tiae
2081 1009 2095 1033 ,
2129 968 2287 1024 unius
2314 968 2601 1038 potestatis
2626 1012 2639 1036 ,
2675 969 2836 1024 unius
2863 969 3078 1024 virtutis
3098 1011 3112 1035 ,
3162 977 3218 1024 et
3257 968 3469 1025 Patrem
3501 978 3559 1025 et

1966 1060 2161 1115 Filium
2198 1071 2253 1117 et
2282 1061 2542 1130 Spiritum
2592 1072 2839 1119 sanctum
2869 1063 3184 1118 sentiamus.
3216 1062 3379 1119 Pater
3410 1063 3555 1119 enim

1966 1156 2263 1227 principale
2295 1172 2493 1213 nomen
2538 1156 2840 1213 divinitatis
2863 1172 2963 1227 per
2990 1171 3072 1225 se,
3102 1158 3244 1228 quod
3274 1157 3516 1213 creditur
3539 1201 3553 1225 ,

1965 1260 2023 1305 et
2048 1250 2192 1320 quod
2236 1249 2434 1306 dicitur
2459 1250 2619 1307 Pater
2646 1251 2787 1307 Deus
2814 1293 2828 1315 ,
2882 1249 3054 1305 Filius
3082 1249 3227 1306 Deus
3253 1265 3321 1306 ex
3349 1250 3512 1307 Patre
3535 1293 3553 1320 ,

1966 1360 2073 1401 non
2104 1362 2172 1401 ex
2202 1361 2285 1412 se,
2309 1358 2331 1384 θ
2362 1346 2458 1402 sed
2486 1346 2684 1403 Patris.
2719 1346 2881 1402 Pater
2910 1346 3075 1413 Deus,
3099 1355 3154 1401 et
3182 1345 3350 1401 Filius
3377 1346 3553 1403 Deus:

1964 1445 2059 1501 sed
2091 1461 2202 1500 non
2259 1444 2402 1501 idem
2445 1444 2639 1513 Pater,
2679 1443 2696 1481 ί
2732 1444 2821 1515 qui
2872 1443 3075 1507 Filius;
3106 1442 3201 1499 sed
3249 1441 3392 1498 idem
3436 1458 3557 1499 esse

1964 1537 2204 1594 creditur
2244 1538 2440 1606 Pater,
2472 1538 2614 1609 quod
2662 1536 2856 1594 Filius.
2911 1537 2978 1592 Et
3006 1536 3238 1607 Spiritus
3294 1547 3554 1605 sanctus,

1968 1648 2073 1687 non
2104 1633 2264 1689 Pater
2292 1632 2586 1703 ingenitus,
2613 1632 2707 1687 sed
2737 1632 2973 1703 Spiritus
2997 1631 3224 1703 ingenitl
3254 1631 3450 1687 Patris.
3476 1630 3558 1687 Fi-

1966 1727 2067 1781 lius
2092 1728 2306 1797 genitus
2327 1771 2341 1796 ,
2374 1743 2481 1782 non
2508 1727 2744 1798 Spiritus
2784 1726 2952 1781 Filius
2977 1770 2991 1794 ,
3021 1736 3045 1774 8
3077 1728 3172 1779 sed
3205 1726 3321 1797 ipse
3344 1726 3515 1782 Filius
3539 1769 3556 1795 ,

273 1826 461 1866 camur
482 1856 497 1879 ,
542 1813 685 1869 unde
741 1814 917 1869 vitalis
969 1815 1074 1870 cibi
1130 1815 1520 1886 participantur
1562 1816 1815 1871 alimenta
1842 1832 1856 1877 ;
1891 1833 1937 1894 Β
1965 1834 2131 1890 super
2158 1836 2319 1890 quem
2348 1835 2379 1875 a
2401 1820 2563 1874 Patre
2590 1821 2788 1875 missus
2818 1828 2903 1873 est
2928 1818 3177 1887 Spiritus.
3199 1818 3405 1889 Itaque,
3432 1834 3554 1875 cum

275 1910 397 1981 quia
427 1911 593 1967 altare
638 1927 705 1968 ex
763 1913 1095 1984 proprietate
1125 1913 1363 1969 nominis
1390 1914 1499 1980 sui,
1534 1914 1745 1969 nonnisi
1776 1928 1859 1968 διι-

348 2088 364 2120 ¹
392 2088 653 2145 Posceret
682 2089 890 2145 illustre
923 2089 1028 2144 hoc
1059 2088 1332 2143 Bachiarii
1368 2089 1767 2149 testimonium,
1804 2095 1863 2142 ut

275 2160 508 2216 Romani
537 2162 805 2231 pontificis
837 2163 889 2216 in
919 2162 1083 2216 rebus
1106 2160 1259 2215 Fidei
1285 2161 1587 2215 statuendis
1628 2160 1864 2214 auctori-

276 2242 438 2289 tatem
468 2250 532 2288 ex
554 2235 904 2303 antiquorum
947 2249 1088 2304 penu
1113 2232 1387 2287 lirtnarem
1415 2250 1428 2295 ;
1464 2234 1507 2287 is
1539 2232 1862 2304 enimiPetri

277 2320 559 2361 successor
612 2321 785 2374 neque
831 2303 967 2370 falli,
1009 2321 1184 2375 neque
1228 2304 1421 2359 fallere
1450 2304 1652 2359 Christi
1690 2303 1860 2373 ipsius

278 2380 590 2433 testimonio
627 2386 824 2447 potest.
856 2377 963 2433 Sed
999 2376 1065 2431 ad
1102 2378 1332 2431 aliorum
1363 2377 1416 2429 in
1450 2376 1587 2429 hanc
1620 2391 1731 2430 rem
1754 2384 1864 2428 tra-

278 2459 449 2504 ctatus
467 2452 765 2505 uberrimos
786 2449 1061 2503 dimittere
1080 2450 1382 2502 consultius
1402 2447 1563 2513 duco,
1586 2464 1653 2501 ne
1676 2449 1863 2502 incon-

214 2546 233 2565 ι
278 2537 411 2592 grue
445 2523 688 2576 libellum
722 2522 969 2592 parergis
1010 2519 1478 2592 oneremnltaqne
1506 2519 1863 2592 consuluntur

278 2590 637 2648 Bellartninus
679 2590 747 2648 de
796 2590 1038 2647 Romano
1084 2590 1378 2654 Pontifice,
1414 2590 1640 2645 Bzovius
1670 2590 1861 2643 eodem

281 2673 507 2720 tractatu
538 2681 659 2737 cap.
688 2667 773 2730 l7,
808 2664 968 2719 Card.
1002 2663 1327 2718 Sfondratus
1364 2663 1416 2716 in
1448 2662 1621 2717 Gallia
1670 2661 1861 2715 Vindi-

283 2748 426 2799 cata,
458 2736 655 2808 aliique
684 2736 976 2791 innumeri.

350 2811 369 2841 ’
394 2805 652 2879 Spiritum
687 2818 932 2864 sanctum
967 2822 996 2861 a
1035 2807 1193 2861 Patre
1240 2806 1509 2879 Filioque
1536 2805 1856 2879 procedere,

279 2892 331 2937 et
360 2876 484 2935 hinc
514 2882 725 2936 discere
748 2894 1053 2950 possumus.
1084 2879 1137 2934 Si
1183 2880 1324 2935 enim
1373 2876 1607 2947 Spiritus
1636 2886 1719 2931 est
1750 2876 1853 2930 Pa-

283 2953 380 3008 tris
408 2968 469 3007 ac
496 2952 642 3019 Filii,
689 2953 919 3022 ideoque
945 2966 975 3004 a
1002 2951 1162 3005 Patre
1202 2951 1469 3021 procedit,
1504 2951 1627 3022 quia
1682 2950 1859 3022 Patris

283 3036 365 3080 est
392 3026 659 3094 Spiritus;
702 3021 887 3094 utique
911 3038 1031 3077 cum
1058 3024 1127 3077 sit
1154 3032 1207 3077 et
1234 3022 1350 3076 Filii
1379 3021 1634 3090 Spiritus,
1663 3021 1730 3073 ab
1758 3024 1861 3075 isto

290 3114 500 3168 quoque
527 3098 825 3167 procedere
865 3105 949 3149 est
991 3094 1272 3168 dicendus.
1300 3095 1531 3168 Tantum
1568 3102 1861 3168 autemAro-

284 3163 429 3223 boris
447 3163 562 3222 haec
581 3169 718 3223 ratio
745 3169 924 3231 habet,
960 3177 1020 3221 ut
1040 3166 1095 3222 S.
1129 3167 1460 3235 Augustinus
1515 3174 1671 3217 tract.
1714 3163 1782 3219 99
1807 3164 1858 3217 in

284 3241 437 3295 Joan.
465 3243 535 3295 ita
557 3241 766 3295 locutus
790 3238 977 3294 fuerit:
1002 3238 1104 3293 Cur
1125 3255 1223 3291 non
1247 3240 1514 3291 credamus
1537 3236 1675 3306 quod
1707 3236 1861 3289 etiam

284 3312 347 3365 de
372 3310 512 3365 Filio
535 3313 775 3382 procedat
809 3313 1033 3382 Spiritus
1063 3320 1270 3363 sanctus
1295 3352 1309 3373 ,
1348 3326 1463 3363 cum
1495 3306 1625 3361 Filii
1663 3323 1861 3382 quoque

286 3386 392 3454 ipse
433 3386 495 3438 sit
536 3379 809 3454 Spiritus?
852 3379 1003 3438 'ldem
1042 3384 1236 3454 repetit
1274 3382 1368 3436 lib.
1408 3395 1633 3454 xv‘cap.‘
1675 3380 1739 3454 l7
1790 3379 1858 3454 de

334 3456 480 3508 rinit.
515 3450 776 3522 Spiritum
808 3454 991 3509 itidem
1023 3452 1143 3507 Filii
1175 3469 1294 3507 esse
1333 3468 1433 3507 nos
1477 3450 1659 3505 docuit
1690 3450 1860 3521 Cyril—

285 3525 373 3580 lus
398 3525 793 3581 Alexandrinus
835 3529 887 3580 in
936 3526 1107 3593 Epist.
1158 3525 1223 3579 ad
1253 3525 1386 3589 Reg.
1435 3523 1604 3577 relata
1635 3534 1765 3575 tom.
1809 3539 1855 3589 ι,

284 3613 404 3667 cap.
438 3598 489 3663 6,
519 3598 745 3653 Concilii
775 3598 1033 3668 Ephesini
1074 3615 1084 3651 :
1131 3598 1213 3651 cui
1240 3596 1380 3651 adde
1413 3594 1772 3668 Epiphaniam
1806 3594 1863 3648 itt

284 3666 613 3739 Anchorato,
668 3682 721 3727 et
770 3666 888 3740 quae
945 3684 1045 3739 ego
1095 3666 1450 3722 animadverti
1518 3668 1583 3721 ad
1631 3666 1753 3720 Nat.
1809 3681 1861 3719 χι

286 3742 344 3797 S.
380 3742 585 3798 Paulini
616 3753 747 3796 tom.
786 3759 801 3797 ι
829 3742 1037 3797 Anecd.

358 3815 378 3844 ³
408 3815 661 3870 Divinare
689 3813 819 3868 mihi
845 3830 951 3867 non
978 3812 1187 3877 videar,
1220 3812 1265 3867 si
1294 3810 1567 3881 proposita
1597 3809 1864 3865 Bacltiarii

286 3887 449 3942 verba
478 3888 542 3941 ad
571 3887 839 3942 celebrem
873 3886 1200 3955 disciplinam
1224 3886 1399 3955 arcani
1428 3882 1711 3938 referenda
1742 3896 1863 3935 esse

285 3959 649 4028 pronuntiem.
680 3959 889 4013 Etenim
924 3954 1013 4009 hic
1046 3954 1342 4010 secundum
1375 3956 1716 4025 antiquorum
1751 3968 1867 4006 mo-

285 4045 399 4086 rem
454 4031 760 4086 mirandum
813 4028 1169 4083 Eucharistia:
1222 4038 1619 4082 sacramentum
1670 4040 1868 4094 propo-

288 4101 454 4169 nitur,
481 4103 577 4159 sed
604 4104 705 4158 sub
750 4102 1036 4156 verborum
1071 4100 1348 4154 involucro
1377 4108 1430 4153 et
1463 4099 1625 4153 nube.
1661 4096 1865 4166 Ecquid

286 4186 417 4229 sane
438 4184 522 4230 est
542 4174 737 4241 Altare,
754 4174 889 4227 unde
906 4172 1072 4225 vitalis
1085 4172 1179 4225 cibi
1202 4172 1574 4242 participantur
1597 4171 1862 4235 alimenta,

290 4244 391 4301 nisi
436 4256 844 4303 sacrosanctum
876 4243 1133 4298 dominici
1184 4248 1435 4311 corporis
1479 4244 1867 4312 sanguinisque

287 4322 720 4374 sacramentum?
751 4317 954 4388 Nempe
985 4330 1321 4370 consuevere
1359 4312 1584 4388 Veteres
1616 4313 1869 4388 dogmata

287 4391 531 4459 quaedam
567 4393 805 4460 ritusque
826 4381 1225 4445 ecclesiaSticos
1248 4385 1550 4460 occultare,
1583 4400 1651 4439 ne
1679 4381 1870 4460 inlide-

290 4456 425 4517 l’ium
444 4462 680 4518 ludibrio
711 4456 861 4516 sacra
885 4468 1311 4527 exponerentur,
1334 4456 1534 4512 Christi
1556 4456 1868 4510 mandatum

289 4535 494 4590 secuti:
524 4533 645 4589 Non
673 4552 777 4588 esse
804 4534 1032 4587 dandum
1057 4542 1288 4585 sanctum
1329 4530 1536 4583 canibus
1556 4570 1570 4593 ,
1604 4544 1694 4581 nec
1732 4543 1871 4580 mar-

290 4609 479 4678 garitas
509 4607 854 4679 projiciendas
886 4621 991 4659 esse
1013 4612 1130 4657 ante
1158 4618 1358 4679 porcos.
1394 4602 1541 4679 Quin_
1564 4600 1696 4669 ipsis
1727 4609 1873 4679 cate-

290 4671 985 4735 i‘humetiis'ecclesiastica
1026 4671 1271 4745 quaedam
1318 4672 1575 4745 mysteria
1631 4671 1873 4745 occulta-

290 4751 508 4817 bantur,
538 4752 761 4821 ejusque
793 4750 869 4804 rei
900 4740 1077 4821 lidetn‘
1102 4747 1233 4821 facit
1271 4747 1326 4800 S.
1362 4740 1500 4814 Aug.
1537 4742 1788 4821 tract.
1818 4740 1871 4795 in

1968 1914 2239 1985 ingenitus
2268 1914 2431 1969 Pater
2457 1913 2549 1981 sit,
2576 1912 2730 1983 cujus
2759 1920 2845 1968 est
2872 1910 3129 1981 Spiritus,
3153 1911 3174 1941 ⁵
3196 1912 3410 1968 incaute
3436 1911 3558 1983 Spi-

1969 2096 2155 2161 utpote
2178 2088 2320 2157 quod
2346 2088 2687 2143 ethnicorum
2714 2088 3037 2161 rudiumque
3060 2090 3113 2145 in
3146 2089 3251 2146 fide
3276 2091 3553 2152 hominum

1967 2160 2382 2236 intelligentiam
2414 2172 2658 2236 superet.
2690 2161 2933 2236 Possem
2954 2160 3080 2236 hoc
3109 2167 3381 2219 sexcentis
3427 2184 3554 2236 pro-

1965 2231 2095 2287 bare
2124 2232 2412 2300 exemplis,
2446 2233 2548 2286 nisi
2573 2232 2799 2287 eruditis
2831 2243 3029 2301 prmsto
3057 2233 3237 2289 forent
3265 2252 3313 2291 c.
3346 2252 3397 2291 v.
3428 2231 3557 2293 Em-

1964 2304 2231 2360 manuelis
2276 2319 2305 2356 a
2337 2303 2676 2358 Schelstratc
2719 2303 2995 2359 Vaticana:
3044 2306 3169 2359 olim
3204 2307 3552 2365 bibliotheca:

1965 2376 2206 2452 praefecti
2238 2376 2381 2452 edita
2416 2374 2471 2429 in
2516 2377 2656 2452 hanc
2682 2390 2798 2430 rem
2817 2377 3118 2452 volumina,
3152 2378 3242 2432 ubi
3272 2379 3553 2452 disciplina

1964 2450 2140 2519 arcani
2171 2448 2387 2517 egregie
2429 2448 3140 2519 proponiturﬂvalidiusque
3180 2448 3553 2509 confirmatur.

1964 2518 2114 2572 Illius
2167 2520 2383 2589 quidem
2435 2518 2685 2575 laborem
2730 2517 3064 2574 Wilhelmus
3112 2521 3424 2581 Tentzelius
3473 2529 3559 2581 vir

1964 2590 2209 2644 eruditus
2231 2589 2549 2667 deprimere
2569 2589 2731 2644 editis
2762 2589 2915 2667 libris
2934 2600 3167 2667 conatus
3195 2603 3299 2667 est,
3327 2606 3381 2650 at
3408 2599 3554 2667 quali

1964 2677 2223 2738 successu
2264 2661 2377 2738 jam
2407 2661 2580 2715 doctis
2606 2672 2690 2714 eSt
2730 2662 3190 2738 animadversum.
3225 2663 3366 2720 Satis
3398 2661 3559 2738 igitur

1965 2734 2249 2787 Bachiario
2279 2731 2381 2786 fuit
2412 2740 2621 2786 tantum
2662 2743 3060 2789 sacramentum
3099 2737 3379 2793 dumtaxat
3408 2731 3557 2798 desi-

1964 2820 2166 2881 gnare,
2203 2803 2449 2874 illudque
2465 2819 2653 2881 _r_e_rum
2672 2802 2995 2881 _s_ub_l_imium
3025 2807 3184 2881 altam
3214 2812 3557 2881 cognitionem

1964 2877 2262 2947 appellare,
2298 2891 2366 2930 ne
2392 2875 2639 2945 publicus
2672 2876 2888 2930 libellus
2916 2878 2966 2931 in
2998 2875 3340 2936 ethnicorum
3364 2898 3557 2941 manus

1966 2946 2197 3002 fortasse
2254 2948 2509 3022 delapsus
2563 2949 2826 3022 mysterio
2887 2950 3189 3022 venerabili
3254 2956 3554 3022 periculum

1965 3019 2549 3097 pareret._Prppt_er_ea
2598 3018 2826 3097 inferius
2878 3020 2961 3097 de_
2990 3022 3186 3097 anima:
3228 3018 3436 3097 origine
3479 3030 3559 3084 lo-

1964 3106 2155 3161 quens,
2188 3090 2377 3145 altaris
2414 3091 2611 3159 injecta
2640 3092 2915 3145 mentione
2947 3090 3063 3148 haec
3093 3093 3166 3149 ait
3202 3112 3215 3149 :
3248 3090 3396 3151 Ba'sis
3424 3101 3561 3155 alta-

1962 3165 2035 3240 ris
2056 3164 2191 3216 velut
2216 3164 2451 3240 quaedam
2479 3161 2633 3240 rudia:
2661 3163 3033 3240 profunditatis
3051 3175 3162 3240 est,
3194 3170 3345 3240 cujus
3366 3183 3559 3228 secreto

1964 3235 2116 3288 etiam
2167 3236 2422 3288 rationem
2470 3235 2658 3287 anima:
2694 3234 3002 3304 junguntur.
3051 3236 3210 3292 Vides
3249 3234 3322 3294 cx
3370 3255 3557 3301 nostro

1964 3317 2185 3362 auctore
2231 3318 2341 3360 tum
2375 3305 2570 3359 anima:
2611 3305 2909 3375 originem,
2946 3316 3057 3361 tum
3104 3316 3430 3369 sacramenti
3460 3332 3558 3372 vc-

1965 3379 2188 3455 neraudi
2213 3379 2612 3455 institutionem
2632 3379 2698 3430 ad
2727 3378 2904 3432 arcani
2931 3379 3261 3455 disciplinam
3284 3397 3556 3455 spectare,

1965 3448 2071 3523 Sed
2099 3449 2679 3523 hmcgsatissuperque
2706 3460 2759 3502 et
2790 3466 2855 3503 ex
2890 3465 3037 3505 mera
3066 3448 3389 3523 conjectura

2034 3520 2057 3551 ³⁸
2097 3521 2337 3574 Tertiam
2386 3520 2671 3574 Trinitatis
2718 3536 3008 3589 personam
3058 3520 3275 3581 incaute
3326 3530 3432 3585 dici
3478 3532 3557 3587 in-

1964 3593 2189 3666 genitam
2240 3591 2565 3666 Dachiarius
2597 3591 2854 3666 affirmat,
2910 3594 3137 3665 ejusque
3171 3601 3309 3654 ratio
3340 3603 3559 3659 validis-

1964 3662 2101 3719 sima
2145 3662 2395 3733 profecto
2436 3662 2569 3716 mihi
2615 3663 2860 3730 videtur;
2903 3662 3214 3721 evitandum
3249 3674 3392 3727 enim
3434 3684 3519 3731 est

1964 3719 2277 3815 inn‘quit'ille‘,
2316 3751 2379 3787 ne
2404 3734 2776 3815 duo'ingeuiti,
2807 3719 2907 3815 aut
2930 3738 3030 3791 duo

1967 3808 2099 3861 libus
2145 3810 2483 3861 restituentur.
2520 3804 2576 3858 lu
2596 3804 2857 3876 symbolo
2888 3818 3067 3863 tamen
3119 3812 3262 3876 quod
3294 3816 3352 3869 S.
3387 3804 3557 3872 A'tha-

1966 3878 2457 3959 nasio‘ascr-ibitur,
2485 3886 2648 3959 atque
2682 3876 3013 3959 abEcelesia
3042 3876 3307 3939 catholica
3337 3888 3561 3959 adopta-

1966 3961 2078 4005 tum
2113 3949 2232 4016 fuit,
2262 3952 2375 4003 haec
2422 3950 2491 4002 ita
2526 3950 2781 4019 leguntur
2803 3966 2821 4002 :
2849 3950 3085 4017 Spiritus
3112 3968 3316 4010 sanctus
3344 3977 3375 4011 a
3401 3949 3558 4017 Patre

1967 4032 2013 4076 et
2050 4021 2343 4103 ilioLiton
2366 4023 2553 4101 factus,
2582 4038 2671 4073 nec
2704 4030 2926 4103 creatus,
2953 4040 3045 4077 nec
3064 4027 3287 4097 genitus,
3317 4032 3407 4083 sed
3439 4050 3560 4103 pro-

1967 4095 2167 4173 cedens.
2198 4094 2377 4149 Sinon
2402 4092 2605 4173 genitus
2625 4091 2986 4173 est_Spiritus_,
3036 4091 3164 4173 ergo
3195 4091 3466 4173 ingenitus,
3494 4124 3559 4164 ac

1968 4166 2170 4220 idcirco
2199 4173 2305 4219 stat
2344 4174 2532 4217 contra
2568 4164 2912 4219 Bachiarium
2946 4164 3210 4223 Ecclesia.
3242 4164 3306 4227 Et
3337 4192 3395 4228 re
3435 4164 3558 4235 vera

1972 4253 2135 4291 unum
2184 4237 2418 4289 Verbum
2470 4236 2650 4308 vocari
2683 4249 2844 4304 posse
2888 4240 3116 4308 genitum
3150 4251 3260 4298 tum
3292 4263 3319 4298 τι
3352 4246 3560 4308 Joanne

1970 4311 2025 4392 in
2060 4308 2351 4378 Evangelio
2392 4322 2511 4392 cap.
2546 4307 2746 4392 primo,
2778 4308 2867 4392 ubi
2897 4307 3219 4392 unigenitum
3250 4316 3331 4392 bis
3376 4307 3561 4392 appel;

1972 4381 2067 4462 lat,
2104 4392 2214 4462 tuin
2242 4395 2269 4431 a
2303 4379 2551 4462 symbolo
2571 4379 2971 4462 Apostolorum
2997 4379 3059 4462 et
3086 4399 3115 4462 _a
3147 4379 3425 4462 plerisque
3449 4379 3560 4450 Ῥει-

1974 4455 2149 4507 tribus
2180 4451 2681 4535 docemurnglgitur
2701 4451 2964 4535 .Spiritns
2994 4454 3100 4535 dici
3147 4451 3561 4535 nequit-genitus

1973 4536 2028 4581 et
2069 4535 2263 4596 contra
2308 4524 2583 4596 ingenitus
2609 4523 2715 4577 dici
2756 4526 2981 4593 poterit.
3034 4523 3405 4589 Verum'recfe
3435 4552 3560 4593 sen-

1974 4598 2113 4651 sisse
2143 4594 2513 4668 Bachiarium,
2533 4594 2588 4647 ni
2617 4610 2735 4649 mea
2768 4611 2853 4650 me
2874 4596 3023 4668 fallit
3048 4599 3257 4668 Opinio,
3282 4607 3563 4665 evidenter

1975 4669 2285 4748 ostendam.
2319 4666 2775 4748 ltaquehprimum.
2799 4666 3293 4729 animadvertamus
3326 4691 3561 4748 oportet,

1978 4741 2219 4823 ingenitis
2262 4752 2473 4823 vocem
2502 4736 2809 4823 itamPatris
2852 4752 2995 4823 esse,
3036 4750 3105 4823 ,ιιι
3145 4736 3417 4817 tamquam
3446 4736 3565 4823 ejus;

291 4806 590 4878 Joannem?
626 4806 1034 4894 catechumenis,
1068 4818 1263 4887 inquit,
1294 4806 1877 4894 sacramenta-ﬁdelium
1902 4806 1957 4868 D
1978 4806 2285 4894 proprietas
2356 4807 2708 4894 personalisn
2742 4810 2884 4891 apud
2944 4810 3239 4893 scriptores
3261 4806 3565 4894 _'_autiqt'tos

293 4912 393 4967 non
417 4894 725 4967 produntur.
746 4891 1091 4967 Prmcipuunt
1120 4903 1251 4942 vero
1278 4903 1343 4942 ex
1370 4887 1724 4967 iisncapitibus
1752 4901 1871 4967 quae

294 4958 685 5033 reticebantur,
738 4964 841 5019 fuit
894 4958 1236 5018 incruentum
1284 4958 1608 5013 sacrificium
1653 4958 1868 5022 altaris,

368 5110 392 5177 ξι
434 5101 581 5177 μὴ,
606 5099 769 5177 Mei,
800 5096 1033 5167 artiﬁcii.
1179 5169 1189 5177 ι
1327 5165 1336 5175 ⁸
1498 5166 1508 5177 ,

367 5173 394 5211 b
435 5174 533 5229 Vix
556 5173 688 5228 mihi
719 5162 1023 5241 temperare
1046 5169 1213 5241 potui,
1250 5162 1876 5241 quin_scriber_em,quod

296 5248 517 5321 fuit,est
543 5260 561 5311 ;
589 5245 726 5321 quod
748 5236 984 5321 ςειξιετίιἷ
1010 5236 1231 5321 Amicus
1252 5237 1475 5321 doctiss.
1512 5236 1644 5290 nihil
1674 5244 1875 5321 mutat,

296 5307 701 5381 sed'locu'm'ita
731 5314 1030 5385 diStinguit.
1065 5309 1336 5365 Credimus
1364 5308 1702 5385 Deunt_csse;
1741 5307 1878 5377 quod

298 5397 439 5466 fuit:
470 5401 619 5461 erat,
659 5388 793 5461 quod
839 5380 984 5441 erat:
1013 5385 1109 5439 erit
1154 5398 1433 5453 numquam
1481 5380 1655 5448 aliud,
1681 5395 1880 5449 semper

300 5470 455 5522 idem.

376 5550 396 5577 ο
438 5536 748 5606 Legendum
795 5532 1083 5606 suspicor,
1121 5544 1260 5606 unus
1307 5525 1489 5581 Parca
1540 5524 1719 5579 Deus:
1750 5523 1879 5589 vel,

302 5627 437 5666 unus
462 5598 639 5675 Pater,
664 5619 710 5662 et
736 5624 869 5661 unus
892 5598 1068 5658 Filius
1097 5602 1160 5654 de
1185 5598 1361 5675 Patre.

376 5680 401 5717 ἀ
442 5670 645 5752 Prioris
691 5679 942 5735 editionis
992 5672 1487 5752 interpunctionem
1543 5670 1880 5752 corrigimus.

307 5751 534 5813 Rcfcllit
563 5759 749 5806 auctor
774 5760 991 5807 veteres
1020 5740 1306 5819 quosdam,
1324 5760 1385 5799 ac
1406 5740 1709 5819 praesertim
1732 5740 1887 5819 Aria-

304 5812 429 5898 nos,
460 5824 549 5896 qui
574 5824 766 5894 gradus
794 5823 848 5877 in
881 5812 1143 5878 Triniiate
1161 5812 1457 5877 commeo—ti
1483 5824 1743 5885 sunt,ceu
1765 5812 1887 5885 Spl-

1978 4878 2289 4956 baberetur.
2355 4878 2619 4956 [Eusebius
2669 4879 3019 4956 Qzesarienms
3054 4878 3202 4956 _cap.
3252 4890 3320 4945 19
3378 4878 3567 4953 115.Ὶή

1979 4954 2169 5009 Actor.
2228 4950 2445 5006 concilii
2502 4949 2705 5005 Nicaeni
2761 4966 2789 5005 a
2854 4951 3072 5012 Gelasio
3126 4949 3571 5031 Cyzicenoﬂcol;

1983 5088 2389 5176 ritususa’nctns
2433 5093 2598 5176 essent
2612 5084 3056 5176 inferior'Filio,
3093 5094 3182 5149 hic
3207 5097 3387 5176 Patre,
3411 5121 3569 5176 quem

1986 5161 2166 5239 solum
2191 5157 2394 5239 idcirco
2433 5156 2808 5239 vocabantrfiv
2837 5161 2968 5239 ὑπέρ

2062 5242 2084 5267 ε
2128 5230 2301 5286 Verba
2328 5228 2469 5297 hac,
2500 5230 2590 5281 sed
2614 5228 2812 5295 Patris,
2835 5217 3159 5292 abu‘ndant."
3190 5217 3328 5229 ﬂ".
3373 5217 3390 5247 ³

2064 5298 2809 5392 11"._'iasl°..9£=t999ttnt
2836 5303 3341 5392 Gemma-Hispano
3368 5359 3382 5383 .
3408 5336 3569 5392 quem

1988 5372 2385 5452 edidi-{Ioseph
2418 5372 2752 5452 Blanchinus
2776 5389 2829 5452 v_.
2856 5377 2933 5452 cl.
2960 5384 3121 5452 tacite
3152 5372 3571 5452 notantu'rjant'i:

1989 5446 2080 5519 qui
2123 5446 2339 5523 illarum
2363 5446 2659 5523 Iegionum
2708 5445 2937 5523 Unitarii
2979 5451 3064 5506 his
3104 5457 3321 5513 verbis:
3359 5445 3526 5523 Filius

1988 5512 2088 5574 non
2118 5519 2229 5603 ipse
2253 5517 2339 5586 qui
2353 5512 2512 5603 Pater
2531 5525 2624 5585 est,
2645 5518 2926 5603 creditur-,1
2940 5524 3062 5603 dum
3091 5538 3259 5583 tamen
3286 5512 3567 5603 ips—utesse:

1989 5586 2316 5663 ηαοάξΡαιςτ
2338 5598 2439 5663 est.
2474 5588 2727 5663 fateatur,
2752 5606 2875 5663 pag.
2902 5594 2989 5648 ts.
3307 5586 3319 5603 '

2024 5660 2470 5788 itfﬂViiqxugiubito,
2504 5663 2633 5733 quin
2663 5660 2975 5722 Bachiarius
3004 5668 3317 5746 scripserit,
3349 5681 3439 5736 sed
3466 5684 3575 5755 spi-

1990 5746 2121 5792 ηιιη
2147 5746 2295 5789 l'tltt.
