4074 6204
294 255 430 319 ιοίο

1604 258 1984 319 ιιιιοιτιιεδιο
2021 260 2225 319 FIDEl.

3435 234 3571 315 toao

292 371 471 442 ginem
511 386 727 444 quoque
762 373 832 429 de
875 387 980 444 qua
1023 380 1215 428 natum
1259 373 1496 440 scimus,
1529 383 1584 428 et
1611 376 1879 446 virginem
1905 377 2108 449 Aquia
2143 377 2300 432 nobis
2341 389 2520 440 nunc,
2561 391 2670 430 non
2712 377 3147 446 repercutiendi,
3177 349 3188 370 ’
3215 375 3308 431 sed
3367 375 3571 429 vitandi

291 477 421 523 ante
467 476 712 537 partum,
765 476 819 523 et
855 468 1119 538 virginem
1166 476 1291 537 post
1343 475 1590 537 partum,
1646 485 1714 525 ne
1748 485 1883 526 con-

292 572 470 614 sortes
497 560 762 616 Elvidiani
790 562 1001 615 erroris
1031 561 1346 626 habeantur.
1381 562 1396 591 ί
1427 560 1661 616 Carnem
1694 572 1721 600 τι
1750 579 1886 630 quo-

294 671 402 724 que
446 663 649 710 nostra:
701 656 1121 712 resurrectionis
1169 654 1396 710 fatemur
1426 656 1692 724 integram
1721 666 1884 726 atque

295 752 628 819 perfectam,
664 749 854 820 hujus,
889 753 941 804 in
977 766 1080 820 qua
1122 751 1352 804 vivimus
1389 750 1440 803 in
1483 749 1740 818 praesenti
1782 765 1886 804 sa:-

291 846 452 908 culo,
506 855 602 900 aut
657 846 814 900 bonis
863 845 1072 900 artibus
1113 845 1528 915 gubernantur,
1579 854 1672 898 aut
1727 844 1884 900 malis

291 940 551 1010 Operibus
604 939 990 1008 subjacemus,
1046 948 1104 992 ut
1152 938 1428 1008 possimus
1482 940 1535 991 in
1582 939 1740 1007 ipsa,
1791 949 1884 992 aut

295 1049 393 1101 pro
426 1033 584 1088 malis
607 1049 892 1104 prunarum
927 1044 1200 1088 tormenta
1228 1033 1526 1098 sustinere,
1549 1043 1641 1086 aut
1665 1047 1762 1100 pro
1789 1031 1886 1086 bo-

294 1127 378 1180 nis
414 1127 684 1182 bonorum
727 1127 950 1197 praemia
989 1127 1303 1194 acquirere:
1331 1141 1534 1194 eque,
1577 1134 1638 1180 ut
1664 1124 1886 1193 quidam

293 1219 704 1285 absurdissime,
722 1219 881 1273 aliam
914 1234 1012 1288 pro
1041 1217 1144 1274 hac
1173 1229 1604 1273 resurrecturam
1629 1215 1881 1281 dicimus,

295 1313 394 1368 sed
423 1313 563 1368 hanc
596 1314 808 1382 ipsam,
844 1313 996 1367 nullo
1030 1313 1254 1368 omnino
1283 1313 1332 1366 ei
1365 1311 1450 1366 vel
1485 1311 1729 1366 membro
1771 1325 1885 1363 am-

296 1415 485 1476 putato
513 1449 528 1473 ,
562 1407 650 1461 vel
683 1408 861 1476 aliqua
892 1407 1139 1476 corporis
1165 1413 1321 1476 parte
1343 1403 1370 1442 b
1399 1405 1633 1459 desecta.
1682 1403 1780 1457 llic
1802 1411 1886 1457 est

296 1512 500 1555 nostra:
547 1499 702 1556 Fidei
746 1502 1068 1568 thesaurus,
1100 1514 1268 1568 quem
1301 1500 1573 1568 signatum
1621 1495 1880 1553 ecclesia-

294 1592 433 1648 SIico
465 1592 726 1663 Symbolo
762 1592 907 1662 quod
936 1593 986 1646 in
1025 1591 1293 1658 baptismo
1325 1589 1664 1660 accepimus,
1695 1599 1881 1644 custo-

292 1684 494 1740 dinms.
524 1685 615 1742 Sic
652 1700 836 1740 coram
886 1685 998 1740 Deo
1022 1685 1190 1739 corde
1233 1684 1548 1740 credimus:
1583 1684 1663 1739 sic
1698 1699 1880 1739 coram

1990 482 2195 528 tantum
2230 472 2403 527 hostis
2433 487 2564 526 cura
2587 481 2837 541 suscepta
2869 479 2972 526 est.

2057 566 2112 619 4.
2153 566 2268 621 Jam
2293 581 2445 631 vero,
2470 565 2516 620 si
2542 566 2708 620 etiam
2733 565 2861 619 illud
2892 580 2920 618 a
2945 565 3100 620 nobis
3126 566 3412 636 quaeritur,
3442 580 3572 636 qua-

1988 660 2111 715 liter
2139 660 2208 714 de
2258 659 2438 715 anima
2494 661 2814 726 sentiamus,
2851 659 3046 716 factam
3096 661 3369 717 credimus
3415 675 3576 725 esse,

1987 755 2128 808 sicut
2151 754 2377 824 legimus
2405 756 2458 809 in
2488 755 2761 809 Hieremia
2783 755 3046 824 propheta
3079 771 3176 822 per
3205 770 3388 826 regem
3411 753 3581 810 Sede—

1987 847 2130 901 ciam
2168 845 2441 902 dicentem
2477 865 2490 899 :
2533 847 2666 901 Vivit
2697 845 2975 912 Dominus,
3007 849 3094 918 qui
3116 849 3236 919 fecit
3279 848 3424 902 nobis
3463 849 3580 900 ani-

1989 955 2125 992 mam
2155 940 2304 994 istam
2335 939 2559 1012 (Jerem.
2593 957 2823 1008 xxxvm,
2847 941 2958 1009 l6).
2991 943 3011 972 ³
3041 941 3098 996 Si
3150 949 3334 995 autem
3384 942 3580 1010 quaeri-

1990 1041 2096 1098 tur,
2131 1033 2277 1088 unde
2306 1036 2377 1087 sit
2406 1033 2564 1101 facta,
2596 1035 2812 1090 nescire
2844 1049 2931 1090 me
2957 1035 3150 1100 fateor,
3189 1035 3318 1106 quia
3359 1050 3457 1090 nec
3485 1050 3575 1089 us—

1988 1140 2150 1192 quam
2185 1125 2382 1196 legisse
2433 1141 2704 1196 cognosco
2737 1144 2749 1179 :
2785 1137 2840 1182 et
2877 1127 3001 1181 ideo
3041 1142 3139 1182 nec
3184 1129 3252 1183 de
3306 1128 3578 1198 imperitia

1989 1217 2276 1283 erubesco,
2305 1221 2430 1288 quia
2459 1219 2696 1275 lectione
2743 1235 2850 1273 non
2882 1221 3122 1286 doceor,
3167 1235 3340 1290 neque
3369 1221 3581 1290 pericu-

1989 1309 2104 1364 lum
2153 1310 2407 1376 iormido,
2438 1311 2562 1382 quia
2596 1327 2717 1381 quae
2741 1327 2848 1367 non
2879 1312 3019 1382 lego,
3052 1328 3161 1367 non
3192 1328 3485 1388 prasunto,
3511 1328 3579 1369 ne

1990 1413 2361 1474 transgressor
2395 1405 2838 1474 propheticorum
2883 1404 3128 1459 inveniar
3157 1417 3578 1477 praeceptorum,

1988 1493 2080 1564 qui
2117 1495 2336 1551 mandat
2375 1498 2697 1566 sanguinem
2755 1513 2860 1552 non
2911 1499 3245 1565 manducari,
3295 1500 3578 1569 adjiciens,

1991 1587 2188 1660 (Leuit.
2224 1605 2374 1653 xvut,
2407 1588 2530 1659 14),
2563 1591 2687 1660 quia
2709 1586 2735 1626 δ
2767 1595 2930 1644 anatis
2961 1592 3134 1644 carnis
3159 1591 3376 1663 sanguis
3406 1592 3580 1645 anima

1988 1693 2083 1736 est.
2117 1683 2256 1750 Quid
2282 1685 2429 1739 enim
2477 1695 2560 1739 est
2610 1686 2926 1755 sanguinem
2971 1685 3320 1753 manducare,
3365 1687 3469 1740 nisi
3513 1688 3582 1741 de

291 1777 606 1836 hominibus
645 1778 803 1834 labiis
844 1778 1202 1841 conﬁtemur;
1247 1789 1304 1831 ut
1345 1789 1405 1833 et
1444 1778 1758 1832 hominibus
1792 1793 1884 1831 co-
1913 1781 1965 1841 Β
1989 1776 2168 1830 anima
2190 1774 2502 1844 diSputare?
2526 1775 2596 1830 Et
2618 1777 2741 1832 ideo
2767 1794 2987 1833 carnem
3009 1793 3132 1848 quae
3153 1778 3384 1833 nobisin
3408 1777 3576 1833 Adam

289 1874 462 1943 gnitio
487 1889 584 1927 sua
616 1871 778 1926 ﬁdem
809 1873 990 1935 iaciat,
1023 1882 1082 1928 et
1108 1871 1220 1924 Deo
1267 1873 1447 1939 imago
1496 1889 1596 1925 sua
1638 1871 1884 1925 testimo-

297 1968 444 2020 nium
479 1965 692 2020 reddat.
725 1965 822 2018 llic
849 1971 934 2018 est
962 1975 982 2001 ο
1018 1964 1244 2018 baculus
1271 1962 1607 2017 defensionis
1647 1974 1881 2028 nostrae,

301 2077 408 2130 quo
435 2059 888 2114 murmurantium
930 2058 1194 2112 adversus
1229 2073 1327 2112 nos
1353 2074 1444 2110 ora
1485 2056 1762 2123 feriamus,
1792 2058 1885 2126 qui

297 2167 396 2207 nos
437 2168 530 2218 per
574 2153 716 2205 viam
760 2151 920 2220 hujus
949 2152 1134 2205 saeculi
1171 2160 1550 2215 transeuntes,
1573 2151 1704 2221 jugo
1745 2167 1876 2208 con-

292 2244 598 2300 suetudinis
625 2287 640 2312 ,
678 2258 785 2300 non
814 2243 995 2299 studio
1019 2244 1248 2297 rationis
1281 2245 1574 2299 oblatrant.
1611 2245 1726 2300 Hoc
1753 2262 1878 2301 scu-

291 2346 402 2393 tum
444 2339 567 2394 ﬁdei
609 2348 838 2405 nosti-:12,
872 2353 982 2407 quo
1020 2339 1449 2394 obtrectantium
1493 2341 1780 2396 verborum
1827 2351 1888 2396 et

293 2444 558 2489 venenata
616 2435 984 2503 suspicionum
1035 2434 1238 2502 spicula
1271 2434 1584 2502 repellimus
1633 2451 1696 2490 ac
1744 2436 1884 2490 vita-

297 2543 457 2590 mus,
500 2543 568 2582 ne
606 2528 822 2598 aliquod
863 2528 918 2582 in
952 2527 1111 2582 nobis
1151 2539 1340 2594 patens
1379 2529 1685 2583 membrum
1732 2531 1884 2586 etde

291 2621 642 2689 proiectione
675 2621 798 2676 ﬁde.
841 2620 1040 2675 nudum
1061 2661 1075 2682 ,
1110 2635 1292 2676 sermo
1339 2621 1548 2675 inimici
1579 2622 1672 2692 qui
1701 2623 1769 2678 ad
1803 2623 1882 2676 fe—

291 2712 894 2778 riendumdestinatur,
927 2713 1184 2768 inveniat.
1218 2713 1324 2769 Sed
1352 2713 1614 2769 sileamus
1644 2715 1710 2770 de
1753 2714 1844 2769 bis
1869 2755 1885 2782 ,

289 2897 352 2950 Β.
377 2895 560 2950 Maria:
588 2896 888 2950 illustribus
911 2896 1242 2967 argumentis
1273 2906 1472 2951 tuetur.
1493 2898 1549 2951 ln
1583 2896 1723 2952 hanc
1754 2913 1904 2952 eam-

296 2968 416 3023 dem
468 2984 687 3022 arenam
719 2968 999 3022 descendit
1025 2968 1360 3037 Epiphanius
1383 2969 1630 3024 haeresim
1658 2969 1907 3023 Antidico

291 3040 692 3094 Marianitarum
725 3054 1055 3103 recensens;
1089 3040 1218 3109 quin
1268 3041 1534 3105 prolixam
1578 3041 1634 3094 in
1680 3041 1900 3096 eosdem

295 3111 582 3168 haereticos
629 3111 915 3181 epistolam
973 3112 1214 3181 scripsit,
1259 3127 1422 3181 quam
1477 3112 1678 3168 ibidem
1719 3114 1901 3182 legere

298 3195 400 3239 est.

368 3257 384 3286 ¹
418 3254 541 3309 llaec
564 3254 779 3325 quidem
807 3254 969 3310 verba
1002 3257 1054 3308 in
1079 3256 1365 3326 Origenem
1409 3256 1613 3324 prolata
1659 3271 1778 3310 csse
1823 3255 1904 3310 vi-

309 3326 644 3388 dentur;hic
663 3328 806 3380 enim
828 3326 1071 3395 pluribus
1096 3329 1150 3382 in
1175 3330 1325 3394 locis,
1343 3340 1394 3381 et
1418 3327 1687 3397 prmcipue
1724 3328 1815 3380 lib.
1845 3343 1901 3381 iv

301 3397 369 3451 de
419 3397 644 3450 Resurr.
679 3407 733 3450 et
782 3399 831 3450 in
883 3398 1233 3465 Expositione
1283 3401 1440 3468 primi
1498 3400 1707 3468 psalmi,
1741 3411 1795 3453 et
1849 3401 1902 3452 in

306 3469 670 3540 Stromatibus
703 3469 973 3537 propriam
1009 3486 1228 3525 carnem
1282 3487 1388 3540 qua
1420 3472 1668 3524 homines
1699 3471 1750 3522 in
1794 3471 1902 3522 vita

302 3550 429 3593 sunt
491 3539 606 3603 usi,
655 3549 899 3594 extremo
949 3542 1138 3609 jndicii
1193 3539 1424 3596 diunon
1474 3550 1906 3596 resurrecturum

302 3610 611 3665 afﬁrmavit.
683 3610 808 3664 Mihi
877 3620 1055 3665 tamen
1118 3615 1370 3682 propiora
1432 3613 1717 3668 Bacbiario
1776 3623 1907 3665 tem-

301 3698 433 3750 pOra
469 3683 556 3736 hic
585 3683 877 3747 significari
908 3685 1205 3739 creduntur
1234 3703 1248 3750 ;
1299 3687 1563 3754 siquidem
1595 3685 1696 3739 sub
1725 3685 1909 3738 saeculi

305 3754 484 3823 quarti
536 3754 698 3826 finem
752 3754 990 3808 Joanne.»
1050 3757 1574 3826 l-lierosolymitanus
1622 3757 1912 3822 episcouns

307 3827 526 3880 eosdem
562 3825 812 3888 Origenis
831 3825 1391 3896 crrorcsrectiqucns,
1413 3844 1632 3882 causam
1660 3827 1756 3881 SS.
1785 3827 1914 3896 Epi~

311 3898 510 3964 pbanio
541 3912 603 3950 ac
630 3897 960 3965 Hieronymo
1003 3900 1234 3966 praebuit
1262 3918 1358 3964 pro
1387 3901 1654 3952 Catholica
1685 3900 1913 3953 veritate

310 3969 605 4034 scribendi.
634 3968 859 4036 Egregia
887 3969 1176 4022 admodum
1229 3973 1368 4024 hanc
1423 3973 1471 4022 in
1513 3987 1625 4025 rem
1683 3971 1916 4022 videnda

312 4049 393 4093 est
420 4040 664 4109 ejusdem
692 4039 999 4109 Hieronymi
1024 4042 1255 4103 cpistola
1285 4043 1458 4100 ﬁl.ad
1483 4041 1912 4108 Pammachium,

314 4108 558 4166 adversus
583 4127 778 4185 errores
801 4108 1025 4185 Joannis
1050 4110 1406 4185 Hierosoiynt.
1437 4115 1590 4168 Hunc
1636 4131 1766 4169 vero
1799 4116 1918 4182 epi-

317 4199 535 4250 scopum
569 4182 704 4236 infra
757 4183 917 4255 tacito
946 4184 1163 4238 nomine
1204 4182 1473 4255 designari
1510 4186 1770 4251 arbitror,
1795 4200 1918 4239 cum

317 4255 632 4320 Bacltiarius
662 4255 736 4309 ait
764 4271 773 4304 :
813 4253 1009 4324 Neque,
1036 4268 1087 4306 ut
1117 4253 1740 4325 quidantabsurdissima,
1761 4257 1921 4310 aliam

319 4342 525 4379 carnem
550 4342 640 4394 pro
672 4325 767 4377 hac
799 4329 1455 4382 resurrecturumdicimus.

393 4400 412 4426 ²
451 4398 944 4462 Eminentissimus,
971 4409 1027 4453 et
1055 4398 1394 4455 clarissimus
1420 4400 1569 4455 card.
1597 4399 1840 4454 Norisius
1868 4401 1923 4455 in

290 4527 298 4536 ,
327 4468 745 4541 Vind.August.
780 4484 900 4537 cap.
930 4471 986 4532 4,
1019 4467 1046 4540 §
1076 4472 1134 4537 5,
1167 4474 1521 4541 quaestionem
1556 4471 1695 4526 hanc
1734 4473 1801 4525 ita
1835 4487 1929 4527 oc-

328 4540 563 4608 cupavit,
601 4549 656 4592 ut
687 4541 788 4593 alia
832 4541 954 4594 addi
1001 4540 1225 4596 omnino
1282 4554 1573 4612 nequeant.
1632 4544 1805 4599 Pauca
1858 4559 1927 4599 ex

1987 1867 2212 1924 fundata
2241 1878 2346 1934 est,
2390 1884 2680 1940 possumus
2709 1869 2895 1925 dicere
2916 1887 2986 1925 ex
3017 1870 3206 1924 mundi
3230 1869 3580 1940 qualitatibus

1992 1974 2014 2000 ο
2055 1965 2374 2020 substantia:
2414 1964 2530 2020 Deo
2577 1964 2788 2019 artiﬁce
2827 1978 2879 2018 et
2938 1975 3164 2019 auctore
3197 1974 3574 2033 compactam;

1987 2059 2304 2128 sanguinem
2358 2060 2505 2114 enim
2565 2060 2632 2112 ad
2685 2059 2866 2113 basem
2903 2056 2922 2096 ί
2959 2058 3247 2113 fundamus
3277 2056 3494 2122 altaris;
3527 2057 3578 2111 id

1987 2160 2094 2212 est,
2140 2159 2202 2204 ut
2250 2151 2350 2218 ipsi
2398 2151 2490 2219 qui
2521 2151 2747 2215 creavit,
2791 2151 2930 2204 scire
2980 2150 3123 2205 unde
3152 2151 3446 2214 creaverit,
3498 2164 3583 2204 re-

1989 2245 2321 2314 linquamus.
2364 2244 2518 2299 Basis
2548 2247 2690 2300 enim
2731 2246 2922 2312 altaris
2971 2246 3120 2299 velut
3145 2244 3391 2314 quredam
3430 2242 3582 2298 radix

1991 2338 2379 2408 profunditatis
2409 2349 2516 2405 est,
2550 2338 2705 2407 cuius
2735 2349 2948 2394 secreto
2977 2340 3140 2393 etiam
3177 2337 3442 2392 rationem
3469 2337 3587 2390 ani-

1989 2447 2092 2487 mte
2126 2432 2440 2502 iungamus,
2471 2432 2538 2486 de
2566 2448 2672 2501 qua
2701 2432 2981 2500 disputare
3019 2449 3127 2486 non
3171 2446 3478 2502 possumus.
3524 2431 3589 2485 Et

1989 2524 2114 2579 ideo
2146 2540 2244 2580 nec
2275 2535 2482 2593 partem
2511 2525 2742 2578 dicimus
2774 2526 2863 2578 Dei
2897 2527 3155 2590 animam,
3191 2525 3336 2579 sicut
3365 2525 3583 2594 quidam

1995 2630 2272 2683 asserunt,
2301 2618 2426 2685 quia
2459 2618 2600 2672 Deus
2641 2617 2993 2689 impartibilis
3018 2627 3076 2673 et
3103 2617 3368 2674 iudivisus
3397 2628 3451 2673 et
3480 2623 3584 2673 im-

1995 2713 2270 2783 passibilis
2295 2721 2380 2767 est
2403 2730 2416 2766 :
2443 2712 2624 2767 anima
2645 2727 2777 2768 vero
2806 2712 3037 2768 diversis
3058 2713 3412 2782 passionibus
3440 2729 3593 2768 man-

2013 2896 2312 2965 qutestione
2358 2895 2578 2962 agitata,
2619 2894 2752 2947 nihil
2805 2895 2938 2950 certi
2989 2904 3229 2950 statuere
3284 2907 3594 2966 potuerunt.

2010 2967 2378 3022 Consulantur
2405 2967 2564 3039 hujus
2595 2967 2832 3035 Epistola
2860 2967 2927 3020 ad
2951 2967 3347 3035 Marcellinum,
3371 2981 3425 3024 et
3455 2972 3599 3039 Apo-

2011 3039 2152 3109 logia
2179 3047 2364 3094 coutra
2397 3038 2680 3102 Rufinum;
2712 3039 2854 3093 illius
2881 3053 3013 3092 vero
3041 3039 3284 3108 epistola:
3314 3041 3380 3094 ad
3413 3038 3600 3096 Hiero-

2009 3126 2230 3182 nymum
2249 3111 2377 3166 etad
2391 3110 2667 3184 Optatum,
2687 3110 2915 3179 librique
2928 3123 3164 3184 quatuor
3180 3111 3244 3164 de
3268 3114 3468 3184 origine
3488 3115 3602 3166 ani-

2011 3198 2235 3249 marum,
2271 3184 2321 3236 in
2352 3183 2546 3253 quibus
2574 3193 2752 3237 tamen
2783 3197 2897 3237 rem
2938 3183 3154 3236 dubiam
3185 3183 3397 3252 utrique
3429 3185 3604 3238 faten-

2014 3265 2121 3310 tur.
2151 3253 2211 3309 S.
2244 3254 2550 3309 Eucherius
2599 3255 2650 3308 in
2684 3268 2805 3319 cap.
2834 3269 2892 3307 ιιι
2933 3253 3185 3321 Genesis,
3229 3254 3519 3310 Pomerius
3553 3257 3607 3310 in

2012 3326 2107 3399 lib.
2143 3327 2210 3380 de
2240 3327 2442 3388 anima,
2474 3326 2708 3380 Africani
2740 3325 2931 3399 Patres
2952 3339 3077 3399 saec.
3107 3342 3184 3391 vt,
3213 3327 3271 3381 in
3299 3329 3607 3399 epist.syn—

2011 3398 2102 3451 od.
2159 3413 2228 3452 ex
2279 3399 2524 3469 Sardinia
2585 3397 2900 3469 Byzantium
2951 3398 3140 3463 missa,
3203 3400 3262 3454 S.
3294 3397 3612 3468 Fulgentius

2013 3469 2108 3523 lib.
2144 3485 2202 3522 ιιι
2257 3470 2324 3523 de
2375 3468 2550 3525 Verit.
2587 3470 2842 3538 prmdest.
2897 3482 2952 3524 et
2996 3471 3209 3539 gratim,
3237 3471 3303 3524 ad
3357 3472 3612 3526 eumdem

2013 3540 2296 3614 scopulum
2342 3541 2584 3614 haesere;
2617 3552 2670 3595 et
2697 3552 3008 3614 postremus
3038 3542 3138 3596 iste
3166 3558 3284 3610 cap.
3316 3543 3407 3610 18,
3436 3548 3619 3614 Augu-

2018 3613 2412 3681 stinum,quod
2437 3628 2497 3665 ea
2527 3614 2594 3665 de
2626 3628 2686 3666 re
2716 3613 3002 3675 dubitarit,
3029 3615 3280 3668 maximis
3313 3614 3473 3669 effert
3502 3613 3618 3669 lau-

2018 3684 2200 3748 dibus,
2231 3695 2286 3738 et
2309 3694 2470 3752 caput
2498 3686 2820 3753 vigesimum
2847 3684 2931 3737 bis
2953 3685 3156 3738 claudit
3187 3685 3366 3739 verbis
3400 3705 3412 3738 :
3441 3688 3620 3751 Quan-

2020 3766 2070 3808 to
2101 3771 2223 3827 ergo
2252 3756 2433 3808 melius
2476 3755 2538 3807 ab
2562 3756 2722 3827 hujus
2761 3756 3062 3825 qtucstiunis
3097 3758 3380 3810 certamine
3429 3769 3622 3827 tempe—

2021 3843 2232 3892 ramus,
2291 3829 2343 3880 in
2385 3843 2486 3894 qua
2525 3844 2616 3880 nos
2665 3829 2893 3879 inaniter
2945 3828 3183 3881 laborare
3228 3830 3621 3897 cognoscimus!

2024 3900 2314 3965 prwscrtim
2351 3902 2471 3967 quia
2499 3899 2636 3968 quod
2667 3914 2699 3950 a
2722 3899 2917 3953 sanctis
2950 3899 3072 3951 viris
3102 3901 3388 3966 majoribus
3434 3902 3624 3954 nostris

2023 3971 2260 4023 uidemus
2282 3972 2492 4023 minime
2522 3971 2819 4036 deﬁnitum,
2868 3979 3070 4038 oportet
3103 3988 3193 4024 nos
3227 3982 3370 4024 tanto
3416 3973 3624 4026 cautius

2024 4051 2175 4108 atque
2201 4042 2570 4113 temperant-ius
2593 4057 2844 4112 quarere,
2873 4051 3068 4110 quanto
3095 4044 3164 4095 ad
3191 4045 3300 4114 ejus
3331 4044 3486 4110 ﬁnem
3503 4043 3624 4097 illos

2028 4116 2306 4186 praeclaros
2343 4116 2476 4167 uiros
2525 4115 2784 4168 cernimus
2830 4115 3042 4168 minime
3072 4116 3382 4186 pervenisse.
3407 4116 3626 4171 Cassio-

2027 4185 2200 4238 dorus
2248 4201 2462 4254 quoque
2518 4187 2610 4240 lib.
2665 4187 2733 4240 de
2781 4186 2976 4238 Anima
3031 4185 3152 4254 cap.
3197 4186 3283 4249 14,
3325 4185 3626 4254 Gregorius

2028 4255 2254 4326 Magnus
2285 4258 2377 4311 lib.
2409 4273 2506 4322 vu,
2529 4257 2688 4326 epist.
2715 4255 2808 4319 55,
2843 4257 2896 4310 in
2929 4256 3120 4312 eadem
3156 4259 3307 4312 fuere
3335 4258 3629 4313 dubitatio-

2031 4344 2100 4382 ne
2128 4347 2140 4382 :
2169 4329 2295 4398 quin
2341 4329 2400 4383 S.
2433 4329 2676 4384 lsidorus
2735 4329 2887 4398 Hisp.
2931 4329 3100 4398 episc.
3137 4330 3229 4382 lib.
3265 4345 3301 4383 ιι
3350 4330 3419 4384 de
3465 4331 3624 4385 Ofﬁc.

2032 4399 2186 4454 Eccl.
2219 4415 2338 4471 cap.
2374 4400 2466 4464 ‘25,
2498 4402 2640 4456 inter
2688 4401 2844 4472 alias
2870 4403 3191 4463 sententias,
3224 4418 3359 4472 quas
3406 4403 3468 4455 de
3524 4404 3629 4471 ﬁde

2033 4472 2296 4527 tenendas
2342 4475 2616 4541 proponit,
2653 4472 2791 4528 hanc
2835 4471 3068 4528 inseruit
3098 4491 3109 4526 :
3146 4471 3298 4537 Quart
3342 4475 3537 4529 incerta
3563 4475 3630 4528 sit

2034 4545 2223 4598 animo:
2241 4546 2406 4617 origo.
2436 4546 2586 4600 Alios
2610 4553 2864 4617 auctores
2887 4546 3049 4617 etiam
3080 4545 3181 4599 ιιινὶ
3208 4546 3474 4613 sequioris
3494 4562 3632 4600 con-

331 4612 520 4684 codem
555 4611 859 4666 libabimns.
891 4613 1112 4668 Certum
1162 4625 1245 4669 est
1275 4609 1379 4684 per
1419 4617 1568 4684 plura
1600 4617 1800 4670 smcula
1841 4617 1926 4670 vel
1954 4609 2006 4666 Β
2033 4619 2176 4681 gerit
2207 4609 2450 4670 laudatus
2478 4617 2771 4670 cardinalis
2821 4615 3066 4669 Norisius
3106 4617 3160 4669 in
3214 4609 3631 4684 prteclarissimo

330 4683 547 4757 Patrum
581 4684 1056 4757 prazstantissimos
1085 4685 1138 4739 in
1172 4683 1382 4757 origine
1412 4683 1604 4742 animae
1639 4689 1921 4756 assignan-

327 4756 393 4809 da
420 4756 676 4822 ancipites
710 4755 954 4810 bmsissc.
988 4755 1056 4809 Et
1098 4773 1231 4812 sane
1264 4755 1436 4812 'diviui
1483 4755 1775 4826 scriptores
1804 4759 1916 4812 Au-

329 4829 576 4897 gustinus
627 4842 688 4880 ac
738 4826 1121 4897 Hieronymus,
1150 4830 1250 4884 hac
1294 4846 1386 4900 per
1435 4829 1703 4898 epistolas-
1741 4829 1920 4885 varias

408 5022 433 5047 ιι
472 5008 703 5062 Ruﬁnus
731 5007 894 5060 habet
923 5008 1090 5062 carnis
1120 5017 1308 5061 nostra:
1333 5008 1758 5062 resm'rcctioucm
1785 5023 1803 5066 ;
1845 5015 1928 5059 at-

338 5099 442 5152 quc
469 5083 542 5132 ita
593 5082 974 5148 corrigemlam
1030 5088 1158 5146 puto
1202 5081 1489 5135 lectionem
1546 5079 1669 5133 cod.
1731 5079 1922 5131 Ambr.

342 5152 776 5224 qnamsequitur
806 5153 1060 5224 Alurator.

415 5223 442 5260 δ
481 5222 617 5277 Male
642 5220 694 5274 in
723 5222 912 5274 Ambr.
954 5233 1115 5292 atque
1142 5224 1321 5290 editis,
1371 5224 1588 5279 deserta.
1621 5221 1698 5276 Ex
1735 5220 1931 5274 Rufino

345 5295 717 5354 emcndamus.

418 5381 439 5407 ο
483 5367 774 5436 Presbyter
803 5364 1168 5434 Aquileiensis
1213 5383 1362 5422 num.
1424 5369 1476 5430 l,
1536 5366 1928 5436 professionem

345 5441 494 5497 Fidei
526 5457 682 5508 quam
715 5437 778 5490 ad
812 5437 1155 5491 Anastasium
1200 5439 1363 5500 misit,
1414 5440 1655 5490 (iaculum
1705 5438 1930 5504 perinde

347 5512 632 5581 appellati:
667 5509 733 5564 Ut
764 5509 986 5572 Lentulis,
1021 5508 1211 5581 inquit,
1238 5511 1504 5563 adversum
1534 5526 1612 5562 nte
1637 5509 1764 5579 forte
1792 5508 1934 5560 obla-

351 5583 602 5636 trantibus
631 5581 868 5637 baculum
922 5581 1193 5652 quemdam
1250 5583 1337 5634 tibi
1392 5582 1729 5652 confessionis
1785 5593 1930 5645 mete,

350 5671 450 5724 quo
503 5654 848 5724 abigerentur,
904 5651 1160 5717 oﬁ'errent.
1197 5653 1332 5709 Vide
1374 5662 1619 5708 sanctum
1665 5654 1934 5721 Hierony-

353 5739 523 5785 mum,
550 5725 643 5778 ιιι).
673 5740 726 5779 x1
758 5727 810 5776 in
847 5724 968 5777 lluf.
1008 5741 1062 5778 n.
1094 5724 1147 5778 2v.

425 5791 452 5833 ά
492 5794 673 5852 Monet
724 5804 940 5849 sanctus
987 5795 1317 5869 Augustinus
1373 5805 1550 5854 contra
1605 5796 1937 5850 Adimantum

2026 4688 2206 4751 Opere
2248 4688 2496 4758 superius
2546 4697 2872 4741 meumrato.
2907 4685 3079 4740 Nemo
3131 4688 3292 4755 igitur
3346 4688 3630 4744 mirabitur

2028 4757 2411 4822 adeo-dubium
2443 4759 2496 4812 in
2530 4758 2629 4812 hac
2654 4757 2927 4813 sententia
2950 4758 3168 4814 stetisse
3198 4758 3558 4816 Bachiarium.

2039 5020 2161 5075 cap.
2193 5021 2288 5073 xu,
2324 5020 2613 5075 numquam
2646 5006 2910 5071 scriptum
2960 5019 3103 5071 esse,
3157 5005 3298 5074 quod
3328 5007 3502 5063 anima
3531 5010 3632 5064 hu-

2042 5093 2198 5131 mana
2225 5078 2441 5138 sanguis
2471 5081 2540 5129 sit
2566 5094 2580 5130 :
2613 5077 2754 5130 idem
2779 5077 2978 5145 repetit
3005 5076 3099 5130 lib.
3128 5092 3182 5132 ιιι
3221 5089 3398 5132 contra
3420 5080 3635 5137 Adrers.

2046 5148 2197 5218 Legis
2227 5158 2273 5203 et
2304 5146 2559 5215 Prop/iet.
2584 5163 2704 5217 cap.
2730 5149 2783 5201 6.
2814 5147 3100 5218 Legendus
3127 5162 3388 5218 praeterea
3409 5152 3636 5208 Basilius

2044 5220 2284 5291 Magnus,
2321 5220 2477 5273 llom.
2511 5221 2543 5271 8
2575 5221 2626 5272 in
2661 5220 3036 5275 Hexaemeron
3068 5237 3215 5274 num.
3258 5221 3313 5276 Ξ.
3373 5285 3376 5288 ,

2121 5302 2143 5328 ε’
2183 5293 2397 5360 Optime
2427 5291 2630 5344 amicus
2660 5306 2814 5345 meus
2864 5293 3041 5347 locum
3098 5294 3167 5346 ita
3219 5294 3483 5362 restituit,
3518 5301 3639 5354 sub-

2045 5365 2359 5434 stantigque,
2392 5362 2501 5417 Deo
2529 5363 2752 5432 artiﬁce,
2781 5375 2888 5418 etc.

2127 5435 2142 5471 ί
2189 5433 2484 5488 Fimdimns
2514 5435 2886 5502 reponendum
2936 5451 3062 5491 esse
3102 5435 3258 5490 facile
3285 5438 3635 5498 crediderim.

2049 5505 2276 5582 Rufinus
2309 5507 2595 5582 Apologia:
2629 5523 2786 5582 nuut._
2810 5508 2895 5582 6_:
2929 5506 3100 5576 Usque
3126 5507 3193 5582 ad
3241 5525 3482 5576 pra’sens,
3540 5517 3636 5582 ait,

2052 5580 2251 5651 cartiAet
2297 5576 2496 5648 tle/initi
2525 5576 2722 5647 aliquid
2751 5579 2814 5634 de
2841 5579 2944 5651 hac,
2983 5579 3264 5647 qutL’stione
3311 5598 3412 5634 non
3453 5576 3639 5651 teneo}

2053 5651 2140 5704 sed
2171 5649 2281 5726 Deo
2311 5651 2542 5726 relinquo
2571 5651 2876 5726 scire,_qnid
2897 5650 2974 5726 ssit
3078 5666 3281 5703 Νίνου..
3306 5664 3488 5724 prwter
3517 5649 3634 5726 hoc,

2053 5724 2193 5792 quod
2223 5717 2489 5792 nnmifestc
2518 5722 2674 5775 tradit
2702 5717 2963 5788 Ecclesia,
2999 5717 3164 5774 Deum
3192 5717 3316 5780 esse'
3343 5717 3635 5783 anintaruni

2055 5791 2102 5848 et
2133 5791 2409 5863 corporum
2437 5791 2751 5848 Creatorem.
