4074 6204
618 257 751 319 1051

1898 261 2245 322 BACHIARII
2283 260 2590 324 MONACHI

3677 273 3795 346 [i033

612 375 809 445 cipata,
852 366 1370 445 sicut'quotidianus
1401 389 1588 433 rerum
1613 376 1794 434 exitus
1821 381 2040 449 probat.
2088 381 2201 437 Nec
2226 390 2279 450 Α
2306 398 2412 439 non
2441 393 2565 450 est;
2598 396 2698 439 nec
2728 381 2924 440 factum
2958 395 3082 440 esse
3112 383 3407 454 diabolum,
3436 388 3550 460 quia
3575 390 3689 447 Deus
3711 409 3791 447 πη.

616 468 686 523 de
712 479 956 523 creatura
980 468 1157 538 aliqua
1189 470 1384 526 factam
1406 471 1661 538 dicimus,
1695 488 1763 529 ne
1792 488 1911 530 eam
1939 474 2201 532 faciamus

616 561 861 617 viliorem
892 562 1117 633 reliquis
1143 564 1429 632 creaturis,
1459 566 1654 634 quibus
1674 565 1917 633 domina,
1966 568 2012 622 si
2062 568 2199 625 bene

614 658 807 727 egerit,
847 657 1141 713 constituta
1166 670 1286 726 est;
1316 660 1413 715 sed
1447 675 1512 716 ex
1547 660 1644 717 Dei
1690 671 1896 717 tantum
1923 662 2200 720 voluntate

609 750 860 819 formari,
889 754 1043 823 cujus
1074 757 1327 823 potentiae
1360 772 1466 810 non
1501 758 1809 813 necessaria
1831 767 1916 813 est
1948 760 2197 827 materia,

612 861 677 900 ex
709 861 814 915 qua
846 847 989 917 quod
1030 848 1270 905 voluerit
1323 862 1599 921 operetur,
1648 852 1743 907 sed
1784 853 1899 923 ipsa
1950 854 2198 909 voluntas

609 937 727 1008 ejus
758 938 982 995 materia
1027 950 1053 976 ³
1081 956 1292 1010 eorum,
1328 958 1447 1012 quae
1470 944 1585 999 lieri
1618 954 1713 999 aut
1759 960 1881 1002 esse
1909 947 2200 1004 mandave-

608 1030 701 1084 rit.
741 1031 756 1060 ί
788 1030 893 1087 Sed
916 1046 1019 1087 nec
1047 1032 1125 1087 illi
1180 1036 1471 1090 assertioni
1520 1036 1781 1093 tradimus
1829 1054 2041 1106 manus,
2094 1056 2195 1110 qua

608 1122 826 1192 quidam
853 1122 1128 1193 superﬂuo
1158 1124 1518 1194 delectantur,
1554 1138 1613 1182 ut
1638 1128 2090 1187 credantanimas
2130 1147 2196 1187 ex

612 1215 979 1271 translusione
998 1217 1292 1287 generari;
1343 1219 1468 1289 quia
1502 1221 1827 1277 contradicit
1869 1221 1995 1278 huic
2023 1223 2197 1293 suspi-

609 1307 755 1363 cioni
796 1310 988 1365 beatus
1014 1309 1182 1364 David
1228 1310 1503 1368 dicendo:
1557 1313 1753 1368 Scitote
1792 1317 2038 1385 quoniam
2086 1315 2198 1369 Do-

618 1402 787 1455 minus
817 1402 929 1471 ipse
950 1413 1027 1457 est
1064 1401 1207 1458 Deus
1234 1421 1252 1459 :
1298 1406 1406 1477 ipse
1439 1408 1557 1477 fecit
1588 1425 1701 1477 nos,
1732 1418 1780 1462 et
1812 1426 1914 1464 non
1962 1410 2061 1481 ipsi
2104 1426 2195 1463 nos

611 1494 808 1565 (Psal.
842 1512 986 1564 xcrx,
1018 1497 1117 1568 5).
1176 1499 1243 1553 Et
1282 1499 1413 1555 alibi
1456 1519 1469 1555 :
1529 1501 1628 1569 Qui
1683 1503 1836 1571 ﬁnxit
1892 1503 2196 1575 singillatim

609 1592 768 1644 corda
794 1606 968 1645 eorum
1018 1592 1214 1661 (Psal.
1266 1610 1435 1661 χχχιι,
1467 1594 1588 1665 15).
1622 1595 1721 1653 Ubi
1769 1596 1858 1652 hic
1905 1597 2196 1654 transfusio

609 1684 849 1741 inveniet
875 1685 1079 1754 locum,
1106 1688 1195 1743 ubi
1222 1699 1316 1744 aut
1347 1690 1658 1760 singillatim
1698 1691 1863 1746 corda
1892 1692 2189 1763 linguntur,

2303 478 2413 532 lum
2444 493 2552 532 non
2580 474 2607 514 ει
2637 476 2787 542 fecit,
2836 478 2933 533 sed
2963 478 3214 551 angelum
3262 480 3455 538 bonum
3482 484 3673 553 factum,
3694 490 3794 541 sicut

2304 569 2583 642 Scriptura
2634 570 2976 627 demonstrat
3019 589 3034 627 :
3086 571 3194 628 Per
3245 574 3427 630 bonum
3478 587 3703 649 operatum
3749 590 3798 634 ut

2303 665 2429 719 mihi
2453 681 2653 720 omnem
2682 664 3151 737 concupiscentiam
3192 666 3388 739 (Rom.
3420 684 3507 736 vn,
3534 669 3614 742 8).
3655 670 3796 726 Malum

2302 759 2442 814 enim
2474 758 2722 830 angelum
2754 759 2923 815 fuisse
2950 760 3030 815 sic
3052 759 3242 828 credo,
3287 772 3344 817 ut
3389 764 3651 835 Apostolus
3673 763 3796 819 dicit:

2301 850 2469 907 Datus
2505 862 2579 909 est
2610 853 2739 908 mihi
2758 853 2999 910 stimulus
3028 856 3197 910 carnis
3231 872 3378 925 meat,
3422 856 3617 928 angelus
3642 858 3800 914 Satisne

2300 948 2386 1016 qui
2416 964 2494 1002 me
2540 949 2831 1020 colaphizet
2888 947 2969 1023 (Il
2996 947 3119 1005 Cor.
3171 965 3267 1017 ιιι,
3302 948 3379 1021 7).
3434 951 3496 1006 Et
3541 950 3676 1006 alibi:
3708 950 3802 1005 Nisi

2300 1040 2493 1095 venerit
2530 1041 2715 1112 refuga
2741 1050 2787 1095 et
2813 1042 3059 1096 discessio
3090 1044 3107 1112 (
3132 1042 3179 1098 ll
3212 1041 3389 1097 Thess.
3420 1058 3477 1108 tt,
3500 1040 3574 1113 5).
3604 1042 3709 1114 Ergo
3729 1044 3797 1112 qui

2300 1148 2443 1189 nunc
2491 1134 2675 1204 refuga
2704 1143 2808 1202 est,
2842 1135 2941 1189 fuit
2995 1135 3287 1205 aliquando
3336 1134 3529 1190 intuitu
3572 1134 3797 1200 Creatoris,

2299 1234 2356 1280 et
2381 1226 2437 1280 in
2466 1225 2556 1280 illa
2584 1225 2783 1297 gradus
2813 1226 3152 1282 sublimitate
3181 1236 3204 1263 θ
3232 1242 3350 1297 quae
3370 1228 3561 1297 scripta
3581 1226 3796 1296 aprophc-

2301 1320 2390 1386 tis,
2437 1336 2559 1375 cum
2590 1320 2827 1376 dicitur:
2878 1319 2949 1374 Et
2994 1330 3048 1375 tu
3104 1338 3216 1376 eras
3273 1323 3582 1394 consignatis
3614 1322 3797 1376 similitu-

2298 1416 2456 1481 dinis,
2478 1425 2527 1471 et
2564 1433 2755 1471 corona
2804 1416 3004 1471 decoris
3031 1415 3257 1487 (Ezech.
3292 1432 3484 1483 xxvnt,
3524 1415 3632 1489 12),
3671 1426 3714 1472 et
3742 1431 3800 1471 re

2296 1507 2475 1579 liqua;
2507 1517 2562 1564 et
2588 1509 2715 1564 alibi
2742 1527 2755 1563 :
2788 1509 3061 1575 Quomodo
3083 1510 3147 1563 de
3173 1509 3299 1564 caelo
3326 1510 3504 1563 cecidit
3524 1508 3719 1579 Lucifer,
3740 1508 3798 1578 qui

2298 1618 2445 1656 mane
2472 1602 2733 1657 oriebatur
2754 1602 2773 1673 (
2794 1601 2927 1657 Isai.
2959 1617 3070 1668 xw,
3101 1600 3229 1673 l2).
3268 1601 3285 1639 τ
3315 1602 3470 1659 Hunc
3499 1602 3616 1657 boni
3648 1612 3693 1658 et
3713 1602 3797 1655 mali

2298 1708 2550 1763 capacem
2579 1693 2810 1749 dicimus
2832 1696 3110 1765 accepisse
3140 1710 3211 1750 ex
3238 1694 3446 1751 factore
3475 1703 3709 1761 naturam,
3733 1693 3802 1747 im-

608 1788 702 1836 aut
728 1780 924 1836 dicitur
953 1799 966 1835 :
999 1784 1108 1854 ipse
1136 1785 1255 1854 fecit
1282 1802 1393 1851 nos,
1428 1794 1474 1839 et
1501 1802 1605 1840 non
1641 1787 1742 1858 ipsi
1763 1804 1855 1843 nos
1880 1790 1904 1843 ?
1932 1787 2033 1857 Qui
2063 1803 2194 1859 ergo
2222 1811 2271 1873 B
2299 1788 2647 1863 mortalitatis
2698 1788 2870 1859 gloria
2908 1799 2961 1843 et
3009 1788 3219 1845 honore
3246 1788 3657 1853 circumdatum;
3690 1802 3801 1843 acce-

605 1889 676 1930 ex
711 1875 1047 1934 tranl‘usioue
1075 1876 1263 1933 dicunt
1301 1878 1509 1935 animas
1537 1881 1808 1949 generari,
1840 1881 1892 1935 id
1948 1896 2195 1938 asserere

603 1960 879 2034 dicuntur,
909 1969 1034 2040 quia
1066 1970 1169 2041 ipsi
1217 1986 1315 2026 nos
1347 1971 1629 2029 faciamus.
1662 1974 1769 2028 Sed
1823 1974 1926 2031 hoc
1981 1974 2008 2012 δ
2052 1991 2193 2046 prae-

603 2062 831 2118 scientia
890 2064 1225 2135 prophetalis
1282 2066 1532 2137 objurgat
1575 2067 1852 2124 dicendo:
1898 2067 2021 2140 Ipse
2073 2072 2195 2141 fecit

603 2171 718 2223 nos,
752 2164 801 2209 et
845 2172 947 2210 non
992 2158 1098 2226 ipsi
1140 2174 1252 2211 nos.
1300 2159 1520 2230 Absque
1561 2162 1676 2215 sola
1712 2162 1877 2233 igitur
1906 2161 2191 2225 Trinitate,

606 2265 767 2305 omne
818 2250 963 2321 quod
994 2252 1047 2305 in
1098 2252 1253 2307 caelis
1283 2253 1400 2308 sive
1449 2255 1502 2307 in
1544 2256 1705 2309 terris
1734 2266 1789 2310 et
1829 2257 1963 2311 mari
2002 2265 2195 2327 poten-

604 2352 770 2411 tatur,
802 2345 999 2416 agitur,
1029 2353 1301 2414 movetur,
1334 2356 1640 2403 creaturam
1671 2364 1795 2405 esse
1830 2349 2108 2406 credimus
2134 2359 2191 2408 et

600 2434 859 2493 fatemur.

671 2530 725 2589 5.
752 2533 771 2562 ²
803 2530 1088 2588 Diabolum
1114 2547 1220 2588 non
1253 2535 1325 2588 ita
1359 2534 1554 2589 factum
1587 2534 1872 2603 sentimus,
1906 2547 1960 2593 ut
1999 2537 2190 2595 diabo-

596 2625 680 2680 lus
710 2635 731 2663 °
763 2635 869 2695 est,
898 2642 999 2682 nec
1025 2632 1303 2698 proprium
1329 2628 1583 2687 habuisse
1612 2640 1821 2687 naturae
1848 2648 1961 2688 suae
1990 2649 2183 2705 genus,

598 2728 658 2773 ut
682 2718 933 2775 diabolus
961 2730 1300 2789 nasceretur,
1346 2732 1399 2778 et
1446 2723 1549 2779 hoe
1582 2740 1880 2796 cognomen
1931 2727 2185 2784 meritum

597 2812 835 2885 dedisse,
870 2828 977 2871 non
1007 2815 1215 2871 Deum:
1242 2832 1344 2873 nec
1382 2817 1683 2890 ingenitum
1716 2833 1862 2889 esse,
1886 2819 2008 2891 quia
2043 2819 2185 2877 Deus

683 3050 698 3082 ¹
730 3048 952 3123 Animas
978 3064 1007 3104 a
1040 3050 1151 3106 Deo
1182 3049 1247 3123 in
1269 3049 1602 3121 singulorum
1634 3049 1915 3106 hominum
1937 3066 2173 3123 concep-

594 3124 737 3178 tione
765 3122 944 3177 creari
982 3130 1199 3177 veteres
1223 3122 1416 3178 Patres
1446 3138 1702 3188 sensere;
1729 3123 2028 3193 eademque
2051 3122 2174 3178 seu-

594 3195 780 3262 tentia,
809 3203 867 3249 ut
901 3193 1061 3249 docet
1099 3194 1563 3249 eminentissimus
1592 3194 1881 3249 cardinalis
1929 3195 2176 3251 Norisius

594 3268 644 3321 in
672 3265 936 3321 Viudiciis
961 3265 1186 3336 August.
1215 3282 1335 3335 cap.
1366 3264 1423 3331 4,
1450 3264 1748 3336 §5,§usque
1776 3266 1845 3320 ad
1869 3265 2176 3336 Pelagianae

2299 1880 2441 1951 pisse
2469 1881 2630 1936 etiam
2654 1881 2899 1936 scientia:
2925 1880 3238 1952 dignitatem
3262 1897 3277 1947 ;
3307 1890 3333 1928 ε
3375 1881 3465 1953 qui
3497 1880 3656 1937 elatus
3677 1880 3715 1934 in
3735 1894 3801 1933 su-

2298 1976 2563 2045 perbiam,
2596 1991 2751 2031 suum
2783 1976 3017 2033 credidit
3064 1994 3186 2035 esse
3232 1980 3380 2050 quod
3428 1993 3533 2035 non
3557 1986 3799 2046 erat;quo-

2296 2071 2440 2125 niam
2468 2071 2557 2140 qui
2605 2086 2728 2126 eum
2769 2070 3008 2139 fecerat,
3062 2069 3090 2107 h
3134 2072 3421 2127 Dominum
3467 2088 3569 2126 non
3619 2068 3799 2124 videbat.

2296 2164 2409 2235 Ego
2436 2179 2572 2231 sum,
2604 2163 2797 2234 inquit,
2830 2175 2877 2219 et
2907 2180 3010 2218 non
3060 2174 3133 2218 est
3184 2165 3321 2219 alius
3368 2174 3551 2237 praeter
3591 2179 3660 2217 me
3685 2160 3800 2232 (luti.

2294 2272 2459 2324 xevn,
2489 2255 2615 2328 12).
2678 2256 2811 2313 Inde
2842 2266 2997 2312 terrae
3028 2256 3321 2328 deputatus
3355 2268 3438 2314 est
3478 2267 3529 2313 et
3573 2253 3731 2320 cineri,
3764 2260 3802 2305 ut

2296 2349 2556 2421 scriptum
2576 2356 2658 2406 est
2673 2367 2686 2403 :
2704 2349 2842 2416 Quid
2863 2350 3098 2421 superbis
3113 2353 3136 2404 ?
3150 2361 3288 2406 terra
3298 2359 3347 2406 et
3366 2352 3492 2406 cinis
3505 2348 3681 2421 (Eccli.
3696 2344 3797 2413 x,9),

2295 2453 2369 2510 et,
2396 2441 2615 2498 Initium
2636 2445 2948 2518 peccationis
2970 2446 3212 2517 superbia
3241 2447 3260 2515 (
3282 2444 3451 2516 Ibid.,
3483 2444 3602 2516 15).
3629 2440 3712 2514 Qui
3729 2451 3803 2496 tat-

2296 2548 2412 2593 taro
2442 2548 2497 2593 et
2524 2537 2633 2609 igni
2658 2546 2919 2608 perpetuo
2944 2538 3253 2609 deputatus,
3285 2538 3546 2610 perennis
3564 2546 3639 2593 est
3663 2547 3804 2606 ptent.

2296 2647 2401 2688 non
2433 2633 2757 2688 immortalis
2788 2632 2936 2688 vitae.
2969 2632 3257 2689 Credimus
3306 2648 3520 2689 omnem
3567 2636 3804 2687 creaturam

2294 2725 2393 2780 Dei
2421 2739 2541 2794 quae
2569 2724 2635 2779 ad
2667 2739 2800 2780 usus
2828 2725 3074 2780 ciborum
3108 2740 3139 2779 a
3168 2726 3459 2783 conditore
3486 2739 3713 2782 concessa
3735 2728 3806 2783 est.

2291 2818 2496 2874 bonum
2537 2832 2681 2885 esse,
2731 2818 2875 2874 sicut
2906 2827 2961 2875 et
3006 2819 3022 2856 ί
3062 2818 3265 2876 factum
3296 2830 3419 2877 est:
3460 2818 3527 2874 Et
3555 2813 3805 2881 viditDnu,

2280 3052 2485 3107 Haeres.
2512 3050 2603 3115 66,
2633 3065 2754 3120 quae
2799 3058 2884 3105 est
2928 3048 2997 3105 de
3027 3049 3267 3106 Mauieh.
3300 3066 3456 3107 num.
3492 3050 3577 3118 16,
3607 3050 3684 3105 ubi
3708 3048 3809 3103 hanc

2278 3138 2469 3197 eorum
2522 3122 2835 3197 opinionem
2864 3122 3265 3197 _rel'utans,ait
3294 3121 3473 3197 εἈμα
3524 3123 3575 3179 δὲ
3615 3124 3691 3178 καὶ
3727 3121 3810 3193 περὶ

2280 3194 2519 3251 διαϐόλου
2565 3196 2728 3255 οὕτως
2779 3193 3101 3267 διαληπτέον,
3134 3196 3221 3249 οὐκ
3248 3197 3353 3253 ἀπὸ
3402 3193 3607 3259 iecisse);
3639 3199 3809 3267 φυσικῶς

2281 3275 2431 3346 κακᾳῦ
2463 3269 2811 3346 ζεκτισμέγου,
2845 3266 3165 3346 dilabantur?
3206 3270 3340 3339 μετά
3392 3266 3657 3346 χρόνον-ᾦ
3692 3272 3809 3346 ποιεῖν

593 3338 813 3432 haeresis
864 3324 1121 3432 temporis
1152 3324 1426 3432 'ppti'orenj
1451 3324 2173 3432 νέιέὸιρτξξοιξιξιῌριέξῖιὶυὶι.

2282 3340 2430 3432 item
2463 3324 2823 3432 ἐφευροίμένονὲ
2859 3336 2937 3419 De
2962 3324 3174 3421 diabolo
3206 3324 3557 3432 ‘quoqué‘uje
3580 3338 3810 3432 habenisue

591 3410 726 3464 Cum
754 3425 883 3466 vero
925 3408 1125 3464 exinde
1151 3408 1287 3463 illud
1331 3418 1707 3482 argumentum
1766 3408 2007 3464 haeretici
2048 3425 2177 3482 pro-

591 3490 896 3548 moverent,
927 3496 1120 3549 nempe
1165 3482 1393 3547 animas,
1425 3481 1469 3534 si
1519 3496 1548 3534 a
1606 3480 1716 3535 Deo
1760 3480 2174 3548 creentur,'non

592 3568 754 3623 posse
780 3568 900 3607 cum
932 3561 1158 3621 peccato
1182 3553 1444 3623 produci;
1474 3562 1589 3608 tum
1621 3552 1679 3608 S.
1710 3553 2035 3624 Augustino,
2062 3562 2175 3609 tum

591 3625 1056 3696 praestantissimis
1076 3625 1328 3680 Patribus
1356 3625 1460 3679 alia
1504 3626 1772 3679 sententia
1815 3625 2038 3696 placuit,
2072 3642 2177 3696 qua

588 3698 783 3752 animae
809 3712 874 3751 ex
910 3698 1087 3768 anima
1122 3698 1359 3767 parentis
1387 3696 1598 3751 traduci
1632 3712 1693 3751 ac
1735 3699 2024 3768 prepagari
2052 3713 2176 3752 ceu-

589 3770 867 3825 sehantur.
908 3767 1137 3824 Tantum
1191 3779 1368 3824 autem
1412 3768 1625 3823 roboris
1671 3767 1959 3840 Augustini
2011 3770 2177 3824 verba

586 3841 688 3896 sibi
742 3840 1122 3907 conciliarunt,
1164 3852 1221 3895 ut
1274 3840 1521 3911 pluribus
1589 3851 1709 3910 post
1761 3842 1908 3896 illum
1963 3841 2178 3896 saeculis

586 3914 886 3983 scriptores
912 3912 1239 3968 sanctissimi
1286 3914 1354 3967 de
1395 3912 1605 3982 origine
1633 3913 1825 3968 animm
1853 3913 2170 3978 dubitarint,

588 3985 764 4040 donec
793 3984 1254 4040 Scholasticorum
1286 3985 1545 4054 opinione
1584 3985 1940 4053 praevalente,
1972 3996 2028 4039 et
2054 3989 2175 4037 ani-

588 4072 797 4112 maruru
828 4057 1052 4110 traduce
1080 4057 1379 4127 antiquato,
1406 4056 1721 4111 earumdem
1756 4057 1967 4111 creatio
1998 4059 2049 4109 in
2075 4056 2179 4110 Ec-

586 4128 753 4185 clesia
785 4128 1087 4183 communis
1109 4126 1302 4183 evasit.
1336 4127 1396 4182 Id
1424 4142 1493 4182 ex
1524 4128 1768 4197 pluribus
1786 4126 2068 4197 Augustini
2098 4127 2178 4181 lo-

586 4203 665 4256 cis
693 4207 864 4271 patet,
885 4208 941 4253 et
973 4200 1274 4269 praesertim
1303 4199 1399 4254 lih.
1427 4216 1456 4271 χ
1484 4199 1552 4255 de
1582 4199 1718 4265 Gen,
1745 4215 1865 4268 cap.
1890 4198 1988 4267 ‘25,
2010 4199 2171 4270 epist.

587 4270 780 4339 ‘28,’ad
810 4272 1061 4339 llieron.,
1086 4287 1149 4325 ac
1178 4273 1340 4340 epist.
1371 4270 1500 4335 M7,
1526 4282 1632 4326 etc.
1667 4272 1829 4340 Igitur
1856 4270 1983 4326 hine
2012 4271 2175 4326 etiam

590 4354 819 4412 tempus,
850 4357 959 4413 quo
991 4342 1306 4397 Bachiarius
1357 4342 1599 4411 scripsit,
1633 4358 1827 4398 eruere
1873 4343 2027 4397 nobis
2081 4343 2177 4395 ali-

588 4414 915 4486 quantulum
939 4414 1064 4486 licet
1095 4416 1177 4468 :si
1208 4414 1353 4486 enim
1378 4413 1441 4486 iis
1475 4414 1813 4486 temporibus
1839 4413 2039 4486 quibus
2080 4413 2175 4469 ille

589 4483 732 4541 lianc
784 4484 1101 4556 Apologiam
1144 4483 1505 4554 conscripsit,
1561 4484 1762 4555 Pelagii
1817 4485 2176 4540 deliramenta

586 4557 941 4615 christianum
976 4556 1365 4626 rempublicam
1393 4566 1789 4627 occupassent;
1821 4558 2007 4626 utique
2052 4571 2178 4611 sen-

588 4632 811 4686 tentiam
844 4629 991 4685 illam
1019 4644 1123 4700 qua
1147 4628 1353 4684 animas
1379 4643 1444 4683 ex
1469 4627 1689 4683 traduce
1716 4627 1769 4682 in
1792 4642 1892 4683 nos
1921 4627 2177 4700 devenire

585 4713 918 4760 censuerunt
945 4699 1050 4756 viri
1079 4700 1405 4766 doctissimi,
1428 4716 1703 4771 quamque
1731 4699 2016 4755 catholicis
2044 4699 2177 4771 dog-

583 4776 841 4840 matibus,
876 4773 1177 4845 Augustino
1200 4761 1703 4847 prreeunt'eLaltius
1725 4775 1906 4829 lavere
1928 4761 2176 4828 credidé-
2200 4761 2251 4823 D
2278 4788 2434 4847 error
2464 4761 2762 4847 antiquitus
2790 4761 2973 4829 fuit'in
3001 4776 3393 4847 vetustissimis
3427 4774 3672 4847 Capitulis
3691 4783 3805 4847 pott-

584 4856 731 4911 ruut,
757 4848 859 4901 sibi
891 4843 1070 4901 minus
1098 4843 1316 4915 probari
1348 4861 1455 4900 non
1488 4843 1738 4900 dixisset.

654 4919 675 4948 ’
706 4918 802 4972 Hic
831 4918 1079 4989 insanum
1108 4917 1531 4989 Manichaeorum
1557 4918 1751 4987 dogma
1782 4916 1953 4972 refelli
1999 4924 2166 4989 patet.

581 4988 861 5060 Siquidem
894 4988 946 5041 hi
987 4990 1131 5060 inter
1170 4998 1370 5045 caetera
1398 4988 1779 5055 deliramenta,
1813 4988 2008 5057 quibus
2050 5004 2174 5060 per-

582 5059 1001 5116 niciosissimam
1030 5059 1283 5115 haeresim
1333 5061 1389 5116 in
1443 5062 1713 5116 orientem
1746 5061 2022 5125 invexere,
2053 5059 2173 5117 hoc

581 5146 797 5205 quoque
824 5131 1271 5205 pronuntiarunt,
1298 5147 1495 5205 nempe
1523 5130 1804 5205 diabolum
1840 5134 1921 5205 fab
1975 5132 2173 5205 origine

579 5202 775 5260 malum
826 5218 1147 5274 nequaquam
1195 5202 1375 5273 fuisse.
1418 5203 1685 5260 Audiatur
1728 5204 1787 5261 S.
1839 5203 2173 5275 Epiphanius

651 5424 679 5452 ἰ
714 5410 1041 5471 Subauditur
1068 5418 1163 5465 est.

648 5485 676 5526 ι’
716 5484 854 5541 Med.
897 5484 1055 5551 edit.,
1114 5480 1350 5548 scientia,
1408 5480 1747 5554 reclamante
1801 5483 2162 5554 autographo,

576 5558 729 5630 cujus
750 5556 1071 5630 scripturam
1098 5555 1152 5610 in
1181 5562 1382 5630 textum
1394 5551 1607 5630 inferre
1631 5554 1845 5630 placuit,
1872 5551 1997 5610 licet
2024 5551 2164 5611 forte

576 5624 682 5703 legi
704 5624 895 5685 debeat
928 5646 943 5685 :
973 5629 1062 5703 sed
1092 5642 1189 5703 nos
1225 5625 1533 5703 _(_nimirum
1593 5624 1829 5683 traducis
1858 5637 2115 5696 patronos
2140 5630 2162 5699 )

576 5698 820 5773 scissus
841 5700 1157 5773 prophetalis
1185 5698 1444 5773 objurgal.

653 5783 677 5842 '5
718 5771 884 5842 Magis
907 5771 1099 5840 placet,
1130 5771 1277 5827 esset.

651 5838 677 5879 ά
716 5838 967 5898 Murator.
980 5885 997 5912 ,
1026 5842 1170 5912 facit.

2281 3419 2375 3477 est,
2392 3408 2506 3465 eum
2532 3408 2740 3465 minime
2758 3408 2821 3462 ab
2846 3410 3042 3481 origine
3057 3411 3173 3479 ipsa
3185 3408 3346 3481 neque
3368 3412 3648 3466 conditione
3669 3410 3810 3481 malunt

2281 3484 2555 3549 exstitisse,
2588 3482 2677 3557 sed
2716 3478 2984 3557 aliquqnto
3014 3478 3203 3557 postea
3232 3478 3461 3557 tempore
3499 3483 3677 3557 malum
3711 3478 3809 3557 quod

2281 3556 2470 3630 faceret
2498 3555 2841 3630 excogitasse.
2875 3553 2986 3630 Hoc
3016 3553 3363 3630 ideminfra,
3394 3572 3542 3630 num.
3574 3555 3658 3630 62,
3689 3553 3806 3630 pluri-

2279 3628 2381 3682 bus
2408 3624 2846 3696 probatINeque
2873 3625 3005 3680 solis
3041 3624 3358 3681 Manichazis
3390 3629 3573 3683 insana
3602 3628 3702 3680 haec
3724 3624 3806 3691 opi-

2282 3699 2373 3752 nio
2420 3698 2644 3768 placuit,
2673 3712 2862 3753 verum
2915 3699 3079 3752 etiam
3127 3696 3576 3766 Priscillianistis,
3610 3697 3690 3769 qui
3725 3709 3806 3769 em-

2280 3766 2435 3824 nium'
2498 3770 2764 3841 hmresum
2815 3770 3065 3839 contagia
3104 3770 3173 3841 in
3228 3786 3395 3825 unum
3446 3766 3683 3841 coegere.
3732 3766 3806 3841 Leo

2282 3857 2507 3911 magnus
2537 3842 2700 3912 epist.
2726 3840 2816 3909 95,
2859 3841 2924 3895 ad
2964 3838 3248 3896 Turibium
3281 3838 3675 3898 Asturicetisem
3707 3838 3804 3912 _epi~

2279 3910 2527 3983 scopum,
2557 3910 2679 3982 cap.
2711 3913 2766 3974 6,
2800 3917 2990 3967 horum
3023 3928 3269 3969 errorem
3295 3916 3368 3968 ita
3383 3915 3627 3985 designat
3654 3931 3665 3967 :
3691 3910 3807 3966 Serm

2279 3985 2766 4039 mrnotatioindicat
2790 3984 2881 4039 eos
2923 3985 3111 4051 dicere,
3141 3986 3278 4055 quod
3310 3984 3549 4041 diabolus
3588 3995 3804 4055 numquam

2279 4059 2434 4128 fuerit
2459 4058 2641 4126 bonus,
2671 4072 2763 4128 nec
2788 4066 2975 4109 natura
2998 4058 3109 4121 eius
3132 4054 3397 4128 opificium
3420 4058 3516 4112 Dei
3540 4060 3620 4125 sit,
3642 4054 3717 4110 sed
3725 4066 3804 4128 eunt

2279 4144 2342 4181 ea:
2368 4127 2510 4182 Chao
2541 4138 2587 4181 et
2613 4127 2833 4181 tenebris
2868 4127 3305 4199 emersissesquia
3332 4131 3528 4185 scilicet
3554 4127 3803 4199 nullum‘sst

2278 4200 2461 4253 habeat
2492 4208 2774 4274 auctorem,
2804 4199 2893 4252 sed
2921 4201 3089 4274 omnis
3119 4196 3243 4254 ntali
3286 4202 3398 4271 ipse
3441 4205 3509 4256 sit
3548 4196 3803 4274 principium

2280 4282 2433 4344 atque
2460 4271 2753 4325 substantia
2785 4286 2803 4325 :
2834 4288 2949 4325 cum
2993 4272 3121 4342 ﬁdes
3158 4289 3275 4326 vera
3309 4267 3433 4344 qua:
3472 4267 3559 4328 est'
3582 4267 3801 4327 catholica.

2278 4345 2507 4398 omnium
2542 4351 2893 4398 creaturarum
2934 4345 3038 4398 sive
3089 4344 3467 4413 spiritualium,
3487 4345 3588 4399 sive
3605 4350 3802 4413 ἐοτρρναε

2278 4413 2408 4469 lium
2450 4416 2639 4469 bonam
2664 4416 2973 4485 conﬁteatur
3011 4411 3377 4483 substantiam,
3408 4411 3461 4471 et
3486 4417 3606 4471 mali
3649 4411 3804 4467 nullam

2277 4501 2386 4558 esse
2428 4496 2708 4553 naturam;
2739 4487 2863 4558 quia
2904 4486 3045 4541 Deus
3096 4489 3184 4555 qui
3214 4490 3440 4544 universi
3479 4498 3549 4544 est
3600 4485 3802 4558 conditori

2278 4557 2412 4611 nihil
2444 4575 2546 4629 non
2575 4554 2764 4612 bonum
2792 4559 2938 4629 fecit,
2969 4568 3077 4615 etc.
3112 4554 3408 4616 'Videndus
3447 4562 3547 4615 hac
3587 4559 3733 4629 etiam
3754 4554 3804 4606 dc

2276 4645 2337 4705 re
2364 4628 2695 4705 S._erillus
2740 4626 3272 4705 Hierosolymitanus
3313 4630 3538 4688 Cathee.
3559 4630 3613 4697 2,
3639 4636 3686 4684 et
3702 4626 3800 4705 €99-

2275 4702 2395 4757 cius
2435 4696 2529 4755 lib.
2563 4718 2638 4767 tv,
2670 4702 2828 4757 artic.
2859 4703 2915 4769 5,
2943 4696 3075 4758 tom.
3109 4702 3173 4758 ll.
3204 4705 3501 4761 Damnatus
3545 4696 3703 4758 autem
3738 4696 3803 4750 hic

2277 4854 2357 4919 ira
2385 4840 2888 4919 Manichiieos,_quze
2936 4856 3061 4917 post
3096 4846 3371 4919 Bachiarii
3401 4840 3563 4919 opera
3598 4840 3800 4919 subjeci:

2276 4916 2348 4993 ibi
2386 4916 2641 4993 enimsic
2668 4916 2862 4993 legitur
2891 4935 2905 4971 :
2936 4916 3001 4973 Si
3028 4919 3144 4993 quis
3166 4918 3322 4993 hujus
3348 4916 3525 4974 mundi
3544 4916 3797 4993 principem,

2277 4989 2373 5043 hoc
2409 4999 2483 5044 est
2511 4988 2798 5057 diabolum,
2819 4999 2876 5062 et
2904 4988 3244 5045 tenebrarum'
3256 4992 3464 5062 globum
3505 4988 3670 5045 asserit
3704 4997 3800 5055 pro-

2277 5071 2524 5136 creatum,
2550 5072 2596 5117 et
2620 5078 2723 5116 non
2744 5080 2776 5115 a
2808 5060 2915 5116 Deo
2937 5063 3129 5136 bonum
3148 5060 3394 5135 angelum
3415 5068 3622 5136 factum,
3646 5066 3687 5113 et
3707 5069 3800 5136 prg-

2277 5134 2394 5204 pria
2422 5142 2737 5206 postremum
2766 5135 3097 5204 perversitate
3118 5132 3424 5209 _mu'tatum,'
3438 5134 3697 5191 anathema
3734 5132 3794 5181 δίι-

2278 5468 2285 5480 _,
2351 5421 2373 5491 ξ)
2413 5411 2598 5491 Εοιιθ,
2628 5415 2906 5491 descripta,
2934 5416 3043 5485 vel,
3074 5436 3186 5491 qua:
3212 5420 3404 5491 scripta
3430 5428 3523 5475 est.

2348 5483 2369 5523 ί
2407 5483 2638 5565 Errare,
2660 5483 2969 5565 utvidetur,
3003 5483 3341 5565 typographi',
3372 5492 3508 5549 Med,
3530 5486 3648 5547 edit,
3667 5494 3791 5539 nunc,

2343 5568 2369 5635 ξε
2406 5558 2550 5635 ξέθςε
2564 5560 2765 5635 _sodes,
2799 5573 2852 5618 et
2883 5577 3002 5619 meo
3024 5558 3290 5634 periculo,
3322 5558 3441 5635 qua.

2340 5628 2364 5708 ξ’
2406 5628 2832 5708 YoitADominum
2853 5635 3010 5708 deest
3030 5628 3084 5692 in
3114 5628 3287 5708 prima
3307 5628 3560 5693 editione.

2272 5773 2283 5784 .
2346 5701 2361 5737 ί
2399 5701 2763 5784 Scribendum
2812 5707 3044 5784 videtur,
3091 5701 3282 5763 dictum
3310 5718 3432 5784 est;
3474 5716 3518 5762 et
3543 5702 3788 5778 factum“

2265 5773 2359 5830 ita.
2390 5772 2460 5829 Et
2486 5775 2612 5831 vidit
2636 5776 2795 5847 Deus,
2827 5780 2950 5851 quia
2976 5772 3113 5836 bona
3150 5789 3268 5855 sunt
3293 5781 3462 5839 valde.
