4074 6204
283 281 421 338 1035

1607 282 1989 346 PROFESSIO
2028 284 2228 347 FIDEI.

3445 304 3584 367 1036

279 395 402 491 quia
433 395 568 449 bona
597 404 714 491 sunt
739 395 888 491 italde
919 393 1072 466 (Gen.
1113 412 1152 463 ι,
1184 396 1276 461 50,
1310 398 1372 454 51
1395 397 1439 469 ).
1476 408 1494 441 ι
1545 399 1652 456 Sed
1693 401 1760 456 ab
1790 401 1874 456 bis
1902 411 1958 470 Α
1984 401 2052 456 Ει
2080 403 2207 458 alibi
2256 403 2448 460 beatus
2478 405 2715 464 Petrus:
2750 408 2933 464 Omnis
2961 427 3129 470 sermo
3156 414 3584 491 interpretatione

277 485 346 542 ad
375 495 590 558 tempus
619 488 913 555 abstinere,
948 503 1055 544 non
1103 503 1202 560 pro
1230 493 1619 560 superstitione
1651 494 1873 564 religio-

279 581 365 637 nis
395 598 573 654 neqne
602 582 1008 640 abominatione
1029 593 1295 640 creatura:
1325 585 1444 650 Dei,
1477 588 1573 642 sed
1607 602 1708 656 pro
1737 602 1874 642 con-

279 674 506 730 tinentia
537 677 738 742 carnis,
773 677 904 733 utile
933 692 1055 734 esse
1077 680 1344 734 sentimus
1374 680 1674 735 secundum
1729 682 1877 752 Apo-

276 770 406 826 stoli
434 771 859 842 consilium,qui
885 772 1019 829 dicit
1044 790 1057 828 :
1089 772 1301 827 Bonum
1320 783 1396 829 est
1425 791 1528 829 non
1559 777 1874 832 manducare

276 877 505 930 carnem,
541 880 704 935 neque
733 864 900 919 bibere
926 868 1101 920 vinum
1146 867 1166 938 (
1198 865 1351 920 Rom.
1382 883 1494 938 xlv,
1525 867 1665 939 21);
1709 878 1874 939 atque

275 971 401 1012 cum
425 956 665 1024 libuerit,
697 959 771 1012 uti
798 975 812 1023 ;
842 966 898 1014 et
925 973 1046 1014 cum
1076 958 1455 1026 delectaverit,
1486 962 1784 1028 abstinere,
1816 962 1872 1018 in

273 1049 515 1108 hominis
552 1063 826 1124 potestate
851 1055 1178 1111 consistere.
1208 1057 1228 1087 ¹
1259 1053 1525 1125 Coniugia
1553 1056 1870 1125 probamus,

277 1161 400 1218 qua:
434 1146 545 1203 Deo
584 1155 808 1203 auctore
843 1163 1101 1205 concessa
1152 1156 1279 1204 sunt
1334 1165 1348 1203 :
1397 1149 1786 1205 continentiam
1817 1150 1872 1206 in

275 1240 409 1313 ipsis
468 1243 869 1314 prardicamus;
911 1245 1295 1316 virginitatem,
1354 1255 1540 1316 utpote
1595 1245 1868 1318 egregium

282 1352 530 1408 germen,
563 1348 614 1394 et
643 1354 706 1396 ex
734 1338 892 1396 effeta
923 1339 1099 1395 trunci
1126 1340 1310 1395 radice
1337 1341 1664 1411 procedens,
1701 1341 1872 1396 extol-

273 1431 437 1488 limus
466 1441 520 1489 et
548 1434 830 1489 miramur.
861 1433 1139 1490 .lustorum
1170 1443 1630 1506 peccatorumque
1658 1435 1868 1490 distan-

274 1523 428 1592 tiam,
457 1541 565 1581 non
597 1542 665 1582 ex
701 1526 1018 1582 conditione
1047 1529 1337 1595 creatoris,
1372 1527 1470 1584 sed
1503 1527 1728 1582 arbitrio
1749 1543 1871 1584 cre-

272 1616 451 1673 dimus
472 1619 736 1676 accedere
765 1619 1487 1677 voluntatis.Po:nitentiam
1522 1629 1867 1692 peccatorum

269 1710 588 1782 plenissima
612 1711 716 1769 ﬁde
743 1713 1094 1782 suscipimus,
1130 1729 1195 1769 ac
1222 1714 1389 1770 veluti
1413 1715 1709 1770 secundam
1741 1730 1866 1786 gra—

1981 493 2179 565 indiget
2210 495 2231 567 (
2259 495 2302 551 ll
2330 495 2450 551 Pet.
2478 513 2516 564 ι,
2562 498 2634 554 20
2657 500 2700 570 ).
2730 500 2959 559 Omnem
2984 509 3312 575 scripturam
3339 527 3460 582 quae
3490 529 3583 570 ec-

1979 586 2294 645 clesiastico
2342 592 2539 646 canoni
2588 608 2696 649 non
2741 598 3000 667 congruit
3045 615 3227 672 neque
3282 610 3576 675 consentit,

1979 694 2086 734 non
2115 681 2296 736 solum
2323 697 2429 738 non
2462 686 2812 756 suscipimus,
2845 705 3034 746 verum
3065 695 3231 750 etiam
3260 698 3411 754 velut
3439 701 3575 758 alie-

1979 788 2104 867 nam
2141 789 2172 829 a
2204 775 2358 833 Fidei
2405 779 2634 836 veritate
2683 783 3026 842 damnamus.
3079 787 3389 862 Peregrinis
3415 803 3579 867 atque

1978 866 2177 936 ignotis
2206 867 2404 924 fabulis
2425 870 2497 928 de
2521 873 2912 944 scripturarum
2942 881 3302 950 continentia,
3347 902 3458 943 non
3491 866 3577 945 fa-

1977 959 2082 1014 cile
2140 964 2620 1022 accommodamus
2688 983 3008 1037 assensum;
3059 991 3236 1048 neque
3275 980 3386 1037 cito
3435 998 3580 1041 nova

1976 1051 2219 1150 doctrina
2271 1057 2484 1112 aurium
2535 1071 2841 1118 nostrarum
2889 1066 3053 1124 intrat
3105 1085 3409 1146 cavernas,
3450 1079 3578 1150 quia

1975 1142 2204 1214 legimus
2247 1146 2788 1219 Virginembnovam
2833 1157 2990 1240 aliam
3039 1161 3092 1216 in
3145 1142 3574 1240 secretopquam

1975 1237 2163 1293 rudem
2218 1241 2304 1295 vel
2355 1253 2620 1302 secretam
2672 1237 3010 1319 suspicamur
3057 1269 3180 1311 esse
3227 1237 3577 1331 doctrinam;

1975 1346 2094 1402 qua:
2122 1333 2192 1387 ob
2216 1333 2318 1390 hoc
2349 1337 2670 1406 prohibetur
2696 1341 2910 1412 inspici,
2964 1361 3032 1402 ne
3076 1348 3354 1407 hominum
3385 1357 3572 1426 corda,

1971 1427 2344 1480 commentitia
2371 1467 2384 1491 ,
2437 1429 2538 1484 sub
2581 1433 2761 1501 specie
2789 1435 3056 1507 veritatis,
3092 1455 3403 1500 sermonum
3455 1450 3576 1518 pul-

1973 1516 2281 1609 chritudine
2344 1525 2720 1596 suavitateque
2789 1528 3052 1600 decipiat.
3104 1534 3272 1609 Virgo
3337 1552 3425 1597 est
3456 1516 3572 1601 illa

1973 1607 2244 1677 doctrina,
2273 1627 2394 1683 quae
2423 1616 2558 1670 nulli
2608 1620 2727 1673 viro
2773 1621 3150 1681 ecclesiastico
3187 1607 3270 1685 vel
3302 1633 3576 1694 catholico

1971 1702 2187 1772 cognita
2239 1712 2322 1759 est
2347 1722 2362 1770 ;
2389 1707 2484 1761 sed
2509 1708 2654 1765 inter
2682 1711 2940 1768 mulieres
2977 1731 3198 1787 semper
3223 1723 3481 1794 adolevit,
3518 1731 3575 1787 id

268 1802 399 1858 tiam
444 1805 810 1874 suspicamur,
860 1806 1004 1861 sicut
1050 1805 1354 1876 Apostolus
1425 1806 1491 1861 ad
1550 1806 1868 1862 Corinthios
1897 1805 2078 1892 B951.
2111 1798 2338 1892 animaS,
2366 1816 2488 1870 qua:
2538 1817 2756 1874 semper
2800 1805 3100 1876 discentes,
3159 1818 3310 1872 omni
3359 1823 3576 1892 spiritui

269 1895 438 1952 dicit:
476 1895 635 1951 Volui
661 1914 751 1968 per
779 1914 868 1951 vos
897 1897 1091 1964 venire,
1115 1909 1171 1952 ut
1201 1897 1484 1954 secundum
1522 1900 1750 1970 gratiam
1771 1898 1867 1952 Ita-

272 1991 432 2044 beatis
461 1991 478 2059 (
503 1990 545 2046 ll
565 1988 686 2046 Cor.
717 2007 756 2058 1,
793 1991 905 2063 15).

341 2082 395 2138 6.
423 2082 592 2138 Vetus
610 2092 666 2139 et
683 2098 884 2140 novum
906 2083 1318 2141 Testamentum
1343 2083 1537 2153 aequali
1568 2083 1693 2139 ﬁdei
1717 2083 1869 2139 lance

267 2177 639 2246 suscipimus;
689 2192 752 2234 ac
789 2177 956 2233 veluti
999 2178 1274 2234 currentis
1300 2193 1396 2248 per
1421 2180 1576 2250 signa
1609 2177 1868 2247 ponderis

265 2269 426 2336 libra,
458 2271 538 2327 sic
583 2273 1019 2327 testimoniorum
1068 2283 1222 2343 gesta
1271 2271 1461 2326 mobili
1507 2271 1866 2326 meditatione

270 2378 582 2435 pensamus.
617 2363 730 2421 Nec
754 2373 781 2403 α
805 2373 1135 2422 evacuantes
1174 2364 1426 2420 historiae
1473 2363 1660 2430 ﬁdem,
1690 2363 1868 2420 credi-

269 2473 390 2513 mus
436 2458 691 2514 universa
733 2468 885 2530 gesta
909 2473 1034 2514 esse
1074 2473 1194 2529 qum
1244 2458 1521 2529 legimus;
1574 2457 1669 2512 sed
1709 2457 1866 2527 juxta

268 2550 574 2608 doctrinam
606 2552 980 2624 Apostolicam
1022 2567 1245 2607 sensum
1283 2551 1336 2606 in
1371 2552 1454 2606 his
1500 2549 1863 2620 spiritualem,

267 2656 428 2717 prout
461 2646 723 2700 Dominus
748 2644 985 2710 dederit,
1015 2655 1427 2715 perscrulamur
1471 2661 1484 2698 :
1532 2648 1625 2715 qui
1681 2653 1864 2699 tamen

267 2750 466 2794 sensus
496 2737 562 2792 ad
591 2749 774 2809 typum
803 2737 1005 2793 Christi
1035 2736 1403 2808 Ecclesiaeque
1437 2740 1705 2807 pertineat
1729 2753 1744 2802 ;
1773 2745 1866 2792 aut

266 2828 321 2885 in
349 2845 562 2887 morum
591 2830 1030 2886 emendationem
1059 2831 1572 2902 correctionemque
1600 2829 1865 2902 proﬁciat.

269 2920 341 2978 Et
375 2923 480 2980 hoc
510 2925 692 2995 ipsum
719 2923 873 2994 juxta
899 2923 1051 2994 illud,
1080 2924 1223 2995 quod
1260 2923 1558 2994 Apostolus
1592 2925 1704 2980 ait:
1741 2924 1868 2979 0m-

268 3016 355 3070 nia
401 3015 510 3071 lucc
537 3017 590 3071 in
619 3017 844 3090 ﬁguram
873 3015 1038 3071 nostri
1065 3018 1389 3088 contigerunt
1421 3017 1440 3090 (
1465 3015 1480 3069 Ι
1529 3015 1651 3071 Cor.
1684 3033 1740 3085 x,
1771 3015 1859 3088 6).

1968 1889 2304 1961 deceptionis
2343 1895 2568 1951 credula
2618 1911 2678 1953 se
2725 1899 2988 1959 facilitate
3041 1889 3422 1981 commiscent,
3463 1933 3575 1975 non

1968 1997 2113 2040 cura:
2139 1986 2400 2044 habentes
2431 1991 2575 2045 unde
2622 1993 2974 2065 concipiant;
3028 2013 3150 2054 cum
3202 2002 3467 2063 Dominus
3515 2011 3574 2067 in

1970 2076 2112 2149 Lege
2143 2081 2501 2148 mandaverit,
2544 2099 2612 2139 ne
2641 2099 2748 2140 non
2784 2087 2888 2141 nisi
2915 2088 2984 2145 de
3025 2091 3163 2147 tribu
3212 2109 3310 2151 sua
3357 2099 3410 2153 in
3440 2117 3572 2158 con-

1964 2170 2113 2243 iugio
2152 2174 2453 2245 copuletur,
2491 2177 2539 2231 id
2571 2187 2676 2246 est,
2707 2179 2783 2234 illi
2808 2179 2931 2236 ﬁdei
2967 2193 2988 2222 ε
3023 2184 3352 2256 intellectus,
3386 2195 3478 2263 qui
3503 2211 3572 2252 ex

1976 2276 2186 2336 patrum
2237 2269 2465 2333 semine.
2517 2270 2621 2327 hoc
2670 2281 2786 2341 est,
2833 2273 3078 2332 doctrina
3143 2280 3464 2352 descendit,
3517 2298 3574 2345 et

1971 2363 2206 2419 Abrahae
2235 2366 2326 2436 qui
2373 2366 2578 2436 primus
2629 2367 2681 2422 in
2712 2373 2983 2440 praeputio
3017 2376 3271 2444 credidit,
3322 2386 3576 2455 prosapia

1970 2455 2285 2547 nobilitatur
2318 2464 2373 2512 et
2421 2472 2640 2527 genere.
2694 2459 2860 2531 Virgo
2891 2473 2975 2517 est
3016 2465 3104 2521 illa
3141 2469 3412 2542 doctrina,
3447 2492 3571 2547 qute

1973 2546 2000 2585 τι
2029 2557 2234 2605 tantum
2269 2550 2320 2604 in
2346 2559 2560 2606 secreto
2581 2551 2684 2606 sibi
2720 2554 2912 2622 placet,
2967 2567 3019 2611 et
3062 2560 3110 2612 in
3145 2563 3414 2630 publicum
3448 2546 3576 2626 eru-

1968 2643 2141 2699 bescit
2161 2645 2332 2698 exire.
2366 2643 2516 2700 Hanc
2545 2645 2731 2710 talem,
2764 2661 2870 2702 non
2897 2649 3071 2704 solum
3100 2652 3353 2722 fugimus,
3380 2676 3570 2718 verum

1969 2738 2131 2793 etiam
2164 2737 2374 2806 publica
2418 2752 2550 2792 voce
2578 2737 2920 2805 damnamus,
2977 2744 3198 2800 stultum
3246 2757 3268 2784 ε
3307 2748 3572 2811 docentes

1970 2827 2074 2886 hoc
2101 2829 2350 2893 credere,
2377 2829 2520 2899 quod
2547 2838 2642 2884 aut
2673 2831 2771 2901 ipsi
2795 2832 3091 2890 defendere
3118 2852 3224 2894 non
3255 2856 3566 2914 possumus,

1970 2930 2064 2979 aut
2087 2922 2152 2977 ad
2177 2937 2339 2977 aures
2367 2921 2614 2992 publicas
2645 2937 2754 2978 non
2783 2925 2980 2980 debeat
3010 2932 3323 2998 pervenire.

2043 3016 2098 3069 7.
2139 3014 2162 3046 ³
2199 3014 2406 3084 Jejunia
2452 3015 2741 3070 attentiora
2789 3017 3084 3074 secundum
3145 3025 3569 3088 ecclesiasticam

345 3227 662 3304 ‘_Sanctunt
689 3225 885 3304 jejunii
913 3238 1071 3280 usum
1099 3222 1442 3304 Iovinianus,
1468 3220 1625 3304 cujus
1653 3229 1866 3304 tempof
1893 3223 1941 3290 C
1973 3233 2031 3304 eo
2047 3218 2227 3271 audito
2256 3216 2490 3304 nupsisse
2527 3215 2800 3304 dicantur.
2821 3215 2892 3304 ‘Si.
2946 3217 3308 3304 Hieronymus
3351 3245 3568 3304 quoque

269 3313 327 3354 re
371 3292 716 3354 Baebiarium
744 3292 982 3351 'vixisse
1031 3294 1384 3356 crediderim,
1421 3292 1737 3360 improbare
1779 3301 1867 3349 est

268 3385 456 3429 ausus.
489 3371 648 3439 eique
686 3385 746 3424 se
773 3367 1042 3423 catholica
1072 3368 1254 3420 statim
1285 3368 1545 3439 opposuit
1589 3364 1862 3439 Ecclesia.

267 3436 640 3512 Hieronymus
688 3446 773 3512 vir
815 3439 1212 3512 sanctissimus,
1254 3443 1360 3512 cui
1399 3437 1644 3512 omnium
1689 3436 1866 3505 primo

265 3515 408 3568 hanc
451 3508 706 3567 hirresim
754 3511 1007 3582 jugulare
1062 3509 1314 3576 contigit,
1351 3508 1592 3582 hmretici
1645 3522 1865 3582 errores

268 3584 483 3639 duobus
505 3583 658 3640 libris
689 3579 926 3651 excepit,
960 3583 1011 3636 in
1052 3596 1283 3652 quorum
1313 3581 1487 3634 altero
1521 3579 1769 3652 pluribus
1797 3579 1866 3634 de

265 3655 455 3726 jejunii
491 3655 729 3711 utilitate
755 3655 909 3726 ﬁngit,
941 3654 1027 3723 ubi
1058 3651 1221 3708 etiam
1274 3653 1490 3726 erudite
1524 3651 1864 3726 probatoru-

268 3723 383 3781 nem
415 3737 708 3782 creaturam
741 3725 833 3780 Dei
858 3741 974 3796 qute
999 3726 1068 3777 ad
1097 3741 1222 3779 usus
1251 3723 1482 3796 ciborum
1530 3738 1564 3774 a
1601 3723 1866 3796 conditore

266 3814 508 3854 concessa
539 3809 636 3868 est,
667 3792 880 3852 bonam'
907 3813 1038 3862 esse,
1071 3799 1145 3850 uti
1189 3793 1517 3868 rBacltiarius
1570 3795 1682 3868 ait;
1718 3792 1863 3868 quod

266 3878 447 3926 tamen
479 3863 669 3925 inscite
694 3867 1014 3924 .lovinianns
1043 3867 1296 3936 negabat.
1327 3865 1385 3920 S.
1430 3865 1764 3935 Augustinus
1794 3863 1863 3918 ad

264 3941 704 4008 Quodvultdeum
736 3941 833 3994 lib.
869 3939 938 3994 de
971 3938 1177 3992 Ha-rcs.
1205 3952 1355 3991 num.
1394 3936 1484 3999 εἳ,
1517 3936 1860 4008 deiJovinia-

266 4006 337 4066 no
367 4013 618 4082 lquens,
652 4013 729 4066 ait
762 4030 773 4064 :
811 4009 909 4063 Hic
935 4013 1110 4082 omnia
1141 4019 1375 4078 peccata,
1400 4009 1532 4062 sicut
1561 4006 1730 4082 Stoici
1750 4007 1866 4082 plri-

265 4079 493 4154 losOpIii,
527 4079 678 4156 paria
708 4099 818 4138 esse
847 4081 1078 4156 diccbat,
1110 4097 1203 4135 nec
1245 4096 1394 4150 posse
1445 4095 1673 4156 peccare
1699 4079 1866 4156 [tomi-

265 4149 390 4208 nem'
427 4149 632 4210 lauacro
682 4155 1093 4224 regenerationis
1120 4161 1356 4224 accepto,
1375 4167 1464 4204 nec
1507 4149 1864 4224 aliquidpro—

266 4226 413 4299 desse
450 4228 654 4299 jejunio
683 4221 760 4281 vel
787 4244 819 4279 a
848 4223 978 4299 cibis
1000 4221 1266 4299 aliquibus
1303 4223 1692 4299 abstinentiam.
1725 4221 1864 4299 Yide

264 4297 324 4354 S.
352 4292 700 4353 Ambrosium
729 4299 782 4353 in
808 4297 973 4367 epist.
993 4292 1177 4362 82,'ad
1210 4295 1444 4350 Vercell.
1469 4310 1485 4358 ;
1516 4292 1861 4348 Gcnnadium

265 4370 318 4424 in
348 4369 499 4423 Fidei
527 4370 782 4437 profess.,
815 4380 923 4422 etc.

337 4442 358 4471 ³
390 4435 574 4494 Altera
624 4443 741 4494 hac
772 4435 890 4494 fuit
919 4438 1188 4494 .loviniani
1220 4435 1472 4500 haeresis,
1507 4450 1703 4504 nempe
1731 4450 1864 4490 con-

260 4509 408 4582 jugia
443 4526 600 4566 Sacro
629 4511 974 4582 Virginitatis
1005 4519 1130 4582 voto
1162 4525 1400 4579 aequare.
1433 4511 1488 4561 ὃ.
1525 4512 1861 4582 Augustinus

266 4578 389 4653 loco
420 4599 582 4653 supra
631 4578 800 4638 cita'to
828 4583 980 4637 addit
1013 4601 1025 4634 :
1063 4578 1431 4652 Virginitatem
1479 4578 1861 4653 sanctimonia-

263 4652 420 4716 lium,
445 4649 500 4708 εἰ
525 4656 896 4710 continentiam
927 4670 1080 4707 sexus
1107 4649 1273 4707 virilis
1297 4655 1350 4704 in
1392 4652 1584 4705 sanctis
1623 4649 1857 4721 eligenti-

264 4725 359 4797 bus
387 4727 614 4781 caelibem
642 4731 820 4791 vitam,
847 4726 1212 4797 conjugiorum
1244 4735 1509 4797 castorum
1549 4719 1708 4792 atque
1729 4719 1859 4789 fide-

263 4796 390 4851 lium
419 4802 613 4852 meritis
638 4794 979 4868 ada’quabat';
1008 4794 1078 4848 ita
1109 4804 1166 4868 nt
1191 4794 1432 4868 qutrdum
1453 4795 1677 4868 virgines
1701 4805 1862 4868 sacrm

265 4879 522 4938 provecta:
537 4874 653 4942 jam
682 4863 854 4923 (etatis
881 4870 935 4920 in
977 4869 1099 4920 urbe
1127 4863 1296 4919 Roma
1346 4865 1433 4919 ubi
1482 4863 1590 4919 luec
1620 4863 1854 4929 docebat,

337 5063 362 5089 α
403 5052 730 5127 Notissintus
759 5060 844 5105 est
873 5051 972 5105 hac
1001 5050 1070 5105 de
1091 5064 1151 5105 re
1179 5047 1431 5127 Origenis
1473 5061 1657 5127 error,
1699 5061 1859 5127 quem

263 5123 466 5179 Doctor
484 5123 750 5178 Maximus
773 5138 918 5192 sa-pe
943 5132 1120 5184 nutat,
1153 5115 1458 5192 pra'sertitn
1481 5133 1612 5192 vero
1643 5115 1863 5192 inlibro

262 5204 452 5251 contra
480 5193 746 5248 Joannem
800 5188 1207 5265 Hierosolytnit.
1242 5207 1391 5246 num.
1426 5188 1862 5265 7._Con~‘ule,___si

264 5267 436 5332 lubet,
473 5266 616 5320 Diss.
647 5266 705 5333 2,
733 5280 856 5336 cap.
901 5258 1191 5320 4.—'|l;ec
1220 5276 1436 5332 quoque
1466 5261 1698 5316 Dissert.
1730 5258 1861 5313 alibi

263 5338 592 5394 exhibenda.

335 5410 362 5450 δ
402 5409 598 5476 Locus,
630 5409 676 5462 si
709 5409 831 5479 quis
876 5406 1042 5479 alius,
1079 5405 1544 5479 corruptissimus.
1599 5401 1858 5479 Libenter

263 5482 338 5536 ita
368 5473 774 5537 restituerem}
835 5479 970 5546 Quia
1023 5473 1260 5549 legimus-
1303 5473 1858 5549 Virginemnomirtari

263 5552 439 5616 Alma,
472 5553 565 5606 hoc
594 5564 665 5607 est
721 5553 772 5605 in
830 5545 1193 5616 secretofvcl
1245 5545 1512 5603 secretam.
1563 5545 1856 5600 Adeundus

263 5621 964 5694 sanctus,llieronymusiin
990 5637 1111 5692 cap.
1146 5635 1219 5675 vn
1251 5617 1546 5694 lSai:{3,_H,
1594 5616 1858 5694 ubiinter

262 5701 460 5750 caetera
495 5693 610 5768 haec
631 5685 793 5768 habet
828 5710 841 5746 :
879 5693 1021 5768 Ergo
1052 5685 1192 5768 ius
1224 5708 1326 5745 non
1356 5688 1527 5744 solum
1556 5687 1756 5768 puella,
1779 5685 1859 5768 rei

262 5780 442 5828 νικος),
473 5767 562 5818 sed
589 5782 706 5818 cum
735 5759 986 5832 ἐπιτάσεᾷ
1016 5767 1158 5834 t'irgo
1186 5777 1510 5820 ABSCONDITA
1539 5759 1760 5834 dicitnr__
1780 5759 1860 5812 vel

262 5851 527 5904 smitam,
559 5852 675 5908 quce
703 5829 983 5908 numquam
1011 5829 1239 5891 virorum
1269 5834 1493 5908 patuerit
1547 5829 1854 5904 aspectibus.

834 5932 1104 5991 PATBOL.
1189 5927 1354 5990 XX.
1437 6005 1442 6012 ι

1973 3291 2073 3372 μὴ.
2109 3305 2126 3343 ι
2158 3286 2376 3372 contra
2417 3286 2963 3372 dovinianumdtaﬂc
3009 3286 3252 3372 “illidﬁm
3311 3286 3572 3372 βίοβθιῐῖίὶ

1973 3361 2291 3444 hat-resimi}.
2307 3357 2446 3441 Dicit
2477 3359 2722 3444 uirgines,
2749 3361 2934 3444 viduas
2964 3373 3011 3415 et
3037 3357 3334 3444 maritatas:
3353 3357 3470 3444 qu'a;
3488 3357 3569 3435 ,‘é;

1973 3432 2072 3486 mel
2229 3429 2435 3510 Christo
2484 3431 2603 3485 Ioue
2645 3433 2868 3510 sunt,_si
2898 3449 3003 3510 n_on
3049 3429 3347 3510 discrepant
3366 3429 3566 3505 cretei-is

1971 3501 2502 3584 operibus,_fjusdeni
2530 3518 2639 3584 esse
2669 3504 2860 3584 meriti.
2905 3501 3230 3584 Gennadius
3261 3511 3478 3584 _Massil.
3498 3501 3565 3575 in

1970 3575 2208 3630 Prol'ess.
2245 3573 2423 3646 Fidei,
2459 3588 2577 3642 quae
2607 3573 2658 3628 in
2691 3574 2944 3643 Append.
2979 3577 3044 3630 ad
3095 3589 3226 3634 tum.
3261 3582 3328 3637 Ill
3361 3587 3418 3642 S.
3453 3573 3569 3646 Αίιξ

1968 3646 2172 3718 gustini
2202 3645 2348 3718 edita
2384 3656 2500 3718 est,
2548 3661 2698 3718 nunt.
2733 3645 2822 3709 68,
2859 3647 3062 3700 similia
3093 3651 3254 3707 habet
3287 3672 3302 3708 :
3331 3645 3567 3718 Sacrata:

1970 3715 2083 3772 Deo
2100 3715 2395 3792 rirginitati
2417 3717 2626 3792 nuptias
2655 3731 2942 3792 coaequare,
2968 3729 3057 3792 aut
3087 3739 3182 3792 pro
3207 3741 3382 3782 amore
3409 3715 3566 3788 casti.

1969 3789 2127 3867 gandi
2173 3785 2406 3867 corporis
2456 3785 2834 3841 abstinentibus
2873 3805 2904 3867 a
2935 3791 3064 3867 νὶηρΔ
3087 3785 3454 3867 itebcarnibus,
3479 3785 3568 3859 ἠὲι

1968 3858 2178 3914 credere
2205 3858 2378 3913 meriti
2408 3873 2717 3923 accrescere,
2752 3875 2854 3913 non
2883 3861 2977 3913 hoc
3000 3858 3304 3933 Christiani,
3338 3858 3567 3929 sed'Jo-

1970 3933 2166 3985 υἱηὶαηὶ
2193 3940 2286 3984 est.

2041 4003 2062 4034 ³
2092 4003 2380 4073 Egregiam
2410 4000 2856 4070 Disquisitionem
2897 4003 2966 4060 de
3004 4016 3248 4064 veterum
3299 4012 3567 4072 Christia-

1970 4090 2164 4130 norum
2195 4073 2426 4140 Jejuniis
2457 4073 2582 4128 vide
2613 4073 2753 4142 apud
2787 4089 2836 4130 c.
2874 4090 2922 4128 v.
2955 4075 3339 4138 Cabassutium
3374 4087 3426 4140 in
3457 4088 3568 4144 Νυ-

1972 4144 2055 4201 tit.
2081 4161 2209 4200 saec.
2237 4161 2295 4199 ιι.
2315 4144 2518 4214 Jejunii
2541 4154 2723 4198 autem
2750 4161 2875 4201 vera
2900 4149 3044 4203 ratio
3071 4165 3178 4205 non
3209 4155 3262 4208 in
3291 4173 3358 4209 eo
3384 4159 3565 4216 solum

1968 4221 2070 4273 sita
2104 4227 2244 4282 erat,
2269 4228 2327 4270 ut
2359 4233 2387 4269 a
2419 4216 2557 4269 cibis
2613 4223 2669 4269 et
2710 4220 3200 4288 comessationilsus
3254 4225 3566 4288 Christiana

1967 4304 2098 4376 gens
2119 4289 2454 4376 abstineret;
2480 4287 2892 4376 veru‘m'etiam,
2920 4303 2978 4345 ut
3023 4308 3083 4348 se
3117 4295 3344 4376 reliquis
3375 4287 3571 4376 volup;

1969 4358 2171 4414 tatibus
2202 4358 2556 4435 subduceret.
2589 4358 2691 4435 Qui
2736 4360 2859 4428 pius
2907 4377 3026 4418 mos
3053 4366 3195 4435 apud
3228 4358 3445 4427 veteres
3469 4358 3570 4430 Pa.

1971 4442 2108 4515 tres_
2135 4446 2243 4486 non
2275 4429 2794 4515 _raro_.de.scriptus‘
2847 4429 3138 4515 reperitur,
3173 4448 3228 4515 et
3287 4429 3570 4515 pt'mt'iptie

1968 4502 2110 4574 apud
2136 4512 2382 4582 sanctum
2412 4501 2725 4582 Maximum,
2850 4501 3391 4582 Leonei‘n,'aliosque
3420 4501 3570 4574 rete—-

1969 4573 2057 4629 res
2104 4586 2308 4644 patres.
2343 4573 2416 4627 De
2461 4573 2692 4640 Jejuniis
2749 4573 3217 4643 elegantissimum
3273 4573 3562 4644 tractatum

1967 4647 2136 4701 edidit
2164 4645 2502 4700 clarissimus
2532 4644 2592 4698 P.
2627 4644 3043 4714 Thoniassinus.
3081 4649 3215 4704 Vide
3265 4668 3395 4708 vero
3442 4659 3565 4714 Dis-

1967 4717 2312 4788 quisitionetn
2346 4731 2522 4790 meam
2548 4714 2613 4767 de
2636 4712 3054 4790 Jejuuit’s‘trinm
3083 4732 3129 4773 rt
3157 4733 3380 4790 quatuor
3411 4712 3564 4783 Tom-

1967 4785 2174 4870 parum,
2203 4802 2363 4858 quam
2390 4797 2447 4840 ut
2480 4785 2624 4839 hunc
2649 4785 2825 4840 locum
2851 4785 3182 4846 illustrareni
3214 4794 3265 4848 in
3300 4793 3404 4852 hoc
3429 4799 3568 4858 libro

1969 4873 2237 4914 Invenies.

1964 5041 2023 5116 ln
2056 5039 2339 5095 Hebraicis
2391 5038 2702 5116 nominibus
2753 5052 2900 5116 saepe
2929 5038 3065 5116 ludit
3124 5040 3465 5116 Bachiarius,
3509 5061 3568 5107 ut

1965 5114 2377 5168 obsi-rvavimus
2411 5112 2547 5164 [)iss.
2584 5110 2636 5168 9.
2675 5118 2731 5163 et
2759 5110 2952 5176 cuique
3013 5111 3309 5171 observare
3341 5110 3467 5175 licet
3512 5123 3567 5178 in

1965 5186 2137 5239 altero
2164 5183 2352 5236 libello
2383 5181 2457 5254 de
2490 5181 2834 5253 lieparatt'one
2862 5182 3014 5254 lapsi.

2042 5267 2064 5294 ο
2107 5254 2271 5325 Lege,
2314 5251 2613 5325 intellectui.
2643 5258 2768 5308 Νοῦν
2823 5251 3019 5308 vocant
3065 5254 3222 5311 Philo
3263 5257 3484 5316 Judaaus
3508 5273 3566 5318 et

1966 5322 2214 5398 Philonis
2242 5322 2794 5398 sectatorAOrigenes,
2829 5340 3073 5398 quorum
3102 5340 3348 5398 uterque
3402 5334 3564 5388 innu-

1967 5401 2135 5471 meris
2166 5397 2216 5449 in
2260 5398 2394 5451 locis
2438 5396 2733 5471 allegorica
2790 5395 2933 5449 illius
2987 5395 3564 5471 conjugis—explicat.

1967 5470 2074 5525 Sed
2109 5472 2438 5537 interpretes
2467 5468 2665 5537 saepius
2689 5467 2946 5538 decorum
2971 5483 3079 5522 non
3107 5479 3354 5538 servant,
3375 5467 3565 5532 ὲινοῦν

1965 5540 2220 5605 reddunt,
2247 5549 2488 5601 mentem,
2521 5537 2833 5593 femininam
2861 5553 3074 5595 vocem.

2039 5610 2065 5648 ἀ
2103 5609 2373 5681 Corrupte
2403 5610 2573 5664 editio
2600 5610 2741 5664 Med.
2774 5609 2862 5665 cui
2914 5618 3094 5666 tamen
3128 5611 3274 5669 favet
3301 5625 3561 5692 autogra-

1969 5683 2155 5754 phtnn,
2189 5693 2349 5737 tanto.

2046 5765 2069 5792 ε’
2105 5754 2338 5816 Mallem,
2368 5755 2633 5808 ducentes.

3136 5917 3212 5979 33
