4074 6204
532 250 674 312 1059

1826 249 2183 311 BACHlARIl
2222 250 2529 310 MONACHI

3691 257 3823 317 ιοιο

533 384 760 426 suorum
796 367 1003 424 loculos
1031 374 1107 423 tot
1126 367 1406 423 constituit
1439 380 1637 437 genera
1676 368 2081 439 pigmentorum
2104 412 2121 438 ,
2152 379 2202 438 Α
2230 382 2387 424 soror
2414 378 2502 424 tua
2536 377 2653 434 est;
2686 382 2847 438 quam
2880 368 2926 423 si
2963 381 3158 438 passus
3184 369 3357 427 fueris
3387 370 3537 426 inter
3562 370 3819 441 alienige-

535 463 582 517 εἰ
614 463 748 517 nihil
782 470 955 518 estex
988 462 1239 517 omnibus
1267 460 1581 530 emplastris
1613 460 1755 530 ejus,
1794 474 1901 530 quo
1936 461 2119 515 sanari

534 555 710 625 possit
755 556 947 609 vulnus
991 554 1136 625 quod
1190 552 1394 609 inﬂixit
1448 552 1741 609 inimicus?
1811 552 1965 607 Itane
2021 551 2124 607 fuit

529 650 674 719 quod
697 649 892 704 lateret
912 657 937 685 ίι
963 648 1329 711 Archiatrum,
1362 648 1448 703 cui
1478 662 1819 717 nequaquam
1846 646 1983 701 artis
2008 661 2121 701 sua:

526 742 725 811 peritia
759 738 1159 810 provideret?b
1195 740 1259 793 Et
1302 742 1346 794 si
1393 740 1587 807 placet,
1622 739 1936 809 aperiamus
1961 738 2123 794 scho-

527 832 634 886 lam
664 830 856 887 Medici
890 833 1086 897 nostri;
1115 839 1169 885 et
1198 846 1259 885 ea
1288 831 1555 900 principio
1585 832 1813 887 canonis
1835 832 2119 886 vulnerum

525 934 583 981 et
622 925 1042 979 medicaminum
1091 926 1306 993 species
1340 925 1741 995 perquiramus.
1786 925 1926 980 Ecce
1958 926 2011 979 in
2041 926 2123 993 ip-

528 1018 646 1073 sius
668 1019 894 1073 introitu
926 1019 1129 1073 scliolze
1169 1029 1463 1073 occurrunt
1502 1019 1582 1073 illi
1612 1018 1722 1073 duo
1752 1028 2004 1073 auctores
2035 1033 2122 1073 se-

527 1113 693 1168 minis
720 1113 957 1167 carualis
992 1124 1038 1179 ο,
1072 1113 1163 1183 qui
1195 1122 1466 1167 venenato
1499 1114 1770 1183 serpentis
1800 1113 1962 1169 dente
1993 1129 2120 1184 per-

526 1204 670 1259 cussi
698 1248 711 1271 ,
753 1218 862 1259 non
905 1202 1138 1259 statimd
1168 1212 1445 1274 perpetuae
1490 1220 1663 1275 poenae
1703 1207 1896 1260 mortis
1918 1206 2121 1261 addicti

527 1307 657 1352 sunt
682 1314 696 1361 ;
726 1295 821 1350 sed
850 1296 1045 1365 deiecti
1074 1297 1142 1352 de
1168 1297 1407 1366 paradisi
1448 1297 1678 1355 deliciis.
1716 1297 1766 1351 id
1791 1308 1897 1363 est,
1930 1298 1999 1353 de
2024 1299 2121 1354 Ec-

524 1388 709 1444 clesiae
739 1388 995 1443 libertate
1032 1398 1087 1443 et
1122 1389 1191 1444 de
1234 1391 1376 1443 sacri
1422 1390 1812 1445 communione
1847 1391 2118 1461 mysterii,

524 1480 650 1536 ideo
688 1482 1015 1551 temporarie
1065 1482 1168 1536 sub
1198 1493 1326 1551 typo
1358 1481 1613 1537 maeroris
1646 1482 2122 1552 tribulationisque

524 1574 764 1627 damnati
794 1582 942 1639 sunt,
977 1585 1034 1627 ut
1059 1574 1385 1644 malagmate
1408 1574 1746 1646 paenitentia:
1773 1584 2117 1642 sanarentur;

524 1676 583 1722 et
604 1682 669 1721 eo
694 1682 861 1737 usque
890 1666 961 1721 de
984 1667 1129 1737 ligno
1153 1666 1297 1735 vitae,
1346 1667 1397 1721 id
1443 1678 1550 1733 est,
1580 1666 1780 1723 Christi
1834 1670 2121 1738 participio

2225 476 2320 515 nas
2342 462 2577 523 servire,
2614 461 2890 530 peccabis.
2920 461 3029 517 Sed
3055 462 3194 518 dicis
3226 464 3487 530 fortasse,
3524 464 3712 520 Levita
3744 473 3825 519 cst

2226 554 2332 608 iste
2383 554 2475 623 qui
2515 554 2719 609 cecidit
2762 572 2775 608 :
2824 570 2932 609 non
2972 557 3021 611 ei
3052 558 3279 612 remedii
3325 567 3509 625 potest
3558 558 3823 613 medicina

2222 644 2482 701 conferri.
2527 647 2712 712 Erras,
2732 646 2903 703 frater
2936 666 2948 701 :
2980 663 3206 704 recurre
3234 649 3299 703 ad
3331 649 3580 705 scholam
3612 650 3825 705 Medici.

2224 737 2365 793 Ecce
2416 739 2469 792 in
2519 740 2763 794 secundo
2789 741 2934 805 loco,
2968 742 3023 795 id
3047 752 3155 807 est,
3190 742 3365 797 Exodi
3401 744 3567 809 libro,
3611 743 3703 798 tibi
3747 754 3829 797 to-

2224 830 2331 885 tius
2370 831 2526 901 plaga
2579 831 2765 903 populi
2807 834 3114 905 vulnusque
3139 835 3498 901 describitur,
3522 837 3694 891 etiam
3728 836 3831 891 Le-

2224 922 2347 977 vitze
2400 938 2659 992 peccasse
2719 925 3066 992 referuntur;
3110 929 3202 998 qui
3253 930 3466 997 priores
3525 931 3591 984 ad
3640 945 3831 985 corre-

2223 1016 2465 1085 ptionem
2500 1017 2827 1087 legislatoris
2855 1020 3135 1075 emendati
3162 1036 3287 1076 esse
3341 1022 3746 1091 perhibentur;
3776 1035 3833 1077 et

2224 1124 2331 1162 non
2366 1118 2473 1162 tam
2508 1110 2559 1163 in
2597 1110 2677 1164 cis
2718 1112 2926 1180 peccati
2961 1114 3171 1167 crimen
3202 1116 3473 1184 arguitur,
3515 1131 3679 1185 quam
3728 1130 3832 1170 ve-

2227 1200 2315 1254 lox
2380 1203 2673 1257 conversio
2719 1203 2775 1257 in
2835 1207 3174 1273 pmuitenlia:
3230 1207 3521 1263 celeritate
3576 1208 3835 1263 laudatur

2228 1293 2246 1363 (
2270 1292 2438 1346 Exod.
2465 1309 2636 1359 χχχιι,
2662 1294 2687 1347 1
2717 1312 2855 1366 seqq.
2878 1294 2919 1363 ).
2944 1295 3112 1366 Cujus
3141 1297 3221 1353 rei
3250 1299 3415 1353 etiam
3451 1300 3506 1354 in
3540 1299 3835 1357 Ezechiele

2225 1386 2473 1440 meminit
2528 1387 2793 1442 Dominus
2852 1396 3063 1456 noster,
3121 1406 3243 1446 cum
3295 1392 3432 1447 dicit
3463 1393 3533 1448 de
3579 1393 3831 1449 Levitis:

2228 1478 2329 1544 Qui
2356 1481 2511 1547 primi
2536 1482 2773 1536 exierunt
2811 1501 2843 1537 a
2883 1500 2983 1550 me,
3014 1502 3128 1539 cum
3152 1499 3377 1541 errasset
3402 1487 3571 1543 Israel
3596 1489 3829 1559 (Ezeth.

2224 1589 2372 1638 xuv,
2406 1575 2522 1644 10).
2556 1574 2676 1643 ipse
2718 1591 2939 1648 quoque
2982 1580 3234 1650 pontifex
3291 1582 3358 1635 ad
3413 1584 3833 1653 suggestionem

2227 1667 2407 1736 populi
2454 1667 2659 1722 idolum
2715 1669 3008 1727 fabricavit
3043 1689 3057 1725 :
3087 1688 3185 1741 pro
3214 1689 3322 1744 quo
3357 1677 3667 1732 oratiOnem
3701 1678 3837 1734 fecit

520 1758 738 1813 exsules
766 1758 989 1825 fierent,
1019 1760 1195 1814 donec
1236 1759 1302 1813 ad
1328 1775 1450 1815 eum
1478 1775 1573 1828 per
1594 1764 1929 1831 romphmam
1963 1761 2115 1816 tlnm-
2152 1768 2198 1827 Β
2229 1760 2465 1831 Moyses,
2500 1762 2602 1816 hoc
2631 1770 2735 1823 est.
2772 1762 3020 1819 fraterno
3049 1765 3317 1822 liberatus
3347 1779 3433 1824 est
3461 1771 3693 1825 auxilio.
3721 1772 3835 1828 Sed

522 1866 703 1907 meam
741 1850 897 1923 (Gen.
924 1867 1003 1906 ιιι.
1030 1851 1148 1921 2A),
1180 1851 1229 1905 id
1260 1862 1344 1907 est
1364 1853 1587 1922 ignitam
1636 1854 1882 1924 martyrii
1908 1854 2119 1921 passio-

523 1961 673 2013 nem,
725 1957 818 1999 aut
867 1961 964 2015 per
1011 1944 1303 2001 Cherubim
1350 1944 1568 1999 Domini
1596 1947 1687 2016 qui
1730 1947 2122 2015 interpretatur

522 2036 798 2091 multitudo
844 2037 1093 2101 scientiis,
1126 2047 1436 2093 remearent
1477 2055 1490 2090 :
1521 2038 1588 2091 de
1618 2038 1817 2107 quibus
1848 2054 1992 2094 nunc
2022 2056 2122 2109 per

521 2130 738 2201 singula
772 2145 881 2184 non
903 2139 988 2185 est
1014 2131 1276 2199 temporis
1302 2130 1471 2199 loqui.
1508 2130 1646 2197 Quid
1678 2147 1805 2186 vero
1828 2131 1916 2185 ille
1936 2132 2121 2186 fratri-

523 2225 668 2293 cida,
698 2226 785 2279 cui
826 2225 896 2279 ob
939 2225 1043 2278 hoc
1093 2224 1308 2294 signum
1353 2223 1616 2278 Dominus
1663 2225 1886 2280 mandat
1914 2226 2120 2295 imponi

520 2317 681 2392 (Gen.
737 2334 811 2382 tv,
838 2316 948 2388 15),
1001 2332 1068 2371 ne
1098 2316 1166 2370 ab
1194 2317 1380 2385 aliquo
1408 2316 1583 2386 possit
1613 2316 1833 2371 occidi?
1863 2317 1984 2371 Νοη
2015 2319 2122 2373 vult

522 2413 658 2468 enim
705 2420 918 2465 mortem
958 2410 1263 2481 peccatoris,
1319 2411 1409 2464 sed
1454 2419 1509 2464 ut
1554 2420 1880 2466 convertatur
1901 2422 1949 2466 et
1988 2414 2121 2467 virat

520 2502 739 2577 (Ezech.
770 2518 923 2569 xvttt,
949 2501 1064 2572 ‘52).
1090 2500 1199 2557 Nec
1231 2502 1389 2572 lange
1419 2503 1488 2557 ab
1518 2502 1601 2557 his
1628 2504 1794 2558 distat
1828 2504 1919 2560 ille
1969 2504 2121 2576 prin-

518 2612 652 2667 ceps
684 2606 917 2667 patrum,
950 2597 1041 2666 qui
1073 2595 1279 2665 primus
1310 2595 1619 2663 credidit,et
1646 2606 1939 2665 reputatum
1972 2609 2049 2654 est
2076 2601 2122 2655 ei

514 2690 858 2764 adjustitiam
881 2686 1039 2757 (Gen.
1064 2703 1155 2756 xv,
1189 2686 1281 2756 6);
1308 2688 1401 2757 qui
1423 2696 1641 2759 captum
1666 2691 1736 2743 ab
1766 2691 1947 2745 hostili
1985 2703 2006 2729 ε
2041 2692 2120 2748 le-

516 2784 680 2852 gione
724 2782 891 2835 lilium
921 2779 1127 2846 fratris,
1162 2789 1439 2849 assumpta
1475 2781 1902 2837 vernaculorum
1940 2784 2118 2848 turba,

519 2873 792 2944 surripuit
823 2892 836 2928 :
868 2887 1030 2943 quem
1084 2872 1430 2943 postmodum
1472 2871 1541 2928 de
1570 2872 1822 2928 Sodoan
1857 2874 2032 2945 plaga,
2068 2874 2121 2929 id

517 2976 627 3035 est,
650 2964 937 3036 dejudicio
960 2965 1247 3034 gehennae,
1272 2963 1461 3018 habito
1482 2979 1604 3019 cum
1628 2964 1812 3019 divina
1836 2968 2123 3035 majestate

516 3060 815 3131 colloquio,
869 3060 975 3115 hoc
1003 3068 1109 3127 est,
1142 3058 1418 3113 orationis
1461 3074 1572 3113 sua:
1603 3061 1816 3114 meritis
1847 3059 2117 3115 liberavit.

2226 1854 2364 1909 dicis
2394 1855 2651 1921 fortasse,
2685 1857 3003 1914 beatissime
3040 1879 3053 1914 :
3084 1860 3277 1917 Adhuc
3332 1879 3433 1919 nec
3464 1864 3671 1921 Levita:
3699 1883 3835 1922 san-

2224 1947 2444 2003 cdlicati
2475 1959 2655 2015 erant,
2691 1967 2792 2006 uec
2823 1953 3069 2021 pontifex
3094 1968 3485 2025 consecratus,
3515 1974 3643 2015 cum
3675 1961 3836 2018 istius

2226 2041 2352 2095 mali
2387 2043 2597 2097 crimen
2629 2043 2930 2101 admissum
2964 2057 3073 2102 est.
3108 2048 3227 2105 Non
3265 2053 3585 2110 contradico
3618 2057 3835 2127 perspi-

2224 2136 2387 2191 cacize
2419 2145 2545 2201 ture,
2570 2153 2730 2208 quam
2757 2154 2827 2195 ex
2856 2140 3263 2212 Scripturarum
3292 2146 3672 2204 voluminibus
3701 2165 3835 2205 con-

2224 2231 2437 2299 cepisti.
2463 2230 2669 2287 Tamen
2690 2231 2808 2288 sich
2826 2250 3039 2303 possem
3056 2240 3395 2308 reSpondere
3420 2242 3513 2297 tibi
3528 2247 3832 2300 secundum

2224 2324 2587 2391 apostolicam
2619 2329 2976 2396 sententiam,
3011 2347 3114 2401 qua
3148 2333 3390 2403 loquitur
3444 2336 3511 2389 ad
3568 2338 3835 2394 Hebraeos

2226 2414 2430 2482 (Hebr.
2472 2433 2566 2481 vn,
2620 2419 2841 2491 9,10);
2882 2424 3004 2493 quia
3039 2424 3092 2479 in
3123 2424 3364 2482 Ahraha:
3414 2429 3614 2485 lumbis
3660 2432 3837 2488 latens

2224 2504 2611 2564 Levidecimas
2632 2509 2647 2546 ί
2670 2512 3071 2570 Melchisedech
3090 2516 3262 2581 dedit.
3278 2528 3334 2575 et
3350 2523 3583 2589 accepit.
3600 2526 3715 2578 Aut
3731 2525 3840 2595 ipsi

2224 2597 2405 2653 Aaron
2456 2601 2584 2671 quid
2619 2602 2719 2656 tibi
2759 2604 2938 2660 minus
2966 2608 3191 2663 videtur
3224 2608 3393 2667 fuisse
3422 2612 3491 2668 de
3536 2616 3837 2684 pontiﬁcali

2227 2691 2434 2748 honore
2465 2695 2551 2749 vel
2582 2696 2777 2765 gradu,
2812 2714 2936 2753 cum
2978 2699 3279 2773 Egyptum
3334 2705 3505 2775 signis
3561 2710 3839 2777 percussit

2224 2783 2539 2852 horrendis,
2566 2795 2623 2841 et
2647 2790 2940 2859 egrediens
2995 2802 3156 2849 nocte
3200 2810 3323 2851 cum
3374 2798 3611 2869 populo,
3650 2804 3665 2849 l
3705 2816 3838 2857 san-

2224 2885 2368 2931 ctum
2398 2879 2698 2935 celebravit
2735 2884 2977 2951 pascha?
2999 2884 3216 2943 Scimus
3244 2899 3427 2945 autem
3458 2892 3719 2962 quiasine
3748 2910 3839 2950 sa-

2224 2969 2449 3024 cerdote
2482 2971 2684 3040 pascha
2710 2989 2817 3029 non
2848 2988 3068 3047 poterat
3090 2978 3384 3037 celebrari.

2298 3067 2353 3121 5.
2396 3065 2503 3123 Sed
2525 3066 2856 3126 intermissis
2887 3072 2994 3137 his,
3027 3075 3371 3143 interrogare
3403 3088 3454 3135 te
3482 3081 3610 3138 volo
3644 3100 3658 3137 :
3691 3083 3833 3152 Quid

518 3153 592 3209 Et
622 3163 678 3208 tu
697 3166 828 3224 ergo
869 3166 1088 3207 assume
1136 3151 1556 3206 vernaculorum
1600 3153 1811 3206 turbam
1838 3151 1884 3215 τ,
1920 3152 1970 3208 id
2015 3163 2118 3219 est,
2150 3163 2196 3228 (ζ
2227 3168 2344 3213 erat
2374 3158 2575 3230 Aaron,
2608 3177 2732 3217 cum
2781 3164 3050 3222 adversus
3109 3168 3331 3240 Moysen
3385 3171 3607 3230 invidia:
3656 3151 3834 3235 livore

517 3261 685 3317 opere
735 3257 826 3300 tuo
865 3259 976 3298 non
1015 3244 1196 3299 alieno
1222 3284 1236 3308 ,
1292 3244 1443 3297 fratri
1479 3243 1747 3298 auxilium
1794 3254 1993 3312 prmsta
2028 3261 2120 3300 ca-

513 3344 685 3413 ptivo.
702 3340 952 3410 Loquere
966 3352 1089 3393 cum
1108 3338 1359 3405 Domino,
1376 3336 1479 3391 hoc
1494 3346 1597 3404 est,
1620 3352 1715 3392 ora
1738 3337 1805 3393 ad
1821 3336 2118 3410 Christum,

516 3452 588 3492 ne
614 3451 738 3491 eum
770 3433 940 3488 futuri
963 3431 1156 3502 judicii
1184 3432 1322 3501 ignis
1345 3440 1564 3486 exurat.

594 3527 650 3581 4.
692 3526 911 3581 Imitare
959 3522 1398 3593 patriarcharum
1448 3539 1588 3596 opus
1634 3526 1809 3597 (Gen.
1835 3543 2017 3597 χχιιι,
2048 3529 2122 3587 25

518 3619 720 3693 seqq.),
774 3616 865 3690 qui
897 3625 1145 3689 stuprum
1196 3619 1408 3673 sororis
1445 3633 1555 3675 sua:
1602 3620 1654 3675 in
1693 3623 2119 3694 alienigenarum

519 3731 720 3773 manus
776 3715 1106 3780 incidentis,
1160 3731 1270 3769 non
1315 3715 1543 3770 solums
1601 3719 1966 3789 horruerunt,
2026 3722 2122 3778 sed

520 3809 691 3869 etiam
736 3808 1184 3865 vindicaverunt.
1233 3806 1476 3879 Require
1530 3818 1737 3876 tamen,
1785 3814 1873 3883 qui
1917 3812 2125 3869 ultores

517 3904 672 3959 fuere
706 3902 933 3973 peccati.
967 3899 1158 3955 Nonne
1198 3900 1416 3956 Simeon
1464 3912 1627 3973 atque
1657 3902 1831 3958 Levi?
1856 3906 1922 3960 Et
1960 3913 2018 3961 tu
2056 3923 2119 3962 ex

522 3997 669 4052 tribu
713 3994 842 4050 Levi
870 4008 950 4062 es,
985 3992 1078 4064 qui
1111 3994 1489 4049 ecclesiastico
1533 3996 1705 4050 servis
1757 3996 1956 4054 ofﬁcio.
2028 3999 2120 4055 Si-

522 4103 684 4144 meon
710 4096 894 4142 autem
918 4086 1187 4140 obauditio
1215 4087 1631 4158 interpretatur.
1669 4090 1737 4144 Et
1768 4099 1824 4144 tu
1852 4106 2004 4162 ergo,
2031 4093 2121 4163 qui

522 4181 789 4238 obediens
821 4180 975 4234 fuisti
1007 4178 1143 4245 Deo,
1178 4179 1584 4237 inohedientem
1614 4182 1855 4239 animam
1885 4185 2121 4243 liberare

522 4286 615 4333 aut
643 4274 923 4330 vindicare
949 4289 1047 4329 cur
1085 4273 1311 4329 cessas?
1339 4275 1534 4329 Auitna
1565 4285 1746 4333 autem
1797 4278 1979 4335 fratris
2021 4281 2118 4351 tni,

2228 3268 2537 3323 percussus,
2580 3255 2768 3325 juncta
2809 3260 2910 3313 sibi
2962 3260 3167 3328 Maria,
3220 3269 3583 3323 murmuravit
3625 3268 3830 3341 (Nam.

2226 3361 2320 3409 xu,
2352 3347 2404 3412 i,
2434 3346 2535 3417 2)?
2561 3351 2632 3403 At
2660 3350 2811 3405 dicas
2842 3350 3303 3419 fortasse,minus
3332 3370 3415 3414 est
3435 3360 3635 3416 invidia
3668 3379 3829 3434 quam

2226 3438 2402 3496 fornic
2422 3441 2535 3497 itio.
2570 3442 2721 3514 Lege
2749 3460 2883 3517 ergo
2910 3447 3131 3504 beatum
3158 3453 3506 3521 Apostolum,
3541 3458 3632 3525 qui
3664 3458 3829 3514 dicit:

2228 3530 2409 3601 Neque
2438 3535 2732 3605 fornicarii,
2764 3554 2929 3607 neque
2959 3540 3148 3607 invidi,
3179 3560 3343 3613 neque
3367 3548 3632 3614 maledici,
3669 3568 3832 3622 neque

2228 3628 2398 3691 avari,
2459 3645 2618 3697 neque
2672 3629 2989 3688 detractores
3038 3651 3252 3709 regnum
3299 3636 3399 3691 Dei
3450 3651 3831 3713 consequentur

2234 3720 2276 3792 (l
2304 3720 2424 3775 Cor.
2460 3738 2531 3787 vt,
2563 3723 2644 3793 9).
2681 3724 2847 3781 Vides
2871 3727 2961 3783 ubi
2990 3730 3142 3784 velut
3181 3733 3408 3804 aequalia
3448 3735 3554 3791 sibi
3596 3738 3827 3795 similia-

2231 3829 2335 3884 quc
2379 3816 2704 3886 junguntur,
2750 3834 2872 3890 quae
2921 3821 2987 3877 ad
3016 3825 3285 3880 cmlorum
3326 3843 3496 3899 regna
3537 3846 3646 3885 non
3690 3833 3826 3889 sub-

2231 3909 2400 3963 eunt?
2452 3909 2690 3969 Adverte
2729 3914 2889 3984 cujus
2939 3931 3119 3985 ptenze
3162 3921 3495 3979 sententiam
3546 3940 3828 3985 mereatur

2227 4004 2451 4073 invidia,
2480 4022 2576 4076 per
2603 4024 2764 4079 quam
2791 4013 3141 4081 prophetissa
3176 4014 3342 4072 Maria
3374 4017 3525 4088 lepra
3576 4023 3823 4091 percuti-

2228 4108 2313 4151 tur
2342 4096 2531 4166 (Num.
2560 4114 2671 4167 xu,
2708 4102 2836 4171 10):
2872 4103 3029 4173 cujus
3073 4106 3239 4161 etiam
3284 4111 3548 4178 avaritia,
3581 4129 3680 4183 pro
3715 4130 3820 4186 qua

2225 4188 2375 4246 Giezi
2425 4190 2607 4247 Elisaai
2664 4194 2918 4251 minister
2948 4198 3114 4253 simili
3163 4210 3311 4256 sorte
3362 4202 3655 4260 damnatur
3704 4205 3823 4279 (IV

2226 4284 2359 4359 Reg.
2391 4305 2445 4357 γ,
2475 4288 2593 4360 27).
2622 4289 2704 4347 Tu
2733 4308 2883 4359 vero,
2910 4292 2933 4331 κ
2969 4296 3063 4366 qui
3092 4310 3319 4353 avarum
3352 4314 3459 4355 non
3506 4301 3819 4370 detestaris,

600 4422 625 4499 ιζ
656 4409 896 4499 Pessime
924 4407 1196 4499 ipv‘editis.
1234 4407 1607 4499 ¹ᾼνςΙιὶιιῖειιιηξἸ
1631 4412 1833 4499 Ιιοευχη
1864 4418 2121 4499 emendat
2148 4425 2203 4487 D
2227 4423 2348 4499 s_ttdi
2368 4428 2669 4499 auctoritas
2687 4431 2833 4499 cogit
2883 4435 3255 4491 utsentiamns
3274 4436 3549 4494 Abraham
3571 4442 3819 4497 dedisse:

526 4484 651 4541 cod.
700 4480 887 4537 Atnbr.
945 4479 1183 4559 liberius
1233 4480 1515 4559 Erasinus,
1571 4484 1903 4559 ἱιαηελίὶενει
1947 4489 2124 4559 aliqua

527 4556 707 4631 plaga,
739 4551 1153 4631 qute_scientiam
1180 4553 1341 4631 nostri
1371 4552 1556 4608 lateret
1577 4551 1857 4611 Archiatri.

598 4622 643 4667 δ’
658 4622 969 4695 Legendum
998 4637 1220 4695 censeo,
1255 4622 1340 4678 At.

604 4712 625 4739 c
659 4699 832 4775 Giyu.
874 4705 931 4775 ει
958 4694 1107 4775 Bigtt.
1144 4695 1373 4775 addlﬂtt,
1406 4696 1587 4775 ΑᾴαηιΔ
1613 4707 1661 4775 el
1690 4697 1832 4768 Era;
1859 4703 1953 4758 sed
1982 4703 2128 4775 310$-

529 4786 683 4828 scma
703 4766 858 4823 di'est
885 4768 941 4821 in
976 4766 1162 4822 Ambr.
1188 4775 1243 4820 et
1264 4766 1477 4822 Erasini
1504 4769 1765 4826 editione.

599 4842 625 4879 ά
656 4844 723 4897 Τὸ
746 4849 1039 4917 perpetuae,
1088 4838 1231 4917 quod
1280 4837 1449 4917 Ciyn.
1501 4841 1749 4917 etDBigu.
1800 4862 1906 4901 non
1961 4862 2132 4917 agno-

529 4910 902 4986 scunt,exstat
924 4912 977 4965 in
1000 4910 1192 4964 Ambr.
1216 4910 1428 4977 codICc,
1459 4922 1514 4967 et
1538 4910 2129 4986 llieronytniauis'edi-

533 4984 793 5041 liouilius.
1746 4984 1759 4986 “
2004 4992 2009 4993 ⁷

608 5066 631 5093 c
661 5051 1000 5130 Mentlosein
1028 5051 1513 5130 Ambrascriptum
1545 5068 1649 5121 est.
1678 5060 1905 5130 regione.

608 5126 626 5165 ί
661 5124 848 5180 Ambr.
876 5122 1025 5175 addit
1051 5126 1346 5202 propriam.
1376 5126 1512 5181 Male
1543 5130 1593 5202 in
1623 5122 1821 5199 editis,
1879 5151 1973 5202 pro
2004 5135 2125 5199 isto,

531 5203 586 5256 id
615 5208 709 5264 est,
743 5210 896 5266 opere
917 5202 1025 5246 tuo.
1051 5194 1245 5248 Melius
1270 5196 1449 5264 liras”
1484 5200 1707 5268 turbam,
1728 5203 1779 5255 id
1794 5194 1889 5270 est,
1915 5194 2129 5278 proprii,

524 5288 678 5347 opere
706 5280 816 5347 tuo.

601 5354 627 5392 Β
662 5341 876 5400 Atubr.,
903 5344 1163 5391 eruerant.

601 5414 629 5453 h
660 5415 946 5487 Ειιεθιυιῃιι
986 5406 1145 5487 sequi
1179 5407 1398 5487 placuit.
1432 5411 1594 5470 Amb.
1639 5426 1799 5486 atque
1856 5419 2013 5487 editi,
2047 5430 2124 5476 ta-

528 5506 642 5546 men
667 5480 1188 5557 respondissemﬂtibi,
1216 5482 1259 5533 si
1284 5498 1482 5557 possem
1511 5480 1835 5557 respondere.

610 5560 625 5598 ί
654 5557 730 5612 lia
754 5552 970 5617 Ἀιιιιιι-.;
993 5552 1121 5605 editi
1154 5568 1306 5613 vero.
1331 5554 1559 5610 decimas
1581 5552 1611 5611 ἀ
1630 5560 2008 5617 Melchisedech
2036 5582 2123 5619 ac-

525 5632 683 5702 repit,
715 5640 763 5684 et
785 5628 943 5702 dedit.
975 5623 1055 5678 Ex
1084 5624 1224 5702 libro
1255 5623 1538 5702 Getiesros
1568 5646 1678 5695 xw,
1710 5633 1802 5700 20,
1843 5652 1951 5689 non
1986 5638 2119 5691 satis

518 5697 708 5773 aperte
735 5698 1060 5776 colligimus,
1088 5697 1309 5776 quinam
1338 5698 1579 5776 decimas
1600 5697 1876 5776 acceperit
1895 5748 1907 5769 .
1942 5706 2120 5765 Abra-

510 5767 715 5843 minue
744 5786 810 5825 ex
841 5767 1262 5835 Melchisedech,
1296 5771 1379 5825 vel
1432 5788 1461 5828 e
1484 5767 1782 5834 contrario.
1829 5767 1938 5835 Sed
1965 5779 2114 5851 Apo-

2226 4493 2332 4583 ξεζ
2352 4496 2632 4583 Abraham,
2660 4511 2706 4583 et
2737 4493 2877 4583 Leni,
2906 4507 2995 4575 qui
3025 4509 3249 4583 decimas
3269 4513 3464 4583 accepit
3485 4493 3821 4570 decima-sesi.

2228 4565 2570 4652 Adhueeuim
2587 4573 2669 4652 -in_
2682 4572 2865 4627 lumbis
2884 4647 2895 4652 _
2912 4565 3080 4652 patris
3104 4590 3234 4652 erat,
3282 4565 3494 4652 quaiido
3521 4565 3825 4641 obuiauit

2232 4636 2611 4716 Melchisedech
2648 4643 2848 4716 Lat-um
2882 4636 3045 4716 igitur
3066 4650 3154 4703 Bai
3176 4636 3332 4707 hiarii
3356 4636 3415 4708 in
3437 4636 3821 4712 hunc

2232 4712 2576 4784 restituerem
2608 4732 2621 4764 :
2653 4714 2720 4770 In
2739 4712 2961 4774 Abrahae
3008 4721 3194 4775 lumbis
3218 4723 3385 4779 latens
3434 4724 3555 4780 Levi
3596 4728 3823 4784 decima:

2236 4779 2635 4859 Melchisedech,
2663 4805 2790 4858 quas
2813 4793 3010 4858 accepit
3036 4804 3082 4845 et
3120 4793 3279 4849 dedit.

2312 4854 2547 4933 i_liig_n.,
2572 4854 2768 4913 sancto.
2810 4854 2962 4933 ﬂunc
2991 4862 3261 4919 Bachiarii
3306 4866 3483 4923 locum
3507 4869 3669 4926 aﬂ‘ert
3713 4875 3820 4927 An—

2238 4928 2418 4979 tonius
2447 4928 2780 4997 Augustinus
2809 4931 3037 4989 'l‘outtée
3067 4934 3455 4995 Benedictinus
3503 4941 3717 4997 clariss.
3764 4945 3818 4997 in

2234 4998 2378 5078 nptis
2408 4998 2473 5050 ad
2502 5007 2673 5078 sancti
2693 5001 2881 5072 Cyrilli
2908 5005 3177 5061 Hierosol.
3208 5006 3428 5064 Catech.
3456 5011 3512 5076 2,
3543 5029 3694 5068 num.
3733 5014 3810 5078 l0,

2236 5066 2325 5119 ubi
2379 5084 2476 5131 ter
2506 5066 2979 5143 anticipationem,
3015 5080 3317 5134 sacerdotis
3360 5066 3816 5141 nominewAarot't

2233 5148 2550 5225 exornatur.
2589 5142 2815 5215 Μοῃειδ,
2850 5142 3019 5225 inquit
3047 5148 3322 5225 Cyrillus.
3351 5171 3444 5225 pro
3485 5172 3684 5209 summa
3728 5175 3813 5211 sa-

2234 5210 2437 5293 cerdote
2468 5210 2708 5293 peccante
2729 5210 3027 5293 supplicans
3056 5210 3223 5293 Uerum
3265 5210 3429 5293 Ῑιέὦὶι.
3483 5226 3599 5282 Hoc
3653 5210 3810 5283 sensu

2233 5284 2505 5368 explicare
2537 5286 2728 5368 facile
2782 5284 2874 5368 est
2908 5291 3068 5368 etiam
3115 5284 3460 5350 Ambrosium
3512 5300 3671 5368 epist.
3721 5298 3806 5365 0’6,

2234 5368 2381 5441 num.
2410 5354 2466 5441 5,
2498 5364 2553 5410 et
2577 5358 2795 5441 Apolog.
2828 5358 2997 5441 Dauid
3025 5378 3147 5433 cap.
3196 5368 3251 5431 4,
3286 5382 3433 5422 num.
3470 5354 3562 5423 i7:
3592 5354 3810 5426 Baebia;

2231 5434 2555 5503 rtusautem
2586 5434 2673 5503 vi}
2699 5435 2943 5487 excusari
2979 5445 3173 5503 potest.

2300 5493 2601 5584 k'PEaSltlte
2621 5501 2924 5584 ‘Biguaius:
2951 5493 3041 5558 cur
3068 5524 3304 5576 avarum,
3333 5520 3437 5584 etc.
3463 5511 3663 5584 Gryn.,
3694 5514 3805 5577 ΕΓ..

2226 5566 2578 5646 Auilii'.,qui.
2606 5566 2759 5642 Apud
2785 5574 3059 5644 antiquos,
3088 5588 3144 5634 ut
3170 5566 3360 5636 nota'ut
3388 5566 3811 5646 PetaviimlMo-v-

2224 5640 2377 5695 riuus
2396 5640 2615 5725 aliique,
2641 5640 2864 5711 peccata
2959 5640 3066 5727 tres
3084 5651 3291 5727 classes
3308 5640 3806 5727 distinguebantur:

2221 5717 2711 5793 quaruniupritnam
2743 5722 3149 5777 constituebant
3186 5717 3508 5781 idololatria
3519 5770 3532 5791 ,
3562 5728 3806 5789 maecbia.

2223 5781 2597 5854 homicidium,
2635 5804 2933 5861 eorumque
2974 5795 3279 5853 manifesta:
3323 5781 3566 5869 species,
3621 5781 3811 5872 quibus
