4092 6176
290 322 412 378 1041

1064 329 1272 385 LIBER
1312 332 1402 387 AD
1441 331 1864 405 JANUARIUM,
1906 334 1999 393 DE
2038 336 2531 396 REPARATIONE
2572 340 2797 399 LAPSI.

3407 349 3571 421 ίιοιε

283 439 365 511 qui
397 440 643 498 invidum
666 460 771 499 non
797 445 1023 515 refugis,
1051 448 1143 517 qui
1166 448 1539 506 detractorem
1564 462 1871 523 raptorem-
1896 457 1952 519 Α
1975 468 2239 523 mersum,
2269 458 2570 526 assumptis
2604 459 2825 528 triginta
2880 461 3162 518 hominum
3216 462 3436 519 auxiliis
3468 503 3485 529 ,
3516 471 3574 519 et

283 548 380 604 que
411 549 519 589 non
548 535 759 591 devitas
785 583 798 605 ,
843 537 1234 595 foriiicatorem
1277 541 1344 595 ad
1381 550 1594 612 tempus
1644 542 1871 600 fratrem

284 637 647 684 revertentem
680 642 902 685 aeterna:
931 634 1122 688 mortis
1149 648 1304 703 paena
1335 635 1712 691 condemnas?
1763 637 1875 694 Nec

285 717 402 774 ideo
439 719 545 776 hoc
571 721 829 791 dicimus,
865 734 925 778 ut
957 726 1215 794 peccandi
1252 726 1403 783 frena
1439 729 1707 783 laxemus.
1758 730 1870 785 Ad-

285 822 462 870 vertat
493 815 740 886 quisquis
764 818 869 873 hoc
902 820 1090 888 legerit
1117 862 1131 885 ,
1163 822 1287 890 quia
1322 837 1427 876 non
1450 822 1765 877 viventibus
1794 823 1874 878 lo-

285 906 519 975 quimur,
556 908 652 963 sed
675 919 950 965 mortuum
982 914 1360 968 consolamur.
1408 915 1654 986 Denique
1685 932 1871 971 resur-

283 1008 400 1070 gat;
431 1012 484 1057 et
509 1011 533 1038 η
556 1003 785 1072 videbis,
820 1007 964 1077 quod
989 1010 1170 1062 statim
1196 1009 1244 1063 ei
1278 1011 1553 1065 trademus
1571 1010 1873 1066 Psalmistzc

287 1109 497 1150 versum
527 1097 766 1155 dicentis
798 1117 811 1154 :
847 1100 1004 1173 Virga
1034 1110 1124 1155 tua
1150 1111 1195 1156 et
1225 1104 1442 1157 baculus
1474 1115 1613 1171 tuus,
1644 1107 1759 1175 ipsa
1792 1122 1872 1163 me

283 1188 547 1244 oonsolata
576 1202 697 1245 sunt
741 1191 912 1264 (Psal.
948 1210 1081 1261 XM],
1106 1193 1183 1267 4).
1219 1196 1469 1265 Accipiet
1514 1197 1722 1268 virgam
1754 1214 1877 1254 cor-

283 1285 577 1353 repti0uis,
620 1296 675 1340 et
702 1286 957 1342 baculum
998 1292 1090 1357 qui
1130 1301 1441 1347 sustentare
1489 1292 1663 1360 possit
1716 1293 1871 1347 infir-

284 1392 445 1432 mum.
475 1377 551 1432 lta
580 1388 761 1435 autem
792 1382 1160 1452 intelligamus
1188 1385 1437 1453 Apostoli
1463 1385 1691 1450 dictum,
1723 1386 1869 1457 quod

283 1486 456 1542 neque
483 1473 679 1541 invidi,
713 1489 889 1546 neque
920 1475 1317 1541 fornicatores,
1343 1494 1519 1548 neque
1549 1479 1729 1533 aliena
1779 1495 1874 1550 ap-

283 1575 531 1637 petentes
554 1582 778 1639 regnum
809 1569 899 1623 Dei
925 1570 1318 1640 possidcbuut;
1353 1572 1402 1626 id
1444 1582 1527 1627 est
1554 1574 1597 1627 si
1628 1589 1791 1644 quem
1820 1578 1872 1628 in

288 1656 387 1712 hoc
419 1659 555 1713 vitio
590 1666 806 1730 tempus
830 1660 857 1699 ι»
886 1664 1224 1718 accersionis
1249 1665 1553 1731 invenerit;
1586 1667 1709 1736 quia
1746 1668 1876 1723 alibi

282 1750 549 1812 Dominus
573 1755 706 1809 dicit
740 1773 753 1805 :
791 1755 1217 1829 Unumquemque
1246 1759 1300 1812 in
1330 1760 1425 1813 iiiis
1476 1760 1585 1813 suis
1620 1761 1873 1831 judicabo

1977 546 2234 603 demissis
2264 550 2329 603 ad
2357 564 2481 605 eum
2514 553 2706 622 pannis
2734 568 2796 608 ac
2818 554 3037 610 funibus
3074 554 3092 593 ί
3127 555 3397 611 liberavit.
3424 554 3569 611 Ecce

1976 639 2143 694 frater
2176 641 2226 694 in
2252 641 2371 697 lacu
2403 652 2483 697 cst
2518 664 2531 699 :
2566 660 2908 701 assumamus
2945 648 3168 719 triginta
3196 648 3447 704 homines
3471 694 3485 717 ,
3516 648 3573 703 id

1974 743 2079 797 est,
2112 736 2229 789 sive
2260 733 2430 789 beatze
2460 738 2718 792 auxilium
2753 739 3059 806 Trinitatis,
3090 742 3206 796 sive
3231 757 3353 797 cum
3378 742 3570 798 labore

1977 834 2001 872 ε
2053 828 2218 880 animi
2246 871 2261 895 ,
2322 831 2611 896 carnisque
2653 842 2708 886 et
2736 834 2981 901 spiritus,
3008 834 3321 890 demersum
3355 836 3408 889 in
3440 850 3571 905 pro-

1976 918 2146 974 fundo
2190 922 2343 991 putei
2396 920 2710 978 liberemus.
2764 925 3040 979 Mittamus
3087 929 3135 983 ei
3186 944 3395 998 pannos
3426 936 3577 983 vete-

1976 1026 2066 1065 res
2101 1027 2114 1064 :
2152 1013 2480 1070 reducamus
2510 1018 2561 1069 in
2596 1019 2912 1072 memoriam
2960 1020 3078 1088 ejus
3127 1021 3376 1088 exempla
3426 1021 3573 1076 anti-

1976 1117 2226 1171 quorum,
2259 1109 2350 1175 qui
2382 1121 2479 1175 per
2521 1119 2798 1175 peccatum
2834 1110 3087 1178 collapsi,
3125 1110 3469 1178 postmodum
3501 1113 3573 1168 de

1978 1196 2262 1265 profundis
2316 1198 2585 1253 malorum
2636 1216 2734 1270 per
2780 1203 3155 1269 paenitentiam
3215 1203 3280 1257 ad
3331 1218 3572 1273 superna

1978 1290 2134 1344 relati
2161 1301 2315 1353 sunt;
2348 1306 2469 1361 qua:
2495 1308 2617 1346 cum
2651 1293 2703 1347 ei
2732 1303 2859 1347 ante
2889 1294 3082 1348 oculos
3133 1296 3310 1365 posita
3344 1294 3571 1362 fuerint,

1976 1384 2270 1454 desperare
2306 1402 2412 1440 non
2464 1387 2688 1457 poterit.
2754 1388 2907 1443 Solet
2956 1404 3247 1457 percussus
3302 1390 3462 1444 miles
3520 1389 3576 1444 in

1978 1482 2158 1550 primo
2189 1481 2524 1547 certamine,
2560 1485 2613 1536 in
2655 1482 2905 1537 secundo
2938 1481 3136 1537 fortius
3170 1482 3433 1537 dimicare
3456 1523 3471 1547 ,
3522 1491 3583 1537 et

1974 1582 2166 1627 contra
2199 1570 2225 1608 ιλ
2259 1589 2635 1643 percussorem
2667 1590 2825 1628 suum
2856 1574 3029 1643 magis
3054 1575 3229 1628 iratus
3264 1575 3571 1644 insurgere.

1978 1663 2121 1719 Ecce
2152 1666 2203 1718 in
2237 1663 2251 1701 ί
2280 1665 2463 1720 saaenli
2488 1666 2593 1721 line
2624 1666 2976 1720 consistimus
3002 1684 3012 1720 :
3047 1668 3249 1721 instant
3278 1682 3378 1737 pro
3418 1664 3576 1721 Chri-

1976 1756 2043 1808 sti
2076 1757 2295 1811 nomine
2327 1756 2518 1825 przelia
2550 1757 2888 1825 passionum.
2932 1756 3074 1825 Quid
3119 1759 3320 1812 mirum
3343 1797 3359 1823 ,
3408 1758 3450 1812 si
3483 1757 3577 1813 ille

280 1842 498 1916 (lt'zecli.
533 1862 724 1911 χχχιιι,
753 1847 871 1920 20).
901 1848 971 1903 Et
1012 1850 1131 1918 ipse
1181 1852 1475 1921 Apostolus
1521 1853 1598 1905 ait
1630 1869 1643 1904 :
1679 1852 1871 1917 Quales
1903 1859 1951 1919 Β
1977 1864 2137 1919 quem
2196 1848 2578 1905 fornicatioais
2628 1853 2783 1906 hasta
2826 1854 3137 1921 percussit,
3194 1852 3245 1907 in
3301 1853 3576 1921 passionis

281 1938 561 2009 aliquando
585 1941 803 2011 fuerint,
837 1943 970 1997 nihil
998 1960 1109 1997 mea
1139 1944 1350 1999 interest
1402 1943 1547 2015 (Gal.
1583 1961 1620 2000 ιι
1645 1989 1658 2013 ,
1688 1946 1766 2019 6).
1810 1947 1867 2001 In

282 2035 509 2104 epistola
559 2049 653 2090 sua
695 2037 889 2092 beatus
935 2038 1173 2093 Joannes
1221 2050 1243 2077 ο
1278 2054 1439 2095 orare
1494 2040 1717 2095 mandat
1769 2055 1870 2110 pro

281 2130 474 2193 fratre,
512 2132 604 2201 qui
639 2146 748 2186 nou
793 2130 956 2187 habet
986 2144 1272 2201 peccatum
1319 2148 1489 2204 usque
1519 2133 1584 2187 ad
1633 2142 1870 2188 mortem

285 2222 324 2292 (l
353 2220 513 2277 Joan.
548 2239 601 2289 ν,
659 2225 785 2293 16),
822 2224 872 2279 id
918 2235 1038 2288 est,
1083 2240 1190 2280 non
1230 2241 1405 2296 usque
1446 2225 1514 2280 ad
1563 2235 1870 2281 extremum

280 2316 398 2371 vitae
420 2332 533 2371 sua:
559 2317 722 2371 linem
748 2328 1095 2385 peccatorum
1127 2334 1352 2372 suorum
1387 2318 1528 2372 mala
1562 2317 1730 2373 fuerit
1784 2336 1873 2374 se-

280 2418 455 2463 cutus.
489 2406 623 2461 Nam
656 2408 724 2462 de
752 2407 959 2463 Levitis
986 2409 1132 2478 quod
1170 2410 1423 2479 superius
1448 2409 1668 2465 dixeras
1689 2452 1703 2475 ,
1764 2426 1872 2466 non

279 2515 375 2557 eos
400 2498 569 2554 fuisse
599 2498 971 2555 sanctiﬁcatos
992 2542 1006 2568 ,
1034 2515 1155 2555 cum
1183 2501 1423 2570 peccatis
1452 2500 1604 2556 fuere
1637 2502 1826 2571 polluti
1855 2519 1869 2552 :

279 2595 402 2666 quid
436 2594 528 2648 tibi
558 2593 776 2650 videtur
804 2594 948 2650 illud
988 2595 1135 2663 quod
1174 2596 1436 2664 scriptum
1480 2606 1563 2650 est
1609 2595 1663 2650 in
1717 2595 1865 2651 beati

279 2687 465 2744 Esdrre
496 2689 651 2743 libris
674 2689 716 2762 (Ι
740 2688 898 2744 Esdr.
934 2707 986 2754 χ,
1024 2691 1135 2759 18),
1170 2690 1261 2745 ubi
1292 2690 1319 2727 ἀ
1349 2692 1552 2746 reversi
1592 2691 1660 2746 de
1690 2692 1870 2760 capti-

280 2782 442 2836 vitate
474 2779 813 2852 Babyloniae,
850 2792 905 2836 ci
944 2783 1231 2837 restructis
1256 2798 1433 2852 nuper
1468 2783 1654 2851 templi
1692 2766 1876 2838 Domi-

280 2872 385 2927 nici
417 2873 819 2941 fundamentis,
866 2890 975 2929 non
1006 2875 1187 2930 solum
1234 2876 1387 2945 plebs
1444 2876 1625 2947 vulgi,
1685 2892 1872 2932 verum

279 2967 442 3021 etiam
468 2964 671 3019 familia
696 2964 1083 3033 sacerdotalis,
1115 2977 1170 3022 et
1194 2968 1340 3022 illius
1371 2967 1501 3022 Jesu
1534 2969 1735 3038 magni,
1792 2970 1875 3023 iii-

204 3046 205 3049 i
280 3059 495 3113 venitur
528 3059 580 3113 in
612 3059 936 3115 mulieribus
966 3059 1309 3130 alienigenis,
1342 3060 1445 3116 hoc
1474 3073 1582 3128 est,
1609 3060 1761 3132 Syris
1821 3071 1877 3117 et

280 3153 529 3208 ldumaais
542 3162 597 3207 et
612 3152 865 3209 .‘lloabitis
884 3156 1279 3211 etAuiinouitis
1295 3171 1418 3211 csse
1437 3158 1705 3225 permixta
1728 3158 1749 3211 ?
1772 3158 1873 3225 Qui

1977 1944 2367 2012 congressione
2408 1946 2789 2014 superaverit?
2820 1945 2962 2011 Quid
3002 1946 3047 2000 si
3080 1946 3259 2001 victor
3302 1945 3464 2000 fuerit
3514 1946 3570 2001 iii

1976 2037 2281 2107 martyrio,
2339 2054 2500 2106 quem
2551 2038 2755 2093 vicerat
2808 2038 3201 2094 incontiuetitia
3249 2048 3307 2094 et
3358 2038 3578 2093 libido?

1975 2124 2169 2180 Nonne
2216 2127 2297 2181 sic
2328 2128 2459 2182 fecit
2493 2128 2587 2183 ille
2628 2127 2916 2184 Nazarieus
2957 2127 3111 2201 (Jud.
3145 2128 3238 2199 16)
3285 2144 3355 2185 ex
3383 2144 3574 2199 repro-

1978 2219 2240 2277 missione
2264 2233 2445 2285 natus,
2489 2238 2653 2292 quem
2682 2238 2804 2277 cum
2832 2224 2881 2278 in
2917 2225 3215 2292 perniciem
3258 2223 3342 2279 sui
3377 2224 3573 2278 mulie-

1978 2316 2053 2369 ris
2076 2316 2449 2371 blandimeuta
2477 2318 2740 2372 vicissent
2768 2334 2782 2383 ;
2812 2315 3159 2387 postmodum
3187 2316 3239 2370 in
3266 2316 3374 2372 line
3396 2316 3576 2371 obitus

1976 2410 2079 2473 sui,
2110 2408 2246 2463 subi
2288 2409 2534 2480 martyrii
2564 2412 2815 2477 passione
2838 2450 2851 2471 ,
2908 2410 3168 2479 majorem
3227 2409 3574 2465 inimicorum

1978 2502 2277 2554 exercitum
2313 2501 2705 2569 prostravisse,
2762 2516 2922 2571 quam
2971 2511 3097 2556 ante
3143 2503 3357 2571 quando
3404 2501 3583 2555 Naza-

1977 2608 2141 2661 ra:us,
2177 2594 2279 2648 hoc
2308 2602 2413 2660 est,
2441 2595 2820 2648 iminaculatus
2850 2593 3046 2662 fuerat,
3073 2594 3390 2663 reperitur?
3419 2596 3578 2649 Sicut

1978 2685 2123 2739 enim
2176 2685 2265 2739 illa
2319 2685 2679 2741 sacerdotalis
2724 2686 2927 2741 familia
2971 2685 3041 2741 de
3085 2686 3207 2742 Heli
3247 2687 3579 2758 cognatione

1979 2779 2322 2835 descendens
2352 2778 2396 2853 (Ι
2429 2780 2561 2851 Reg.
2591 2796 2671 2848 ιιι,
2708 2780 2820 2851 M),
2860 2781 2947 2835 cui
2970 2781 3249 2851 juraverat
3285 2781 3573 2850 Dominus,

1980 2882 2038 2929 ut
2067 2874 2249 2930 nullus
2277 2875 2345 2929 de
2379 2876 2510 2944 ipsis
2561 2887 2688 2929 ante
2738 2875 2933 2931 faciem
2978 2876 3096 2947 ejus
3137 2877 3420 2933 assisteret
3448 2920 3462 2944 ,
3507 2894 3575 2936 eo

1977 2968 2123 3039 quod
2181 2967 2438 3038 gravibus
2498 2969 2737 3038 peccatis
2800 2968 3087 3023 Dominum
3152 2979 3509 3038 provocasset
3559 2988 3576 3024 :

1980 3073 2160 3114 nonne
2185 3060 2364 3113 omnis
2393 3060 2481 3114 illa
2522 3060 2775 3129 cognatio
2806 3074 2904 3129 pro
2948 3058 3155 3114 Davide
3197 3076 3226 3113 a
3274 3059 3440 3117 Saule
3489 3076 3578 3116 re-

1980 3152 2153 3208 fertur
2182 3153 2360 3206 occisa
2387 3152 2429 3220 (l
2464 3150 2593 3224 Reg.
2646 3167 2796 3219 χχιιι,
2851 3150 2986 3222 l8)?
3029 3151 3097 3206 Et
3143 3151 3275 3221 quid
3318 3161 3405 3208 est
3447 3156 3574 3220 hoc,

280 3253 459 3298 tamen
487 3260 684 3300 omnes
715 3257 939 3313 peccato
969 3246 1184 3311 eodem,
1218 3247 1558 3319 accipientes
1580 3249 1873 3304 consilium
1904 3254 1948 3316 ρ
1984 3245 2083 3299 nisi
2108 3245 2280 3301 forma
2316 3246 2590 3315 martyrii,
2623 3252 2680 3297 ut
2706 3259 2844 3313 quos
2900 3259 3064 3313 grave
3115 3244 3323 3313 peccati
3367 3247 3580 3301 crimen

280 3336 385 3392 Esd
396 3354 490 3403 rce,
512 3347 567 3392 et
598 3338 922 3393 recedentes
937 3354 967 3393 a
987 3340 1279 3395 mulierum
1295 3341 1725 3412 alienigenarum
1741 3358 1875 3398 con-

279 3430 476 3496 sortio,
496 3442 818 3487 caruerunt.
834 3430 988 3487 Unde
1013 3432 1170 3487 vides
1189 3433 1333 3501 quod
1350 3435 1492 3489 sicut
1515 3436 1720 3503 peccati
1740 3451 1872 3490 con—

280 3522 500 3594 tagione
533 3524 899 3589 maculamur,
919 3526 992 3578 ita
1021 3526 1344 3595 expulsione
1364 3526 1483 3596 ejus
1511 3527 1789 3582 abluimur
1821 3538 1864 3581 ο.

348 3616 400 3672 6.
432 3616 533 3682 Ne,
586 3634 795 3688 quaeso,
842 3618 1185 3686 bestiasiine,
1240 3620 1466 3675 fratrctn
1526 3630 1774 3675 nostrum
1816 3622 1871 3676 in

276 3710 552 3783 profundo
589 3714 739 3784 putei
791 3714 892 3769 sub
922 3715 1091 3783 iniqui
1150 3715 1420 3784 principis
1471 3726 1741 3785 potestate
1769 3716 1870 3771 de-

276 3820 541 3872 mersum,
575 3806 854 3874 lapidibus
880 3807 1288 3877 desperationis
1331 3808 1645 3863 obruamus.
1694 3809 1873 3864 Imite-

273 3914 397 3952 mur
430 3898 579 3953 illiiiii
636 3898 957 3970 Ethiopem
1001 3898 1221 3972 (Jerem.
1256 3916 1489 3962 xxxviii,
1522 3901 1574 3967 7,
1611 3902 1719 3970 ll),
1781 3902 1871 3969 qui

272 4000 525 4047 sanctum
558 3991 862 4060 ,Jereiniam
907 3992 961 4048 in
1014 3992 1193 4047 lacum
1240 3994 1308 4048 ab
1366 3994 1553 4064 iniquo
1600 4008 1728 4063 rege
1772 3994 1870 4049 de-

272 4221 522 4277 eluendis
544 4220 732 4275 durior
765 4219 1081 4285 pmuitentia
1128 4213 1342 4272 iudicta‘
1365 4217 1487 4269 fuit.
1536 4214 1645 4269 Hac
1669 4214 1862 4269 distin-

274 4296 460 4348 ctiOue
482 4294 666 4361 (quam
700 4291 1003 4362 Hispaniae
1029 4292 1491 4362 Bt'CICSl33_Il0l:tm
1539 4285 1859 4362 fuisse,_d_0_-

271 4372 363 4438 cet
388 4356 601 4438 Paciaui
630 4356 845 4438 libellus
875 4361 1156 4438 deprimit.
1185 4372 1229 4413 et
1268 4357 1500 4438 Confess.
1560 4372 1693 4438 pag.
1736 4356 1861 4438 1354,

273 4436 409 4490 edit.
442 4434 674 4501 Manut.)
709 4434 745 4488 ii
773 4436 1157 4497 abiilebantitr,
1190 4446 1330 4502 quos
1381 4427 1474 4502 hic
1524 4427 1721 4502 refellit
1765 4427 1865 4481 Ba-

271 4508 539 4567 cliiarius,
567 4514 620 4558 ut
645 4500 792 4559 fratri
826 4508 975 4572 lupi-0
1007 4500 1271 4573 negarent
1303 4500 1638 4582 prenitentim
1681 4514 1863 4580 reme-
1891 4538 1944 4597 Β

272 4577 448 4624 dium-
476 4578 579 4624 Sed
612 4579 768 4624 longe
805 4577 947 4624 aliud
977 4590 1059 4624 ρει
1090 4575 1403 4624 tleSneratio
1452 4587 1631 4624 vetita:
1660 4613 1673 4624 .
1719 4570 1865 4624 aliud

272 4577 448 4632 dium.
476 4578 579 4633 Sed
612 4579 768 4638 longe
805 4577 947 4630 aliud
977 4590 1059 4629 eSt
1090 4572 1403 4640 deSperatio
1452 4574 1631 4626 venire
1660 4613 1673 4636 ,
1719 4572 1825 4624 alin

271 4651 424 4724 rigor
485 4650 809 4724 discipline
860 4647 1060 4702 Noster
1104 4646 1489 4724 recipiendum
1527 4643 1761 4724 qiiidctii.
1801 4642 1867 4723 ad

274 4716 656 4789 pmiiiteniiam
701 4721 912 4786 lapsum
947 4728 1135 4787 putat,
1174 4719 1297 4771 licet
1342 4716 1650 4789 gravissimi
1683 4716 1871 4767 crimi-

272 4787 362 4845 nis
394 4808 577 4855 reum;
632 4809 739 4844 non
787 4798 1002 4855 tamen,
1056 4792 1370 4858 priusquam
1426 4787 1760 4839 laboriosum
1803 4798 1874 4858 ac

269 4862 594 4917 diuturnum
620 4864 767 4917 illius
796 4876 1014 4917 cursum
1041 4855 1294 4913 emensus
1320 4860 1512 4916 fuerit.
1540 4855 1875 4911 communio-

271 4934 361 4989 nis
393 4936 709 5003 participem
744 4935 856 4986 lieri
891 4947 1049 4999 po~se
1078 4941 1287 5003 cernet.
1337 4931 1389 5003 id
1413 4943 1534 4982 cum
1566 4944 1632 5003 es
1661 4930 1872 4993 integro

272 5000 462 5060 libello
490 5007 791 5075 colligitur,
826 5011 937 5057 tum
978 5002 1209 5056 maxime
1238 5017 1305 5057 ex
1359 5002 1424 5054 iis
1465 5015 1585 5069 qua:
1617 5000 1875 5067 leguntur

272 5077 743 5150 ιιιιιιιμιειίὸ.Δ
802 5080 836 5150 '_
1324 5145 1333 5150 _

353 5157 378 5183 ἰ
404 5148 477 5201 Ita
510 5148 603 5201 Er.
638 5157 692 5202 et
717 5146 906 5200 Ainlir.
938 5145 1112 5200 Minus
1149 5153 1298 5200 recte
1324 5145 1375 5198 in
1407 5140 1591 5206 editis,
1614 5139 1872 5193 videbit...

268 5219 552 5273 tradimus.
1520 5254 1532 5270 ο

351 5290 377 5329 ί)
407 5290 607 5361 Gryu.,
648 5288 995 5363 arcessimus;
1029 5287 1180 5363 ΕΓ,
1204 5285 1531 5341 recessionis.
1568 5283 1875 5363 Bignaaante

269 5360 505 5419 editioni
539 5364 678 5415 [ενοι
709 5360 1103 5413 AmbrOsianus
1128 5360 1288 5426 liber,
1322 5372 1483 5425 quem
1524 5360 1720 5410 merito
1741 5369 1877 5423 prte-

270 5434 566 5490 ferendum
589 5434 741 5488 duxi.

359 5516 381 5580 ἦ
409 5508 625 5580 Quier
652 5503 872 5580 hortari.
1070 5577 1079 5580 _
1208 5572 1218 5580 _
1530 5572 1561 5580 ,ί
1632 5570 1641 5580 _
1780 5568 1791 5580 .
1818 5567 1849 5580 υ

359 5574 382 5611 ί¹
414 5567 712 5647 Expunctis
760 5577 1152 5647 glossematis,
1204 5572 1383 5647 locum
1427 5570 1644 5647 sanitati
1698 5567 1879 5647 reddit

275 5648 414 5701 cod.
451 5642 639 5700 Anthr.
677 5642 914 5699 llistoria
957 5645 1071 5698 liaac
1114 5644 1310 5713 legitur
1340 5656 1462 5697 cum
1514 5644 1565 5696 in
1611 5642 1876 5694 canonico

278 5718 479 5773 Esdnc
503 5718 663 5777 libro,
696 5727 806 5769 tum
839 5717 904 5771 Ill
932 5732 1051 5784 cap.
1084 5731 1158 5778 ιιι,
1184 5729 1344 5784 quem
1366 5717 1417 5766 in
1442 5713 1875 5784 apocrypliorutn

275 5791 521 5844 classem
554 5786 745 5855 rejecit
782 5786 1046 5842 Ecclesia.
1084 5787 1240 5841 llunc
1296 5785 1503 5839 laudari
1533 5802 1561 5838 a
1594 5784 1876 5839 ltacliiario

277 5871 517 5916 censent
577 5859 827 5929 liigtiaeus
876 5869 931 5912 et
985 5857 1369 5913 Tillcmontius
1408 5875 1419 5911 :
1453 5856 1597 5927 quod
1652 5855 1872 5911 minimc

1981 3338 2307 3404 involverat,
2342 3352 2491 3391 mors
2520 3352 2620 3407 pro
2658 3334 2876 3391 Christo
2923 3336 3073 3391 illata
3100 3336 3400 3393 liberaret?
3448 3337 3578 3393 Haic

1977 3439 2107 3487 sunt
2136 3433 2415 3485 beatorum
2450 3430 2786 3485 voluminum
2818 3444 2972 3484 sacra
3018 3432 3300 3502 mysteria.
3332 3431 3423 3487 Sic
3448 3447 3574 3487 vasa

1976 3526 2001 3562 ν
2035 3541 2131 3580 sua
2186 3540 2533 3594 nequaquam
2580 3525 2773 3594 ﬁgulus
2805 3526 3007 3593 patitur
3056 3526 3285 3581 interire
3335 3523 3574 3596 (Jerem.

1978 3636 2129 3683 xviii,
2162 3618 2243 3691 6),
2274 3618 2369 3688 qui
2399 3620 2563 3673 etiam
2595 3633 2658 3672 ea
2688 3617 2965 3673 confracta
2994 3627 3050 3673 et
3098 3618 3151 3673 in
3184 3618 3455 3688 lapidibus
3511 3618 3578 3673 il-

1978 3712 2077 3768 lisa
2113 3713 2489 3781 redintegrare
2521 3725 2680 3778 posse
2708 3725 2771 3766 se
2795 3711 2948 3765 dicit.

2048 3808 2101 3860 7.
2128 3806 2205 3860 Ne
2235 3819 2482 3874 spernas,
2515 3818 2726 3872 quaeso,
2758 3802 2983 3857 fratrem
3028 3802 3346 3857 defunctum
3373 3821 3386 3857 :
3420 3802 3572 3857 illius

1978 3906 2063 3955 est
2091 3898 2388 3954 Sunaiuitis
2418 3896 2623 3951 sterilis
2656 3893 2747 3967 (ιν
2781 3894 2907 3965 Reg.
2946 3909 3027 3959 iv,
3058 3893 3176 3964 20),
3206 3894 3257 3948 id
3281 3905 3365 3949 est
3397 3937 3411 3961 ,
3471 3893 3579 3948 Ec-

1978 3993 2159 4049 clesiae
2193 4010 2205 4045 :
2235 4008 2301 4046 ex
2321 3988 2751 4061 repromiSsione
2780 3998 2937 4043 natus
2968 3996 3053 4043 est
3076 3988 3179 4043 iSle
3207 3985 3300 4058 qui
3327 3996 3579 4042 mortuus

1970 4214 2311 4275 miraremur,
2344 4226 2467 4266 cum
2499 4210 2746 4265 solemne
2770 4207 2933 4263 fuerit
2960 4206 3062 4262 PP.
3092 4204 3298 4261 (ἰαθεὶς
3330 4205 3574 4261 Latinis-

1969 4300 2073 4354 que
2123 4299 2187 4337 ex
2239 4283 2430 4339 eodem
2472 4278 3045 4354 testimoniaa‘n‘crre,
3079 4278 3158 4331 uti
3190 4278 3471 4354 peculiari
3504 4276 3575 4332 de

1970 4346 2077 4410 lioc
2107 4355 2249 4410 libro
2286 4355 2518 4409 Dissert.
2552 4352 2743 4408 docuit
2770 4350 3050 4406 Calmetus
3095 4358 3230 4404 tom.
3265 4348 3335 4404 lll
3361 4393 3375 4418 ,
3432 4346 3573 4404 Ven.

1969 4426 2105 4482 edit.
2139 4442 2260 4497 pag.
2298 4426 2423 4481 162.
2988 4494 2998 4497 _
3177 4491 3263 4497 mg
3427 4493 3439 4497 _
3522 4492 3533 4497 _

2045 4506 2069 4534 °
2116 4491 2388 4554 Hactenus
2440 4494 3106 4564 Pseudo-llierouymiana
3164 4491 3473 4565 Objurgatio
3514 4492 3571 4545 in

1974 4568 2282 4644 Evagrium,
2314 4584 2476 4644 equa
2508 4567 2837 4644 plura_Diss_.
2874 4566 2929 4629 2,
2960 4581 3081 4633 cap.
3109 4564 3175 4644 5..
3238 4564 3245 4565 ί
3389 4642 3392 4644 Α
3464 4633 3475 4644 _

2052 4633 2467 4711 f"Dignuadd'it,
2510 4633 2779 4711 ueteribus.
2813 4636 3292 4711 Leg_er_e_mal_lem.
3321 4633 3571 4711 ueteribus

1974 4704 2190 4781 pannis:
2226 4730 2285 4764 uc
2335 4710 2546 4778 funibus
2588 4705 2852 4762 veteribus.
2909 4705 3051 4760 LXX
3074 4705 3262 4761 Παλαιά
3303 4704 3456 4778 ῥάκη,
3482 4708 3571 4759 καὶ

1974 4785 2167 4859 παλαιά
2200 4786 2427 4855 σχοινία.
2614 4852 2647 4859 __
2712 4852 2723 4859 _
2930 4858 2935 4859 γ
3062 4848 3073 4859 ,
3421 4848 3431 4859 _
3472 4846 3484 4858 .

2050 4866 2075 4903 8
2106 4852 2311 4909 Passim
2349 4863 2566 4908 veteres
2595 4852 2942 4919 distinguunt
2987 4852 3249 4919 animam,
3275 4862 3304 4901 a
3350 4852 3573 4919 spiritu.

1975 4927 2212 4980 Saucius
2238 4927 2527 4987 Pacianus,
2561 4924 2839 4990 Hispaniae
2862 4922 3065 4976 lumen.
3116 4921 3193 4973 ait
3221 4918 3575 4990 Corinthium

1977 5012 2007 5050 a
2042 4999 2211 5053 Paulo
2240 4998 2488 5067 apostolo
2522 4996 2779 5067 traditum
2810 4993 2979 5045 fuisse
3011 4991 3232 5067 Satanae
3280 4992 3355 5067 i_n_
3385 4989 3575 5067 interi-_

1978 5078 2093 5121 tum
2123 5063 2331 5135 carnis,
2359 5083 2462 5121 non
2481 5076 2653 5120 tamen
2678 5066 2888 5126 animle,
2918 5079 3023 5117 non
3044 5063 3197 5116 etiam
3228 5063 3461 5134 spiritus,
3482 5063 3576 5116 sed

1979 5140 2050 5192 ad
2074 5140 2239 5194 solius
2263 5141 2429 5194 carnis
2458 5136 2946 5207 interitum.)Epist.
2976 5136 3030 5203 5,
3064 5135 3130 5189 ad
3156 5135 3572 5206 Syitiproniati.,

1981 5225 2105 5280 pag.
2140 5211 2246 5266 207
2276 5211 2410 5266 edit.
2443 5209 2601 5263 Rom.
2638 5206 2801 5264 1504.

2053 5281 2080 5353 ιε
2109 5282 2300 5337 Anibr.
2336 5289 2731 5353 persecutorem.

2065 5352 2079 5389 ί
2120 5354 2252 5409 Vide
2284 5348 2361 5407 sis
2388 5364 2631 5407 nostram
2669 5354 2808 5407 liiss.
2848 5351 2905 5416 2,
2933 5365 3054 5419 cap.
3091 5348 3146 5403 4.

2061 5424 2074 5472 t'
2120 5426 2171 5478 Id
2203 5424 2398 5480 fecisse
2422 5424 2767 5488 Samsonem,
2792 5437 2897 5476 non
2926 5417 3242 5475 humaniter
3258 5417 3577 5488 deceptum,

1982 5493 2079 5550 sed
2106 5496 2377 5569 divinitus
2406 5496 2653 5569 jussuni,
2707 5494 2986 5569 sententia
3024 5491 3339 5569 estumagni
3389 5487 3578 5569 ᾼιιειι-

1982 5567 2113 5620 5tiui
2148 5558 2521 5635 aliorumque.
2568 5564 2835 5637 Martyrii_
2865 5563 3078 5637 Iaudem
3120 5561 3199 5637 illi
3243 5558 3442 5637 tribuit
3470 5558 3584 5637 13a—

1981 5637 2254 5711 chiarius,
2301 5628 2517 5692 innixus
2559 5628 2789 5711 fortasse
2820 5633 3059 5711 l’aulttia’
3100 5631 3350 5711 epistol:i-
3378 5628 3587 5711 aii-Ile:

1980 5708 2184 5774 braeos,
2211 5697 2300 5763 u'bi
2333 5712 2475 5764 inter
2495 5723 2594 5762 eos
2629 5708 2911 5769 laudatur,
2950 5702 3042 5774 qui
3078 5697 3374 5765 teitinionio
3433 5697 3589 5754 Fidei

1978 5782 2180 5849 probati
2206 5784 2494 5849 sunt.L‘ap.
2529 5794 2603 5849 si,
2636 5782 2724 5843 5:,
2759 5776 2849 5829 59.

2053 5849 2077 5887 "
2112 5852 2189 5906 Ex
2225 5851 2416 5907 Ambr.
2448 5848 2722 5913 addimus,
2757 5862 2875 5899 sua.
