4074 6204
308 312 449 371 1οη

1094 309 1303 367 LIBER
1345 308 1438 366 AD
1475 307 1893 372 JANUANUM.
1937 307 2029 364 DE
2070 306 2562 366 RBI’ANATIONE
2597 303 2822 364 LAPSI.

3469 305 3615 364 ιιιιθ

302 427 606 484 indulserat
631 423 858 500 (Corpus
881 424 1016 479 enim
1057 422 1218 496 (Sap.
1250 438 1324 491 Ix,
1362 420 1454 494 t5)
1474 422 1612 493 quod
1666 437 1905 476 corrum-
1935 428 1987 490 Α
2016 422 2248 477 illorum-
2289 422 2536 492 praemia,
2586 435 2684 476 sua
2714 421 2880 477 sentit
2910 436 3033 478 esse
3065 431 3354 478 tormenta.
3407 421 3466 479 Si
3494 423 3617 494 quis

303 522 470 589 pitur,
498 528 744 592 aggravet
773 513 1043 582 animum)
1085 524 1110 552 ι
1132 515 1200 568 ab
1231 529 1298 570 eo
1344 529 1504 584 quem
1533 513 1898 583 persequitur,

302 613 512 681 Abner,
550 611 620 669 de
640 610 865 682 cuSpide
906 611 1110 666 lanceas
1141 608 1196 664 in
1229 607 1454 664 renibus
1491 606 1726 662 refertur
1775 620 1901 663 esse

300 720 616 778 percussus.
653 705 709 759 In
732 718 840 775 quo
871 703 992 758 loco
1022 701 1275 770 membri,
1305 703 1496 757 vitium
1528 701 1904 758 fornicationis

300 801 454 873 poni.
480 798 690 854 nullum
717 806 848 868 puto
876 811 1002 852 esse
1030 796 1124 868 qui
1157 795 1390 850 dubitet.
1426 793 1758 850 Sicutctiam
1788 795 1904 863 ipse

297 895 485 950 Abner
514 907 546 948 a
572 892 710 948 Joab
731 891 903 947 fratre
933 893 1052 962 ejus
1081 890 1428 961 postmodum
1451 888 1508 944 in
1535 887 1762 959 inguine
1778 901 1903 958 per-

299 1000 502 1042 cussus
531 999 655 1040 esse
683 982 1004 1054 perhibemr
1028 981 1102 1054 (ll
1139 980 1272 1052 Reg.
1307 997 1388 1049 ιιι,
1420 978 1546 1050 2ης
1578 979 1700 1050 quia
1734 976 1904 1032 forni-

301 1080 533 1137 cationis
561 1078 734 1134 forma
758 1093 864 1133 non
897 1078 1026 1133 alibi
1051 1091 1213 1148 quam
1245 1077 1297 1130 in
1324 1075 1544 1146 inguine
1585 1073 1903 1128 merebatur

300 1174 561 1231 interfici.
590 1171 864 1243 Numquid
894 1183 1075 1227 autem
1124 1172 1286 1226 Asael
1313 1169 1750 1225 consolationem
1787 1168 1898 1222 fra-

303 1278 446 1326 trum
500 1283 607 1323 nou
654 1267 924 1334 meminit,
983 1282 1141 1337 quem
1175 1267 1247 1322 ita
1273 1275 1416 1322 totus
1439 1266 1658 1321 Davidis
1691 1265 1902 1336 planxit

300 1363 618 1420 exercitus?
673 1371 768 1417 aut
793 1363 861 1418 de
897 1362 1034 1417 libro
1082 1363 1204 1415 vita:
1236 1361 1448 1416 deletus
1481 1371 1582 1432 est,
1615 1360 1666 1415 id
1699 1373 1803 1427 est,
1835 1361 1903 1417 de

300 1456 562 1512 memoria
589 1455 880 1510 Dominicae
910 1453 1195 1509 lectionis?
1221 1454 1312 1510 Sic
1339 1454 1609 1524 scriptura
1636 1467 1744 1507 non
1763 1452 1904 1508 obli-

297 1549 550 1613 viscitur,
585 1558 640 1601 ut
670 1545 833 1602 etiam
858 1545 1158 1600 velocitatis
1177 1545 1296 1616 ejus
1325 1557 1483 1616 quam
1513 1555 1642 1599 ante
1670 1553 1899 1598 mortem

298 1643 551 1708 habebat,
584 1640 612 1679 δ
645 1641 808 1696 faciat
836 1640 1194 1708 mentionem,
1225 1656 1348 1694 cum
1379 1639 1514 1696 dicit
1542 1658 1556 1695 :
1599 1639 1768 1694 Velox
1789 1649 1901 1692 erat

296 1738 425 1793 sicut
455 1749 634 1790 cervus
659 1751 676 1800 ;
706 1734 756 1789 id
785 1745 891 1798 est,
919 1733 1013 1804 qui
1035 1750 1140 1787 non
1173 1734 1346 1788 solum
1373 1735 1713 1804 perspicacia
1736 1749 1896 1789 men-

2006 514 2283 588 laudatur,
2312 513 2594 570 erubescit
2624 531 2638 567 :
2669 515 2715 568 si
2744 514 2870 583 quis
2927 514 3293 584 vituperatur,
3338 514 3612 585 agnoscit;

2003 606 2151 663 inter
2181 609 2298 662 haec
2327 607 2616 662 verbormn
2637 606 2848 675 ﬂagella
2865 607 3218 674 constitutus,
3251 605 3607 663 satisfactioui

2003 700 2484 770 emendationique
2511 714 2726 769 semper
2753 700 3114 768 approximat.

2082 795 2170 848 ill.
2212 793 2330 848 iam
2360 807 2489 849 vero
2519 792 2648 846 illud
2677 791 2836 861 quale
2884 800 2992 860 est,
3023 791 3166 862 quod
3211 805 3241 846 ιι
3283 790 3607 862 quibusdam

2007 888 2318 943 audivimus
2341 888 2448 942 dici
2487 905 2500 942 :
2529 898 2586 942 ut
2625 886 2715 941 illa
2745 887 2827 940 vel
2854 886 2971 952 ille,
3000 887 3092 955 qui
3139 886 3383 942 criminis
3414 900 3610 957 peccas

2009 986 2156 1055 tique
2183 993 2466 1041 consortes
2493 993 2644 1051 sunt,
2677 983 2843 1039 veluti
2873 985 2928 1038 in
2953 983 3303 1038 matrimonio
3325 982 3608 1053 conjugioa

2006 1093 2114 1148 que
2130 1078 2448 1148 jungautur.
2480 1076 2635 1132 Absit
2664 1076 2768 1132 hoc
2795 1092 2824 1130 a
2853 1084 2877 1123 ε
2908 1075 3189 1131 christiani
3216 1075 3329 1132 oris
3355 1075 3604 1146 eloquio.
3669 1061 3672 1064 ’

2009 1173 2295 1245 Serpentis
2321 1183 2407 1228 est
2431 1173 2532 1227 ista
2563 1172 2862 1242 suggestio,
2891 1181 2950 1225 ut
2978 1171 3124 1226 illius
3169 1185 3331 1241 quem
3382 1169 3602 1237 occidit,

2008 1269 2174 1324 etiam
2221 1265 2454 1322 cadaver
2503 1276 2767 1321 assumat.
2819 1264 3011 1320 Nonne
3064 1265 3241 1320 simile
3269 1267 3375 1329 εει,
3403 1263 3604 1334 siquis

2009 1377 2302 1435 percussus
2323 1363 2581 1433 graviter,
2605 1369 2857 1418 extremo
2885 1359 3108 1415 anhelet
3128 1359 3180 1414 in
3211 1358 3353 1424 line;
3383 1368 3437 1414 et
3459 1357 3602 1412 hunc

2008 1469 2262 1514 terrenus
2291 1456 2554 1523 medicus,
2590 1456 2635 1510 si
2662 1455 2800 1511 forte
2823 1453 3146 1519 visitaverit,
3177 1453 3302 1524 quia
3317 1468 3424 1509 non
3439 1457 3602 1525 posse

2007 1551 2086 1606 vit
2100 1566 2196 1608 ere
2247 1551 2571 1619 SllSpiceltll‘,
2623 1547 2870 1603 hortetur
2909 1547 3120 1602 occidi?
3149 1546 3338 1603 Simile
3365 1558 3450 1603 est
3480 1546 3601 1601 sine

2007 1645 2173 1700 dubio
2202 1643 2347 1715 quod
2377 1643 2576 1699 dicitur
2605 1659 2618 1696 :
2646 1643 2902 1698 Inventus
2954 1651 3040 1697 est
3077 1641 3266 1708 frater,
3299 1651 3392 1696 aut
3419 1652 3598 1706 soror,

2005 1737 2462 1809 concupiscentia:
2511 1737 2622 1792 telo
2671 1736 2907 1808 graviter
2935 1736 3254 1792 vulneratus
3286 1752 3300 1791 :
3327 1735 3451 1792 huic
3473 1746 3597 1792 cum

296 1827 389 1892 tis,
417 1827 624 1882 inimici
671 1827 894 1897 laqueos
940 1824 1201 1889 evitabat,
1245 1841 1432 1880 Vcl’Ulll
1473 1825 1636 1882 etiam
1667 1839 1890 1896 serpen-
1931 1829 1980 1890 B
2006 1833 2278 1890 hsceleris
2325 1833 2407 1886 sui
2453 1831 2656 1902 nuptiae
2708 1831 3032 1897 suadentur;
3062 1832 3188 1902 quid
3236 1831 3380 1886 aliud
3401 1830 3592 1886 dicitur

298 1921 456 1987 tium,
484 1919 590 1976 hoc
617 1928 704 1976 est
731 1955 746 1988 ,
779 1917 1216 1974 adversariarum
1267 1918 1526 1975 virtutum
1577 1919 1896 1976 interfector

295 2011 529 2069 exstitit.

369 2101 424 2156 9.
465 2099 754 2166 Memento,
787 2097 974 2165 frater,
1009 2099 1152 2171 quod
1183 2114 1310 2154 caro
1333 2114 1520 2154 sumus
1553 2119 1566 2155 :
1595 2117 1745 2159 mare
1766 2105 1898 2162 illud

299 2191 444 2266 (hoc
467 2202 573 2259 est,
605 2192 774 2248 forma
807 2192 1058 2263 baptismi
1085 2196 1103 2262 )
1131 2193 1272 2264 quod
1318 2195 1509 2249 beatus
1564 2195 1799 2252 Joannes
1841 2198 1896 2253 in

297 2293 628 2365 Apocalypsi
659 2293 860 2350 vidisse
882 2310 940 2350 se
967 2295 1124 2362 dicit,
1151 2297 1383 2352 Vitreum
1410 2294 1580 2354 fuisse
1599 2293 1898 2365 descripsit

302 2385 501 2459 (Apoc.
527 2401 604 2454 tv,
629 2385 700 2453 6;
731 2403 819 2452 xv,
843 2387 879 2441 2
899 2386 952 2458 );
980 2396 1036 2443 et
1058 2388 1179 2444 ideo
1204 2389 1259 2443 in
1291 2389 1452 2444 nobis
1473 2390 1584 2444 cito
1618 2389 1898 2458 periclita‘

302 2489 389 2535 tur
409 2491 500 2534 aut
531 2480 822 2551 frangitur.
855 2480 1086 2536 Lubrica
1119 2495 1202 2538 eat
1233 2483 1314 2536 via
1342 2485 1530 2537 stcculi
1563 2483 1740 2552 huius,
1782 2482 1892 2552 gla-

301 2574 731 2645 cialiiuiquitate
747 2577 1045 2631 constricta
1079 2594 1091 2630 :
1125 2593 1285 2646 quam
1318 2591 1440 2632 cum
1475 2589 1497 2616 ο
1531 2578 1744 2633 modice
1763 2593 1896 2633 con-

302 2668 653 2740 cupiscentiae
684 2670 834 2724 calor
863 2670 1114 2734 solverit,
1150 2669 1326 2724 facilis
1351 2682 1435 2724 est
1458 2670 1525 2724 ad
1556 2671 1761 2740 lapsum
1789 2669 1899 2724 rui-

305 2775 541 2830 namque
580 2761 904 2816 miserorum
938 2779 952 2817 :
983 2762 1205 2833 l’orrige
1256 2777 1465 2816 manum
1518 2765 1659 2816 tuam
1697 2764 1898 2836 jacenti

304 2851 765 2923 fratri(Eccl.xv,
796 2851 909 2924 l8),
959 2854 1050 2924 qui
1097 2856 1359 2909 contusus
1408 2856 1614 2924 pudore
1665 2855 1895 2925 peccati,

305 2959 406 3000 nec
430 2945 640 3016 erigere
669 2960 729 3000 se
759 2961 859 2999 nec
890 2947 1078 3000 oculos
1122 2947 1288 3001 audet
1339 2947 1616 3002 attollere.
1674 2949 1900 3016 (Lomple

307 3039 484 3106 legem
509 3038 714 3110 Moysi:
745 3037 808 3093 Si
830 3039 1068 3093 ceciderit
1089 3041 1267 3093 asinus
1288 3036 1315 3076 ἀ
1331 3040 1509 3111 fratris
1537 3042 1614 3094 tui
1651 3041 1744 3095 sub
1771 3058 1901 3112 pon—

309 3132 431 3185 dere
451 3128 652 3203 (Exod.
701 3145 857 3200 nm,
903 3132 1000 3202 5),
1028 3130 1132 3188 hoc
1175 3142 1280 3200 est,
1315 3141 1444 3188 caro
1469 3133 1607 3188 victa
1653 3144 1898 3204 peccato,

308 3224 514 3279 acclina
549 3232 622 3291 te,
655 3232 710 3279 et
741 3224 964 3278 humilia
998 3235 1071 3292 te,
1101 3235 1158 3280 et
1183 3226 1408 3282 subleva
1456 3227 1525 3282 de
1552 3228 1731 3283 ruina.
1764 3227 1902 3295 Quid
1928 3211 1974 3276 Ο

309 3315 593 3373 erubescis
621 3317 876 3388 conjungi
907 3317 1110 3373 homini
1146 3319 1460 3388 peccaturi?
1491 3321 1722 3392 Respice
1748 3321 1900 3376 illum

310 3409 401 3480 qui
424 3408 557 3463 dicit
590 3408 756 3464 :Noli
810 3409 1023 3463 nimium
1075 3427 1184 3465 esse
1217 3415 1394 3483 justus
1417 3411 1615 3484 (Ercle.
1652 3429 1747 3478 vu,
1770 3415 1834 3468 Π
1861 3413 1902 3484 ).

313 3501 567 3571 Magister
609 3510 792 3556 noster
832 3519 861 3554 ιι
893 3503 1194 3556 latronibus
1251 3503 1589 3558 vulneratum
1627 3499 1802 3575 (Luc.
1847 3520 1903 3569 ιι,

311 3587 562 3668 '50),non
583 3597 762 3651 solum
809 3608 937 3650 cura
987 3597 1209 3668 dignum
1262 3597 1490 3668 iudicat,
1523 3616 1707 3653 vertun
1740 3601 1904 3654 etiam

313 3691 378 3746 ad
404 3691 682 3746 stabulum
706 3706 862 3746 suum
896 3703 950 3746 et
979 3694 1120 3746 ovile
1148 3691 1423 3758 restituit;
1468 3708 1530 3746 ac
1552 3693 1692 3746 datis
1723 3693 1906 3747 stabu-

314 3783 450 3840 lario
499 3783 712 3838 duobus
753 3784 1016 3850 denariis,
1063 3784 1165 3840 hoc
1221 3793 1321 3849 est,
1359 3784 1600 3855 utrisque
1627 3784 1906 3841 divinica-

316 3876 479 3931 nonis
500 3875 889 3939 Testamentis,
923 3877 1098 3945 majus
1121 3877 1168 3930 ei
1195 3879 1476 3946 praemium
1509 3877 1795 3946 pollicetur
1815 3919 1829 3944 ,
1863 3879 1910 3934 si

316 3970 597 4041 diligentia
633 3985 729 4025 sua
760 3981 1078 4042 percussum
1112 3970 1390 4026 hominem
1420 3971 1485 4025 ad
1514 3979 1714 4026 statum
1741 3972 1912 4042 pristi-

317 4079 446 4120 num
500 4063 799 4120 reduxerit.
831 4063 898 4118 Et
947 4073 1000 4116 tu
1032 4077 1164 4134 ergo
1205 4063 1401 4132 collige
1451 4064 1696 4130 fratrem,
1752 4079 1910 4135 quem

317 4156 565 4212 diabolus
599 4155 737 4209 latro
767 4169 888 4209 cum
914 4154 1205 4208 satellitum
1232 4170 1452 4210 suorum
1497 4157 1651 4211 turba
1695 4172 1914 4227 percus-

318 4250 389 4304 sit
422 4265 434 4302 :
468 4247 685 4319 assigna
720 4241 1036 4314 Stabulario',
1094 4241 1196 4304 hoc
1239 4255 1341 4317 cst,
1377 4258 1398 4286 ε
1430 4247 1491 4304 Β.
1517 4251 1796 4321 episeopo,
1823 4251 1914 4322 qui

319 4344 363 4398 si
395 4344 522 4412 quid
555 4344 606 4396 in
637 4357 703 4398 eo
735 4342 1092 4413 impenderit,
1125 4345 1358 4414 amplius
1387 4360 1415 4398 ιι
1451 4345 1676 4399 Domino
1725 4361 1916 4402 conse-

319 4442 544 4505 quetur.-
602 4431 710 4488 Sed
765 4433 898 4489 dicis
943 4435 1126 4490 forte:
1163 4432 1256 4491 Ille
1307 4437 1620 4492 vulneratus
1650 4439 1916 4504 erat;th

320 4533 568 4581 mortuus
598 4535 702 4580 esu
735 4525 803 4580 Et
832 4535 889 4582 tu
917 4539 1046 4598 ergo
1077 4523 1121 4582 si
1147 4533 1416 4584 mortuum
1449 4527 1608 4598 dicis,
1657 4530 1737 4586 vel
1761 4533 1914 4602 juxta

1999 1925 2104 1980 nisi
2128 1925 2424 1990 occidatur,
2455 1924 2581 1994 quia
2606 1923 2787 1978 vivere
2813 1935 2906 1978 aut
2933 1923 3166 1978 evadere
3189 1937 3296 1978 non
3312 1917 3508 1993 poterit
3531 1922 3600 1978 de

1999 2021 2103 2077 hac
2128 2021 2323 2090 plaga?
2349 2020 2536 2076 Nescis
2567 2022 2822 2084 fortasse,
2853 2029 2976 2090 quas
3002 2033 3158 2104 pretia
3177 2018 3601 2089 msneatdespe-

2001 2117 2247 2172 rantem?
2268 2115 2597 2170 llleuuntius
2622 2113 2803 2170 Saulis
2835 2109 3025 2168 mortis
3053 2113 3121 2187 (ll
3149 2114 3272 2184 Reg.
3298 2129 3338 2182 ι,
3362 2106 3399 2168 ἢ
3426 2114 3595 2184 seqq.)

2000 2223 2126 2263 cum
2171 2207 2239 2262 ad
2296 2206 2461 2261 David
2521 2205 2784 2268 venisset,
2836 2217 2889 2260 et
2936 2204 3168 2260 referret
3215 2205 3265 2260 ei
3323 2204 3602 2260 Inimicum

2000 2316 2159 2357 suum
2190 2317 2315 2357 esse
2338 2309 2702 2371 prostratum;
2740 2299 2904 2355 David
2933 2313 3150 2354 causam
3177 2300 3371 2356 mortis
3425 2300 3602 2370 inqui.

2001 2413 2149 2463 rens,
2207 2398 2417 2452 audivit
2462 2396 2530 2449 ab
2576 2411 2663 2460 eo,
2718 2395 2864 2465 quod
2923 2397 3038 2465 ipse
3066 2395 3284 2450 nuntius
3314 2395 3600 2449 illum'suo‘

1999 2491 2182 2562 gladio
2212 2490 2462 2560 peretnit,
2484 2490 2690 2544 addens
2718 2499 2774 2542 et
2795 2487 3164 2554 dicenszQuia
3185 2488 3417 2542 videbam
3463 2489 3602 2558 quod

1999 2585 2106 2639 ictu
2134 2584 2272 2637 illati
2295 2585 2350 2636 in
2371 2599 2426 2637 se
2453 2580 2679 2636 vulneris
2708 2597 2813 2634 non
2837 2591 2947 2635 erat
2967 2581 3238 2650 oieturus(
3266 2581 3432 2650 lbid.,
3466 2585 3559 2658 10)
3586 2602 3599 2650 ;

2000 2691 2161 2747 quem
2195 2675 2360 2730 David
2389 2674 2570 2729 statim
2601 2682 2774 2728 niorte
2801 2672 3109 2736 damnavit;
3133 2685 3256 2727 cum
3285 2683 3596 2742 percussum

2003 2770 2071 2824 ab
2101 2768 2352 2824 hostibus
2397 2767 2746 2837 desperasset
2795 2781 2917 2822 esse
2946 2765 3234 2832 victurum,
3259 2775 3313 2822 et
3342 2779 3465 2822 eum
3509 2779 3602 2823 su-

2005 2863 2148 2918 blata
2179 2860 2296 2932 spei
2322 2859 2517 2914 ﬁducia
2552 2859 2878 2928 jugulasset.
2909 2859 3051 2925 Quin
3077 2859 3242 2913 immo
3271 2871 3420 2913 more
3446 2859 3606 2914 Davi-

2004 2955 2126 3010 dico
2149 2952 2466 3009 scindantur
2485 2951 2808 3005 vestimenta
2838 2949 3018 3004 cordis
3049 2961 3103 3005 et
3128 2950 3369 3018 pectoris
3400 2965 3414 3004 :
3447 2950 3600 3007 ﬂebi-

2005 3048 2073 3104 lis
2099 3063 2202 3101 vox
2253 3045 2471 3100 tollatur
2527 3045 2580 3097 in
2633 3041 2906 3112 planctum
2940 3059 2952 3094 :
2983 3044 3247 3097 doceatur
3299 3045 3601 3100 Iumentum

2009 3139 2333 3196 lsraelitieus
2361 3138 2611 3208 populus,
2646 3136 2696 3190 id
2727 3147 2808 3190 est
2840 3135 2991 3205 plebs
3023 3133 3412 3202 ecclesiasttica,
3443 3147 3497 3194 et
3520 3138 3603 3192 di-

2007 3243 2125 3289 cat:
2165 3231 2179 3269 ί
2216 3231 2438 3286 Subleva
2468 3228 2666 3297 lapides
2694 3237 2810 3280 tuos
2836 3243 2990 3298 super
3042 3226 3344 3282 altitudines
3375 3237 3510 3298 tuas,
3557 3238 3605 3284 et

2009 3328 2179 3397 cogita
2208 3325 2271 3378 de
2293 3323 2576 3394 interfectis
2607 3322 2732 3387 tuis,
2753 3320 3012 3391 quomodo
3034 3320 3328 3375 reciderunt
3371 3329 3602 3393 potentes

2006 3421 2061 3476 iu
2094 3419 2295 3489 ιιι-ωηο.
2326 3416 2445 3470 Non
2471 3415 2843 3471 mmtieturhoc
2865 3415 2920 3468 in
2941 3411 3094 3479 Geth,
3119 3429 3280 3484 neque
3300 3415 3608 3486 pradicetur

2010 3513 2062 3566 in
2095 3511 2188 3565 uiis
2215 3509 2505 3575 Ascalonis,
2539 3523 2602 3561 ne
2625 3509 2757 3578 forte
2781 3506 3018 3560 lwteutur
3039 3505 3165 3574 ﬁlia:
3195 3507 3606 3580 alienigenarum

2009 3613 2056 3655 et
2083 3584 2440 3657 erhilareritur
2481 3599 2578 3667 ﬁlii
2623 3599 3103 3651 incircumcisorum
3131 3596 3319 3668 (Ibid.,
3359 3599 3449 3668 19,
3470 3600 3564 3671 ιο)
3591 3615 3608 3667 ι

2011 3705 2064 3751 et
2096 3695 2326 3763 reliqua,
2352 3708 2472 3765 qua:
2497 3692 2844 3748 continentur
2875 3691 2889 3740 l
2926 3691 3147 3746 lamenti
3200 3693 3368 3762 ipsius
3393 3693 3608 3760 edicto;

2012 3799 2066 3845 et
2091 3787 2258 3851 dicat,
2291 3796 2384 3840 aut
2413 3787 2699 3854 loquatur:
2740 3797 2866 3839 ecce
2897 3783 3216 3853 prohibetur
3246 3801 3313 3839 ne
3343 3786 3398 3839 ln
3426 3789 3612 3841 termi-

2013 3881 2097 3936 nis
2118 3878 2279 3944 Geth,
2315 3893 2489 3949 neque
2525 3877 2580 3932 in
2612 3877 2812 3932 finibus
2841 3875 3146 3943 Ascalonis,
3168 3877 3270 3932 hoc
3289 3888 3394 3945 est,
3428 3878 3480 3932 in
3513 3893 3612 3933 no-

2017 3975 2185 4028 titiam
2232 3972 2571 4027 smcularium
2599 3971 2714 4024 sive
2742 3970 3018 4024 hominum
3068 3969 3486 4035 mundanorum,
3523 3985 3612 4025 ea.

2015 4081 2108 4123 sus
2136 4065 2319 4120 fratris
2348 4063 2431 4118 vel
2464 4064 2616 4118 ruina
2643 4064 2943 4118 scminelur
2967 4079 2980 4116 :
3005 4074 3058 4117 et
3086 4077 3186 4118 nos
3214 4064 3356 4134 passi
3402 4078 3616 4130 sumus,

2019 4176 2125 4214 non
2154 4161 2330 4213 solum
2356 4157 2522 4228 ipsam
2553 4172 2710 4226 quam
2734 4155 2919 4209 incolit
2955 4155 3252 4222 civitatem,
3301 4155 3396 4210 sed
3449 4155 3614 4210 ctiam

2020 4260 2190 4306 totum
2224 4250 2412 4305 orbem
2435 4251 2592 4302 fatua:
2645 4247 2817 4317 ipsius
2859 4247 3244 4317 desperatione
3294 4246 3615 4316 compleri?

2018 4345 2212 4402 Nonne
2242 4343 2366 4398 huic
2390 4349 2664 4413 praecepto
2687 4341 3108 4396 cohaeretetiam
3141 4341 3232 4395 ille
3264 4341 3619 4412 evangelicae

2020 4452 2225 4501 sermo,
2259 4435 2350 4505 qui
2376 4433 2507 4490 dicit
2540 4451 2552 4488 :
2586 4429 2646 4489 Si
2672 4432 2953 4507 peccaverit
2981 4431 3034 4487 in
3063 4443 3108 4486 te
3134 4431 3298 4504 frater
3329 4443 3470 4501 tuus,
3500 4433 3618 4485 cor-

2019 4533 2132 4602 ripe
2153 4547 2267 4584 eum
2299 4529 2477 4596 solus;
2500 4528 2638 4600 quod
2669 4528 2715 4581 si
2742 4536 2790 4582 te
2819 4523 3060 4592 audierit,
3091 4525 3327 4582 lucratus
3357 4543 3412 4584 es
3451 4523 3566 4582 eum
3603 4541 3621 4579 :

321 4617 506 4673 Elisazi
530 4613 680 4674 illum
708 4633 829 4676 ossa
862 4592 1134 4677 constitue
1160 4615 1249 4694 (IV
1282 4621 1412 4695 Reg.
1447 4639 1563 4688 xm,
1594 4592 1718 4692 ζ21).
1752 4592 1912 4689 Nolo,
1940 4592 1992 4653 Β
2021 4592 2256 4678 si'autem
2288 4637 2390 4676 non
2413 4592 2467 4675 te
2487 4592 2730 4683 audierit,
2779 4618 2969 4672 adhibe
3004 4630 3170 4672 tecum
3214 4620 3346 4673 duos
3391 4621 3472 4672 rel
3517 4626 3622 4670 tres

321 4719 386 4767 ut
410 4727 532 4765 cum
563 4711 722 4783 longe
752 4727 1005 4784 segreges
1036 4730 1064 4768 a
1094 4712 1294 4768 Christi
1325 4717 1609 4784 membris,
1637 4717 1758 4786 quia
1803 4715 1918 4786 ipse

321 4803 600 4859 consortio
631 4805 914 4860 meliorum
942 4803 1252 4873 erubescet,
1283 4815 1333 4861 ct
1365 4816 1611 4877 resurget
1632 4807 1697 4861 ad
1727 4808 1914 4862 vitam.

321 4894 436 4950 Non
467 4896 872 4952 emendationis
904 4914 1128 4967 parvum
1160 4909 1314 4967 putes
1343 4914 1466 4954 esse
1503 4898 1520 4937 ί
1558 4909 1916 4968 tormentum,

325 4991 368 5044 si
403 4998 665 5059 peccator
691 4990 1428 5046 adseiscitnriuconsiirtium
1464 4992 1770 5061 beatorum;
1798 4996 1918 5065 quia

325 5202 443 5316 gutta
469 5198 751 5279 'morar‘ttttr.
763 5190 815 5243 in
842 5190 1006 5246 silvis.
1037 5191 1190 5262 Apud
1229 5190 1394 5256 LXX,
1429 5191 1681 5248 similiter
1697 5199 1765 5254 ὡς
1785 5195 1813 5252 ἡ
1833 5197 1925 5264 μία

361 5281 516 5316 coxa;
547 5279 595 5314 εν
616 5281 778 5316 mam.

361 5281 516 5336 ορκας
547 5279 595 5314 εν
616 5281 778 5335 atypus.

400 5343 424 5367 ³
469 5329 663 5404 Gryn.,
698 5334 893 5404 rlsttun
947 5337 1272 5403 persequitur
1328 5335 1518 5389 Abner.
1573 5336 1789 5399 Anthr.,
1825 5333 1932 5390 Iste

328 5404 450 5485 dum
470 5403 792 5485 persequitur
809 5403 996 5485 Abner.

402 5471 428 5513 ιδ
470 5471 768 5548 Νεαίιιίιθιιι
800 5475 1124 5545 particulam
1152 5492 1313 5546 quam
1347 5478 1627 5533 interserit
1659 5479 1923 5549 Dignatus,

402 5549 702 5599 .uuntzimus
723 5564 827 5599 one
860 5565 960 5599 ms.
991 5555 1047 5599 et
1075 5551 1260 5599 nrinta-
1294 5550 1568 5599 editionis.

337 5555 702 5618 erpungimus
723 5564 827 5619 ope
860 5565 960 5602 ms.
991 5555 1047 5600 ct
1075 5555 1260 5617 prima-
1294 5555 1568 5604 editionis.

337 5687 348 5702 _
405 5628 428 5656 ε
472 5617 636 5702 Iidem
683 5619 803 5702 libri
827 5619 1123 5676 emendant
1143 5619 1432 5690 Margarini
1483 5621 1773 5686 editiones,
1808 5633 1928 5690 quae

331 5687 520 5759 legunt
573 5691 884 5746 immodicas.
994 5745 1000 5751 ,
1261 5687 1280 5690 “

408 5757 433 5794 ά
477 5751 641 5838 LXX,
672 5764 1144 5838 Todixepoiiaoo;
1177 5762 1358 5833 Vulg”
1390 5764 1609 5838 odienlis
1643 5771 1708 5817 le.

415 5840 437 5867 °
480 5832 740 5908 Litteram
773 5832 910 5887 hanc
939 5835 1202 5890 initialem
1234 5832 1338 5889 non
1372 5837 1614 5907 agnoscit
1640 5833 1764 5889 cod.
1811 5833 1934 5890 Am-

2026 4726 2172 4769 testes
2205 4713 2420 4786 (Matth.
2443 4727 2592 4774 svnt,
2621 4710 2708 4776 15,
2742 4708 2854 4778 16),
2896 4719 2945 4763 et
2996 4709 3201 4779 reliqua
3227 4723 3348 4778 qua:
3375 4707 3627 4763 continet

2023 4825 2206 4865 sermo
2231 4806 2504 4878 praecepti.
2541 4802 2701 4857 Vides
2723 4816 2853 4872 ergo
2876 4800 3001 4871 quid
3028 4797 3183 4855 dicit:
3211 4799 3295 4856 Ne
3323 4799 3623 4855 exhilaretu-

2025 4909 2108 4954 tur
2131 4895 2742 4968 ﬁliiinrircumcisorum.
2763 4891 2844 4946 Me
2871 4891 3150 4957 miserum,
3177 4893 3270 4962 qui
3293 4893 3398 4948 ista
3426 4908 3631 4965 cogno-

2027 5009 2142 5050 sco.
2172 4993 2292 5049 Filii
2316 4992 2459 5048 cnim
2505 4988 3008 5045 incircumclsorum
3039 4989 3130 5058 qui
3155 4997 3282 5045 Sunt
3312 4988 3418 5046 nisi
3451 4985 3630 5046 homi-

2033 5194 2180 5249 bros.
2211 5193 2441 5247 llursum
2468 5207 2616 5247 num.
2641 5192 2704 5245 i7
2721 5191 2901 5246 laudat
2931 5190 3281 5247 beatissimum
3305 5194 3603 5263 pontiﬁcem
3616 5207 3635 5246 :

2035 5266 2103 5320 de
2134 5265 2236 5318 hoc
2265 5265 2489 5319 honoris
2521 5264 2682 5318 titulo
2707 5264 2922 5334 egimus
2956 5263 3098 5317 Diss.
3132 5266 3183 5330 1,
3215 5279 3336 5332 cap.
3367 5267 3421 5318 6.

2115 5334 2130 5372 τ
2177 5335 2248 5387 Ita
2278 5343 2427 5390 recte
2461 5335 2670 5398 Ambr.;
2731 5349 2924 5389 sensus
2953 5344 3135 5389 tamen
3172 5336 3407 5404 postulat
3441 5344 3497 5388 ut
3530 5349 3628 5402 pro

2037 5416 2347 5460 tormentum
2377 5410 2638 5476 legamus,
2686 5415 3018 5460 "tomentum.
3355 5419 3358 5422 '

2113 5488 2137 5523 κ
2166 5478 2332 5541 Edit.,
2364 5475 2576 5532 Christi.
2607 5476 2803 5531 Melius
2833 5477 3024 5531 Atnbr.
3059 5491 3220 5545 quem
3254 5475 3560 5544 acquiritur.

2114 5547 2140 5585 ιι
2171 5548 2244 5603 Ita
2275 5546 2464 5603 Atnbr.
2495 5553 2562 5603 Αι
2589 5548 2766 5618 Bign.,
2795 5565 2912 5602 cum
2960 5548 3121 5617 ipsius
3173 5547 3398 5615 impria.
3429 5547 3636 5616 Grytt.,

2036 5638 2150 5676 cum
2180 5620 2387 5675 sceleris
2437 5621 2622 5688 ipsius.

2116 5693 2128 5730 ί
2165 5692 2330 5759 LXX,
2363 5687 2650 5756 στηἍωσον,
2676 5690 2818 5760 quod
2851 5687 3384 5758 significantitulum
3407 5687 3655 5754 insrrilte,

2039 5767 2247 5835 cippum
2296 5767 2450 5833 erige.

2117 5830 2133 5886 ι
2182 5830 2628 5889 Αιιιιιτ.ἐοιιιίιιει
2651 5834 2860 5888 Ianiculi
2890 5832 3051 5903 ipsius
3079 5830 3256 5885 editio.
